2667 4145
197 89 240 128 53
579 74 607 109 A
700 70 734 103 D
831 64 867 101 H

192 165 326 195 Annos
336 170 375 190 us
385 182 392 195 ,
414 161 428 195 [
442 152 583 189 ςεαι-ηέδὸις]
603 162 653 191 pro
670 151 745 180 Locu
768 147 825 190 lete¹
840 143 1018 189 &opulento

234 204 261 232 δε
272 202 301 230 in
309 198 397 229 Sacris
408 196 492 225 literis
504 193 624 230 Adipum
639 187 746 219 vocabu
759 196 776 215 o
799 186 901 214 divitia:
914 183 1103 210 continentur.

235 239 304 268 Plin.
324 237 370 265 lib.
389 245 430 264 io.
445 243 504 270 cap.
519 241 563 273 20..

204 278 381 308 Auienus,
413 271 500 301 Idem.
524 269 638 330 Hffirori'i
667 302 686 330 A
778 303 867 326 SCOR

475 308 877 335 .'*s..nii²1·.
1070 323 1075 329 .
1199 319 1266 326 θ’

201 310 427 386 ᾒὲῑῗξπιῑᾳτόίὶ
437 316 657 381 [ἐῖπῖῑεὲῒτπαίζω]
678 347 730 367 are.
751 336 834 370 Juxta
848 330 892 359 vel
905 335 992 370 prope
1012 329 1144 366 equitare.
1166 319 1236 350 le.
1249 318 1297 347 hb.
1313 325 1356 352 ῖς.

240 398 301 426 cap.
341 391 383 419 18-
415 369 501 413 I'ortae
532 378 649 409 Collinae
675 373 836 410 adequitans
864 363 1013 396 Hannibal.
1055 361 1112 391 Lw.
1137 370 1160 394 ς.
1194 356 1261 387 Bell.
1299 354 1360 385 Ma„

242 426 304 455 ced.
335 422 467 453 Numidae
486 418 662 455 adequitare,
692 411 758 441 dein
772 407 917 442 refugere,
948 401 996 431 sed
1014 399 1129 439 propius
1149 396 1248 426 saltum
1267 392 1361 432 paula-

205 461 412 533 Agigkecvgiiit
422 490 553 530 A'Jt'gxm]
590 489 688 520 Iberiae
707 484 772 515 urbs
796 480 835 510 est
855 478 1016 517 Stephano,
1038 474 1117 511 cujus
1139 473 1213 502 cives
1231 470 1362 500 dicuntur

246 540 509 568 Anssscouirffl.

208 577 230 608 A
237 587 256 606 D
265 586 280 605 Ε
286 586 304 604 R
312 585 329 603 R
337 583 410 635 013
412 563 676 669 Γὲῐηὲῐίἒξιηηῐῗξῖὲέο
686 571 698 633 ‚1
706 570 883 632 liberamque
899 591 1046 622 trahuntur

321 649 362 679 Ad
374 646 474 683 chelyn
488 666 497 678 ,
518 644 545 672 δι
564 641 581 669 b
593 639 659 668 andi
676 635 797 673 scopulis
813 630 969 671 Delphines
988 629 1122 658 aderrant.

248 699 275 725 9.
292 693 353 724 178.
385 693 449 714 cum
468 682 588 710 Gronov.
608 675 705 711 Castig.
1035 704 1040 709 μ
1116 701 1121 706 .
1191 707 1193 709 ¹
1254 698 1259 704 Ι

211 727 259 758 Ar>
270 736 304 755 iss
342 724 394 753 sive
414 721 494 750 ΗΑΒ
504 728 518 746 r.
528 727 539 746 s
550 738 558 751 ,
580 716 594 751 [
609 710 691 748 Sine]
712 708 896 740 Molossorum
910 715 974 741 rex,
996 701 1169 746 cujustfi'liam
1184 707 1298 729 nomine
1312 696 1365 739 Co-

249 747 402 799 ram’apud
415 757 599 787 Acherontem
619 751 737 781 fluvium
750 755 867 777 conatus
886 745 925 775 est
942 752 1037 780 rapere
1047 739 1200 786 .P!¹'¹ths‚'¹¹⁵·
1230 736 1312 766 Unde
1329 735 1366 777 la-

251 803 310 830 dtus
326 799 363 828 est
373 798 451 826 locus
461 792 576 826 stibulae,
596 789 750 819 Pirithoum
761 786 796 816 ad
805 785 907 815 inferos
923 779 1092 823 descendiilc
1102 800 1109 813 ,
1132 778 1159 805 oc
1177 784 1294 804 uxorem
1310 771 1367 816 'Di-

248 840 284 868 tis
304 834 519 871 Persephonem.
539 838 600 866 quae
612 826 735 860 &Cora,
758 827 818 859 Ko'gn
838 834 853 851 a
870 820 972 851 Graecis
990 819 1092 847 dicitur
1103 838 1111 850 ,
1128 823 1223 856 rapere
1240 810 1364 840 voluisse.

250 876 282 905 V.
295 874 359 904 Cael.
370 870 491 907 Rhodjg.
502 868 549 897 lib.
566 876 590 904 7.
605 875 665 903 cap.
680 874 723 900 15.
750 863 776 892 ἃ
786 858 1001 890 Plutarchumin
1016 854 1142 884 Theseo:
1165 861 1212 888 qui
1221 858 1315 879 tamen
1327 858 1368 876 re-

251 912 400 949 qemhunc
418 917 477 937 non
488 906 576 936 Adem
592 909 693 937 vocat,
712 900 759 929 sed
777 900 923 929 A'i'donem.
945 929 954 932 ⁴
1202 926 1207 931 ¹

213 944 405 983 Afissnuivi,
435 943 574 982 [σιτάιπὲπ]
604 941 668 971 Ter.
696 938 766 969 And.
787 948 809 967 i.
836 947 858 965 1.
886 945 912 964 α..
950 930 1105 964 Adesdum,
1127 935 1223 965 paucis
1242 930 1269 953 te
1290 922 1365 966 volo.

250 988 303 1018 Ubi
321 987 464 1019 Donatus,
485 982 556 1011 Ades
569 1003 578 1017 ,
598 978 793 1016 imperativum
809 975 863 1009 est,
885 974 911 1002 ὁὶ
931 972 943 1007 (
962 970 1055 1005 dum)
1077 972 1215 1003 meravi:
1237 962 1275 992 est
1291 969 1368 990 emm

250 1024 399 1065 productio
414 1024 440 1053 Sc
458 1020 577 1057 adjedtio
591 1016 700 1060 syllabae
710 1038 718 1051 ,
737 1020 769 1043 ut
785 1013 915 1043 Ehodum
934 1008 969 1038 ad
985 1016 1046 1048 me3
1070 1005 1101 1034 V.
1122 1005 1254 1034 Auscii.
1275 1037 1280 1043 ·

212 1067 260 1098 AD
271 1074 284 1092 E
294 1073 307 1093 S
316 1073 330 1092 P
338 1065 355 1092 ὅ
363 1072 383 1091 T
392 1072 411 1091 U
420 1071 432 1090 s
444 1082 452 1096 ,
473 1069 489 1088 a
499 1081 507 1094 ‚
530 1067 585 1087 um.
610 1052 799 1091 [AEhcm‘tccw]
820 1050 944 1079 Incertus
955 1069 963 1081 ,
985 1047 1011 1074 δι
1030 1047 1086 1072 iine
1103 1041 1228 1072 authore.
1250 1037 1308 1066 Cic.
1323 1045 1365 1071 15.

250 1102 326 1133 Fam.
343 1109 384 1137 17.
424 1098 467 1128 De
479 1095 610 1133 Hispania
620 1093 685 1123 novi
695 1089 775 1125 nihil,
790 1088 837 1117 sed
846 1084 1003 1125 expectatio
1012 1081 1094 1111 valde
1107 1087 1223 1116 magna:
1244 1081 1370 1105 rumores

251 1139 401 1174 tristiores,
422 1136 469 1165 sed
488 1132 621 1170 adespoti.
646 1169 651 1174 “
676 1168 682 1174 .
804 1165 809 1170 ι
943 1161 948 1167 ι
1253 1151 1258 1157 ι
1333 1149 1338 1154 .

249 1177 403 1215 Adespotus
416 1197 426 1210 ,
445 1171 559 1203 Nullius
576 1171 702 1199 domimo
720 1169 893 1202 mancipatus
904 1182 910 1194 ‚
931 1160 1057 1189 libertate
1070 1157 1197 1197 donatus.
1232 1151 1277 1181 Sic
1294 1156 1371 1178 enim

270 1211 476 1246 Lacedaemonii
496 1209 586 1239 servos
607 1207 735 1236 libertate
758 1203 876 1232 donatos
899 1199 1029 1242 aphetas,
1056 1196 1083 1224 a&
1107 1193 1267 1230 adeipotas,
1287 1196 1371 1224 utque

270 1253 402 1283 eritlieras
421 1250 560 1279 dixerunt.
582 1244 688 1275 Autlior
702 1242 778 1272 Alex.
792 1240 825 1268 ab
836 1239 912 1268 Alex.
924 1236 971 1265 lib.
984 1244 1008 1272 3.
1032 1242 1092 1270 cap.
1106 1241 1151 1260 20.

253 1290 391 1328 Adespota
400 1311 409 1326 ,
433 1287 511 1318 Bona
521 1285 583 1314 sunt
596 1292 657 1320 quae
668 1280 808 1311 vindicem
820 1279 846 1307 Sc
855 1276 1012 1306 assertorem
1021 1270 1131 1301 nullum
1143 1267 1256 1301 hubent,
1272 1265 1298 1294 ἃ
1309 1272 1372 1294 eam

272 1329 309 1358 ob
328 1326 435 1357 causam
453 1323 518 1353 fiseo
537 1322 649 1351 cedunt.
673 1318 798 1349 Budaeus.

217 1368 420 1400 Anii-suino,
452 1362 509 1396 ivi,
539 1356 754 1396 [mmmm]

252 1404 350 1435 esurio.
374 1402 459 1435 Plaut.
481 1398 560 1429 Trin.
584 1407 608 1426 1.
628 1405 656 1426 2.
680 1403 740 1432 13-2.

253 1443 346 1481 lupus.

216 1482 375 1515 Anisus,
402 1476 435 1508 V.
452 1475 583 1506 Annno.

1139 168 1304 202 Hermolaus
1324 166 1355 194 in

1181 622 1254 653 adde
1270 618 1362 650 Theb.

781 1356 831 1382 Tre.
862 1351 942 1381 Idem
967 1347 1043 1385 quod
1072 1344 1186 1378 Esurio,
1218 1348 1266 1370 aut
1284 1338 1372 1382 Valde

784 1389 937 1421 Adesurivit
961 1386 1065 1423 magis,
1097 1380 1256 1414 &inhiavit
1283 1385 1374 1410 acrius

647 1548 676 1583 A
772 1544 806 1579 D
902 1541 927 1576 F

216 1633 400 1664 Aonian,
438 1626 471 1656 V.
493 1625 669 1655 Arsuras.

217 1672 459 1701 AoroRMino,
498 1663 530 1692 V.
553 1662 779 1690 ArroRMiuo.

217 1706 415 1739 Annene,
451 1701 483 1731 V.
506 1702 684 1730 Arriano.

217 1738 537 1815 Agssiggbss'egixs
559 1738 753 1810 [Agorzsscpz]
783 1768 838 1798 ere.
883 1765 926 1796 Ad
956 1762 1062 1801 aliquid
1085 1761 1219 1797 frangere.
1258 1757 1326 1788 Stat.
1350 1764 1374 1792 5.

255 1819 346 1851 Theb.
369 1827 431 1853 151.
542 1828 580 1833 --
604 1809 751 1849 plenisque
771 1805 925 1841 adfringere
944 1810 1044 1841 parvos

331 1854 487 1887 Uberibus,
508 1852 635 1886 ferroque
653 1855 750 1876 omnes
768 1845 843 1874 exire
863 1853 913 1880 per
934 1849 1036 1882 annos..
1210 1873 1215 1878 ¹
1232 1833 1313 1863 Idem
1333 1840 1376 1860 10.

258 1894 351 1928 Theb.
364 1902 409 1931 47.
431 1892 466 1920 de
481 1889 555 1927 lupis
570 1885 705 1916 famelicis
714 1893 772 1913 non
781 1881 937 1911 valentibus
950 1880 981 1907 in
993 1886 1087 1906 ovium
1098 1873 1202 1905 stabula
1209 1877 1378 1909 irrumpere:

331 1930 418 1968 Quod
437 1927 580 1966 superest,
616 1924 692 1952 duris
709 1921 870 1957 adfringunt
893 1916 1016 1956 postibus
1041 1922 1164 1952 ungues.

328 1969 515 2005 Pee‘toraque,
536 1966 562 1995 ἃ
575 1962 660 1992 siccos
670 1961 803 1990 minuunt
820 1958 850 1986 in
868 1956 965 1986 limine
978 1953 1085 1983 dentes.
1115 1951 1147 1982 V.
1169 1951 1377 1980 ΑιηΑΝῦο.

656 2038 685 2073 Λ
778 2035 812 2069 D
917 2031 951 2067 G

219 2122 562 2153 ADGANDESTRius,
597 2110 705 2148 (verba
731 2107 795 2138 sunt
825 2106 916 2136 Taciti
948 2105 996 2134 lib.
1027 2111 1052 2133 2.
1081 2098 1177 2144 Arm.)
1216 2097 1382 2141 Chattorum

256 2160 388 2198 princeps
412 2154 504 2184 literas
523 2152 641 2182 Romam
662 2148 698 2178 ad
712 2147 845 2177 Senatum
866 2146 891 2174 Sc
915 2142 1061 2174 Tiberium
1079 2137 1170 2182 misit,
1191 2135 1290 2179 quibus
1309 2144 1382 2163 mor-

255 2205 315 2227 tem
336 2193 452 2225 Arminii
483 2188 630 2223 Germani,
664 2185 790 2216 acerrimi
804 2183 996 2214 Romanorum
1016 2178 1116 2221 hostis,
1144 2172 1342 2213 promittebat,
1361 2171 1382 2200 si

255 2233 398 2274 patrandae
412 2229 476 2259 neci
494 2235 636 2257 venenum
658 2225 822 2254 mitteretur.
875 2220 929 2250 Cui
948 2218 1107 2256 responium
1126 2213 1165 2242 est
1177 2234 1184 2247 ,
1205 2221 1264 2241 non
1285 2210 1382 2240 fraude

258 2281 351 2310 neque
379 2267 517 2301 occultis,
546 2264 593 2294 sed
610 2262 703 2302 palam
728 2262 754 2291 δε
776 2265 912 2290 armatum
941 2255 1080 2296 populum
1105 2252 1265 2282 Romanum
1290 2247 1383 2280 hostes

258 2311 322 2340 suos
342 2306 447 2338 ulcisci.
576 2336 580 2345 y

221 2349 393 2380 Anci-:mm
415 2344 459 2378 ui,
488 2339 659 2378 [ἔπιε-πω]
687 2346 741 2367 ere.
763 2336 830 2366 Stat.
854 2344 897 2363 11.
919 2331 1009 2363 Theb.
1029 2339 1110 2372 247..

333 2384 416 2415 Fient
432 2380 522 2410 moesti
542 2384 615 2407 retro
637 2376 769 2411 comites,
799 2375 825 2403 ἃ
844 2378 961 2411 uterque
986 2369 1112 2406 loquenti

334 2420 471 2458 Adgemit.
531 2415 603 2444 Vide
640 2415 805 2443 Assumo.

224 2462 422 2493 ADGNATi,
460 2455 493 2484 V.
514 2454 727 2483 AGNAscos.

225 2501 418 2532 ADGREGO,
462 2492 496 2524 V.
526 2492 708 2521 Assaraco.

657 2566 681 2603 A
781 2565 814 2599 D
908 2560 943 2596 H

229 2651 385 2683 Ani-iiim,
420 2644 453 2676 V.
477 2644 533 2674 An.
615 2677 621 2683 ,
984 2668 988 2679 ‹
1215 2662 1221 2674 Ι

227 2689 248 2718 A
259 2694 410 2715 DHAEREO
421 2706 429 2720 ‚
458 2682 477 2712 si
488 2704 496 2717 ‚
514 2681 574 2710 sum
592 2679 700 2716 [ἔχομαι
711 2696 718 2707 ,
751 2673 906 2706 κολλάομμι,
922 2679 1107 2704 σιξοσπχομιι,
1123 2664 1310 2710 συμερξξπιμια]
1331 2666 1386 2694 Ere.

265 2723 346 2754 Idem
363 2722 440 2760 quod
461 2721 587 2750 Haerere:
616 2716 671 2745 hoc
692 2714 730 2744 est
745 2736 753 2750 ,
771 2713 870 2742 Fixum
892 2718 1021 2743 manere,
1055 2712 1103 2736 aut
1120 2704 1271 2747 Arctissime
1289 2703 1391 2732 inside-

265 2772 304 2791 re.
347 2759 412 2790 Caes.
439 2770 463 2794 5.
484 2756 552 2787 Bell.
575 2754 643 2784 Gall.
665 2756 710 2789 46.
751 2750 818 2780 Ha‘c
837 2748 898 2779 casu
916 2748 951 2776 :id
960 2746 1057 2775 turrim
1075 2743 1195 2786 adha‘ht.

266 2799 411 2829 Adhaerere
427 2796 524 2830 lateri,
546 2794 600 2822 hoc
619 2791 672 2826 est,
694 2788 851 2819 Admodum
872 2786 994 2815 vicinum
1015 2782 1076 2812 esse.
1111 2781 1167 2810 Liv.
1191 2789 1234 2817 39.
1256 2788 1301 2822 ².²·
1360 2815 1366 2821 ⁶

271 2835 387 2867 Adhaesit
416 2834 485 2863 mihi
515 2832 550 2861 ad
578 2829 706 2859 infimum
733 2832 858 2857 ventrem
884 2825 991 2852 sames:
1030 2818 1171 2862 ,Iocus-est
1196 2817 1339 2847 Plautinus
1358 2824 1390 2845 iri

287 2874 373 2904 Stich.
401 2883 425 2902 1.
447 2877 473 2906 8.
495 2875 541 2906 83.
564 2878 614 2906 pro
637 2876 670 2895 eo
694 2865 770 2902 quod
791 2863 829 2892 est
857 2861 1043 2890 Vehementer
1059 2856 1164 2901 esurio.

269 2913 311 2942 Ad
330 2920 444 2941 omnem
454 2908 614 2939 contaftum
635 2904 778 2933 adhaerens
794 2901 930 2930 bitumen.
957 2897 1024 2927 Plin.
1046 2895 1092 2924 lib.
1111 2904 1136 2932 7.
1155 2903 1216 2936 cap.
1234 2902 1276 2929 ¹5·
1355 2929 1360 2935 ⁸

270 2951 415 2980 Adliaerere
424 2948 454 2977 in
468 2956 496 2976 re
512 2945 611 2982 aliqua.
634 2941 692 2971 Cic.
710 2946 735 2974 8.
755 2939 830 2969 Fam.
856 2947 881 2974 7.
920 2935 989 2967 Tela
1011 2932 1183 2963 adhaeserunt
1200 2941 1228 2959 in
1243 2940 1297 2959 ine.
1325 2929 1387 2972 Cic.

289 2998 340 3026 pro
353 2988 446 3017 Domo
457 2984 505 3014 sua
514 2986 530 3012 6
552 3005 558 3012 .
597 2980 631 3011 In
640 2989 685 3008 me
695 2978 789 3007 omnia
803 2985 863 3012 quae
873 2984 932 3017 ego'
941 2973 1082 3010 quondam
1099 2970 1255 3000 retuderam
1266 2977 1392 3004 conjura-

291 3026 376 3055 tionis
388 3023 491 3054 nefaria
502 2992 557 3050 tesa
574 3017 755 3049 adhaeserunt.
785 3012 953 3058 'Translatio
970 3010 1015 3040 est.

272 3064 416 3093 Adiiaerere
432 3060 525 3090 subter
544 3057 671 3087 caudam.
705 3054 764 3083 Cic.
783 3063 812 3081 in
825 3052 893 3080 Arat.
1100 3084 1104 3089 ⁵

236 3103 285 3133 An
296 3110 346 3129 His
356 3111 370 3128 R
380 3109 419 3128 EN
429 3109 440 3128 s
451 3121 458 3133 ,
480 3096 575 3127 Partic.
589 3093 706 3125 Salvian.
723 3089 824 3121 advers.
844 3089 890 3118 Av.
904 3097 935 3119 2.
947 3096 974 3124 p.
989 3095 1032 3122 93.
1074 3082 1231 3113 ViduaDeo
1240 3080 1391 3110 adhaerens.

273 3139 308 3169 Et
327 3137 423 3166 Claud.
442 3137 471 3165 in
494 3133 568 3164 Ruff.
590 3143 613 3162 i.
626 3141 668 3168 35.

328 3175 364 3205 Et
380 3175 462 3204 luxus
482 3170 631 3211 populator
652 3176 740 3206 opum
753 3174 835 3202 quem
849 3163 955 3201 semper
970 3160 1111 3190 adhaerens

329 3212 429 3243 Infelix
447 3210 546 3240 humili
563 3207 649 3246 gressu
667 3204 816 3235 comitatur
834 3202 944 3238 egestas.

238 3254 260 3284 A
269 3261 288 3281 n
299 3260 319 3280 H
330 3260 378 3279 ies
387 3260 400 3278 E
409 3260 421 3278 s
431 3259 471 3278 co
483 3271 490 3284 ,
512 3243 758 3284 [mmomdostqii]
780 3244 833 3270 ere.
857 3239 934 3269 idem
946 3237 983 3266 est
992 3234 1067 3272 quod
1081 3233 1239 3265 Adhaerere,
1261 3231 1286 3260 δέ
1295 3230 1396 3274 eodem

277 3289 364 3319 niodo
382 3287 555 3316 construitur.
577 3284 634 3313 Cic.
660 3292 682 3311 1.
705 3279 761 3310 Off.
779 3282 822 3313 86.
862 3276 1043 3311 Omninoque
1061 3272 1185 3308 justitiae,
1206 3269 1396 3304 honestatique

281 3325 470 3356 adhaerescet:
492 3322 652 3359 metaphora
671 3319 716 3348 est.
968 3349 973 3355 .

278 3362 468 3394 Adhaerescere
487 3361 522 3389 ad
540 3360 708 3389 columnam.
742 3353 800 3384 Cic.
821 3362 871 3396 pro
899 3351 995 3381 Sex-tio
1012 3354 1054 3382 18.
1176 3383 1180 3388 Ι
1271 3381 1276 3387 ·
1349 3380 1354 3385 Ι
1379 3380 1385 3385 .

278 3402 321 3432 Ad
338 3400 440 3429 saxum.
466 3398 523 3428 Cic.
543 3408 565 3433 5.
587 3397 621 3425 dc
631 3396 690 3426 Fin.
730 3393 768 3422 Ut
781 3392 908 3422 homines
926 3388 961 3418 ad
974 3395 1069 3416 earum
1083 3384 1143 3413 saxa
1155 3382 1277 3411 discendi
1291 3380 1399 3418 cupidi-

300 3445 357 3468 tate
373 3436 596 3467 adhaerescerent.
1167 3458 1172 3463 ·

281 3477 315 3507 In
334 3485 391 3505 rem
410 3474 538 3511 aliquam.
561 3472 617 3500 Cic.
641 3480 691 3508 pro
712 3470 803 3499 Domo
822 3465 868 3495 sua
891 3473 930 3499 13.
971 3461 1075 3503 Nonne
1096 3458 1299 3501 providendum
1325 3455 1400 3484 senu-

301 3515 342 3544 tui
360 3513 412 3542 fuit
434 3522 469 3540 ne
492 3512 521 3539 in
540 3510 610 3539 hanc
622 3516 726 3538 tantam
744 3505 886 3535 materiam
906 3500 1046 3530 seditionis
1067 3498 1113 3526 ista
1129 3496 1235 3525 iuncstzi
1251 3496 1295 3523 mx
1311 3494 1401 3523 adhae-

303 3550 442 3581 resceret‘?

282 3589 314 3620 In
337 3599 363 3617 re
387 3588 490 3624 aliqua,

301 3626 432 3656 lateribus
447 3622 618 3653 adhaerescat.
647 3621 702 3649 Cic.
724 3620 754 3648 in
774 3619 867 3647 Bruto.
1090 3648 1096 3652 .
1192 3645 1198 3650 .
1295 3643 1301 3647 ἱ

284 3665 317 3695 Iri
334 3664 397 3692 loeo
412 3663 512 3698 aliquo.
544 3660 600 3689 Cic.
616 3670 641 3693 4.
665 3659 717 3687 Att.
741 3668 766 3692 4.
808 3655 867 3692 Ipse
884 3663 949 3684 vero
966 3651 1062 3688 utique
1081 3650 1124 3677 tac
1135 3654 1228 3675 veniris
1243 3667 1251 3679 ,
1284 3646 1303 3672 ii
1322 3648 1402 3680 potes

304 3703 334 3731 in
354 3701 395 3729 his
415 3701 483 3728 locis
503 3696 694 3728 a·.lh:erescere.
1280 3717 1286 3724 .
1376 3718 1381 3722 η

285 3738 490 3771 Adhzeresccrc,
512 3736 566 3764 sine
576 3734 645 3763 casu.
669 3734 726 3762 Cic.
745 3740 770 3759 2.
788 3731 822 3759 de
843 3730 918 3758 Orat.
938 3738 979 3762 14.
1026 3726 1224 3764 Argumentum
1242 3729 1316 3748 enim
1333 3723 1402 3746 ratio

305 3776 361 3815 ipsu
378 3775 538 3807 coniirm‘it,
567 3782 625 3808 quir
644 3769 804 3805 simulatque
826 3765 918 3796 emill'ai
936 3767 992 3798 eit,
1020 3760 1186 3792 adhaerescit.

284 3814 416 3845 instidiis.
441 3813 497 3841 Cic.
512 3821 532 3839 i.
550 3809 584 3838 de
600 3810 675 3837 Orat.
697 3812 760 3842 258.
848 3842 852 3846 ι
1003 3839 1007 3844 .
1224 3833 1229 3839 ὁ

244 3854 322 3884 Anii
333 3861 437 3884 IE810,
459 3849 528 3877 (inis.
549 3847 567 3876 f.
591 3841 803 3882 [maximnm]
823 3841 881 3870 Cic.
898 3851 918 3869 i.
935 3839 969 3869 de
979 3838 1038 3867 Fin.
1052 3841 1077 3867 6.
1101 3833 1301 3873 Copulationes
1315 3831 1341 3862 ἃ
1358 3830 1405 3860 ad-

282 3891 414 3921 haeliones
433 3889 505 3917 inter
522 3885 556 3914 se.

511 3594 561 3622 pro
575 3606 583 3619 ,
610 3582 692 3612 alicui
712 3582 758 3611 rei.
791 3581 859 3609 Cato
881 3578 916 3607 de
939 3576 972 3606 R.
995 3573 1028 3604 R.
1061 3583 1120 3610 cap.
1138 3580 1197 3607 15²-
1234 3569 1277 3598 Ne
1296 3567 1349 3597 faex
1371 3568 1401 3596 in

1850 40 1877 76 A
1973 39 2006 74 D
2102 38 2137 75 H

1035 136 1188 174 accipitur,
1220 129 1353 168 quoniam
1410 125 1606 157 Aniiffisvs,
1628 122 1669 151 i'is.
1692 132 1728 151 m.
1763 121 1842 151 Idem
1864 121 1939 158 quod
1958 121 2089 150 Adhaefio.
2121 121 2229 150 Lucret.
2250 119 2297 149 lib.
2314 129 2337 157 3.
2356 126 2418 158 332,

1523 161 1595 190 Nam
1616 169 1706 196 neque
1727 159 1846 197 pulveris
1866 160 2006 188 interdum
2023 159 2154 188 sentimus
2172 157 2311 187 adhaesum

1525 199 1657 235 Corpore.
1692 197 1770 226 Idem
1791 197 1837 226 lib.
1859 202 1883 226 6.
1904 207 1968 234 471.
2064 197 2183 226 Nonius.

1413 239 1583 269 ADHAESE,
1613 234 1679 264 Adv.
1703 234 1774 264 Gell.
1789 234 1835 264 lib.
1854 245 1878 269 5.
1897 245 1958 272 cap.
1971 244 1996 269 9.

1451 275 1517 341 {prise
1530 274 1592 302 vitae
1608 278 1719 310 tempus
1739 281 1794 300 non
1811 272 1920 301 turbide
1939 281 2030 309 neque
2048 271 2154 300 adhaese
2175 269 2285 300 locutus
2297 271 2352 300 est:
2382 270 2415 300 Id
2430 271 2485 306 est,
2507 271 2574 301 Non

1473 322 1493 341 a*
1507 317 1613 340 itanter.

1415 351 1463 381 AD
1476 359 1494 378 H
1504 360 1526 377 π.
1536 358 1551 377 R
1561 358 1575 376 iz
1585 357 1605 376 N
1615 357 1634 375 'r
1645 357 1653 375 1
1663 356 1683 375 A
1693 369 1701 381 ,
1726 356 1756 376 ae.
1778 346 1935 384 [πςόπξις]
1955 346 2016 383 lpse
2042 345 2202 375 adhaerendi
2222 347 2306 375 aetus.

1417 389 1495 418 ΑΒΗ
1507 397 1522 415 Α
1534 395 1574 414 LO
1587 407 1594 419 ‚
1617 385 1826 420 [πξοπκτνεύω]
1845 388 1898 414 are.
1922 385 2027 414 Affiare.
2049 384 2117 413 Plin.
2135 383 2181 412 lib.
2194 393 2237 413 22.
2250 394 2309 421 cap.
2324 393 2369 412 22.
2423 381 2508 412 Nunc
2518 380 2578 419 qui-

1457 425 1521 454 dem
1542 423 1558 466 si
1571 422 1704 459 serpentis
1722 431 1839 452 caverna
1851 423 1927 459 juxta
1944 421 2046 456 fuerit,
2068 422 2085 450 si
2104 420 2274 458 piitescentes
2288 421 2379 459 primo
2400 418 2577 464 adhalaveritq

1457 471 1552 499 capaci
1564 469 1736 489 venenorum
1751 462 1918 497 cognatione
1934 460 1970 489 ad
1980 459 2052 488 virus
2066 458 2270 496 accipiendum.

1418 502 1466 532 An
1478 504 1593 532 ΗᾸΜΟ,
1620 500 1673 540 sire.
1706 497 1846 535 Obligare.
1869 498 1927 527 Cic.
1941 507 1966 527 2.
1987 497 2070 526 Acad.
2105 496 2162 533 Qui
2173 497 2248 526 enim
2262 496 2345 526 serius
2364 496 2485 525 honores
2497 495 2580 524 adha-

1457 544 1612 569 niuverunt,
1623 544 1671 563 vix
1680 535 1863 565 admittuntur
1871 536 1906 565 ad
1915 544 1973 565 eos.
2011 534 2056 564 Sic
2064 534 2130 563 citat
2144 534 2253 564 Nonius
2265 545 2290 564 2.
2308 545 2331 571 5.
2354 535 2380 564 ἃ
2392 533 2482 563 asserit
2497 532 2581 563 Scali-

1460 585 1507 613 ger
1520 575 1548 602 in
1567 572 1625 601 Cat.
1641 573 1764 610 itemque
1787 574 1945 611 Rutgeriius
1965 571 2025 601 Var.
2046 572 2119 601 Lecis.
2139 581 2163 608 3.
2190 581 2214 609 3.
2252 572 2308 602 Sed
2330 571 2451 601 Merceri
2471 571 2581 601 Nonius

1459 612 1552 646 habet,
1566 610 1778 646 Adamaverunt,
1787 622 1844 641 non
1856 611 2085 640 Adhamaverunt.
2108 610 2179 638 adde
2191 610 2284 639 eidem
2295 616 2389 638 notata
2401 619 2426 647 p.
2444 619 2454 638 i
2464 619 2504 647 13.
2527 608 2579 638 Ed.

1458 649 1538 680 Paris.
1559 648 1630 678 Item
1639 658 1699 685 quae
1710 658 1745 677 ex
1755 649 1893 679 Gebhardi
1909 648 2075 685 Crepundiis
2085 654 2216 676 notantur
2235 648 2270 677 ad
2281 646 2400 684 Quintil.
2410 656 2465 682 ις,
2482 657 2509 684 p.
2518 657 2527 675 i
2536 656 2579 683 53.

1459 688 1572 753 EurnKd
1599 684 1782 723 [Vespasiano
1792 687 1949 722 adh-amato,
1961 686 2037 715 haud
2046 684 2160 715 absurde
2171 684 2246 722 legas
2255 686 2330 723 apud
2337 684 2494 722 Suetvesp.
2507 694 2582 714 c.22.

1461 735 1512 764 pro
1574 730 1674 753 amato.

1423 764 1609 805 Anni-1³20,
1631 761 1679 797 ui,
1707 761 1796 797 itum,
1819 762 1984 798 [aeneades.
2016 758 2127 797 vrgooziyw
2146 760 2159 795 ]
2186 763 2240 790 ere.
2281 759 2323 790 Ex
2347 760 2407 794 Ad,
2429 762 2456 791 ἀ
2475 759 2581 790 Habeo.

1460 800 1599 830 Adhibere
1616 799 1660 828 ad.
1682 798 1739 830 Cic.
1760 800 1789 829 in
1808 800 1892 830 Bruto
1904 809 1966 837 301.
2007 799 2139 830 Celeriter
2160 798 2196 827 ad
2213 798 2331 835 majores
2348 798 2440 828 causas
2459 797 2584 828 adhiberi

1460 845 1571 880 coeptus
1590 836 1636 866 est.
1677 836 1713 866 id
1730 838 1785 873 est,
1806 838 1949 867 Advocari.

1461 876 1503 907 Ad
1512 875 1725 905 deliberationes
1737 885 1782 905 eas
1794 886 1860 913 quas
1869 875 1989 905 habebat
2006 875 2083 904 domi
2098 876 2132 904 de
2143 873 2315 911 Republica,
2336 873 2477 912 principes
2492 873 2586 902 civita-

1481 915 1515 943 tis
1534 912 1691 942 adhibebat.
1713 913 1770 943 Cic.
1786 924 1809 942 1.
1828 914 1948 952 Philipp.
1962 924 1988 944 2.

1462 952 1505 982 Ad
1522 951 1638 993 alicujus
1664 948 1748 980 officii
1771 952 1993 989 magnitudinem
2014 950 2147 981 adhiberi.
2181 948 2306 979 Aurelius
2328 948 2466 979 Arcadius.
2495 946 2530 977 D.
2551 947 2586 976 de

1483 990 1556 1018 ostie.
1583 988 1703 1018 Praefeet.
1727 988 1836 1019 Praetor.

1462 1027 1505 1058 Ad
1518 1035 1620 1070 panem
1629 1025 1744 1064 aliquid.
1765 1026 1824 1057 Cic.
1840 1037 1863 1062 5.
1884 1026 1967 1056 Tusc.
1985 1037 2029 1063 99.
2053 1025 2192 1055 Persarum
2209 1035 2224 1054 a
2235 1024 2429 1062 Xenophonte
2443 1024 2532 1053 vifius
2542 1033 2590 1052 ex-

1498 1070 1705 1131 ἕωέπᾋὲᾳοε
1722 1071 1804 1102 negat
1812 1065 1846 1094 ad
1862 1075 1966 1103 panem
1978 1064 2110 1094 adhibere
2130 1064 2279 1101 quicquain
2298 1069 2398 1101 praeter
2414 1061 2586 1091 nasturtium.

1536 1112 1551 1131 e
1583 1124 1591 1137 ,
1655 1112 1776 1139 jungere.

1465 1141 1507 1172 Ad
1517 1147 1610 1178 partus
1619 1140 1765 1183 adhibetur
1773 1140 1847 1177 Juno
1857 1139 1971 1170 Lucina.
2002 1140 2062 1170 Cic.
2073 1148 2100 1169 2.
2118 1139 2153 1168 de
2169 1138 2232 1169 Nat.
2244 1137 2326 1169 Deor.
2347 1141 2392 1175 69.
2429 1137 2462 1168 Id
2474 1137 2531 1173 est,
2557 1136 2592 1168 In

1485 1185 1566 1216 partu
1581 1177 1731 1207 mulierum
1742 1179 1893 1208 invocatur.

1465 1216 1562 1245 Coenae
1574 1215 1715 1259 aliquem,
1735 1226 1785 1254 pro
1797 1217 1950 1246 Admittere
1969 1216 2000 1244 in
2023 1224 2150 1250 coenam,
2171 1214 2295 1245 Penates.
2331 1213 2451 1250 Quintil.
2469 1212 2518 1242 lib.
2547 1222 2590 1242 11.

1486 1264 1544 1292 cap.
1558 1263 1583 1283 2.
1597 1253 1743 1283 Adhibitus
1754 1255 1780 1284 ei
1793 1264 1881 1284 coenae
1892 1254 2059 1284 Simonides.
2088 1253 2187 1289 Virg.5.
2200 1252 2261 1282 AEn.
2282 1255 2327 1281 62.
2342 1251 2480 1280 Adhibere
2490 1261 2505 1280 e
2515 1250 2591 1281 uilis.

1466 1292 1605 1322 Adliibere
1629 1291 1772 1327 animum,
1804 1302 1856 1330 pro
1880 1292 2029 1321 Attendere
2043 1313 2051 1325 ,
2071 1291 2222 1319 advertere.
2258 1289 2316 1318 Cic.
2337 1289 2372 1318 de
2391 1289 2484 1327 Arusp.
2535 1288 2591 1326 esp.

1485 1340 1530 1360 20.
1571 1329 1664 1365 Quare
1684 1339 1720 1359 ne
1738 1330 1818 1368 plura
1843 1330 1879 1360 de
1908 1339 1938 1359 re
1966 1329 2082 1358 minime
2113 1327 2210 1365 loquar
2239 1327 2342 1362 dubia,
2378 1326 2508 1356 adhibete
2537 1327 2596 1355 ani-

1486 1376 1565 1434 mlos:
1598 1369 1625 1397 Sc
1649 1374 1757 1398 mentes
1783 1368 1902 1405 vestras,
1931 1377 1991 1396 non
2010 1366 2100 1396 solum
2126 1375 2224 1402 aures,
2254 1365 2291 1395 ad
2310 1364 2465 1403 aruspicum
2492 1373 2595 1394 vocem

1487 1416 1514 1435 a(
1524 1411 1642 1435 movete.

1467 1443 1616 1473 Arbitrum.
1639 1442 1697 1473 Cic.
1713 1452 1764 1481 pro
1780 1444 1891 1474 Muren.
1912 1441 1988 1475 Huic
1997 1452 2049 1480 ego
2068 1464 2077 1478 ,
2093 1441 2227 1478 judices,
2245 1440 2399 1471 satisfacere
2418 1441 2502 1479 cupio
2514 1463 2522 1478 ‚
2535 1449 2596 1471 vos-

1488 1491 1542 1519 que
1553 1481 1684 1511 adhibere
1694 1481 1817 1512 arbitros.

1468 1519 1579 1554 Artem,
1606 1519 1645 1548 est
1664 1519 1791 1557 Cuipiam
1808 1520 1847 1550 rei
1864 1518 2011 1549 artificium
2030 1517 2151 1551 addere.
2190 1516 2236 1548 vel
2251 1516 2375 1547 Artificio
2393 1517 2434 1546 uti
2455 1516 2485 1546 in
2504 1526 2532 1546 re
2547 1515 2597 1546 ali-

1489 1567 1567 1600 qua..
1596 1556 1655 1586 Cic.
1679 1567 1703 1587 1.
1733 1558 1815 1587 Acad.
1870 1557 1928 1594 Qui
1947 1556 2025 1585 nulla
2045 1565 2074 1584 re
2091 1554 2235 1591 adhibita,
2263 1555 2298 1585 de
2314 1554 2397 1584 rebus
2415 1561 2480 1584 ante
2498 1554 2596 1584 oculos

1486 1595 1599 1663 pofsitise,
1613 1594 1728 1638 'vulgari
1744 1595 1871 1626 sermone
1890 1594 2040 1634 disputant.
2061 1592 2119 1623 Liv.
2144 1605 2170 1630 ⁴·
2211 1594 2306 1624 Artem
2323 1593 2477 1623 adhibitam
2503 1593 2600 1622 ferunt.

1489 1644 1506 1663 a
1542 1639 1652 1662 ati-icus.

1469 1670 1638 1705 Audaciam,
1657 1670 1705 1700 Uti
1714 1670 1836 1700 audacia.
1857 1669 1924 1700 Caes.
1937 1679 1961 1706 3.
1983 1669 2053 1700 Bell.
2070 1668 2149 1700 Civil.
2187 1668 2232 1700 Illi
2243 1667 2368 1699 adhibita
2381 1668 2496 1698 audacia
2507 1668 2597 1698 &vir-

1488 1716 1548 1739 tute
1567 1709 1640 1738 nacti
1654 1709 1780 1738 Austrum
1799 1717 1882 1738 naves
1905 1707 2022 1737 solvunt.

1470 1748 1567 1783 Aures,
1579 1756 1630 1784 pro
1640 1747 1724 1776 Aures
1732 1747 1888 1776 admovere.
1913 1746 1975 1775 Hoc
1985 1746 2023 1775 est
2036 1767 2045 1781 ,
2065 1746 2178 1775 Attente
2189 1744 2293 1774 audire.
2336 1744 2395 1774 Cic.
2417 1754 2468 1788 pro
2488 1744 2596 1781 Archia,

1491 1787 1563 1815 Cum
1578 1794 1620 1828 res
1631 1784 1725 1822 gestas,
1735 1791 1796 1814 tum
1806 1784 1890 1814 etiam
1902 1782 2024 1813 studium
2036 1789 2118 1821 atque
2132 1792 2210 1812 aures
2224 1782 2355 1812 adhibere
2367 1784 2463 1820 pollet.

1473 1823 1676 1853 Authoritatem
1698 1822 1743 1852 ad.
1781 1822 1845 1852 Hoc
1860 1821 1898 1851 est
1912 1844 1920 1857 ,
1941 1821 1989 1850 Uti
2008 1821 2175 1851 authoritate
2187 1821 2223 1850 ad
2241 1820 2346 1857 aliquid
2365 1821 2512 1857 agendum.
2537 1819 2595 1850 Cic.

1490 1861 1642 1891 deAmicit.
1669 1860 1821 1890 Plurimum
1837 1860 1867 1889 in
1879 1859 2000 1889 amicitia
2017 1860 2171 1889 amicorum
2180 1858 2252 1888 bene
2276 1858 2453 1888 suadentium
2470 1858 2542 1888 valet
2552 1868 2603 1888 au-

1493 1899 1624 1928 thoritas:
1646 1908 1679 1928 ea
1699 1908 1734 1927 ue
1747 1898 1910 1927 adhibeatur
1926 1896 1962 1927 ad
1980 1897 2164 1926 monendum.

1472 1936 1623 1968 Auxilium.
1649 1936 1688 1966 Ce
1713 1936 1779 1966 .lib.
1791 1945 1816 1966 2.
1834 1945 1894 1974 cap.
1910 1944 1952 1965 11.
1992 1935 2079 1978 quue
2094 1934 2231 1965 auxilium
2241 1944 2272 1964 ut
2285 1935 2546 1970 minusvehemens,
2561 1934 2602 1963 ita
2651 1949 2653 1951 ·

1492 1975 1579 2012 magis
1588 1981 1697 2010 tutum,
1718 1984 1808 2012 neque
1819 1983 1941 2011 unquam
1950 1971 2137 2012 periculosum
2157 1973 2195 2004 est
2206 1995 2214 2010 ,
2236 1973 2341 2004 etiamsi
2360 1974 2391 2002 in
2405 1973 2499 2004 medio
2515 1972 2599 2002 febris

1495 2014 1601 2050 impetu
1612 2035 1620 2047 ,
1640 2012 1745 2042 etiamsi
1764 2013 1792 2041 in
1804 2012 1940 2042 cruditate
1953 2011 2108 2042 adhibetur.

1477 2051 1638 2081 Blanditias.
1659 2051 1742 2081 Ovid.
1766 2060 1808 2080 10.
1830 2050 1898 2082 Met.
1914 2061 1977 2089 259.

1473 2088 1597 2133 Calcaria
1612 2099 1684 2128 equo
1705 2089 1854 2124 adhibere,
1874 2091 1951 2120 idem
1969 2089 2044 2127 quod
2061 2089 2231 2125 Admovere,
2255 2089 2282 2118 3.-
2298 2087 2417 2123 addere,
2440 2088 2466 2117 &
2479 2085 2597 2116 subdere

1492 2127 1628 2158 calcaria:
1660 2130 1686 2158 ἃ
1698 2137 1747 2167 per
1765 2128 1955 2166 metaphoram
1969 2138 2020 2165 pro
2036 2126 2183 2157 Stimulare
2197 2149 2204 2161 ‚
2226 2125 2270 2156 vel
2286 2125 2415 2162 instigare
2429 2124 2599 2162 quempiam.

1494 2173 1591 2196 contra
1604 2188 1612 2202 ,
1632 2166 1736 2197 Frenos
1747 2166 1878 2196 adhibere
1889 2189 1897 2200 .,
1915 2166 2093 2196 estRetinere
2105 2187 2112 2200 ,
2132 2165 2281 2202 reprimere
2296 2186 2304 2199 ,
2325 2173 2461 2193 coercere.
2494 2162 2552 2192 Cic.
2571 2162 2605 2191 in

1493 2204 1579 2249 Bruto
1592 2214 1657 2247 .²04·
1679 2204 1717 2233 Ut
1725 2204 1870 2234 Isocratem
1881 2205 1911 2234 in
1927 2204 2060 2233 acerrimo
2072 2203 2186 2240 ingenio
2197 2202 2395 2240 Theopompi,
2416 2203 2442 2231 ἃ
2462 2199 2603 2230 lenissimo

1494 2242 1598 2280 Ephori
1609 2242 1705 2272 dixisse
1714 2243 1846 2279 traditum
1857 2243 1904 2277 est,
1915 2241 1992 2271 alteri
2003 2241 2028 2270 se
2042 2241 2157 2271 calcaria
2168 2240 2308 2274 adhibere,
2320 2239 2398 2269 alteri
2408 2240 2508 2269 frenos.
2534 2237 2604 2267 Cau-

1494 2281 1619 2323 tionem,
1643 2280 1691 2310 Uti
1702 2281 1840 2310 cautione.
1874 2280 1932 2309 Cic.
1950 2290 1970 2309 i.
1993 2280 2047 2308 Att.
2065 2283 2106 2308 16.
2138 2278 2249 2308 Privatis
2264 2277 2344 2307 rebus
2358 2277 2427 2307 meis
2438 2283 2551 2315 propter
2559 2276 2602 2304 in-

1497 2318 1654 2348 firnutatem
1664 2319 1813 2354 bonorum,
1829 2318 2005 2355 iniquitatem
2016 2316 2153 2346 malorum
2166 2338 2174 2351 ,
2194 2316 2292 2346 odium
2303 2316 2332 2344 in
2343 2325 2387 2345 me
2400 2315 2604 2353 improborum,

1495 2357 1642 2385 adhibeam
1654 2357 1793 2394 quandam
1805 2357 1964 2386 cautionem
1974 2357 2000 2385 ἃ
2010 2354 2190 2392 diligentiam.

1476 2394 1662 2424 Celeritritem.
1685 2394 1743 2424 Cic.
1758 2404 1799 2424 11.
1818 2393 1891 2425 Fam.
1908 2403 1951 2424 12.
1974 2392 2105 2431 Opprimi
2119 2391 2247 2431 potuisse,
2260 2391 2277 2420 ii
2290 2390 2414 2421 celeritas
2424 2390 2547 2420 adhibita
2566 2387 2606 2418 es-

1496 2432 1546 2467 set,
1557 2433 1721 2462 existimant.

1481 2469 1659 2500 Celeritatem
1675 2471 1704 2500 in
1723 2480 1752 2500 re
1768 2470 1865 2507 aliqua.
1888 2469 1945 2499 Cic.
1971 2479 2013 2498 10.
2051 2467 2126 2498 Fam.
2149 2477 2193 2506 21.
2239 2467 2272 2498 In
2310 2477 2347 2497 uo
2372 2466 2391 2496 fi
2411 2465 2536 2496 celeritas
2553 2464 2608 2493 erit

1498 2509 1622 2576 adhibhta
1635 2531 1643 2544 ,
1673 2508 1842 2547 Respublica
1871 2508 1901 2537 in
1921 2505 2086 2546 poffessione
2106 2505 2228 2535 vidioriae
2261 2505 2296 2535 de
2310 2506 2360 2535 etis
2386 2504 2522 2534 sceleratis
2547 2511 2608 2541 per-

1499 2556 1582 2575 mane
1604 2553 1632 2576 it.

1477 2583 1618 2626 Cibum—Str
1629 2590 1736 2623 potum.
1767 2583 1824 2614 Cic.
1839 2582 1873 2612 de
1883 2582 1991 2612 Sene&
2026 2581 2151 2612 Tantum
2162 2581 2217 2611 cibi
2230 2582 2255 2611 δι
2269 2580 2391 2619 potionis
2403 2579 2605 2616 adhibendum,

1499 2629 1531 2651 ut
1547 2623 1704 2652 reliciantur
1721 2623 1809 2657 vires,
1834 2631 1892 2650 non
1910 2621 2111 2658 opprimantur.
2179 2630 2184 2645 t

1480 2659 1639 2697 Collegium
1648 2660 1806 2695 Praetorum,
1827 2659 1965 2693 Evocare,
1982 2658 2146 2687 denuntiare
2156 2663 2187 2686 ut
2203 2655 2281 2685 adsit.
2309 2655 2366 2685 Cic.
2383 2664 2407 2691 3.
2430 2655 2487 2685 Off.
2511 2655 2608 2691 Quum

1501 2698 1651 2735 collegium
1674 2698 1824 2728 Praetorum
1843 2696 2053 2733 Tribuniplebis
2072 2694 2280 2729 adhibuissent,
2298 2701 2329 2724 ut
2348 2703 2390 2723 res
2400 2694 2555 2723 nummaria
2572 2692 2608 2721 de

1500 2737 1644 2765 communi
1658 2736 1792 2765 sententia
1803 2734 2026 2764 constitueretur.

1484 2773 1690 2803 Conscientiam
1703 2773 1826 2810 alicujus.
1850 2772 1939 2802 Tacit.
1955 2781 1996 2801 12.
2020 2772 2090 2800 Arin.
2103 2774 2147 2807 67.
2170 2779 2228 2799 non
2237 2768 2335 2807 procul
2345 2778 2361 2798 a
2374 2768 2439 2804 fine,
2454 2769 2474 2798 A
2485 2767 2606 2805 rrippina

1502 2811 1637 2849 provisam
1654 2812 1709 2848 jam
1720 2811 1768 2840 fibi
1785 2810 1983 2847 Xenophontis
1993 2809 2095 2838 medici
2105 2807 2302 2838 conscientiam
2314 2806 2435 2836 adhibet.
2505 2815 2539 2834 oc
2560 2804 2609 2840 est,

1502 2849 1652 2892 Consciuni
1665 2850 1731 2879 facit
1742 2849 1827 2878 dandi
1839 2847 1956 2878 Claudio
1965 2847 2066 2876 veneni
2076 2845 2298 2883 Xenophontem
2307 2866 2315 2880 ,
2335 2845 2361 2873 Sc
2370 2844 2420 2874 hac
2434 2845 2464 2873 in
2479 2853 2508 2872 re
2523 2842 2610 2872 utitur

1503 2897 1563 2923 ejus
1583 2898 1674 2925 opera.

1485 2924 1638 2954 Consilium
1649 2926 1678 2954 in
1687 2925 1855 2962 suffragium.
1878 2922 1935 2952 Cic.
1956 2931 1978 2955 ³.
1993 2921 2028 2951 de
2043 2921 2137 2957 Legib.
2161 2919 2320 2957 Descriptus
2350 2918 2451 2957 opulus
2462 2918 2555 2951 censu.
2568 2928 2612 2947 or-

1504 2963 1634 2998 dinibus,
1656 2965 1798 2997 ietatibus,
1820 2961 1882 3000 plus
1899 2959 2013 2990 adhibet
2032 2960 2063 2989 in
2081 2958 2241 2996 suffragium
2258 2957 2331 2986 consi
2345 2958 2384 2992 ii,
2404 2967 2486 2994 quam
2505 2955 2562 2986 fuse
2582 2956 2612 2985 in

1503 3001 1591 3030 tribus
1611 3009 1789 3031 convocatus

1485 3039 1622 3068 Adliibere
1638 3039 1684 3068 sibi
1695 3039 1815 3082 aliquem
1830 3059 1837 3069 ,
1858 3036 1893 3065 ad
1911 3036 1953 3066 vel
1974 3036 2003 3064 in
2015 3033 2168 3064 consilium.
2201 3033 2258 3062 Cic.
2279 3042 2304 3061 2.
2332 3031 2389 3062 Off.
2419 3031 2551 3061 Adhibuit
2562 3030 2612 3061 fibi

1505 3077 1535 3105 in
1547 3076 1692 3106 consilium
1702 3076 1861 3114 quindecim
1873 3074 2012 3111 principes
2022 3095 2030 3108 ,
2047 3082 2110 3101 cuin
2123 3071 2222 3108 quibus
2232 3070 2323 3100 causas
2336 3070 2474 3107 cognovit.
2498 3068 2563 3098 Caes.
2584 3078 2611 3105 7.

1505 3114 1573 3143 Bell.
1596 3114 1666 3143 Gall.
1707 3115 1804 3150 Neque
1818 3113 1868 3141 hos
1879 3111 2021 3141 habendos
2034 3110 2136 3139 civium
2146 3109 2210 3139 loco
2220 3131 2227 3143 ,
2252 3118 2342 3146 neque
2358 3108 2393 3137 ad
2406 3106 2551 3137 confilium
2565 3107 2612 3136 ad-

1505 3153 1644 3181 hibendos
1664 3152 1772 3181 censeo.
1813 3150 1845 3179 Id
1862 3150 1919 3184 est,
1943 3149 1975 3178 In
1996 3147 2141 3177 confilium
2159 3146 2356 3176 admittendos.

1487 3190 1519 3220 In
1540 3190 1685 3219 consilium
1694 3189 1720 3219 se
1731 3187 1870 3218 adhibere.
1892 3186 1950 3216 Cic.
1973 3195 1999 3215 2.
2021 3186 2096 3215 Fam.
2117 3190 2143 3214 6.
2189 3185 2297 3214 Tecum
2311 3183 2439 3220 loquere:
2463 3190 2490 3211 te
2509 3181 2610 3211 adhibe

1507 3229 1538 3256 in
1549 3228 1694 3257 confilium
1706 3249 1713 3262 ,
1732 3234 1759 3255 te
1776 3225 1855 3259 audi,
1873 3224 1923 3253 tibi
1936 3223 2106 3261 obtempera.
2133 3224 2169 3252 Ac
2181 3222 2198 3251 ii
2209 3223 2331 3257 diceret,
2348 3221 2411 3251 Tuo
2429 3220 2511 3258 iplius
2536 3227 2614 3249 utere

1509 3266 1624 3294 consilio
1637 3288 1645 3300 ,
1666 3275 1723 3294 non
1734 3264 1833 3293 alieno.

1491 3303 1717 3332 Consolationem
1727 3301 1818 3331 alicui.
1847 3299 1904 3328 Cic.
1921 3299 1947 3327 in
1960 3298 2044 3328 Bruto
2058 3307 2119 3333 330.
2148 3297 2256 3327 Tamen
2267 3306 2299 3326 ea
2313 3295 2502 3325 consolatione
2514 3294 2614 3324 susten-

1510 3348 1563 3375 tor,
1575 3351 1656 3378 quam
1667 3348 1706 3375 tu,
1720 3340 1758 3368 mi
1770 3339 1860 3372 Brute,
1876 3336 2022 3366 adhibuisti
2032 3337 2085 3364 tuis
2098 3335 2255 3364 suzivisiimis
2266 3335 2359 3364 literis.

1493 3378 1739 3408 Consuetudinem.
1762 3376 1820 3406 Cic.
1834 3386 1858 3411 4.
1885 3374 1967 3404 Acad.
1997 3374 2096 3402 Atrion
2106 3373 2233 3402 videmus
2246 3373 2298 3401 lioc
2309 3371 2356 3401 usu
2370 3370 2479 3403 venire,
2499 3376 2529 3399 ut
2539 3379 2608 3407 quos

1511 3426 1653 3454 nunquam
1678 3414 1844 3453 putassemus
1857 3422 1873 3441 a
1887 3411 1967 3440 nobis
1980 3410 2129 3440 internosci
2147 3411 2222 3448 poiie
2235 3432 2242 3445 ,
2264 3420 2311 3439 eos
2325 3407 2526 3438 consuetudine
2539 3406 2617 3436 adhi-

1513 3453 1570 3483 bita
1589 3462 1644 3483 tam
1653 3454 1733 3483 facile
1745 3449 1991 3481 internosceremus
2001 3471 2009 3484 ,
2037 3449 2076 3477 uti
2090 3449 2237 3477 minimum
2254 3448 2367 3484 quidem
2375 3445 2475 3475 similes
2491 3445 2615 3474 videren-

1512 3498 1566 3520 tur.
1604 3492 1634 3521 ld
1644 3492 1682 3521 est
1695 3514 1703 3526 ,
1723 3490 1776 3520 Ubi
1799 3487 1970 3518 consuetudo
1988 3484 2136 3516 accesserit.

1496 3529 1722 3558 Contentionem.
1748 3528 1806 3557 Cic.
1824 3536 1846 3555 i.
1864 3526 1900 3562 Q.
1914 3525 1973 3553 frat.
1996 3534 2018 3553 1.
2057 3524 2132 3560 Quia
2143 3529 2219 3552 tanta
2232 3521 2394 3551 adhibeatur
2412 3522 2437 3549 ἃ
2453 3519 2573 3555 anobis,
2589 3520 2615 3550 ἃ

1515 3577 1530 3595 a
1542 3567 1703 3596 Praetoribus
1714 3564 1858 3596 contentio
1872 3585 1880 3597 ,
1899 3569 1993 3592 utrem
2009 3562 2084 3598 posse
2096 3561 2196 3590 coniici
2207 3570 2265 3589 non
2276 3559 2438 3587 diffiderem.

1496 3604 1705 3634 Correctionem
1746 3604 1803 3632 Cic.
1818 3611 1840 3637 3.
1864 3600 1922 3630 Off.
1953 3600 2046 3636 Quem
2056 3609 2107 3628 nos
2116 3599 2287 3630 correciione
2301 3596 2419 3633 quadani
2437 3594 2559 3625 adhibita
2568 3604 2617 3632 po-

1517 3642 1647 3671 tillimum
1672 3642 1756 3671 secuti
1774 3641 1874 3669 sumus.

1497 3679 1696 3709 Crudelitatem
1706 3680 1735 3708 in
1744 3678 1871 3715 aliquem.
1901 3674 1960 3704 Cic.
1972 3684 2022 3712 pro
2031 3674 2123 3704 Domo
2133 3673 2186 3703 sua.
2217 3673 2273 3703 Sed
2282 3671 2348 3708 quid
2361 3680 2412 3705 erro
2425 3670 2538 3700 vestram
2557 3679 2618 3699 cru-

1517 3717 1658 3746 delitatem
1668 3726 1802 3754 expromo
1812 3737 1819 3749 ,
1846 3722 1928 3750 quam
1936 3713 1965 3741 in
1975 3711 2063 3749 ipsum
2074 3722 2118 3740 me
2130 3722 2161 3741 ae
2172 3721 2249 3741 meos
2260 3707 2420 3740 adhibuistis
2431 3710 2443 3737 ¹?
2478 3708 2540 3737 Hoc
2559 3708 2596 3737 est
2608 3729 2616 3741 ,

1519 3755 1581 3790 Qua
1598 3755 1633 3783 usi
1645 3756 1706 3783 estis
1725 3756 1752 3783 in
1768 3764 1829 3787 nic,
1851 3752 1943 3817 Qduam
1955 3750 2036 3778 inme
2048 3750 2214 3778 exercuistis.

1499 3790 1832 3824 Curationemadhibere.
1854 3790 1861 3818 i
1884 3798 1928 3818 em
1939 3788 2012 3824 quod
2030 3787 2074 3816 Uti
2084 3788 2235 3816 curatione.
2271 3784 2328 3814 Cic.
2347 3794 2368 3812 1.
2396 3782 2512 3817 0111383.
2554 3782 2618 3811 Gra-

1518 3830 1640 3858 vioribus
1656 3837 1748 3858 autem
1760 3827 1861 3857 morbis
1877 3824 2041 3864 periculosas
2053 3825 2209 3854 curationes
2227 3825 2252 3854 6.-
2266 3822 2400 3860 ancipites
2423 3820 2553 3850 udhibere
2572 3829 2618 3848 co-

1518 3875 1629 3906 guntur.
1652 3868 1705 3898 Sic.
1719 3866 1788 3898 Cels
1801 3866 1849 3897 lib.
1866 3875 1889 3900 5.
1904 3873 1963 3901 cap.
1976 3872 2020 3900 27.
2506 3894 2527 3924 c

2531 3903 2613 3925 uram.

2030 234 2065 263 de
2082 233 2160 270 AEgle
2180 232 2272 263 Samio
2286 232 2389 262 athleta
2401 255 2408 266 .
2428 232 2476 262 Per
2489 241 2574 262 omne
2622 223 2625 225 .
