2687 4212
289 127 335 163 80
664 115 702 150 AE
798 114 831 147 D
929 111 945 145 1

327 201 365 230 est
381 199 455 237 apud
471 197 579 227 Festum
600 197 710 233 legere,
731 193 865 232 posterius
883 191 957 230 apud
975 189 1142 226 Sosipatruin
1161 185 1210 214 lib.
1236 193 1262 213 2.
1300 183 1358 223 Sua
1375 182 1442 210 fecit

327 238 386 267 hzec
404 237 521 265 totidem
545 244 617 272 pene
634 232 724 262 verbis
744 232 840 260 Pareus
859 228 922 258 Lex.
945 228 1012 256 Crit.
1030 236 1057 263 p.
1071 234 1135 269 419.
1150 232 1213 257 420.
1255 221 1309 250 Sed
1332 220 1442 249 Marcus

326 274 410 303 Varro
441 272 569 301 asseverat
595 269 795 307 antiquiisimos
813 268 886 295 viros
905 274 995 301 neque
1027 272 1076 300 per
1099 260 1254 303 Castorem,
1284 267 1373 294 neque
1388 265 1443 299 ¹per

328 311 470 341 Pollucem
488 310 608 345 dejerare
625 308 736 337 solitos:
770 305 817 334 sed
839 304 867 332 id
882 300 1073 337 jusjurandum
1088 298 1167 340 suisie
1189 304 1298 326 tantum
1314 295 1443 337 flemina-

330 359 400 378 rum.
432 347 517 377 Plaut.
541 346 618 383 Capt.
646 356 669 379 ς.
700 354 720 372 1.
740 353 784 378 29.
824 338 941 376 AEdepol
961 337 1080 372 benigne
1097 336 1173 364 facis.
1203 334 1261 364 Cic.
1279 342 1305 363 2.
1327 332 1400 362 Pam.
1414 337 1439 365 8.

330 387 397 415 Non
415 383 537 422 aedepol,
559 391 689 420 quantam
706 381 880 421 egeris-rem.
917 375 954 418 V..
974 375 1052 403 Pon.
1150 411 1156 416 .

295 424 329 454 AE
338 434 355 452 D
366 433 379 452 Ε
389 433 402 451 Ρ
411 432 423 451 s
434 432 450 450 u
460 432 479 449 M
490 443 497 456 ,
519 420 666 457 Oppidum
684 419 712 447 in
724 410 846 446 Locride
856 435 863 448 ,
886 412 975 454 Plinio
992 412 1018 441 ἃ
1030 410 1167 453 Straboni.
1176 447 1183 452 “
1207 446 1213 452 .

297 462 357 493 ΖΕΒ
368 470 402 489 Es
417 482 424 494 ‚
446 460 476 487 is.
498 458 516 487 f.
546 455 648 492 [k'>*&,
669 452 829 487 aim-ragom]
856 450 938 479 JEdcs
962 459 992 478 1n
1010 447 1109 486 plurali
1125 452 1261 483 accipitur
1271 455 1322 483 pro
1332 445 1441 479 Domo,

332 507 384 527 nec
394 505 514 533 unquam
524 495 611 523 aliter.
650 490 817 527 Inlingulari
828 510 835 523 ,
856 494 937 524 atque
945 487 1015 515 adeo
1029 488 1054 516 ἃ
1066 487 1093 514 iri
1105 485 1221 523 plurali,
1243 493 1293 521 pro
1309 482 1439 519 Templo.

287 563 290 565 ,
334 535 389 564 Sed
401 534 491 562 bacin
504 542 532 561 re
549 531 642 561 differt
655 540 669 559 a
691 527 812 564 templo,
842 525 918 562 quod
930 524 1037 561 semper
1051 524 1080 552 in
1095 530 1211 559 utroque
1224 531 1340 550 numero
1361 520 1443 548 habet

333 572 535 608 adjectionem,
562 576 609 603 ut,
636 567 668 596 In
676 566 733 594 a‘de
743 564 819 599 ,jovis
830 584 838 598 ‚
857 563 1002 595 Mercurii,
1013 561 1108 590 inaede
1122 559 1295 593 Concordiae,
1310 557 1441 591 Telluris,

332 609 464 642 Honoris,
474 607 597 641 Virtutis,
617 606 646 633 in
655 603 712 632 aede
728 601 816 630 sacra:
839 602 864 630 Sc
880 600 909 628 in
921 599 1020 638 plurali
1030 598 1115 628 sacras
1125 599 1197 627 aedes
1207 620 1214 632 ,
1231 597 1303 625 redes
1314 597 1439 628 deorum,

333 648 405 676 redes
416 645 608 682 nympharum.
649 641 720 669 Nam
728 648 792 668 cuin
804 638 842 667 ait
855 637 999 666 Lucretius
1009 658 1018 672 ,
1043 636 1077 666 de
1089 635 1280 672 Joveloquens
1291 656 1298 668 ,
1316 634 1375 671 lpse
1383 632 1441 661 suas

334 684 406 713 aedes
414 681 560 710 disturbat:
582 678 698 716 perinde
707 677 745 705 est
758 686 789 705 ac
800 675 819 704 si
831 675 956 710 dixiffet,
968 673 1044 710 Jovis
1052 675 1131 703 cedes.
1178 672 1265 710 Igitur
1272 682 1322 710 pro
1334 670 1440 708 templo

333 722 459 750 dicemus
473 719 555 751 DuaS,
567 723 630 749 tres,
641 720 756 752 quatuor
767 714 880 743 deorum
888 713 970 747 aedes,
985 713 1053 741 duas
1060 712 1145 740 sacras
1155 711 1235 740 aedes.
1276 709 1326 738 Pro
1344 709 1440 743 doniO,

332 759 423 791 Binas,
433 765 531 789 ternaS,
542 762 693 790 quaternas,
705 752 822 789 privatas
831 751 912 780 aedes.
951 750 1017 779 Haec
1027 749 1103 778 Valla
1112 748 1161 778 lib.
1177 758 1200 785 3.
1220 747 1306 776 Plaut.
1316 746 1402 775 Stich.
1417 755 1440 774 1.

334 806 360 825 2.
373 800 398 828 8.
420 793 522 823 Nitidae
533 791 604 820 aedes
615 800 683 819 nieae
693 790 753 824 sint,
767 798 831 818 cuin
841 789 952 817 redeam
966 788 1091 817 domum.
1131 786 1214 814 Varro
1227 786 1261 813 de
1269 784 1297 813 L.
1311 784 1340 813 L.
1353 783 1400 812 lib.
1413 794 1440 819 4.

333 833 410 863 AEdis
420 833 453 859 ab
464 830 547 858 Aditu
560 838 566 858 z
589 828 665 865 quod
674 827 758 865 plano
767 827 839 864 pede
849 825 971 855 adibant.
1024 825 1119 861 Itaque
1131 833 1165 852 ex
1181 822 1286 852 aedibus
1297 822 1389 851 efferri
1401 821 1442 849 in-

333 870 437 899 dictivo
446 868 542 896 funere
552 875 643 904 praeco
655 866 738 894 etiam
752 874 799 893 eos
810 864 888 899 dicit,
911 864 958 901 qui
973 873 988 892 e
1001 862 1121 891 tabernis
1129 860 1291 890 efferuntur.
1331 859 1423 889 Festus
1432 879 1440 893 ,

332 907 417 940 AEdis,
429 904 604 934 domicilium
615 904 643 931 in
654 904 730 932 edito
741 902 836 937 (Aditu
846 901 932 938 Scal.)
942 901 1071 939 positum,
1082 898 1195 936 simplex
1207 904 1288 934 atque
1295 897 1377 926 unius
1385 896 1442 925 adi-

331 952 382 973 tus.
401 944 464 973 Sive
474 943 539 971 ideo
546 942 612 971 aedis
620 940 808 977 dicitur,quod
819 940 849 968 in
858 949 890 968 ea
903 948 990 968 aevuin
1002 938 1126 975 degatur,
1138 935 1213 973 quod
1223 935 1316 964 Graece
1327 938 1382 961 κιὼν
1394 943 1443 963 νο-

330 988 416 1011 catur.
446 980 504 1009 Cic.
517 989 541 1016 3.
551 979 586 1016 Q
599 979 659 1008 frat.
678 988 718 1015 17.
749 977 869 1007 Reddita
881 978 919 1006 est
928 976 996 1005 inihi
1012 981 1140 1012 pervetus
1150 972 1278 1011 epistola.
1302 973 1331 1001 in
1344 982 1396 1009 qua
1406 972 1441 1000 de

330 1019 390 1049 aede
402 1018 523 1048 Telluris
544 1027 588 1046 me
601 1016 743 1045 admones.
783 1015 862 1044 ldem
880 1024 931 1052 pro
948 1014 1040 1043 Domo
1061 1012 1108 1041 sua
1123 1021 1184 1048 127.
1206 1009 1442 1040 Consecrabantur

329 1057 418 1091 aedes,
440 1065 497 1084 non
516 1055 686 1092 privatorum
703 1052 856 1082 domicilia.

330 1094 422 1129 AEdis,
444 1094 474 1122 in
489 1092 662 1121 nominativo
682 1090 815 1128 singulari.
837 1089 921 1118 Varro
932 1089 968 1117 de
982 1087 1044 1129 Vita
1057 1086 1122 1125 Pop.
1135 1086 1215 1116 Rom.
1239 1085 1287 1114 lib.
1310 1095 1334 1129 ι.
1372 1083 1440 1114 Haec

347 1132 414 1162 aedis
429 1141 488 1168 quae
500 1140 575 1159 nunc
590 1130 643 1164 est,
662 1129 757 1158 inultis
767 1128 847 1157 annis
857 1127 917 1164 post
924 1127 996 1156 facta
1007 1128 1046 1159 lit,
1065 1125 1095 1153 in
1107 1134 1160 1162 qua
1174 1124 1268 1153 omnia
1279 1123 1360 1159 regiis
1372 1129 1439 1151 tem-

347 1169 463 1208 poribus
475 1167 589 1197 delubra
598 1177 681 1205 parva
689 1167 767 1195 facta.
804 1165 870 1194 Hrec
878 1165 988 1193 Nonius
1005 1169 1027 1194 8.
1042 1169 1085 1198 87.
1120 1163 1183 1192 Hoc
1194 1162 1278 1191 etiam
1287 1160 1386 1198 probat
1395 1159 1438 1203 'ab

345 1218 380 1237 eo
399 1206 598 1236 diminutivum
607 1204 752 1234 AEdicula:
774 1209 806 1232 ut
822 1202 855 1231 ab
876 1202 957 1235 Avis,
973 1201 1098 1238 Apicula.
1138 1200 1211 1229 Nam
1233 1209 1249 1228 a
1265 1199 1439 1229 nominativo

347 1244 430 1275 AEdes
440 1244 533 1282 potius
544 1241 777 1276 fieretAEdecula3
800 1240 890 1270 sicuta
921 1239 1010 1277 ulpes,
1027 1237 1185 1276 Vulpecula.

327 1284 446 1320 Angusta
464 1281 543 1311 cedes.
566 1279 762 1310 Ovid.1.Fast.
785 1288 848 1308 201.

329 1321 408 1351 Cavae
426 1319 506 1349 aedes.
528 1318 601 1355 Virg.
617 1328 642 1347 2.
664 1317 725 1347 AEn.
743 1319 807 1352 486.

399 1358 434 1388 At
450 1358 548 1386 domus
567 1356 682 1384 interior
703 1355 826 1392 gemitu,
846 1352 1001 1389 miseroque
1023 1350 1145 1381 tumultu

399 1394 548 1425 Miscetur:
580 1393 747 1431 penitusque
768 1401 839 1421 cavae
856 1390 1035 1428 plangoribus
1053 1390 1125 1419 aedes

396 1432 547 1462 Foemineis
573 1431 688 1460 ululant.
729 1431 747 1459 i.
770 1439 792 1459 e.
814 1428 902 1459 Tecta
923 1435 1067 1457 camerata.
1088 1427 1164 1456 Serv.

322 1471 438 1502 Decora.
459 1470 526 1499 Hor.
542 1479 564 1498 1.
586 1468 641 1498 Od.
660 1478 702 1503 30.
716 1478 743 1503 4.

322 1509 441 1539 Excelsa.
463 1506 547 1537 Ovid.
567 1517 608 1540 15-
628 1506 697 1535 Met.
711 1511 774 1539 842.

323 1548 439 1584 Magnas
453 1545 524 1575 aedes
541 1543 690 1582 pervolare.
712 1543 786 1580 Virg.
802 1551 842 1571 12.
866 1541 927 1571 AEn.
941 1549 1005 1578 473.

322 1584 471 1621 Magnifica
483 1583 540 1612 aede
550 1582 669 1619 aliquem
679 1581 774 1610 divum
784 1580 922 1609 dedicare.
945 1579 1028 1608 Ovid.
1044 1581 1069 1608 6.
1091 1577 1159 1608 Fast.
1169 1577 1227 1606 Cic.
1244 1586 1267 1612 5.
1290 1574 1372 1606 Tusc.
1388 1578 1434 1604 61.

321 1622 437 1653 AEdibus
450 1622 478 1650 iii
488 1620 586 1649 nostris
596 1630 654 1656 quae
661 1629 742 1657 prava
751 1624 797 1648 aut
806 1619 878 1647 recta
887 1626 1022 1654 gerantur.
1061 1615 1164 1645 Scribit
1184 1613 1253 1644 Gell.
1278 1614 1289 1647 (
1300 1614 1336 1643 N.
1345 1615 1374 1642 A.
1391 1624 1433 1649 14.

341 1664 367 1689 6.
380 1666 448 1688 extr.
464 1662 472 1690 )
492 1658 567 1687 hunc
582 1657 695 1687 Homeri
705 1667 739 1686 ex
756 1655 850 1693 Odyis.
866 1655 1031 1684 versiculum
1045 1655 1106 1683 vice
1123 1652 1262 1691 proverbii
1284 1651 1390 1689 semper
1405 1651 1435 1679 in

340 1707 387 1727 ore
401 1696 485 1726 fuisse.
530 1695 583 1725 Alii
598 1695 725 1724 tribuunt
737 1694 851 1724 Socrati.
873 1693 987 1722 Diocles
1004 1691 1134 1721 adscribit
1151 1690 1290 1727 Diogeni,
1312 1695 1343 1718 ut
1354 1689 1436 1718 refert

339 1734 470 1765 Laertius.
512 1733 577 1771 Quo
583 1733 660 1762 versu
669 1737 858 1767 monemur,ut
867 1741 899 1760 ea
907 1730 1078 1769 potissimum
1090 1739 1150 1767 quae
1160 1728 1196 1758 ad
1207 1737 1257 1757 nos
1266 1727 1338 1765 ipsos
1353 1727 1435 1764 perti-

337 1778 414 1807 nent,
423 1781 549 1802 curemus
562 1781 568 1800 :
590 1778 704 1800 externa
714 1778 795 1807 atque
810 1769 900 1798 aliena
910 1779 946 1798 ne
954 1768 1135 1805 inquiramus.
1187 1765 1279 1802 [Haec
1286 1774 1321 1794 ex
1330 1764 1434 1794 Erasmi

337 1810 410 1840 Chil.
435 1821 457 1839 1.
469 1820 493 1846 5.
506 1815 551 1844 ὃς.
593 1810 608 1845 [
624 1808 679 1838 Sed
690 1808 789 1837 fefellit
799 1807 895 1836 Virum
902 1806 1037 1842 Magnum
1050 1804 1184 1834 memoria
1193 1826 1201 1839 ,
1218 1803 1352 1840 siquidem
1363 1802 1435 1831 Lati-

336 1858 389 1878 nus
402 1848 449 1914 laic
456 1846 603 1912 {erficulus
613 1846 687 1884 apud
699 1845 822 1876 Gellium
831 1854 889 1873 non
903 1843 1020 1882 legitur,
1041 1853 1138 1873 verum
1150 1842 1261 1872 Graecus
1275 1840 1390 1870 Homeri
1398 1849 1434 1869 ex

336 1886 384 1915 Od
426 1909 432 1915 .
473 1908 478 1914 .
542 1895 564 1914 1.

385 1896 415 1950 ἓν(
427 1943 434 1953 ,
450 1922 482 1950 ’τ’-Η
502 1894 537 1949 Ξο9ι
554 1924 577 1949 r'v
592 1918 719 1957 μεγέςοιιπ
740 1917 842 1947 κοωιιῖντ3
860 1916 975 1955 ἀφαθιῗντε
991 1914 1110 1946 π’τνιιπιι.

315 1961 373 1992 Nisi
381 1961 451 1990 forte
460 1960 545 1990 Scioli
553 1959 993 1997 cujuspiaminterpretamentum
1000 1966 1049 1995 pro
1059 1955 1193 1986 Gellianis
1205 1952 1297 1985 verbis
1307 1953 1428 1991 arripuit.

313 1999 470 2030 Marmorea
485 1998 566 2027 aedes.
606 1997 689 2027 Ovid.
702 2007 726 2034 7.
744 1996 825 2035 Epist.
842 2006 885 2032 99.

315 2038 412 2067 Novae.
452 2036 483 2065 V.
505 2035 532 2065 N
541 2045 583 2065 ov
594 2045 609 2064 u
620 2045 642 2065 s.

312 2075 462 2113 Perpetuae.
503 2074 534 2103 V.
563 2072 581 2102 P
592 2083 606 2101 ε
614 2083 631 2101 R
640 2083 654 2101 P
663 2082 678 2101 iz
686 2081 706 2100 T
714 2081 734 2101 u
742 2082 761 2100 u
770 2081 791 2100 s.

311 2113 417 2142 Primae.
439 2112 465 2141 h.
485 2121 507 2140 e.
532 2111 626 2140 Primae
640 2111 742 2139 aedium
755 2115 854 2147 partes.
884 2108 969 2139 Ovid.
984 2119 1007 2145 ς.
1024 2107 1166 2144 Fast.312.

311 2150 471 2187 Prophanae.
501 2149 559 2178 Cic.
580 2158 605 2178 2.
622 2149 657 2177 de
675 2148 739 2177 Nat.
756 2147 837 2177 Deor.
856 2150 900 2184 67.
951 2146 1034 2177 Fores
1046 2147 1076 2176 in
1093 2143 1239 2175 liminibus
1254 2143 1430 2182 profanarum

331 2189 448 2223 aedium,
469 2187 559 2223 janum
579 2187 766 2215 nominantur.

310 2226 405 2264 Regiae
419 2225 498 2254 cedes.
521 2224 580 2254 Cic.
600 2235 623 2260 ς.
645 2223 725 2253 Tusc.
743 2226 787 2252 61.

311 2264 401 2294 Sacra.
424 2263 482 2292 Cic.
500 2274 526 2299 4.
549 2262 622 2291 Verr.
642 2271 701 2297 119.
741 2260 819 2290 Idem
828 2269 878 2298 pro
888 2259 988 2289 Flacco
998 2269 1045 2296 4⁴·
1085 2258 1236 2290 Pecuniam
1250 2257 1281 2286 in
1292 2256 1380 2287 aedern
1392 2255 1430 2286 sa-

330 2311 405 2330 cram
421 2300 597 2330 reficiendam
619 2299 644 2329 se
658 2297 836 2337 perscripsisse
853 2298 959 2327 dicunt.

312 2339 413 2368 Vacua.
435 2339 502 2368 Hor.
516 2348 541 2367 2.
558 2335 642 2375 Epist.
656 2347 680 2366 2.
697 2347 742 2372 94.

309 2376 438 2406 Votivam
451 2376 538 2405 aedeni
554 2375 677 2405 reddere.
700 2374 767 2403 Hor.
777 2383 802 2403 2.
827 2373 882 2402 Od.
899 2381 941 2409 17.
963 2381 1006 2409 31.

313 2414 478 2444 Consecrare
492 2414 571 2443 aedes.
600 2413 657 2442 Cic.
672 2422 722 2450 pro
734 2412 825 2441 Domo
835 2410 882 2440 sua
892 2420 953 2447 127.

311 2452 456 2481 Dedicare.
478 2451 536 2481 Cic.
547 2461 570 2480 2.
591 2452 625 2480 de
634 2450 728 2487 Legib.
747 2458 789 2485 57.

259 2499 263 2501 ¹
312 2489 469 2519 Disturbare
490 2490 570 2518 aedes.
600 2488 706 2517 Lucret.
723 2487 771 2516 lib.
787 2496 812 2516 2.
833 2495 913 2515 1101.

311 2527 462 2557 Inscribere
471 2527 614 2561 mercede.
635 2532 682 2555 aut
688 2524 837 2555 Inscribere
850 2524 921 2553 aedes
935 2522 1055 2552 venales.
1094 2520 1127 2551 V.
1149 2520 1190 2550 IN
1201 2529 1213 2551 s
1223 2530 1240 2551 c
1249 2530 1266 2550 a
1275 2530 1285 2550 1
1294 2530 1309 2550 Β
1318 2530 1345 2551 0.

311 2565 384 2595 Intra
398 2565 486 2594 cedem
504 2566 529 2594 Sc
543 2565 571 2592 in
592 2564 688 2592 aedem.
739 2562 770 2591 V.
792 2562 833 2591 ΙΝ
843 2571 888 2590 'ra
898 2571 914 2590 o
924 2583 932 2597 ,
952 2562 978 2590 δι
998 2560 1176 2589 INTRoeo.

311 2602 452 2640 Obligare.
491 2602 524 2632 ln
545 2602 570 2630 O
580 2612 594 2629 a
604 2612 620 2629 L
631 2612 639 2629 1
649 2611 667 2629 G
676 2611 701 2630 o.

312 2640 475 2670 Obscurare.
515 2639 546 2668 V.
568 2638 723 2668 Recludere
737 2637 852 2672 lumen,
873 2636 906 2666 In
927 2635 1067 2665 LUMEN.

311 2677 453 2708 Perierunt
470 2677 551 2706 aedes.
591 2677 624 2706 ln
642 2676 660 2705 P
670 2687 683 2705 E
693 2686 709 2704 P.
719 2685 732 2704 F.
741 2685 767 2704 o.

310 2715 434 2746 Reficere
451 2715 575 2744 labantes
586 2715 700 2743 deorum
709 2713 790 2742 aedes.
810 2711 877 2741 Hor.
894 2721 917 2749 3.
940 2711 996 2741 Od.
1010 2714 1035 2740 6.
1049 2719 1074 2747 3.
1095 2708 1154 2739 Cic.
1164 2719 1216 2748 pro
1231 2708 1332 2740 Flacco
1342 2720 1388 2747 44.

311 2753 438 2783 Reserata
452 2753 532 2782 aedes.
553 2751 656 2781 Lucan.
676 2751 724 2780 lib.
741 2760 763 2787 3.

310 2791 441 2821 Tendere
455 2791 490 2819 ad
505 2790 578 2819 redes
586 2789 711 2824 alicuius,
746 2798 776 2817 ro
788 2787 840 2817 Ire.
861 2785 929 2816 Hor.
947 2795 969 2814 1.
984 2785 1066 2822 Epist.
1080 2794 1105 2822 7.
1119 2790 1163 2819 89.

311 2829 394 2860 ]Edes
405 2838 454 2866 pro
464 2827 611 2857 Cubiculo.
633 2827 708 2856 Curt.
733 2826 767 2854 ib.
785 2831 810 2859 8.
825 2829 849 2854 6.
863 2833 887 2861 3.
910 2823 1090 2852 Excubabant
1102 2823 1262 2860 principum
1271 2822 1363 2858 liberi,
1374 2821 1426 2852 ser-

327 2868 398 2896 vatis
407 2866 533 2895 noctium
539 2865 657 2899 vicibus,
666 2864 786 2902 proximi
799 2862 904 2892 foribus
915 2861 990 2895 aedis,
1003 2862 1031 2889 in
1040 2870 1092 2898 qua
1103 2870 1150 2890 rex
1157 2860 1356 2898 acquiescebat.

311 2904 404 2940 AEdes,
417 2914 466 2942 pro
484 2904 573 2941 Apum
587 2902 681 2931 alveis.
702 2901 776 2938 Virg.
787 2912 813 2936 4.
836 2900 933 2935 Georg.
949 2904 1011 2934 258.

383 2943 438 2973 Aut
455 2940 510 2970 illae
527 2940 646 2979 pedibus
663 2948 796 2969 connexae
813 2937 848 2966 ad
864 2937 962 2966 limina
982 2935 1124 2974 pendent,

383 2981 437 3010 Aut
456 2980 530 3008 intus
551 2977 645 3007 clausis
660 2978 825 3006 cunrflantur
840 2976 869 3004 in
887 2973 992 3003 aedibus
1013 2983 1119 3002 omnes.

274 3014 333 3046 AEn
343 3028 352 3046 1
363 3027 379 3047 c
389 3028 407 3047 u
417 3027 477 3051 LA,
499 3016 596 3046 dimin.
618 3025 668 3053 pro
681 3013 788 3044 Cellula
804 3014 833 3042 in
848 3012 962 3042 sedibus.
984 3011 1068 3043 Plaut.
1092 3010 1173 3048 Epid.
1187 3019 1210 3047 3.
1225 3019 1248 3048 3.
1261 3020 1306 3040 21.

384 3055 416 3085 In
436 3054 581 3084 aediculam
599 3052 718 3082 seorsum
738 3052 809 3081 istoec
830 3056 889 3085 eat,
907 3049 981 3085 jube.

313 3091 452 3128 AEdicula,
473 3091 619 3122 Sacellum.
643 3091 661 3119 i.
684 3100 708 3120 e.
730 3089 806 3119 AEdis
815 3087 893 3117 sacrre
908 3087 1057 3124 appendix,
1082 3085 1139 3114 Liv.
1156 3085 1259 3114 Decad.
1284 3096 1309 3121 4.
1332 3085 1379 3114 lib.
1399 3096 1422 3120 ς.

331 3128 431 3159 Iisdem
452 3130 550 3159 diebus
583 3128 728 3158 aediculam
748 3127 876 3156 Victoriae
898 3125 1014 3161 Virginis
1034 3133 1120 3161 prope
1147 3123 1234 3152 aedem
1260 3123 1424 3152 Concordire

332 3166 372 3196 M.
397 3168 502 3197 Portius
513 3168 581 3196 Cato
592 3165 738 3196 dedicavit.
769 3164 826 3193 Cic.
867 3173 896 3192 ro
916 3162 1008 3191 Domo
1033 3161 1079 3190 sua
1105 3164 1165 3196 136.
1198 3160 1292 3196 Quum
1320 3160 1425 3197 Licinia

331 3205 407 3239 Virgo
424 3205 549 3239 Vestalis,
576 3203 741 3234 sanctiffimo
762 3201 834 3231 sacer
857 3201 914 3229 otio
928 3200 1059 3238 praedita,
1095 3208 1168 3227 arani
1186 3199 1212 3227 ὁὶ
1233 3197 1377 3227 aediculam
1398 3200 1425 3228 St

332 3242 457 3278 pulvinar
469 3243 517 3272 sub
531 3242 604 3271 sacro
624 3242 688 3271 saxo
708 3239 865 3269 dedicaffet.

314 3279 456 3314 Ridicula,
475 3279 704 3310 Loculamentuni
723 3277 866 3307 simulacri.
889 3275 957 3305 Plin.
972 3273 1018 3302 lib.
1033 3276 1074 3310 36.
1093 3283 1152 3310 cap.
1171 3283 1194 3307 5.
1225 3272 1352 3301 AEdicula
1366 3273 1425 3306 eius

333 3318 546 3382 tgtadapieritur,
587 3324 619 3347 ut
638 3316 762 3355 conspici
784 3314 867 3353 possit
889 3312 1012 3349 undique
1033 3310 1135 3348 effigies
1154 3310 1220 3339 deae.
1261 3309 1303 3339 De
1320 3310 1425 3339 Venere

359 3364 386 3383 ni
410 3364 434 3382 ia
458 3364 474 3382 o
494 3362 574 3384 uitur.

316 3365 569 3424 AEdiculae,ti³rtim.
590 3392 680 3422 Parvae
690 3391 772 3421 aedes.
793 3390 812 3420 i.
834 3400 858 3419 e.
880 3389 963 3419 Parva
978 3387 1085 3416 domus.
1118 3384 1177 3414 Cic.
1193 3384 1222 3412 in
1235 3383 1328 3413 Parad.
1351 3386 1376 3413 6.
1397 3393 1422 3419 3.

334 3428 375 3459 M.
388 3428 518 3458 Manilius
536 3436 643 3466 patrum
659 3429 813 3458 nostrorum
833 3427 966 3457 memoria
982 3433 1086 3462 pauper
1103 3422 1217 3452 tandem
1233 3422 1284 3450 fuit
1300 3431 1315 3464 z.
1329 3421 1426 3451 habuit

335 3467 409 3495 enim
424 3466 551 3495 aediculas
562 3467 590 3494 in
604 3467 708 3496 Carinis
720 3488 728 3501 ,
750 3468 776 3496 δι
787 3465 906 3495 fundum
923 3464 952 3493 in
965 3462 1112 3492 Labicano.
1153 3459 1184 3488 ln
1208 3458 1330 3488 aediculis
1350 3459 1425 3488 habi-

334 3510 400 3532 tare.
423 3503 479 3532 Cic.
493 3513 542 3541 pro
554 3503 622 3532 Coei.
638 3514 678 3541 17.
701 3504 784 3533 Nunc
793 3504 906 3532 demum
919 3500 1045 3537 intelligo
1070 3498 1096 3528 P.
1124 3496 1214 3540 Clodii
1237 3494 1352 3525 infulam
1371 3497 1425 3526 eil'e

335 3540 478 3570 venalem:
500 3540 630 3575 cujushic
642 3541 670 3569 in
679 3541 800 3570 aediculis
822 3540 928 3569 habitet
942 3539 1040 3568 decem
1051 3558 1059 3570 ,
1078 3541 1110 3564 ut
1119 3544 1218 3577 opinor
1228 3555 1235 3568 ,
1254 3534 1384 3563 millibus,

278 3577 312 3608 ΞΕ
321 3588 445 3607 D1C1L1
457 3588 474 3606 υ
484 3589 513 3611 M,
525 3578 551 3606 ii.
563 3587 588 3606 n.
604 3584 633 3606 ut
641 3578 832 3607 Domicilium.
857 3577 944 3607 Plinio
953 3573 1095 3606 Salmasius
1106 3573 1126 3602 it
1136 3572 1289 3601 restitutum
1298 3572 1326 3600 in
1334 3571 1421 3601 Solin.

318 3626 344 3653 p.
362 3619 425 3651 667.
460 3614 618 3645 lEdiculum
630 3615 711 3643 ctiam
721 3615 818 3652 legitur
829 3616 856 3644 in
871 3613 1023 3653 pervetusta
1033 3611 1112 3641 Rom.
1124 3610 1314 3645 inscriptione.

281 3652 314 3682 JE
324 3663 341 3681 D
351 3663 359 3680 1
370 3662 413 3681 cu
424 3663 440 3680 ι,
450 3662 466 3680 υ
477 3662 489 3680 s
510 3652 585 3681 Deus
602 3651 735 3680 Domibus
749 3652 922 3689 peculiariter
932 3656 1053 3690 praeerat.
1075 3648 1106 3677 V.
1128 3647 1192 3677 Lex.
1211 3646 1295 3675 l'itisc.

279 3689 521 3724 AED1F1C0,'‹‘1Vl,
545 3686 656 3724 ΓᾸὶμέιν,
673 3687 814 3725 vivituro]
841 3700 893 3720 are.
919 3700 953 3719 ei(
974 3688 1056 3718 JEdes
1067 3709 1075 3722 ,
1096 3688 1121 3716 ἃ
1137 3685 1219 3714 Facio
1231 3683 1422 3721 compositum.

315 3727 372 3756 Cic.
383 3727 439 3756 Off.
455 3733 513 3761 138.
543 3727 693 3762 Quiquum
707 3727 894 3756 tedii-icaffetin
905 3724 1125 3765 palatioplenam
1138 3722 1277 3759 dignitatis
1297 3721 1420 3751 don-uim.

315 3764 458 3794 IEdiiicarc
468 3764 501 3792 ad
512 3764 610 3800 frigora
619 3770 700 3799 atquc
712 3764 787 3792 iustus
796 3765 930 3794 vitandos.
953 3763 1018 3793 Cres.
1036 3766 1061 3791 6.
1074 3762 1141 3791 Bell.
1151 3759 1219 3790 Gall.
1252 3759 1295 3789 Ne
1315 3768 1424 3788 accura-

331 3802 385 3830 tius
397 3802 429 3829 ad
445 3801 543 3837 frigora
562 3807 642 3837 atque
653 3801 727 3829 iustus
738 3801 863 3829 vitandos
873 3803 1018 3831 zediticcnt.

311 3838 455 3869 AEdifieare
473 3837 667 3874 intelligendus
685 3838 720 3865 cst
734 3860 741 3871 ,
763 3848 819 3866 non
835 3838 921 3867 solum
939 3839 994 3875 Qui
1016 3846 1086 3875 opus
1103 3844 1206 3864 novum
1224 3833 1353 3869 molitur,
1378 3843 1423 3862 ve-

330 3877 423 3905 rumis
439 3884 547 3912 quoquc
568 3874 820 3910 Quivultrelicere.
844 3875 934 3911 Ulp.l.
954 3887 975 3905 1.
999 3876 1031 3904 D.
1049 3875 1083 3903 de
1094 3880 1174 3902 mort.
1192 3872 1327 3902 inserend.

309 3912 411 3943 Tribus
427 3913 496 3942 locis
507 3912 629 3941 aedifico:
650 3911 752 3947 reliqua
767 3913 946 3942 reconcinno.
980 3912 1038 3941 Cic.
1058 3920 1084 3940 2.
1106 3911 1142 3946 Q.
1165 3911 1224 3939 frat.
1239 3919 1282 3940 ιο,

1937 101 1975 135 AE
2070 101 2103 135 D
2198 102 2213 136 1

1528 178 1605 208 Belle
1631 179 1773 208 aedificare.
1802 179 1859 208 Cic.
1882 191 1907 216 9.
1934 181 1985 210 litt.
2011 190 2054 217 13.

1529 216 1604 246 Bene
1630 218 1656 246 δε
1672 218 1787 245 ratione.
1809 217 1910 260 0³05}
1930 218 1987 247 Off.
2009 229 2051 254 55.
2106 219 2192 254 Quod
2212 219 2276 256 liqui
2294 219 2466 256 proscribunt
2483 220 2575 250 villam
2597 221 2647 251 bo.

1550 264 1633 288 nam,
1661 253 1787 290 beneque
1814 255 1993 285 aediticatam:
2031 265 2089 284 non
2109 257 2297 286 existimantur
2315 257 2456 293 fefelliss'e,
2484 259 2586 288 etiamsi
2600 259 2646 289 illa
2669 286 2675 290 .

1551 302 1604 320 nec
1618 291 1691 320 bona
1709 292 1747 320 est
1760 313 1769 326 ,
1791 301 1843 320 nec
1863 293 1995 323 aedificata
2015 294 2130 322 ratione.

1532 329 1672 358 Celeriter.
1694 328 1752 357 Cic.
1769 338 1794 357 2.
1820 329 1854 364 Q.
1871 330 1930 359 frat.
1948 337 1972 365 8.

1532 366 1685 402 Eleganter.
1721 365 1857 395 Columel.
1874 367 1922 396 lib.
1945 379 1966 398 1.
1984 378 2044 406 cap.
2063 379 2089 403 4.

1533 403 1654 433 Lautius.
1683 403 1740 432 Cio.
1762 413 1788 432 2.
1810 404 1845 432 de
1862 404 1954 441 Legib.
1977 416 2001 443 3.

1532 441 1658 470 Strenue.
1681 440 1738 469 Cic.
1752 451 1777 469 2.
1817 441 1852 477 Q.
1871 443 1930 472 frat.
1951 449 1974 477 8.

1535 477 1688 520 Descriptio
1697 477 1859 521 aedificandi.
1872 479 1927 509 Cic.
1937 481 2087 516 1.Off.133.
2099 479 2256 510 Dicendum
2268 480 2305 509 est
2316 480 2399 509 etiam
2411 480 2646 517 qualemehominis

1552 516 1716 545 honorati&
1731 517 1863 553 principis
1875 517 1990 547 domum
2003 519 2108 556 placeat
2117 518 2179 553 effe,
2206 519 2285 553 cujus
2296 517 2358 547 finis
2373 518 2410 547 est
2418 518 2497 548 usus:
2521 520 2555 548 ad
2566 530 2646 556 quem

1552 553 1790 595 accommodanda
1797 555 1835 583 est
1850 555 2003 585 aedificandi
2017 556 2174 593 descriptio.
2202 555 2277 585 Hinc
2293 556 2455 593 metaphora
2463 556 2497 586 ad
2505 566 2548 586 res
2556 557 2629 587 alias.

1532 590 1685 631 Carcei‘eiii.
1709 590 1766 620 Cic.
1780 602 1804 627 5.
1829 592 1902 622 Verr.
1918 603 1962 623 22.
1982 604 2032 632 pro
2050 593 2123 630 Sylla
2133 602 2177 630 70.

1533 628 1619 669 Calas.
1645 627 1711 656 Hor.
1733 638 1759 657 2.
1787 629 1843 658 Sat.
1857 640 1879 666 3.
1896 640 1959 667 247.

1533 665 1642 704 Classes.
1666 664 1723 694 Cic.
1743 676 1793 703 pro
1810 666 1881 704 Lege
1901 668 1999 699 Manil.
2023 679 2049 704 9.
2090 668 2121 696 V.
2143 666 2257 696 Navem.

1533 702 1650 740 Equum.
1673 702 1745 740 Virg.
1766 713 1791 733 2.
1813 705 1873 734 AEii.
1901 716 1942 741 15.

1612 739 1696 783 instar
1710 742 1812 771 montis
1824 753 1928 780 equum
1942 743 2036 773 divina
2053 741 2170 772 Palladis
2195 747 2251 771 arte

1613 777 1769 808 AEdificant.

1533 814 1652 857 HortOS,
1688 815 1726 844 est
1738 816 1791 846 Eos
1804 817 1933 854 iaedificiis
1954 818 2094 847 instruere.
2143 817 2188 847 Sic
2208 815 2353 846 AEdificare
2370 817 2473 855 praedia
2501 819 2527 849 6<
2542 818 2644 851 similia.

1553 852 1610 881 Cic.
1624 862 1648 886 9.
1681 854 1787 897 Att313.
1811 856 1838 884 ἃ
1852 855 1900 884 lib.
1917 859 1958 885 16.
1984 855 2123 885 Praediola.
2152 855 2248 884 Cic.6.
2265 855 2319 884 Att.
2338 865 2362 891 3.

1532 890 1683 932 Mundum.
1707 891 1764 920 Cic.
1777 902 1799 921 1.
1823 893 1859 921 de
1868 893 1931 922 Nat.
1943 893 2026 923 Deor.
2046 904 2087 929 19.
2129 893 2239 930 Quibus
2255 893 2330 921 enirn
2342 893 2430 922 oculis
2445 894 2528 923 animi
2546 895 2647 926 intueri
2661 889 2663 896 ⁴

1551 934 1643 970 potuit
1651 928 1736 972 vester
1744 929 1818 958 Plato
1826 930 1956 960 fabricam
1964 931 2039 960 illam
2047 931 2115 960 tanti
2126 932 2230 969 operis,
2246 940 2300 967 qua
2307 930 2427 960 construi
2438 940 2454 960 a
2466 931 2527 962 Deo
2537 953 2546 968 ‚
2567 939 2648 971 atque

1552 965 1680 994 aeclxfican
1698 967 1836 996 mundum
1855 968 1944 997 facit‘?

1532 1001 1638 1033 Muros.
1661 1003 1743 1033 Ovid.
1770 1015 1811 1034 11.
1839 1005 1909 1035 Met.
1930 1016 1993 1042 204.

1531 1040 1646 1084 Navem.
1669 1041 1756 1071 Plaut.
1792 1042 1850 1072 Cic.
1869 1055 1891 1078 ς.
1920 1044 1995 1073 Verr.
2018 1053 2063 1080 43.
2087 1045 2113 1074 Sc
2132 1053 2178 1080 44.
2218 1042 2251 1073 V.
2283 1042 2408 1073 Claffem.

1531 1078 1678 1122 Porticum.
1703 1079 1760 1110 Cic.
1779 1090 1828 1118 pro
1840 1081 1931 1110 Domo
1945 1081 1992 1110 sua
2008 1092 2069 1118 114.

1531 1116 1642 1146 Praedia.
1685 1116 1717 1146 V.
1739 1117 1823 1155 paulo
1836 1126 1900 1148 ante
1919 1119 2029 1148 Hortos.

1530 1152 1760 1223 Renipgbliuam.F
1772 1156 1799 1186 h.
1821 1166 1845 1186 e.
1867 1157 1950 1186 Bonis
1964 1157 2102 1193 moribus,
2130 1155 2253 1194 legibus,
2277 1165 2310 1186 ac
2326 1156 2456 1186 institutis
2473 1166 2535 1193 eam
2549 1157 2646 1190 funda.

1550 1202 1588 1221 re.
1640 1202 1673 1222 ic.
1692 1203 1717 1228 9.
1762 1203 1813 1223 am.
1830 1204 1854 1224 2.
2672 1218 2673 1221 ,

1530 1229 1644 1267 Specus.
1666 1230 1734 1260 Plin.
1756 1230 1804 1261 lib.
1830 1238 1853 1266 8.
1876 1241 1936 1269 cap.
1955 1235 1997 1269 36.
2028 1232 2132 1270 Specus
2147 1231 2165 1260 fi
2181 1241 2238 1260 non
2258 1230 2395 1267 habuere,
2415 1241 2555 1263 ramorum
2572 1232 2647 1264 fruti-

1549 1277 1669 1310 cumque
1690 1270 1818 1306 congerie
1838 1270 1975 1299 aediticant
1990 1269 2214 1307 impenetrabiles
2227 1269 2371 1299 imbribus.
2392 1269 2435 1299 De
2459 1270 2549 1300 utils..

1529 1304 1639 1334 Villam.
1662 1305 1719 1348 Cic.
1738 1316 1761 1343 3.
1784 1306 1841 1337 Off.
1855 1319 1897 1343 55.
1928 1308 1961 1337 Et
1983 1318 2008 1337 2.
2025 1309 2060 1336 de
2075 1306 2168 1344 Legib.
2190 1315 2213 1343 3.

1531 1342 1628 1372 Urbes.
1649 1342 1707 1373 CiC.
1724 1354 1748 1374 2.
1772 1344 1828 1374 Off.
1854 1355 1895 1380 ις.
1917 1345 1951 1375 Et
1962 1357 1989 1382 4.
2010 1345 2084 1374 Verr.
2104 1355 2165 1374 110.

1492 1378 1734 1423 AEDIFICANS7
1754 1383 1834 1412 antis.
1855 1383 1950 1421 Nepos
1961 1393 1986 1413 2.
2009 1386 2034 1412 6.
2051 1393 2077 1412 2.
2107 1381 2285 1412 AEdificantes
2296 1381 2453 1418 prohibere.

1492 1417 1759 1456 AEniriciiTus,
1781 1430 1813 1455 a,
1833 1430 1891 1450 um.
1913 1428 1959 1456 ut,
1980 1420 2079 1450 Carcer
2090 1419 2248 1450 aedificatus.
2271 1418 2329 1448 Cic.
2348 1429 2399 1458 pro
2416 1419 2490 1457 Sylla
2512 1429 2556 1458 70.
2578 1420 2678 1452 Villae

1532 1456 1605 1485 bona
1616 1456 1741 1494 beneque
1756 1458 1897 1488 aedificata.
1934 1459 2046 1495 Idem3.
2069 1458 2125 1488 Off.
2142 1467 2166 1487 e.
2181 1467 2222 1492 13.
2655 1461 2658 1473 ¹

1491 1492 1553 1525 AEn
1563 1505 1571 1522 1
1582 1505 1594 1523 r
1604 1505 1613 1522 1
1623 1503 1643 1537 c
1651 1504 1698 1537 {vr
1708 1505 1753 1531 10,
1765 1496 1856 1526 finisf.
1873 1496 2067 1532 [οὶκοαῑόμκσις]
2076 1495 2239 1525 Cic.12.Att.
2255 1493 2412 1524 AEdifieatio
2420 1504 2465 1525 me
2473 1504 2533 1526 non
2541 1503 2644 1528 movet.
2660 1500 2662 1502 ’

1531 1531 1573 1561 De
1593 1532 1775 1562 aedificatione
1786 1533 1906 1571 aliquem
1924 1544 2028 1571 urgere.
2065 1534 2123 1563 Cic.
2139 1543 2164 1562 2.
2193 1533 2228 1570 Q.
2244 1533 2302 1562 frat.
2319 1535 2345 1561 6.
2667 1538 2670 1540 '
2685 1540 2687 1544 ⁴

1529 1569 1665 1599 Imniensa
1681 1571 1706 1600 &
1723 1571 1903 1601 intolerabilis
1924 1572 2078 1602 aedificatio.
2120 1571 2177 1600 Cic.
2195 1572 2226 1600 in
2242 1570 2330 1600 Pison.
2350 1575 2396 1606 48.
2653 1580 2655 1583 ·
2686 1569 2687 1604 4

1529 1607 1751 1638 AEdiricationem
1768 1609 1923 1639 sustentare.
1958 1610 2015 1639 Cic.
2038 1619 2063 1639 2.
2091 1609 2126 1646 Q.
2141 1609 2200 1638 frat.
2215 1612 2241 1638 6.
2685 1605 2687 1631 4

1490 1643 1896 1711 AEfoisicA‘riuucura,
1918 1649 1931 1684 [
1951 1641 2110 1682 einodbpcidlov
2127 1647 2140 1683 ]
2177 1646 2261 1677 Parva
2290 1644 2444 1676 aedificatio.
2485 1645 2542 1676 Cic.
2564 1647 2644 1685 3.Q
2684 1655 2687 1690 ’ς

1541 1690 1588 1712 rat.
1612 1694 1635 1713 1.
1657 1693 1688 1712 ca
1711 1706 1717 1713 .
1734 1694 1760 1714 2.

1490 1718 1569 1750 AEui
1581 1725 1662 1750 ΗΟᾸ
1674 1694 1762 1758 ΤΡοΒ,
1793 1722 1856 1752 6ris.
1877 1732 1914 1751 m.
1950 1718 2118 1758 [οὶιιοδὶμὶις9
2140 1717 2255 1757 τέκτων]
2287 1722 2344 1759 Qui
2363 1721 2495 1755 aedifieat,
2516 1728 2564 1751 aut
2587 1722 2644 1759 Qui

1528 1759 1680 1801 aedificavit.
1713 1759 1771 1789 Cic.
1783 1760 1818 1789 de
1836 1760 1956 1790 Univers.
1978 1769 2002 1796 3.
2032 1760 2130 1797 Neque
2142 1760 2250 1789 mundo
2261 1761 2409 1797 quicquam
2422 1759 2582 1798 pulchrius,
2597 1769 2644 1790 ne-

1527 1807 1580 1834 que
1596 1807 1655 1839 ejus
1668 1797 1831 1827 aedificatore
1848 1798 2026 1836 praestantius.

1526 1835 1701 1869 AEdihcator,
1722 1845 1772 1873 pro
1788 1835 1828 1865 Eo
1846 1836 1893 1872 qui
1913 1835 1950 1865 est
1961 1835 2115 1865 aedificandi
2135 1835 2219 1864 nimis
2233 1834 2375 1864 studiosus.
2398 1833 2536 1864 Columel.
2552 1834 2599 1865 lib.
2617 1845 2639 1866 1.
2680 1845 2681 1848 ¹

1544 1882 1604 1915 cap..
1632 1883 1655 1908 5.
1693 1872 1836 1910 Eleganter
1860 1874 1943 1910 igitur
1968 1873 2086 1903 aedificet
2103 1873 2241 1910 agricola,
2262 1883 2315 1902 nec
2337 1874 2369 1901 iit
2383 1878 2477 1901 tamen
2488 1872 2642 1903 aedificator.
2680 1868 2682 1890 1

1544 1910 1712 1953 Huiusmodi
1727 1911 1920 1940 aedificatorem
1937 1919 2001 1949 apte
2019 1910 2147 1941 describit
2165 1909 2291 1946 Juvenal.
2314 1921 2357 1948 14.
2379 1910 2434 1940 Sat.
2447 1914 2492 1945 86.

1603 1948 1764 1991 AEdificator
1785 1955 1842 1978 erat
1857 1949 2041 1984 Centronius,
2071 1950 2096 1978 ἃ
2123 1949 2209 1977 inodo
2225 1958 2310 1978 curvo

1603 1985 1708 2016 Littore
1727 1986 1827 2022 Cajetae
1838 2008 1847 2023 ,
1877 1987 1983 2016 summa
1998 1996 2074 2016 nunc
2089 1986 2201 2016 Tiburis
2224 1995 2286 2015 arce
2297 2008 2306 2021 ,
2677 1961 2687 2027 4

1603 2024 1687 2053 Nunc
1707 2024 1874 2054 Praenestinis
1891 2025 1920 2053 in
1935 2025 2075 2054 montibus
2094 2024 2148 2053 alta
2166 2023 2281 2062 parabat
2676 2033 2687 2075 Ἥ

1603 2061 1733 2091 Culmina
1747 2062 1874 2092 villarum
1885 2084 1893 2098 ,
1920 2063 2038 2097 Graecis,
2058 2062 2196 2100 longeque
2214 2061 2309 2100 petitis
2676 2076 2687 2101 -1

1602 2099 1789 2130 Marmoribus
1801 2123 1809 2136 ,
1831 2102 1882 2130 Sec.
2674 2080 2687 2156 44]

1523 2135 1555 2165 V.
1576 2137 1605 2166 in
1621 2137 1702 2167 Thes.
1737 2136 1889 2172 O'mofflr-m'oc.
1912 2137 1946 2167 H.
1968 2136 2006 2167 St.
2673 2131 2679 2168 4

1522 2174 1720 2242 Jlgdilffatoib&
1737 2176 1832 2214 opifex
1848 2175 1946 2205 mundi
1961 2175 2056 2211 Deus,
2084 2174 2104 2205 i.
2130 2185 2153 2205 e.
2177 2173 2314 2205 Conditor
2330 2174 2383 2205 five
2397 2174 2511 2204 Author.
2543 2175 2601 2206 Cic.
2615 2184 2637 2205 1.
2672 2176 2679 2190 ⁸

1562 2222 1577 2241 e
1618 2220 1652 2243 at.
1698 2223 1754 2243 eor.
1772 2219 1812 2248 ¹8-
2680 2214 2682 2218 “

1484 2249 1724 2286 AEnfrsx,icis.
1745 2261 1783 2281 m.
1805 2250 1881 2281 Idem
1899 2250 1974 2288 quod
1986 2250 2142 2280 aedificator.
2165 2250 2240 2288 apud
2258 2250 2377 2280 Tertull.
2395 2250 2430 2278 de
2439 2249 2538 2280 idolol.
2553 2260 2632 2280 c.12.
2670 2267 2671 2278 i

1484 2289 1738 2320 AEmricisrtis
1759 2291 1787 2319 δι.
1808 2298 1839 2324 e,
1869 2288 1964 2326 Dictys
1976 2288 2048 2318 Cret.
2068 2299 2091 2324 5.
2114 2298 2155 2317 12.
2176 2288 2221 2318 vel
2242 2289 2336 2326 potius
2353 2289 2438 2318 Autor
2450 2288 2524 2318 illius
2543 2288 2640 2318 versio·
2670 2318 2671 2323 ,

1523 2326 1583 2361 nis,
1603 2326 1742 2356 absolute:
1772 2327 1892 2356 Priamus
1915 2326 1950 2355 ad
1975 2336 2049 2355 aram
2067 2326 2143 2362 Jovis
2162 2332 2231 2358 ante.
2245 2325 2389 2355 aedificiale
2410 2326 2552 2364 confugit,
2574 2327 2591 2355 i.
2612 2335 2636 2356 e.
2670 2328 2679 2349 ἕ]

1523 2370 1586 2393 ante
1604 2364 1778 2400 AEdificium,
1799 2372 1862 2394 ante
1877 2364 1997 2401 Regiam.
2674 2360 2681 2371 “”

1484 2400 1584 2432 AEnir·
1594 2412 1601 2430 1
1612 2406 1653 2431 cii
1663 2407 1708 2432 Τό
1719 2413 1734 2430 R
1744 2413 1753 2430 1
1764 2412 1821 2437 us,
1840 2412 1856 2431 a
1869 2424 1877 2437 ,
1898 2412 1954 2431 uni.
1994 2401 2087 2437 Idem,
2108 2407 2155 2437 ut,
2175 2401 2298 2432 Verbum
2310 2401 2518 2431 aedificatorium
2531 2401 2635 2438 mortis,
2674 2414 2676 2417 >

1522 2439 1638 2469 Tertull.
1657 2440 1692 2469 de
1704 2440 1792 2469 Carne
1808 2439 1904 2469 Christi
1919 2462 1932 2474 ,
1949 2449 2009 2477 cap.
2027 2449 2070 2477 17.
2109 2439 2187 2469 Idem
2203 2441 2238 2469 de
2254 2440 2352 2469 Anima
2365 2449 2425 2477 cap.
2443 2447 2489 2476 47.
2526 2439 2643 2471 Somnia.
2660 2439 2676 2465 Ji

1522 2477 1694 2515 prophetica,
1708 2478 1877 2513 revelatoria,
1887 2477 2081 2513 AEdificatoria,
2092 2478 2240 2511 vocatoria.
2275 2479 2314 2514 [a
2332 2487 2357 2507 v.
2369 2476 2483 2512 AEdifico,
2495 2486 2550 2514 quo
2560 2476 2639 2510 sensu,
2664 2482 2675 2514 Η

1520 2521 1636 2544 utuntur
1650 2515 1835 2545 Ecclesiastici.
1879 2515 1908 2544 V.
1929 2515 1966 2544 du
1986 2515 2095 2545 Fresne.
2663 2518 2673 2544 Ι

1481 2552 1602 2596 ῙΕριΡρ
1613 2563 1707 2582 crum
1721 2575 1728 2589 ,
1750 2554 1778 2583 ii.
1799 2563 1826 2583 n.
1850 2551 2038 2590 [bentley-astae,
2055 2550 2179 2588 κπῧηῳι]
2199 2553 2232 2583 ab
2246 2552 2317 2583 AEde
2332 2554 2358 2582 δε
2373 2552 2455 2582 Facio
2467 2551 2573 2581 dic‘tum
2584 2573 2592 2587 ,
2605 2556 2646 2582 ui:v
2658 2543 2673 2602 1¹¹1

1520 2597 1611 2628 mquit
1620 2591 1702 2620 Varro
1714 2602 1722 2627 3
1746 2591 1951 2621 dicitur'Omn‘e
1959 2591 2034 2628 quod
2048 2591 2212 2620 aedificatum
2223 2592 2269 2620 est.
2303 2590 2367 2620 Caes.
2379 2589 2447 2619 Bell.
2461 2589 2528 2619 Gall.
2545 2589 2593 2619 lib.
2609 2598 2632 2626 3.

1520 2636 1589 2658 extr.
1609 2629 1748 2658 Omnibus
1759 2630 1826 2659 vicis
1837 2628 2028 2666 aedificiisque,
2050 2638 2105 2665 quo
2116 2629 2191 2657 adire
2210 2634 2355 2666 poterant,
2373 2627 2498 2656 incensis.
2667 2598 2674 2656 l

1517 2666 1678 2696 AEdificium
1688 2666 1822 2702 lucidum,
1832 2667 2053 2696 cuicontrarium
2064 2666 2218 2695 Obscurum
2233 2660 2288 2701 est,
2310 2667 2336 2695 ἃ
2354 2666 2398 2694 cui
2409 2664 2448 2694 sol
2459 2675 2516 2693 non
2524 2664 2632 2699 allucet.
2660 2693 2662 2698 ,

1538 2704 1607 2733 Cels.
1624 2704 1671 2734 lib.
1694 2715 1716 2734 1.
1731 2715 1790 2742 cap.
1815 2715 1839 2734 2.
1875 2704 2006 2734 Habitare
2024 2713 2089 2734 vero
2104 2704 2223 2733 aedificio
2241 2703 2338 2733 lucido
2351 2703 2497 2741 perflatum
2515 2703 2635 2732 aestivum
2666 2707 2670 2735 ,ι’

1539 2741 1694 2779 hybernum
1707 2742 1792 2771 solem
1804 2742 1931 2772 habente.
2666 2737 2670 2767 4

1517 2779 1636 2809 AEdificii
1656 2780 1821 2819 appellatio,
1842 2787 1890 2809 aut
1909 2779 2089 2816 Superficiem
2103 2779 2252 2816 significat,
2278 2786 2325 2808 aut
2349 2776 2447 2808 Solum
2465 2787 2575 2816 quoque
2589 2777 2635 2807 cui
2659 2774 2667 2815 4

1536 2818 1684 2847 aediticium
1702 2818 1901 2856 superpositum
1923 2819 1967 2846 est.
1990 2817 2090 2852 Julian.
2100 2816 2119 2845 l.
2142 2817 2237 2854 Siquis
2248 2817 2420 2845 testamento.
2442 2815 2476 2845 D.
2492 2816 2527 2845 de
2537 2816 2589 2854 leg.
2608 2825 2631 2845 1.
2659 2817 2661 2850 4

1517 2856 1650 2885 AEdificiis
1664 2866 1800 2885 emovere.
1822 2856 1878 2885 Liv.
1896 2865 1921 2892 7.
1946 2854 2014 2884 Bell.
2026 2854 2093 2883 Pun.
2114 2854 2219 2884 Milites
2229 2853 2351 2884 aedificiis
2364 2860 2481 2884 emotos.
2658 2818 2668 2884 4

1516 2893 1650 2923 AEdificiis
1669 2893 1759 2929 utilis,
1781 2895 1797 2923 i.
1817 2904 1841 2923 e.
1857 2893 1898 2923 Ad
1917 2892 2119 2922 aedificandum.
2154 2892 2221 2921 Plin.
2241 2892 2290 2922 lib.
2322 2896 2363 2922 16.
2385 2901 2444 2929 cap.
2469 2894 2495 2920 6.

1517 2930 1668 2961 Deturbare
1689 2932 1842 2961 aedificiuin.
1869 2931 1926 2960 Cic.
1941 2940 1964 2967 3.
1981 2930 2023 2959 ¹ad
2037 2930 2074 2966 Q.
2090 2931 2151 2959 frat.
2169 2941 2193 2966 9.

1517 2967 1659 2998 Extruere.
1682 2970 1739 2999 Cic.
1760 2979 1809 3007 pro
1832 2969 1986 3005 Milon.7<.

1479 3006 1512 3037 JE
1522 3017 1539 3035 D
1549 3018 1557 3035 1
1570 3019 1585 3035 L
1596 3017 1613 3035 A
1622 3017 1641 3036 'r
1651 3018 1669 3036 υ
1679 3017 1690 3036 s
1701 3008 1801 3036 dicitur
1808 3007 1904 3036 I-Edilis
1914 3005 2112 3042 dignitus,sicut
2128 3004 2313 3034 pontificatus.
2334 3003 2402 3034 Fest.
2414 3003 2585 3042 frequentius
2595 3009 2633 3034 ta·

1517 3054 1581 3073 men
1592 3044 1727 3081 AEdilitas,
1749 3045 1779 3074 V.
1800 3045 1864 3074 Lex.
1883 3044 1978 3073 l'itifci.
2654 3022 2666 3100 il

1478 3081 1640 3117 AEnitis,
1660 3083 1689 3112 is,
1715 3093 1751 3112 m,
1777 3082 1987 3119 [dpesstw'pbOED-’J
2008 3081 2075 3117 quid
2091 3080 2136 3115 sit,
2167 3080 2225 3110 Cic.
2247 3091 2270 3116 ς.
2294 3079 2366 3108 Verr.
2396 3082 2438 3115 36.
2461 3078 2580 3108 Ostendit
2590 3079 2632 3110 hlS
2653 3088 2660 3112 4·

1516 3121 1605 3149 verbis
1622 3143 1629 3155 ,
1663 3121 1746 3150 Nunc
1761 3119 1819 3149 suin
1837 3119 1990 3155 designatus
2014 3119 2115 3147 aedilis:
2147 3117 2235 3146 habco
2256 3119 2392 3146 rationem
2407 3117 2474 3154 quid
2489 3127 2504 3146 a
2525 3116 2631 3155 populo
2652 3106 2664 3168 44

1515 3158 1643 3187 Romano
1660 3158 1814 3195 acceperim
1830 3167 1836 3186 :
1872 3157 1938 3185 mihi
1961 3156 2042 3185 ludos
2059 3155 2236 3185 sanctiilimos
2258 3155 2377 3184 maxima
2392 3164 2456 3183 cuni
2475 3153 2631 3184 ceremonia
2651 3169 2663 3191 i,

1516 3195 1629 3231 Cereri,
1650 3195 1748 3225 Libero
1760 3217 1768 3230 ,
1797 3194 1954 3231 Liberaeque
1973 3194 2129 3222 finiendos:
2164 3193 2233 3221 milii
2247 3192 2355 3222 Floram
2371 3201 2486 3221 matrem
2507 3191 2629 3230 poinlo,

1515 3234 1645 3271 plebique
1661 3233 1791 3262 Romanae
1803 3255 1810 3267 ,
1832 3232 1961 3261 ludorum
1980 3231 2138 3260 celebritate
2156 3231 2339 3267 placandam:
2366 3231 2432 3258 milii
2456 3229 2537 3259 ludos
2563 3228 2630 3258 ariti-
2650 3234 2652 3242 '

1516 3271 1673 3307 quissimos,
1729 3270 1755 3299 ui
1776 3270 1856 3307 primi
1880 3270 1995 3298 Ruiiiiiiii
2016 3269 2077 3297 sunt
2095 3268 2245 3302 nominati,
2279 3268 2398 3297 maxima
2414 3277 2479 3296 cum
2498 3267 2640 3303 dignitate-

1516 3318 1547 3337 ac
1568 3309 1700 3345 religione
1709 3280 1794 3343 Ἢονὶ,
1815 3307 1935 3342 junoni,
1959 3307 2144 3343 Minervaque
2160 3305 2212 3335 ell'e
2229 3305 2389 3334 faciendos:
2413 3305 2480 3334 mihi
2497 3305 2629 3334 sacrarum
2651 3309 2654 3316 ’

1516 3346 1617 3375 aedium
1632 3347 1855 3384 procurationem
1870 3355 1875 3374 :
1907 3344 1974 3373 inihi
1992 3351 2077 3372 totam
2095 3344 2191 3372 urbem
2216 3344 2348 3372 tuendam
2362 3342 2415 3371 eise
2437 3341 2606 3371 commissam
2618 3343 2652 3381 {i

1516 3383 1552 3412 ob
1572 3394 1665 3413 earum
1684 3394 1774 3412 rerum
1793 3382 1915 3411 laborem
1934 3384 1959 3411 ἃ
1981 3381 2196 3410 iollicitudinem
2221 3391 2227 3410 ;
2249 3380 2352 3409 frucTus
2369 3379 2429 3408 illos
2450 3380 2538 3413 datos,
2562 3379 2630 3408 anti-
2643 3383 2661 3402 l*

1514 3422 1639 3458 quiorein
1665 3423 1692 3449 in
1710 3422 1810 3450 Senatu
1835 3420 1975 3449 sententiae
1995 3420 2119 3448 ‹licendae
2140 3418 2251 3452 locum,
2272 3425 2363 3454 togam
2386 3424 2544 3455 praetextam
2557 3439 2564 3452 ,
2582 3415 2628 3445 sel-
2648 3417 2651 3454 ξ

1514 3458 1570 3488 lain
1592 3459 1734 3490 curulem,
1767 3459 1810 3494 jus
1828 3457 1953 3494 imaginis
1971 3457 2005 3485 ad
2026 3457 2187 3485 memoriam
2213 3456 2452 3493 posteritatemque
2467 3455 2625 3493 prodendae.
2647 3455 2650 3486 1

1515 3496 1592 3525 Idem
1616 3507 1639 3533 3.
1669 3497 1704 3525 de
1724 3495 1816 3533 Legib.
1835 3505 1860 3531 7.
1888 3495 2031 3531 Suntoque
2047 3494 2150 3524 ffidiles
2166 3500 2303 3523 curatores
2318 3493 2391 3521 urbis
2406 3514 2413 3527 ,
2432 3502 2566 3525 annonae,
2589 3491 2628 3520 lu*-
2641 3486 2649 3536 4

1515 3534 1669 3572 durumque
1680 3534 1842 3563 solennium.
1880 3532 2006 3569 Ollisque
2022 3532 2057 3561 ad
2075 3532 2187 3561 honoris
2205 3530 2344 3569 amplioris
2354 3530 2469 3567 gradum
2489 3531 2510 3558 is
2525 3530 2626 3568 primus

1514 3571 1638 3601 ascensus
1651 3572 1715 3600 esto.
2121 3604 2124 3606 ¹
2640 3539 2647 3602 l

1514 3609 1611 3638 JEdilis
1623 3632 1630 3644 ,
1653 3610 1710 3645 Qui
1731 3608 1802 3638 aedes
1821 3607 1905 3636 sacras
1925 3607 2080 3644 &privatas
2094 3609 2231 3643 procurat.
2263 3605 2334 3634 Vai‘r.
2351 3616 2376 3640 4.
2393 3605 2427 3633 de
2440 3604 2466 3633 L.
2486 3604 2513 3634 L.

1516 3646 1618 3675 AEdiles
1631 3647 1684 3675 hoc
1705 3655 1813 3684 quoque
1827 3643 2010 3681 fungebantur
2031 3644 2142 3677 officio,
2164 3644 2293 3672 nimirum
2317 3642 2438 3672 intrandi
2459 3642 2557 3671 balnea
2576 3651 2624 3678 pu-

1534 3683 1605 3712 blicu
1631 3694 1690 3720 qua·
1704 3683 1839 3721 populum
1866 3682 2059 3718 receptabant,
2083 3681 2267 3718 exigendique
2285 3681 2434 3709 munditias
2449 3701 2457 3715 ,
2485 3683 2512 3710 ὁὶ
2529 3679 2624 3708 utilem

1520 3731 1564 3760 v{ic
1577 3720 1711 3750 salubrem
1727 3727 1946 3759 temperaturam.
1969 3720 2031 3748 Seii.
2048 3729 2088 3754 13.
2111 3719 2191 3756 Epist.
2217 3729 2236 3747 1.

1514 3758 1611 3787 fflriilis
1625 3759 1705 3787 initio
1724 3760 1812 3788 dictus
1832 3758 1869 3786 est
1883 3779 1891 3791 ,
1914 3756 1969 3793 Qui
1992 3757 2093 3786 aedium
2113 3767 2170 3785 non
2189 3762 2297 3785 tantum
2315 3754 2447 3783 sacrarum
2459 3776 2466 3788 ,
2486 3754 2623 3783 sedetiam
2640 3761 2662 3789 ἰ,

1531 3796 1697 3832 privatarum
1712 3806 1803 3825 curam
1824 3795 1941 3832 gerebat.
1982 3794 2136 3823 l’osteahoc
2152 3803 2254 3822 nomen
2272 3795 2297 3821 ἃ
2317 3792 2351 3821 ud
2366 3792 2533 3827 magistratus
2541 3798 2622 3820 trans-
2640 3789 2651 3818 l.

1539 3832 1623 3862 latum
1642 3834 1686 3863 est.
1724 3834 1821 3863 Dictus
1837 3834 1873 3862 est
1888 3839 1981 3861 autem
2000 3832 2096 3861 Jlidilis
2112 3854 2119 3868 ,
2142 3832 2217 3868 quod
2238 3830 2324 3859 facilis
2344 3830 2378 3859 :id
2399 3839 2463 3858 euin
2483 3827 2622 3867 plebiadi-
2639 3826 2641 3850 Ῑ

1531 3876 1575 3899 tus
1586 3871 1658 3899 eil'et.
1699 3870 1799 3901 Festus
2634 3859 2639 3900 4
2653 3880 2655 3883 ·

1512 3907 1615 3938 IEdilcs
1627 3909 1699 3937 iuter
1712 3909 1842 3937 minimos
1859 3906 2025 3944 magistratus
2041 3906 2220 3936 habebantur.
2261 3905 2383 3942 Ideoque
2401 3913 2460 3933 non
2480 3905 2639 3945 numerali-ii

2579 3945 2619 3968 tus
2632 3945 2638 3975 4,

2632 3981 2637 3992 ii

2644 3645 2646 3652 >
