2604 4222
208 136 280 170 454
606 117 884 156 CAT

957 216 965 230 ‚
985 190 1220 232 perpendiculum
1230 188 1363 218 videlicet

250 203 472 241 marmagne-„1552
486 210 619 238 vocatur,
639 213 654 232 a
668 199 859 240 pertentandis
869 196 946 227 vadis
1009 233 1013 237 ῃ
1139 230 1143 235 Ι
1160 229 1165 234 .
1215 228 1221 233 .
1309 226 1315 231 ·
1341 227 1346 231 ”

948 241 1038 261 maris.
1078 228 1200 258 Luclhus
1214 237 1244 256 in
1260 225 1362 255 bolidis

251 242 379 309 gunlclflo.
391 251 485 280 aptum
498 244 532 272 ad
547 240 745 279 explorandam
757 236 933 267 altitudinem

273 281 616 354 cicriptlrlqugatapiffltem
627 324 695 352 puer
704 311 804 341 eodem
818 309 922 338 deferet
932 306 1047 335 unctum
1059 325 1068 340 ,

347 355 452 384 Plumbi
473 353 625 392 pauxillum
644 351 742 382 rodus.
764 348 869 384 linique
883 350 1026 386 mataxam.
1064 379 1070 384 .
1109 339 1144 369 Et
1158 337 1251 367 liidor.
1275 347 1316 374 19.
1336 347 1362 372 4.

257 393 423 430 Catapirates
438 393 510 421 linea
520 400 583 420 curn
593 389 675 418 massa
688 385 833 425 plumbea,
854 392 907 419 qua
921 390 1001 410 mans
1023 378 1143 408 altitudo
1163 383 1291 406 tentatur.
1329 375 1362 404 V.

256 431 339 459 etiam
350 430 473 459 Lambin.
489 430 523 458 ad
535 428 617 456 Plaut.
629 425 685 455 Aul.
699 436 723 463 4;
743 433 763 451 ι.
778 431 819 450 12.

709 461 711 464 .
727 458 730 465 ι

221 467 243 497 C
254 479 270 496 A
281 478 294 496 Ἰ
309 478 328 496 A
340 477 376 495 pL
388 477 405 495 A
415 477 454 496 SM
465 476 483 495 A
494 488 502 500 ‚
523 466 583 494 fitis,
605 473 633 492 ῃ,
655 457 872 497 [uramara]
894 454 1085 496 Emplastrum,
1112 452 1165 481 five
1174 451 1309 488 malagma
1323 449 1364 478 di-

257 506 327 534 citur
338 506 418 533 variis
431 504 510 532 rebus
522 500 702 538 compositum
712 499 739 526 in
750 496 827 525 usum
838 494 992 523 medicinae.
1012 529 1018 535 ⁶
1033 491 1099 520 Phn.
1114 490 1163 533 lib.
1177 498 1221 518 20.
1241 498 1301 531 cap.
1318 496 1360 524 17.

258 543 355 572 Dalion
367 541 503 570 herbarius
518 536 734 577 parturientibus
749 543 783 563 ex
794 542 827 561 eo
839 530 1003 568 cataplasma
1011 527 1143 566 imposuit
1154 536 1217 556 cum
1227 535 1303 569 opio.

220 580 243 610 C
255 591 270 609 A
280 591 299 608 T
309 591 325 608 A
335 590 348 607 ι
357 591 371 607 L
380 590 397 607 A
407 589 419 607 s
429 590 447 606 Μ
457 588 475 606 u
486 588 504 606 Μ
517 599 524 611 ,
546 578 562 604 i.
580 586 607 604 n.
631 575 715 603 Idem.
738 570 822 600 Lucil.
835 570 910 607 apud
921 569 1091 602 Non.4.210.
1103 566 1232 608 Ventrem
1241 563 1364 593 alienum

257 618 383 646 moestum
396 619 486 644 iuvere
497 624 530 643 ex
543 612 639 641 molito
650 610 755 640 hordeo
765 631 773 643 ,
795 608 835 637 uti
847 605 1021 643 cataplasmo.
1044 603 1118 632 conf.
1129 609 1212 631 etiam
1224 612 1250 636 4.
1263 610 1273 638 3
1284 610 1324 635 ¹4·

220 655 270 684 CA
280 664 326 682 TA
337 664 351 682 Ρ
361 665 376 681 L
389 664 405 681 A
417 662 428 681 s
439 662 483 681 Mo
497 673 505 686 ,
526 654 580 680 are.
602 655 649 681 ut,
673 647 811 677 Exteriora
824 642 1054 682 cataplasmanda.
1088 640 1152 670 Cael.
1170 638 1260 669 Aurel.
1275 637 1360 668 Tard.

258 701 283 720 2.
298 701 322 727 3.
347 691 377 719 Et
388 690 462 724 Vulg.
476 689 592 724 interpr.
606 686 686 715 Esaiae
699 690 742 719 38.
755 693 798 712 21.
822 680 1024 720 cataplasmare
1040 679 1119 716 super
1131 677 1239 707 vulnus.
1263 714 1268 720 ¹

218 729 240 758 C
248 739 266 758 A
277 739 296 756 ‘r
306 738 324 756 A
335 738 348 756 1²
359 739 373 755 L
383 738 400 755 u
410 737 421 755 s
434 723 451 761 J
463 728 480 755 i.
497 736 533 755 m.
556 721 731 761 [καᾶέπ-Αες]
752 722 847 751 Portus
858 720 893 750 ad
904 727 986 756 quem
1004 717 1154 755 plurimum
1166 713 1270 753 appelli
1285 712 1363 742 solet.

256 766 363 803 Ulpian.
377 765 395 793 1.
409 776 434 799 4.
449 765 468 801 ᾗ.
485 775 509 798 4.
534 762 564 791 D.
579 762 614 790 de
625 760 696 789 offic.
714 758 840 797 procons.
862 756 1011 795 Ingressum
1023 756 1105 798 etiam
1119 753 1173 782 hoc
1194 762 1258 781 eum
1276 751 1365 794 obser-

251 812 316 832 vare
326 808 454 839 oportet,
473 808 503 830 ut
512 808 626 837 peream
638 804 743 835 partem
757 796 929 834 provinciam
949 793 1133 832 ingrediatur,
1151 800 1209 834 'per
1221 799 1303 827 quam
1323 798 1364 817 rn-

252 840 327 877 gredi
337 840 420 868 moris
432 839 484 868 est:
507 840 533 867 Sc
544 846 609 874 quas
619 835 723 865 Graecia
735 830 859 870 ὲπιὲὶιμιόος
871 831 1010 870 appellat,
1032 830 1084 859 sive
1098 826 1225 867 ’,εαῶιπῖκεν
1242 827 1364 869 observa-

251 887 282 906 re
292 899 299 911 ,
320 878 348 905 in
364 887 444 913 quam
459 876 574 913 primum
587 874 727 903 civitatem
741 873 842 905 veniat,
853 871 896 900 vel
907 870 1037 907 applicet.
1068 866 1164 909 Magni
1176 865 1251 894 enirn
1263 866 1365 907 sacrent

252 914 432 952 provinciales
442 913 536 942 servari
547 912 593 941 fibi
605 909 919 940 consuetudinemistam
931 929 938 941 ,
958 909 983 936 ἃ
993 904 1149 941 hujusmodi
1161 910 1363 940 praerogativas.

250 952 372 981 Sumitur
382 952 463 980 etiam
478 960 527 988 pro
541 949 598 986 ipso
612 948 732 978 Decursu
747 946 940 984 navigationis,
963 943 1006 972 vel
1020 942 1135 971 navibus
1147 941 1208 978 ipsis
1219 939 1365 970 decursum

269 989 441 1018 facientibus.
484 989 512 1017 V.
545 985 722 1017 Martias-lib.
739 994 779 1013 12.
793 994 837 1020 75.
858 981 1018 1013 &Turneb
1031 980 1065 1009 ad
1076 980 1130 1009 loc.
1300 1014 1305 1021 .

214 1026 237 1056 C
246 1037 264 1055 A
276 1036 294 1055 T
303 1037 323 1056 A
334 1037 345 1054 ι
355 1037 371 1055 o
383 1037 399 1055 r:
410 1036 428 1055 A
441 1036 451 1055 s
460 1048 467 1059 ,
490 1027 580 1061 [κατὰ
596 1020 697 1059 νόθας]
718 1022 817 1051 lisdem
830 1020 948 1058 vestigiis
958 1017 1171 1055 subsequendis:
1193 1015 1364 1058 quasi—dicas,

252 1064 293 1094 Ad
304 1065 388 1102 pedes
403 1072 553 1100 eorumque
565 1062 682 1098 vestigia.
705 1061 801 1096 Justin.
813 1060 848 1087 de
859 1056 1003 1095 composit.
1025 1056 1119 1092 digest.
1133 1055 1153 1092 §.
1173 1063 1214 1097 ι7.
1238 1052 1293 1082 Nisi
1307 1059 1365 1080 tan-

250 1108 310 1130 turn
324 1102 339 1130 si
351 1102 417 1131 velit
428 1111 472 1130 eas
483 1102 511 1130 in
522 1101 644 1130 Graecam
654 1108 751 1127 vocem
765 1096 954 1131 transformare
964 1093 1012 1123 sub
1024 1093 1125 1122 eodem
1138 1091 1238 1121 ordine
1248 1113 1256 1125 ,
1278 1098 1365 1131 eaque

251 1139 465 1175 consequentia,
485 1138 532 1168 sub
545 1148 598 1175 qua
611 1138 636 1166 ἃ
647 1145 728 1165 voces
744 1135 874 1163 Romame
896 1132 988 1170 positae
1007 1130 1088 1160 sunt:
1111 1130 1166 1159 hoe
1183 1129 1259 1167 quod
1277 1128 1365 1157 Graeci

251 1175 317 1203 κατὰ
330 1173 406 1204 πὲἑὶις
419 1178 524 1206 dicunt.
567 1175 664 1205 Cicero
676 1180 768 1203 autem
781 1172 821 1201 Ad
833 1171 946 1200 verbum
955 1169 1013 1198 hoc
1022 1167 1152 1206 appellat.
1273 1201 1274 1204 ¹

214 1214 266 1244 CA
275 1224 293 1243 T
303 1224 342 1243 ΑΡ
351 1224 367 1243 o
377 1225 395 1242 T
405 1226 414 1243 ι
424 1225 444 1243 A
457 1236 464 1249 ,
486 1223 574 1243 orum.
597 1222 623 1241 n.
640 1210 677 1249 pl.
699 1207 883 1253 [zmaqvlgia]
904 1207 967 1237 sunt
978 1216 1038 1242 quae
1053 1206 1137 1242 vulgo
1155 1205 1284 1234 dicuntur
1295 1202 1365 1232 Pilu-

250 1252 301 1286 lae.
323 1253 396 1288 quod
407 1252 458 1281 sint
467 1251 551 1281 veluti
562 1251 666 1287 exiguae
683 1248 762 1286 pilae:
784 1251 828 1273 >m
848 1242 870 1274 {T
888 1243 1036 1278 καταπίνειν,
1058 1244 1134 1280 quod
1153 1243 1191 1272 est
1212 1242 1362 1270 devorare:

250 1291 381 1325 quoniam
393 1299 483 1326 neque
493 1289 580 1321 estur,
601 1296 691 1324 neque
705 1285 819 1321 lingitur
833 1284 860 1312 id
877 1292 978 1320 genus,
998 1281 1045 1310 sed
1057 1282 1194 1318 integrum
1208 1279 1363 1309 devoratur.

249 1327 319 1356 Plin.
331 1327 378 1356 lib.
391 1332 434 1357 26.
449 1337 509 1364 cap.
522 1332 548 1360 8.
570 1325 612 1354 Est
623 1326 647 1354 ἃ
659 1324 750 1353 semen
762 1322 792 1350 in
801 1321 849 1352 usu
863 1330 927 1350 cum
937 1318 1020 1349 melle
1029 1319 1178 1348 ddorftum
1198 1317 1233 1346 ad
1253 1323 1365 1354 catapo-

249 1366 288 1394 tia
299 1388 306 1399 ,
327 1365 463 1394 solvendae
475 1365 527 1393 alvi
539 1364 632 1401 gratia.

212 1403 236 1433 C
245 1414 264 1433 A
273 1413 292 1431 T
301 1412 320 1431 A
330 1413 344 1431 ι»
353 1413 365 1432 s
373 1413 391 1431 Y
400 1413 416 1432 x
425 1413 433 1430 1
443 1412 455 1431 s
468 1424 475 1435 ,
498 1397 679 1437 [καῶίψιξις]
700 1397 799 1427 Graecis
810 1396 913 1426 dicitur
926 1394 1045 1432 Frigoris
1065 1394 1134 1423 citra
1151 1392 1258 1421 febrem
1277 1400 1364 1421 nocu-

249 1448 382 1470 mentum.
424 1440 487 1469 Cael.
501 1439 590 1468 Rhod.
603 1437 649 1466 lib.
661 1446 707 1469 25.
723 1445 783 1473 cap.
797 1440 822 1468 8.
863 1433 980 1470 [Latine
990 1431 1128 1461 Perfridtio
1149 1440 1175 1468 q.
1190 1430 1220 1459 V.

211 1478 366 1509 CATAPU
378 1487 417 1505 L]
431 1488 467 1510 A.
489 1487 519 1506 ae,
541 1476 559 1505 f,
582 1473 757 1511 [ῃτωπὲλης
771 1494 779 1506 ,
803 1468 995 1505 καταπέλτῃ]
1017 1480 1031 1498 a
1048 1467 1244 1506 Depessendo,
1268 1467 1364 1496 Genus

249 1517 356 1545 bellicae
377 1515 511 1544 machinae
525 1536 532 1547 ,
560 1522 612 1550 qua
627 1511 749 1548 jaculum
767 1517 814 1539 aut
827 1509 922 1538 saxum
936 1508 1046 1545 longius
1062 1505 1250 1543 torquebatur.
1290 1504 1362 1534 Hirt.

246 1554 312 1584 Bell.
327 1553 377 1582 Afr.
392 1562 434 1586 ιι.
456 1551 640 1588 Scorpionum
652 1571 659 1585 ‚
679 1547 880 1586 catapultarum
890 1568 898 1581 ,
918 1552 1129 1581 ceterorumque
1139 1543 1260 1587 telorum
1273 1564 1281 1577 ‚
1301 1552 1362 1578 quae

247 1593 283 1620 ad
297 1591 506 1620 defendendum
519 1589 608 1618 soient
628 1587 736 1625 parari,
755 1594 883 1623 magnam
896 1584 1007 1621 copiam
1027 1582 1154 1611 habebat.
1177 1580 1235 1611 L1v.
1253 1590 1297 1616 24.
1314 1590 1359 1614 40·

247 1629 345 1658 Castris
367 1629 498 1666 direptis,
520 1626 702 1664 Apolloniatae
720 1623 892 1660 catapultas,
913 1620 1039 1655 balistas,
1072 1626 1266 1655 tormentaque
1286 1617 1360 1653 alia,

246 1677 306 1703 quae
318 1666 513 1703 oppugnandae
523 1665 583 1694 urbi
595 1666 752 1700 comparata
763 1667 842 1690 erant
851 1681 859 1694 ,
880 1659 915 1688 ad
926 1659 1029 1688 tuenda
1041 1658 1146 1686 moenia
1157 1679 1165 1692 ,
1186 1656 1319 1694 fiquando
1331 1655 1361 1685 sr-

245 1705 322 1733 milis
338 1705 447 1733 fortuna
456 1702 586 1736 venisset,
608 1700 784 1738 Apolloniam
797 1699 942 1728 devexere.
980 1696 1010 1725 V.
1033 1695 1103 1733 Lips.
1117 1695 1234 1724 Poliorc.
1254 1703 1277 1729 3.
1292 1704 1318 1722 2.

247 1741 392 1779 Catapulta
405 1764 411 1775 ‚
432 1751 489 1770 non
500 1740 587 1770 solum
599 1739 783 1768 Tormentum
793 1735 926 1774 significat
935 1757 943 1770 ‚
962 1734 1008 1763 sed
1017 1734 1100 1763 etiarn
1111 1743 1162 1771 pro
1172 1733 1275 1769 Sagitta
1286 1732 1310 1760 8<
1321 1731 1360 1766 ja-

265 1780 328 1809 culo
348 1779 496 1816 usurpatur.
540 1777 624 1806 Plaut.
647 1776 726 1805 Cure.
745 1784 768 1811 3.
781 1780 825 1808 28.
854 1773 926 1802 Nam
937 1771 990 1801 illae
1002 1772 1037 1801 ad
1047 1781 1093 1800 me
1104 1770 1249 1808 catapultae
1259 1769 1361 1799 crebrae

264 1824 432 1847 commeant.
454 1817 471 1845 i.
486 1826 510 1845 e.
532 1815 610 1845 Tela.
633 1813 746 1843 Monuit
754 1810 911 1842 Turnebus.
934 1810 964 1838 V.
987 1810 1071 1839 etiam
1083 1808 1162 1846 Capt.
1173 1820 1200 1844 4.
1216 1818 1242 1838 2.
1259 1810 1301 1852 ¹⁶st

205 1854 229 1885 C
238 1865 258 1884 A
268 1855 315 1883 T'A
326 1865 339 1883 P
349 1865 365 1883 u
376 1866 391 1882 L
400 1864 419 1882 T
428 1864 446 1883 A
455 1864 487 1882 ιιι
498 1863 514 1882 u
524 1863 536 1882 s
546 1875 553 1887 ,
574 1862 599 1887 a,
621 1861 676 1881 um.
700 1857 731 1879 ut
742 1848 944 1887 Catapultarius
955 1847 1029 1885 pilus
1048 1843 1249 1883 [xxvammnoe‘e
1260 1844 1359 1879 πιλΘ]

243 1893 270 1921 1·ι.
288 1902 311 1922 e.
333 1892 434 1928 Sagitta
445 1891 498 1920 sive
507 1890 627 1927 jaculum
642 1888 716 1926 quod
731 1886 868 1925 catapulta
878 1886 1022 1916 emittitur.
1046 1884 1129 1914 Plaut.
1142 1883 1223 1914 Curc.
1240 1894 1264 1920 5.
1278 1892 1301 1919 3.
1315 1893 1357 1912 11.

246 1931 284 1960 Ex
294 1937 321 1959 te
336 1930 420 1959 hodie
428 1929 526 1958 faciam
543 1928 631 1966 pilum
646 1925 866 1964 catapultarium.

206 1967 229 1998 C
239 1979 257 1997 A
266 1978 285 1996 T
293 1978 312 1996 A
322 1978 335 1996 P
347 1978 363 1996 υ
374 1976 440 1996 T1A
449 1989 456 2001 ,
479 1966 605 1996 Officinis
617 1987 623 1999 ,
645 1974 659 1994 a
670 1963 840 1994 doctioribus
854 1961 979 1999 Lathyris
989 1983 997 1997 ‚
1021 1959 1116 1990 Planta
1132 1959 1169 1989 est
1180 1957 1297 1996 vulgaris
1309 1968 1359 1988 no-

243 2006 318 2035 titiae.
360 2005 426 2034 Haec
438 2005 465 2033 in
479 2004 603 2034 Hetruria
618 2000 833 2039 frequentissima
853 1998 979 2028 nascitur.
1020 1998 1100 2035 Apud
1117 1996 1259 2031 Insubres,
1280 1997 1357 2033 quod

242 2043 335 2073 alvum
343 2043 519 2072 vehementer
528 2048 642 2071 evacuet
655 2062 661 2074 ‚
684 2037 905 2074 vomitionesque
917 2037 1026 2071 eliciat,
1046 2039 1200 2071 Catapuzza
1211 2035 1295 2072 vulgo
1309 2044 1358 2064 no-

243 2082 371 2111 minatur.
414 2081 500 2116 Hujus
512 2080 611 2117 plantae
623 2078 750 2107 meminit
760 2076 908 2106 Attuarius.
953 2075 982 2103 V.
1005 2075 1035 2102 in
1056 2084 1072 2101 L
1081 2083 1100 2102 A
1111 2083 1130 2101 T
1141 2082 1161 2101 ιι
1170 2081 1190 2102 γ
1199 2082 1214 2101 ιι
1223 2083 1231 2101 ι
1241 2083 1262 2102 s.

206 2118 315 2149 CATA
328 2128 462 2152 RACTA,
485 2128 514 2147 ae.
536 2117 554 2146 f.
576 2118 601 2146 ἀ
617 2116 893 2148 CATAaAcTss,
916 2122 953 2141 m.
975 2107 1187 2148 [amaziam]
1207 2110 1357 2140 Cataractae

242 2164 334 2186 autem
350 2156 478 2185 dicuntur
491 2155 573 2184 Fores
586 2152 716 2191 penduiae
725 2161 760 2181 ex
769 2151 845 2189 ligno
858 2150 974 2184 ferrove,
985 2158 1044 2186 quae
1056 2148 1166 2177 demitti
1178 2157 1209 2177 ac
1221 2148 1291 2181 tolli,
1304 2157 1354 2184 pro

241 2194 384 2224 voluntate
396 2193 549 2227 custodum,
572 2191 689 2229 possunt.
714 2189 769 2219 Liv.
784 2198 827 2225 27.
841 2194 884 2220 28.
908 2188 983 2217 Porta
993 2187 1129 2215 cataracta
1144 2185 1251 2220 deiedta
1267 2184 1356 2214 clausa

240 2240 305 2262 erat.
347 2231 413 2260 Eam
425 2231 522 2268 partim
537 2230 659 2259 veclibus
669 2228 776 2257 levant:
800 2227 900 2263 partim
911 2225 1023 2254 funibus
1040 2223 1197 2252 subducunt
1207 2224 1235 2252 in
1246 2229 1354 2252 tanturn

240 2270 412 2302 altitudinis,
435 2277 465 2297 ut
474 2268 561 2297 subire
576 2267 641 2295 rech
652 2265 761 2304 possint.
802 2264 949 2293 Catarac‘tae
964 2262 1062 2296 didiae,
1084 2261 1159 2297 quod
1180 2270 1215 2290 ex
1234 2260 1289 2290 alto
1307 2261 1355 2289 de-

240 2308 325 2337 fluere
335 2307 489 2335 videantur.
533 2305 618 2334 Graeci
628 2304 702 2333 enim
716 2301 871 2337 κοιταρῥατὲᾴν
883 2300 1003 2329 defluere
1026 2298 1091 2335 [vel
1110 2299 1203 2336 potius
1218 2298 1288 2328 Cum
1302 2299 1352 2327 im.

238 2353 305 2384 petu
319 2344 438 2378 deferri]
459 2344 564 2372 dicunt.
607 2342 685 2371 Unde
696 2340 843 2369 CataracTae
853 2339 934 2367 etiam
947 2337 1122 2375 appellantur
1132 2339 1214 2373 liquae
1224 2337 1261 2366 ita
1271 2346 1304 2365 ex
1315 2336 1354 2364 al.

239 2391 268 2412 to
280 2383 432 2411 influentes
446 2403 453 2415 ,
475 2389 504 2410 ut
514 2389 590 2409 ruere
602 2380 694 2417 potius
706 2400 713 2413 ,
736 2387 817 2414 quarn
831 2376 951 2405 defluere
961 2375 1125 2409 videantur,
1144 2374 1254 2411 qualem
1266 2374 1353 2403 Tibu-

238 2422 260 2450 ri
273 2420 411 2450 cernimus
423 2420 553 2448 Anienem
566 2439 574 2453 ,
595 2419 621 2446 ἃ
636 2416 729 2452 quales
747 2415 800 2444 efl‘e
816 2415 843 2443 in
857 2414 975 2451 ffigypto
987 2413 1044 2442 Nili
1054 2413 1200 2441 cataractas
1216 2412 1333 2449 legimus
1343 2433 1352 2447 ,

239 2459 313 2496 apud
328 2457 390 2486 Plin.
404 2456 450 2485 lib.
469 2468 490 2490 ς,
511 2466 570 2493 cap.
584 2466 608 2489 o.
625 2456 652 2483 ἃ
663 2455 760 2482 Strabo
772 2453 818 2481 lib.
833 2452 882 2480 ult.

239 2496 386 2526 Cataractae
399 2495 481 2523 etiam
491 2500 624 2523 vocantur
635 2492 748 2524 Obices,
766 2490 867 2527 quibus
883 2498 959 2525 aquae
969 2487 1060 2517 cursus
1073 2491 1252 2525 temperatur,
1275 2493 1304 2516 ut
1314 2487 1351 2516 ait

257 2534 324 2563 Bud.
367 2532 446 2561 Unde
462 2532 531 2561 illud
548 2532 577 2559 in
596 2530 694 2560 sanetis
711 2528 822 2562 Bibliis,
843 2526 939 2556 Genes
955 2536 980 2563 7.
1002 2536 1043 2555 12.
1076 2526 1110 2555 Et
1126 2526 1267 2554 cataraCtae
1289 2525 1349 2554 caeii

256 2577 357 2609 apertae
367 2569 436 2599 sunt.
475 2570 492 2598 i.
506 2579 530 2598 e.
552 2568 683 2598 Fenestrae
694 2567 765 2595 aerei
781 2564 849 2599 caeli,
875 2565 903 2592 in
915 2573 970 2601 quo
981 2569 1147 2601 generantur
1156 2562 1243 2591 nubes
1254 2563 1351 2600 &plu-

256 2612 315 2638 viae.
338 2608 402 2637 licut
412 2607 552 2636 cataraetis
563 2615 597 2634 ex
608 2605 740 2635 asseribus
748 2608 916 2640 temperatur
926 2611 1058 2638 aquarum
1068 2600 1160 2630 cursus
1169 2622 1178 2636 ,
1198 2609 1274 2629 nunc
1283 2610 1349 2638 ape-

255 2647 353 2675 riendo
367 2668 373 2677 ,
395 2654 470 2674 nunc
478 2644 663 2673 occludendo.
704 2642 791 2679 Vulgo
800 2647 932 2669 vocantur
945 2644 990 2666 Des
1001 2638 1096 2667 bondes.

237 2685 384 2714 Cataradtae
396 2704 404 2717 ,
426 2684 492 2711 Aves
506 2691 565 2715 quae
577 2680 735 2710 Diomedeae
745 2685 886 2708 vocantur.
928 2676 994 2705 Plin.
1008 2674 1056 2705 lib.
1073 2686 1114 2705 ιο.
1131 2685 1193 2713 cap.
1206 2686 1252 2711 44.
1286 2675 1347 2705 Nec

254 2721 421 2751 Diomedeas
432 2719 664 2757 praeteriboaves:
686 2717 756 2752 Juba
772 2717 918 2745 cataractas
937 2720 1035 2749 vocat,
1056 2715 1082 2743 ἃ
1096 2714 1135 2743 eis
1149 2712 1203 2743 effe
1225 2713 1344 2748 dentes,

255 2759 403 2795 oculosque
414 2759 494 2795 igneo
505 2756 600 2785 colore
611 2778 619 2789 ,
640 2762 732 2784 cetero
743 2754 868 2783 candidis
879 2753 1000 2781 tradens.

199 2797 222 2827 C
234 2807 251 2826 A
262 2807 280 2825 T
292 2807 308 2825 A
322 2806 336 2824 a
348 2807 364 2824 A
375 2805 441 2824 eTs
451 2804 463 2824 s
476 2817 483 2829 ,
504 2795 534 2823 is.
557 2804 593 2822 m.
614 2791 780 2829 Pamphyliae
792 2791 892 2820 fluvius
903 2812 910 2825 ,
931 2790 967 2818 iic
981 2789 1014 2818 ab
1028 2789 1137 2826 lmpetu
1151 2788 1242 2818 dietus
1252 2809 1260 2822 ,
1282 2788 1347 2824 quia

236 2835 261 2863 se
271 2834 433 2871 praecipitat.
453 2834 551 2862 Audict
567 2831 661 2868 Pomp.
676 2829 750 2859 Mela
761 2828 809 2858 lib.
829 2838 852 2856 ι.
869 2838 908 2862 14.
926 2828 954 2856 in
965 2827 1152 2863 descriptione
1166 2826 1343 2863 Pamphyliae.

198 2872 453 2903 CATARACTRI
465 2880 501 2904 A,
523 2879 552 2898 ae.
577 2869 595 2898 f.
619 2869 750 2897 Aromatis
760 2866 805 2895 seu
823 2865 995 2896 condimenti
1014 2874 1117 2902 genus,
1138 2863 1297 2900 joculariter
1315 2864 1346 2893 fi-

235 2912 308 2939 cium
320 2919 334 2938 a
349 2917 439 2945 coquo
452 2907 537 2937 Plauti
554 2907 647 2936 Pseud.
660 2915 683 2940 3.
693 2915 717 2933 2.
731 2913 775 2940 47.

197 2948 220 2977 C
231 2959 248 2976 A
260 2957 278 2976 T
289 2958 306 2975 A
317 2957 332 2975 a
342 2957 350 2974 1
362 2968 369 2980 ,
391 2955 470 2975 orum
498 2955 535 2974 m.
557 2944 595 2982 pl.
619 2943 766 2981 Pannoniae
781 2939 878 2978 populi
887 2938 949 2968 sunt
958 2939 1033 2977 apud
1045 2938 1114 2968 Plin.
1126 2937 1176 2967 lib.
1189 2948 1214 2972 4.
1226 2948 1285 2976 cap.
1299 2948 1343 2974 25.

196 2985 218 3015 C
229 2998 245 3013 A
258 2995 276 3014 T
286 2994 303 3012 A
315 2994 353 3012 ιιιι
364 2994 380 3011 n
394 2993 409 3012 υ
421 2993 433 3012 s
445 3005 452 3018 ‚
474 2983 491 3011 i.
512 2992 548 3011 m.
570 2976 713 3018 [ruff-ibi&
731 2975 743 3007 n*
759 2976 891 3013 καίέἶρῥκι]
913 2977 1009 3006 Latine
1019 2976 1136 3012 Fluxio,
1157 2976 1209 3006 sive
1223 2976 1346 3006 Destilla-

234 3024 290 3052 tio:
312 3020 404 3050 differt
417 3020 548 3058 aCoryza
560 3018 729 3049 &Brancho
770 3015 877 3052 Coryza
896 3015 971 3043 enirn
997 3015 1097 3044 dicitur
1109 3036 1117 3049 ,
1142 3024 1227 3051 quum
1245 3015 1346 3052 pituita

232 3070 310 3089 nares
332 3065 438 3088 tantum
457 3058 564 3087 obsidet
573 3080 580 3092 ‚
602 3057 727 3085 Gravedo
744 3053 841 3083 Latine
857 3052 937 3081 dicta.
978 3051 1124 3081 Catarrhu‘s
1146 3061 1211 3081 vero
1221 3074 1228 3086 ‚
1258 3062 1344 3088 quum

232 3099 339 3128 fauces,
361 3096 548 3134 palatumque.
587 3096 619 3123 At
629 3091 751 3130 βρρίγχις,
775 3100 860 3128 quum
878 3092 902 3119 ἃ
914 3095 1006 3126 guttur
1021 3092 1047 3119 δι
1065 3090 1162 3119 arteria
1175 3090 1340 3128 corripitur:

233 3136 269 3165 ob
285 3136 315 3164 id
326 3136 351 3164 Sc
367 3134 532 3163 Arteriacum
546 3131 712 3170 quandoque
727 3130 755 3159 id
764 3129 862 3158 vitium
877 3126 1028 3164 appellant.
1065 3127 1169 3156 Omnia
1181 3127 1240 3156 haec
1250 3135 1344 3156 tamen

233 3174 416 3210 Hippocrates
434 3172 552 3208 Coryzas
564 3177 660 3203 vocat,
680 3167 762 3197 nostri
780 3165 981 3196 Destillationes
994 3186 1002 3200 ,
1023 3165 1088 3202 quia
1098 3164 1192 3194 Graece
1206 3163 1344 3198 καταπίν-

233 3222 275 3244 ma
288 3209 502 3238 nominanturin
515 3217 673 3237 commune.

195 3247 219 3276 C
231 3258 246 3275 A
258 3258 276 3276 T
288 3258 303 3275 A
317 3257 330 3275 ιι
340 3257 354 3275 ιι
363 3257 380 3275 ιι
391 3257 407 3275 o
416 3257 427 3276 s
437 3257 453 3275 υ
462 3256 473 3275 s
487 3268 494 3281 ‚
515 3256 530 3275 a
541 3268 548 3280 ,
569 3255 625 3274 um.
648 3244 711 3273 Ost.
728 3242 824 3272 Horat.
840 3239 1004 3270 Catarrhosis
1015 3238 1129 3268 mederi.

195 3284 219 3313 C
231 3295 249 3313 A
258 3295 277 3312 ’r
287 3295 302 3312 A
314 3294 328 3312 ιι
337 3294 351 3312 a
361 3294 378 3312 ιι
391 3286 409 3313 v
419 3294 437 3312 T
450 3294 466 3313 υ
475 3294 486 3313 s
496 3305 504 3317 .
526 3285 543 3312 i.
560 3293 596 3312 rn.
619 3278 819 3318 [madriano]
840 3277 935 3307 Latine
952 3277 1069 3314 irriguus
1079 3298 1086 3311 ‚
1109 3286 1123 3305 a
1143 3277 1227 3306 verbo
1246 3276 1342 3307 Graeco

233 3322 357 3353 καταόὲέω.
379 3321 458 3350 Unde
472 3322 554 3350 etiam
568 3321 632 3349 Plin.
652 3319 700 3348 lib.
716 3329 739 3352 ς.
761 3327 821 3354 cap.
836 3327 861 3352 ⁴·
892 3315 1053 3352 Hipponem
1071 3314 1165 3343 Africae
1184 3315 1340 3352 oppidum,

234 3359 423 3395 Catatrhytum
437 3358 514 3387 fuisse
524 3365 652 3387 vocatum
663 3356 747 3386 tradit
758 3377 765 3388 .
787 3360 899 3397 propter
908 3361 1038 3388 aquarum
1049 3352 1156 3388 irrigua.

197 3396 219 3425 C
230 3405 248 3424 A
258 3405 277 3423 'r
286 3405 303 3424 A
316 3404 327 3423 s
337 3406 353 3423 c.
365 3406 377 3423 ιι
386 3406 400 3423 ν
413 3406 436 3430 t,
447 3405 482 3425 cs.
497 3396 515 3425 f.
528 3394 716 3431 [κατησκώὴ]
729 3394 767 3422 est
774 3390 953 3422 Conhrmatio
965 3389 1107 3427 propositae
1115 3388 1286 3418 rei.Isidor.2.
1297 3400 1337 3419 η.

197 3433 219 3462 C
230 3442 246 3460 A
256 3442 274 3460 T
284 3443 300 3460 A
310 3442 371 3461 sco
383 3442 395 3460 r>
405 3444 412 3461 1
424 3444 439 3461 υ
451 3444 469 3462 Μ
483 3455 490 3467 ,
513 3434 530 3462 i.
557 3443 583 3462 n.
620 3430 832 3468 [navandam]
861 3427 1001 3458 Naviculae
1021 3436 1106 3464 genus
1130 3425 1319 3463 exploratoiiae
1330 3449 1338 3463 ,

233 3470 307 3505 quod
319 3470 528 3506 circumquaque
540 3470 709 3508 speculetur:
732 3469 823 3494 σκοπεῖν
835 3467 910 3496 enim
921 3465 1064 3503 Speculari
1077 3463 1123 3493 est.
1137 3464 1225 3499 Cic.5.
1237 3467 1287 3494 litt.
1297 3476 1304 3493 ι
1315 3477 1338 3495 ι.

233 3507 363 3543 Aphracta
375 3507 545 3536 Rhodiorum
557 3529 565 3542 ,
586 3510 611 3537 δι
622 3507 728 3535 dicrota
739 3505 962 3542 Mytilenaeorum
975 3501 1120 3545 habebam,
1142 3502 1167 3531 δι
1182 3501 1256 3530 aliud
1267 3509 1337 3531 cata-

233 3544 365 3580 scopium.
406 3544 610 3574 Emendatiores
620 3545 731 3573 codices
741 3543 858 3576 habent,
881 3541 913 3571 Et
928 3540 1034 3578 aliquid
1049 3542 1175 3568 imxoamv.
1214 3539 1246 3568 Et
1256 3549 1283 3567 re
1294 3550 1338 3568 ve-

231 3590 260 3610 ra
270 3582 307 3609 ita
318 3581 465 3617 legendum
473 3582 525 3611 effe
538 3583 659 3611 arbitror.
701 3582 783 3610 Navis
795 3586 889 3609 tamen
899 3579 980 3614 hujus
991 3577 1113 3606 nominis
1130 3576 1258 3605 meminit
1267 3577 1337 3607 Geli.

232 3618 280 3647 lib.
298 3629 335 3645 ιο.
356 3628 415 3653 cap.
430 3629 473 3653 25.
514 3620 654 3655 [Variant.
675 3619 757 3647 codd.
772 3619 828 3647 cic.
849 3616 978 3653 Verburg.
1020 3615 1052 3644 Et
1071 3613 1176 3650 aliquid
1195 3615 1278 3650 ὶπὲῐχρ,
1291 3617 1334 3643 ἀεὶ,

231 3655 275 3698 De
288 3655 415 3692 Epicopis
437 3656 464 3684 V.
481 3656 497 3685 s.
510 3657 526 3685 Ι.
551 3657 628 3694 Apud
643 3656 712 3685 Geli.
724 3656 811 3685 forsan
823 3654 1006 3691 Catascopum
1018 3653 1073 3681 sine
1090 3662 1098 3678 ι
1109 3651 1267 3688 legendum.
1307 3653 1336 3680 id

231 3702 305 3721 enirn
319 3693 416 3729 navigii
430 3703 531 3722 nomen
543 3715 551 3728 ,
571 3700 601 3723 ut
610 3703 645 3722 ex
656 3693 708 3730 seq.
721 3693 829 3722 Caesaris
841 3692 903 3721 loco
913 3698 1027 3729 apparet
1039 3712 1045 3724 ,
1067 3690 1093 3719 &
1104 3698 1138 3718 ex
1152 3688 1220 3717 Plut.
1240 3689 1338 3718 docuit

231 3729 331 3759 Scheff.
354 3730 388 3757 de
402 3729 457 3758 Mil.
471 3731 536 3759 Nav.
551 3740 575 3759 2.
590 3741 614 3760 2.
627 3741 653 3768 p.
665 3734 709 3765 67.
750 3731 886 3759 Videntur
909 3730 984 3758 enim
1007 3727 1076 3757 Vett.
1097 3727 1251 3752 κατάσκοπυν
1269 3736 1296 3754 n.
1310 3736 1336 3763 g.

230 3768 396 3799 adjectivum
409 3766 570 3796 substantive
585 3768 719 3804 usurpasse
733 3789 740 3802 ,
761 3768 904 3797 subaudito
921 3764 958 3792 -ml'
971 3767 1063 3794 πλοῖον.
1089 3763 1185 3793 Latine
1206 3763 1339 3801 Specula-

229 3805 311 3833 torius
321 3803 457 3832 naviculas
468 3811 574 3833 vocant.

192 3840 215 3871 C
225 3852 241 3870 A
253 3851 272 3870 ‘r
283 3851 299 3869 A
308 3850 319 3869 s
328 3845 370 3870 eo
379 3850 391 3868 ι’
400 3851 414 3869 υ
425 3850 437 3869 s
449 3861 456 3872 ,
478 3842 493 3868 i.
510 3850 545 3869 m.
567 3841 780 3876 [aninmo]
800 3842 865 3871 llist.
881 3841 915 3869 de
927 3839 994 3870 Bell.
1008 3839 1062 3868 Afr.
1079 3848 1139 3876 cap.
1152 3841 1198 3868 26.
1221 3836 1338 3867 Litteris.

229 3889 282 3915 que
295 3879 419 3920 celeriter
430 3878 457 3905 in
468 3878 586 3906 Siciliam
597 3879 631 3906 ad
644 3878 790 3912 Allienum,
811 3882 836 3908 ὄι
847 3878 988 3907 Rabirium
999 3877 1154 3906 Postumum
1163 3876 1336 3914 conscriptis,

229 3919 254 3946 ὁὶ
271 3926 318 3953 per
329 3917 502 3951 catascopum
521 3915 602 3943 millis
619 3936 628 3948 ,
649 3922 678 3943 ut
698 3915 751 3943 sine
773 3925 868 3950 mora,
889 3917 940 3944 &o
972 3915 998 3943 h.
1010 3924 1035 3944 e.
1055 3914 1105 3944 Per
1122 3913 1335 3951 exploratorem.

226 3954 338 3989 [immo
348 3963 398 3992 per
412 3950 632 3990 Speculatoriam
642 3952 799 3983 naviculam
820 3953 849 3983 V.
865 3952 929 3981 diet.
942 3954 1027 3990 prior.

1877 102 1905 136 C
1999 102 2027 136 A
2118 103 2149 139 T

1418 188 1441 219 C
1451 195 1499 216 AT
1509 195 1527 214 A
1536 194 1548 214 s
1558 194 1604 213 TA
1617 206 1625 219 ,
1645 193 1676 213 ae.
1697 183 1715 213 f.
1738 183 1828 213 Locus
1841 183 1888 212 ubi
1898 183 1965 212 servi
1983 182 2094 213 venales
2112 183 2342 213 custodiebantur
2353 204 2361 215 ‚
2382 184 2408 213 &
2420 184 2571 217 venditioni
2602 189 2604 199 ¹

1456 222 1685 262 exponebantur:
1708 222 1775 252 sicut
1793 220 1962 258 ergastulum
1974 243 1983 255 ,
2005 221 2052 250 ubi
2073 220 2140 249 servi
2159 222 2236 259 operi
2253 220 2383 249 faciendo
2397 220 2570 253 includeban-
2602 214 2604 228 ¹

1455 268 1508 291 tur.
1530 270 1545 289 a
1563 258 1673 289 *0⁶9³wa
1684 281 1691 293 ,
1712 259 1743 288 id
1754 259 1792 288 est
1801 259 1910 288 colloco
1924 280 1931 291 .
1953 259 2090 288 constituo
2103 279 2111 293 ‚
2132 268 2255 294 expono.
2278 257 2337 287 illic
2347 258 2422 287 enim
2434 259 2568 292 constituti
2600 254 2602 282 l

1456 297 1632 329 tenebantur.
1654 306 1737 332 quare
1750 296 1825 325 illam
1834 295 1962 325 Tibullus
1972 296 2126 330 Barbaram,
2147 296 2177 324 id
2191 296 2243 329 est,
2261 295 2404 324 crudelem
2417 296 2569 333 appellavit.
2599 290 2602 330 i

1456 340 1561 373 2.3.64.
1584 334 1643 364 Illic
1651 344 1685 362 ex
1696 334 1834 363 servorum
1846 334 1945 370 garritu
1957 333 2055 370 ingens
2064 340 2122 362 erat
2130 333 2265 370 strepitus.
2279 333 2354 362 unde
2366 333 2486 362 Martial.
2496 344 2567 372 9.30,
2599 337 2601 362 i

1537 373 1599 402 Heu
1610 393 1617 405 ,
1639 381 1698 408 quae
1709 372 1803 409 lingua
1813 371 1892 399 silet?
1912 381 1970 400 non
1981 371 2056 400 illam
2067 370 2145 400 mille
2157 371 2263 400 catastae
2598 368 2600 399 ζ

1575 409 1745 444 Vincebant,
1767 418 1820 438 nec
1832 418 1892 446 quae
1905 409 1984 438 turba
1991 409 2108 447 Serapin
2117 414 2199 438 amat.
2272 407 2338 437 Non
2349 405 2448 437 desunt
2456 407 2502 445 qui
2511 407 2570 438 scri·
2603 411 2604 414 ’

1455 448 1523 477 bant
1534 447 1667 477 Cathasta.

1455 486 1566 515 Arcanae
1579 484 1693 513 catastae.
1717 482 1836 513 Martial.
1849 482 1898 513 lib.
1912 494 1938 520 9.
1949 486 1994 513 60.

1547 522 1671 559 Inspexit
1684 521 1782 550 molles
1790 530 1891 558 pueros
1904 544 1911 557 ‚
1932 520 2076 558 oculisque
2090 519 2215 551 comedit
2228 529 2235 550 ε

1586 560 1651 588 Non
1661 560 1712 588 hos
1722 581 1729 593 ,
1745 568 1813 595 quos
1824 559 1920 596 primae
1929 559 2091 596 prostituere
2100 557 2166 587 casae
2178 568 2186 593 ;

1547 597 1603 627 Sed
1615 606 1683 634 quos
1692 606 1797 626 arcanae
1808 596 1913 626 servant
1922 596 2043 625 tabulata
2053 595 2159 624 catastae
2167 616 2175 630 ,

1585 634 1619 663 Et
1631 644 1699 671 quos
1714 643 1771 663 non
1787 634 1907 671 populus
1919 656 1926 669 ‚
1949 643 2001 663 nec
2018 642 2080 662 mea
2090 632 2169 662 turba
2180 631 2266 662 videt.
2365 630 2448 661 Conf.
2470 641 2566 664 CASA.
2595 662 2599 666 ,

1454 672 1540 702 Avara
1549 672 1657 701 catasta.
1680 672 1800 701 Martial.
1812 671 1861 701 lib.
1875 676 1900 701 6.
1915 682 1959 706 ²9-
2595 671 2598 675 ’

1548 711 1613 739 Non
1624 710 1659 739 de
1669 709 1754 747 plebe
1766 710 1865 739 domus
1875 731 1883 744 ,
1903 718 1957 738 nec
1964 718 2049 738 avarae
2056 717 2140 738 verna
2150 707 2267 738 catastae.

1454 747 1608 777 Barbarica.
1629 748 1696 777 Stat.
1708 757 1733 776 2.
1751 746 1816 776 Silv.
1832 757 1855 776 1.
1870 756 1914 782 72.

1548 785 1613 814 Non
1622 792 1649 814 te
1661 785 1807 814 barbaricae
1821 784 1946 814 versabat
1956 793 2039 813 verna
2051 783 2166 812 catastae.
2602 795 2604 799 ·

1454 823 1646 889 eiffpa'diciz'
1665 822 1711 852 vel
1734 822 1915 860 Cappadoces
1926 844 1934 858 ,
1953 820 2229 860 quiaeCappadocia
2245 819 2326 850 multi
2335 817 2564 852 veniebantsetvi·
2593 812 2604 880 1

1506 868 1591 889 attia.
1616 871 1623 889 1
1646 883 1652 889 .
1669 870 1709 890 10.
1724 866 1769 896 76.

1453 898 1560 935 Rigida.
1585 898 1652 927 Pers.
1665 902 1691 927 6.
1706 898 1761 927 Sat.
1772 906 1817 934 77.
1839 898 1858 927 i.
1870 907 1895 927 e.
1918 897 2005 926 Fortis
2016 917 2024 930 ‚
2050 896 2119 925 dura
2130 917 2138 931 ,
2160 895 2284 926 immitis.
2598 882 2604 927 i

1452 936 1497 966 Est
1513 937 1539 965 &
1553 936 1657 965 Catasta
1666 958 1674 970 ,
1696 932 1830 965 Machina
1845 936 1879 964 ad
1897 934 2083 971 torquendum
2100 942 2194 971 parata
2203 954 2210 967 ,
2241 942 2302 970 quae
2327 931 2411 969 vulgo
2435 931 2566 969 Equuleoe
2594 928 2604 988 1

1472 974 1590 1013 dicitur;
1612 974 1759 1003 auteidem
1769 983 1827 1002 non
1843 972 1986 1002 diffimilis.
2010 971 2140 1001 Prudent.
2160 970 2248 1000 Perist.
2262 971 2365 1007 Hymn.
2380 980 2403 1000 1.
2419 980 2463 1007 ςς.

1544 1013 1599 1040 Seu
1614 1011 1686 1040 foret
1694 1011 1844 1049 praebenda
1855 1011 1949 1040 cervix
1960 1010 1994 1039 ad
2003 1009 2157 1047 bipennem
2166 1009 2307 1046 publicam
2319 1029 2328 1043 ,
2486 1010 2530 1039 „s

1544 1049 1695 1078 Verberum
1705 1049 1766 1087 post
1780 1050 1837 1078 vim
1851 1054 2030 1086 crepantum,
2052 1047 2112 1085 post
2127 1047 2239 1076 catastas
2253 1047 2356 1083 igneas.

1414 1087 1436 1117 C
1445 1097 1464 1116 A
1475 1095 1494 1115 T
1502 1096 1520 1115 A
1530 1095 1570 1116 sT
1579 1097 1596 1115 A
1608 1096 1626 1115 c
1636 1098 1657 1115 M
1665 1097 1683 1116 u
1692 1096 1704 1115 s
1713 1108 1722 1121 ‚
1742 1087 1761 1115 i.
1782 1096 1819 1116 m.
1841 1082 2061 1122 [καταςοιγμές]
2083 1084 2237 1114 Destillatio
2246 1106 2254 1118 ,
2276 1083 2405 1121 gravedo.
2423 1081 2492 1112 Cels.
2505 1093 2530 1120 4.
2538 1092 2562 1121 ς.

1413 1125 1436 1155 C
1444 1135 1465 1153 A
1475 1134 1495 1153 T
1504 1134 1522 1153 A
1532 1134 1544 1153 s
1553 1134 1572 1153 T
1581 1127 1597 1153 A
1606 1134 1618 1153 s
1628 1135 1637 1152 1
1648 1134 1661 1153 s
1673 1146 1681 1158 ,
1702 1125 1731 1153 is.
1755 1123 1775 1153 f.
1797 1122 1982 1160 [κατάφασις]
2003 1122 2151 1152 Ordinatio
2161 1144 2170 1158 ‚
2192 1122 2370 1157 Constitutio,
2381 1121 2471 1151 status
2480 1121 2564 1159 morbi
2589 1119 2597 1151 ἲ

1453 1162 1498 1192 vel
1512 1163 1586 1191 Aeris
1596 1162 1671 1199 apud
1683 1161 1819 1191 Medicos.
2588 1151 2596 1197 1

1414 1200 1437 1230 C
1445 1211 1464 1230 A
1475 1210 1495 1229 T
1505 1210 1524 1229 A
1532 1210 1544 1229 s
1555 1210 1574 1228 T
1583 1211 1592 1228 1
1603 1210 1619 1229 c
1629 1210 1649 1228 T
1660 1210 1677 1228 u
1686 1209 1698 1228 s
1707 1221 1715 1235 ‚
1736 1195 1937 1235 [κιᾷίςτκτῶυ]
1961 1208 1976 1228 a
1997 1196 2124 1235 κατοιάζω
2133 1220 2142 1233 ,
2160 1197 2303 1235 Dispungo
2314 1218 2322 1232 ‚
2343 1195 2455 1226 Punetis
2476 1196 2567 1229 distin*
2590 1198 2592 1233 ¹,

1451 1248 1516 1275 guo.
1556 1236 1667 1267 Tunica
1679 1237 1772 1274 figuris
1782 1236 1963 1272 animalium,
1983 1244 2031 1266 aut
2048 1235 2163 1266 floribus
2181 1237 2288 1265 intexta
2302 1257 2310 1269 ,
2331 1234 2486 1270 cujusmodi
2506 1233 2564 1266 sunt
2584 1240 2592 1266 .;’

1450 1276 1586 1313 Tapetia,
1612 1285 1671 1312 quae
1682 1275 1748 1303 hinc
1759 1274 1881 1304 Belluata
1894 1275 2025 1304 dicuntur
2037 1274 2112 1312 apud
2123 1273 2209 1303 Plaut.
2225 1274 2254 1302 in
2265 1272 2359 1302 Pseud.
2376 1282 2398 1301 ι.
2410 1281 2436 1301 2.
2448 1282 2491 1308 14.
2513 1270 2563 1303 Ne·
2588 1270 2591 1276 '

1452 1323 1506 1351 que
1518 1313 1703 1342 Alexandrina
1714 1312 1837 1342 belluata
1850 1334 1858 1347 ,
1879 1311 2049 1349 consutaque
2059 1313 2170 1349 tapetia.
2210 1311 2340 1348 Hincque
2349 1309 2451 1339 Baliam
2461 1318 2562 1342 cervam

1450 1352 1594 1378 κατοὲςικπ-
1615 1351 1735 1380 dicimus
1745 1372 1753 1385 ,
1772 1350 1802 1379 id
1812 1350 1850 1380 est
1857 1350 2035 1384 maculosam,
2056 1350 2252 1379 interstinctam
2264 1370 2272 1383 ,
2293 1348 2468 1386 pisturatam.
2488 1347 2562 1380 Hanc
2586 1354 2590 1367 ³

1451 1389 1553 1419 vestem
1565 1410 1573 1423 ,
1596 1396 1625 1418 ut
1636 1389 1777 1426 propriam
1785 1388 1953 1417 feminarum
1964 1388 2045 1427 ponit
2057 1387 2153 1416 Pollux
2164 1387 2211 1416 lib.
2225 1395 2251 1423 7.
2268 1396 2329 1424 cap.
2344 1395 2384 1421 13.
2534 1405 2540 1417 ¹.
2586 1412 2588 1417 .

1413 1426 1435 1456 C
1444 1437 1463 1456 A
1474 1437 1494 1455 T
1502 1437 1521 1455 A
1532 1436 1543 1455 s
1553 1436 1572 1455 T
1583 1427 1600 1456 ὅ
1610 1437 1625 1454 L
1636 1436 1650 1454 ιι
1662 1448 1670 1461 ,
1691 1435 1730 1455 es.
1750 1425 1769 1455 f.
1793 1426 1964 1462 [καιτοιςνλὴ]
1986 1425 2129 1455 Modestus
2141 1425 2257 1454 amictus
2267 1446 2276 1459 ,
2296 1423 2416 1453 vestitus.
2456 1422 2554 1459 Hinc„

1413 1464 1435 1494 C
1444 1475 1463 1494 A
1472 1475 1491 1493 T
1500 1475 1519 1493 A
1529 1473 1570 1494 s'r
1580 1466 1597 1493 6
1608 1475 1623 1492 L
1634 1465 1646 1494 ἵ
1656 1474 1673 1493 c
1682 1474 1701 1492 υ
1710 1474 1722 1493 s
1733 1485 1741 1499 ,
1762 1473 1778 1493 a
1790 1485 1798 1498 ,
1818 1472 1875 1493 um.
1898 1461 2099 1499 [ιμαὲςυλυῑρς]
2120 1470 2152 1492 ut
2166 1484 2174 1498 ,
2195 1462 2437 1492 Medicamentum
2456 1461 2560 1492 catasto-
2580 1475 2581 1478 ¹

1452 1501 1847 1539 licum.Veget.Mulom.2.22.
1857 1500 2296 1538 [Puto,Catastalticolegendum.
2308 1500 2326 1528 i.
2339 1509 2363 1529 e.
2375 1499 2558 1536 Reprimente.
2584 1498 2588 1506 ’

1413 1540 1436 1571 C
1445 1551 1464 1570 A
1474 1550 1493 1568 T
1504 1550 1523 1569 A
1531 1549 1542 1569 s
1550 1550 1570 1568 T
1579 1550 1595 1568 ιι
1603 1543 1621 1569 ὃ
1630 1550 1651 1568 M
1661 1549 1679 1568 A
1687 1561 1695 1575 ,
1715 1540 1777 1569 atis.
1798 1548 1825 1568 n.
1848 1539 2047 1576 [υτάςραμφ]
2069 1538 2158 1568 Locus
2177 1539 2206 1567 in
2219 1538 2283 1567 navi
2297 1559 2306 1572 ,
2329 1546 2345 1566 e
2364 1547 2420 1574 quo
2439 1536 2561 1571 homines

1450 1578 1546 1620 armati
1559 1587 1734 1615 propugnare
1744 1576 1833 1607 solent
1847 1579 1872 1606 ἃ
1887 1583 2000 1606 certare.
2038 1577 2085 1606 Sic
2097 1577 2172 1606 enim
2187 1576 2383 1613 interpretatur
2397 1584 2432 1604 ex
2451 1574 2558 1613 Polybio
2584 1591 2586 1594 >

1412 1633 1418 1640 ν
1451 1616 1560 1653 Bayhus
1575 1625 1582 1645 :
1603 1615 1659 1644 hoc
1670 1615 1788 1653 amplius
1799 1614 1915 1649 addens,
1935 1614 2067 1644 inlocum
2079 1614 2300 1644 catastromatum
2311 1611 2460 1643 succeffiffe
2472 1614 2509 1640 des
2518 1612 2558 1641 ba-
2593 1638 2596 1643 .

1453 1654 1578 1689 lestrieres.
1599 1653 1635 1682 sic
1648 1653 1724 1682 enim
1735 1660 1837 1682 vocant
1846 1652 1958 1682 Veneti:
1980 1662 2038 1681 non
2052 1652 2127 1690 quod
2138 1652 2179 1681 hae
2191 1651 2243 1681 sint
2260 1661 2292 1681 ea
2309 1660 2368 1688 quae
2380 1649 2559 1685 καιαςρῶκᾳτι

1448 1692 1598 1726 dicuntur,
1621 1691 1667 1720 sed
1680 1700 1776 1720 eorum
1790 1689 1869 1720 usum
1904 1691 2019 1720 raestant.
2057 1691 2090 1720 Et
2100 1689 2210 1720 fortasse
2221 1711 2229 1724 ‚
2250 1690 2297 1725 ait,
2318 1698 2375 1718 non
2385 1689 2478 1727 inepte
2489 1688 2559 1719 dixe«

1448 1730 1533 1772 rimus
1547 1729 1741 1758 Catastromata
1751 1750 1759 1764 ,
1781 1738 1840 1765 quae
1854 1700 1936 1766 vulgo
1947 1729 2078 1758 dicuntur
2086 1729 2199 1757 Garidss.
2221 1727 2285 1756 Cael.
2298 1726 2345 1756 lib.
2359 1737 2382 1762 ς.
2395 1736 2457 1764 cap.
2471 1735 2510 1756 11.
2528 1725 2558 1761 In

1447 1767 1565 1796 navrbus
1578 1776 1637 1804 quae
1648 1767 1830 1805 cataphractae
1841 1773 1976 1797 vocantur
1985 1788 1993 1802 ,
2015 1767 2040 1796 δι
2051 1766 2240 1796 catastromata
2250 1764 2373 1801 habent,
2394 1765 2424 1793 id
2438 1764 2474 1794 est
2489 1763 2558 1801 pavi-

1449 1811 1545 1834 menta
1559 1804 1698 1843 superiora
1707 1804 1751 1834 vel
1767 1803 1888 1833 tabulata
1899 1826 1907 1840 ,
1928 1804 2002 1841 ligna
2012 1803 2111 1839 quibus
2128 1803 2228 1833 tabulae
2242 1802 2426 1838 incumbunt,
2446 1801 2558 1832 canonia
2574 1817 2575 1823 ι

1446 1850 1647 1880 nuncupantur
1658 1865 1665 1878 ,
1687 1844 1712 1873 ἃ
1732 1842 1900 1871 stathmides.
1942 1843 1972 1872 V.
1994 1842 2086 1872 Rofin.
2104 1841 2194 1879 Antiq.
2212 1841 2293 1871 Rom.
2314 1850 2356 1870 ιο.
2371 1850 2416 1870 20.
2446 1849 2474 1878 p.
2495 1845 2556 1877 989.
2574 1840 2575 1843 ’

1450 1881 1495 1911 vel
1504 1882 1598 1919 potius
1609 1880 1710 1910 Scheff.
1723 1880 1759 1909 de
1774 1879 1836 1909 Mil.
1847 1880 1914 1909 Nav.
1929 1890 1955 1911 2.
1969 1890 1994 1916 5.
2587 1884 2591 1916 ξ

1409 1918 1432 1948 C
1442 1929 1460 1948 A
1470 1928 1489 1947 T
1499 1929 1517 1947 A
1527 1928 1565 1947 ST
1574 1929 1588 1946 a
1599 1921 1616 1948 ὀ
1627 1928 1641 1946 r>
1650 1928 1670 1947 ιι
1682 1928 1694 1947 »z
1703 1940 1711 1953 ,
1733 1927 1769 1947 es.
1791 1918 1810 1946 f.
1836 1918 2018 1954 [emanat]
2043 1916 2140 1946 Latine
2151 1916 2253 1947 dicitur
2265 1914 2419 1951 Subversio,
2440 1912 2589 1950 devasta-'i''

1446 1957 1496 1986 tio.
1535 1956 1733 1994 Catastrophen
1747 1961 1838 1985 autem
1849 1955 2000 1991 cujuslibet
2011 1956 2050 1985 rei
2060 1955 2171 1985 Exitum
2181 1977 2188 1990 ‚
2210 1954 2377 1993 proverbiali
2388 1953 2470 1992 figura
2481 1963 2556 1984 voca-
2569 1950 2587 1991 ,ᾗ

1446 2004 1523 2023 mus:
1545 1995 1696 2031 quinetiam
1708 1993 1803 2023 fabula
1818 1994 1910 2023 omnis
1920 2015 1928 2029 ,
1950 2001 1981 2024 ut
2001 1993 2120 2022 ostendit
2138 1992 2263 2023 Donatus
2274 2015 2281 2027 ,
2303 1992 2332 2020 in
2343 1999 2397 2022 tres
2414 1997 2503 2029 partes
2517 1991 2557 2021 di-
2569 1994 2589 2027 Ξῖ,

1446 2032 1586 2076 itribuitur
1596 2054 1603 2065 ,
1625 2033 1653 2074 in
1666 2031 1785 2069 protasm
1796 2053 1804 2066 ‚
1825 2031 1940 2068 epitasin
1953 2054 1961 2067 ,
1983 2032 2009 2061 &
2020 2030 2219 2068 catastrophen.
2262 2030 2392 2065 Protafis,
2412 2030 2449 2059 est
2458 2029 2524 2068 prim
2546 2043 2558 2054 κ
2567 2019 2588 2066 ii

1444 2070 1492 2099 1lle
1502 2069 1701 2105 tumultuspm
1712 2069 1785 2106 quasi
1796 2068 1921 2106 gliscens.
1963 2069 2086 2107 Epitasis,
2108 2068 2187 2098 turba
2199 2067 2385 2098 fervidislima.
2428 2067 2494 2097 Cata
2510 2079 2517 2093 ι
2532 2080 2537 2091 ·
2568 2072 2570 2093 ῐ
2583 2075 2585 2078 ·

1444 2107 1511 2146 phe,
1532 2107 1619 2137 subita
1632 2117 1723 2137 rerum
1738 2110 1929 2137 commutatio.
1969 2107 2049 2137 Unde
2062 2106 2200 2136 Lucianus
2210 2105 2465 2144 eleganterExitum
2477 2114 2521 2134 ev
2533 2119 2538 2130 ·

1444 2153 1559 2183 tumque
1571 2147 1676 2182 negotii
1689 2145 1886 2183 Cattastrophen
1901 2145 2041 2183 appellat,
2062 2154 2127 2174 cum
2136 2144 2221 2180 alias,
2243 2149 2302 2174 tum
2313 2144 2341 2172 in
2359 2142 2556 2173 commentaris
2567 2136 2583 2184 5,

1444 2183 1479 2212 de
1489 2183 1619 2212 mercede
1629 2183 1818 2212 servientibus.
1841 2183 1878 2212 Ex
1889 2183 1989 2213 Erasm.
2013 2183 2119 2212 Petron.
2132 2192 2192 2219 cap.
2207 2193 2249 2218 54.
2269 2182 2311 2211 Ne
2321 2180 2446 2219 periculo
2456 2180 2568 2218 31ἰᾳυί·’ῑ

1443 2221 1621 2259 catastrophae
1632 2228 1804 2258 quaereretur.
1829 2221 1845 2250 i.
1859 2231 1882 2251 e.
1905 2222 1948 2251 Ne
1960 2220 2114 2259 periculum
2127 2227 2251 2249 mutetur
2259 2219 2348 2248 subito
2358 2220 2387 2249 in
2398 2219 2536 2257 gaudium.
2566 2213 2581 2248 ’ἶ
2602 2223 2604 2248 ξ

1405 2257 1427 2288 C
1436 2269 1456 2288 A
1466 2269 1485 2288 T
1495 2270 1513 2288 A
1524 2269 1535 2288 s
1546 2269 1563 2287 T
1575 2269 1590 2288 υ
1600 2269 1611 2288 s
1622 2281 1629 2293 ,
1654 2260 1669 2287 i.
1689 2269 1726 2288 m.
1749 2259 1846 2288 Servus
1857 2259 1892 2288 de
1902 2260 2009 2288 catasta.
2033 2257 2152 2288 Martial.
2168 2257 2215 2287 lib.
2229 2267 2270 2287 12.
2283 2267 2328 2295 75.

1497 2297 1592 2333 Quum
1603 2297 1652 2326 tibi
1670 2297 1793 2326 Niliacus
1805 2303 1897 2334 portet
1906 2296 2030 2334 crystalla
2038 2295 2152 2326 catastus
2163 2318 2170 2330 ‚

1534 2335 1637 2372 Accipe
1653 2334 1688 2363 de
1700 2336 1775 2364 circo
1785 2335 1886 2372 pocula
1897 2335 2039 2364 Flaminio.
2123 2333 2177 2363 Sed
2188 2332 2234 2362 alii
2245 2332 2341 2369 legunt
2352 2329 2553 2369 Cataplus.q.V.³
2562 2334 2564 2366 i
2574 2347 2576 2353 .

1403 2371 1425 2402 C
1436 2381 1484 2415 A'T
1495 2381 1543 2400 AT
1554 2382 1592 2401 ac
1603 2382 1622 2401 H
1635 2382 1654 2401 N
1663 2382 1679 2400 o
1688 2381 1700 2402 s
1714 2394 1721 2407 ‚
1743 2373 1760 2401 i.
1776 2382 1813 2401 m.
1837 2369 2044 2408 [καίἐίπχνῶι]
2063 2376 2103 2405 ut,
2127 2370 2313 2400 Callimachus
2324 2376 2438 2408 propter
2448 2368 2531 2403 ele·
2550 2388 2551 2392 .
2566 2371 2571 2394 Γ

1440 2416 1506 2438 tram
1516 2412 1541 2439 ἃ
1553 2409 1731 2439 subtilitatem
1741 2411 1806 2439 artis
1815 2410 1998 2439 marmorariae
2008 2408 2186 2439 catatechnos
2202 2409 2371 2443 nominatus,
2383 2407 2486 2437 Vitruv.
2494 2414 2561 2443 4=¹r
2571 2407 2575 2414 '

1438 2447 1486 2476 sed
1501 2449 1576 2485 apud
1589 2448 1655 2476 l'lin.
1670 2458 1712 2483 34.
1725 2454 1751 2481 8.
1773 2456 1888 2477 vocatur
1904 2448 2100 2483 καιιζόπχνῷ.
2141 2446 2172 2476 V.
2194 2446 2233 2475 ibi
2250 2445 2336 2476 Hard.
2503 2462 2505 2465 .
2560 2442 2566 2457 ²

1401 2483 1423 2513 C
1435 2495 1454 2513 A
1463 2495 1482 2513 T
1492 2495 1511 2528 A
1526 2496 1538 2513 r
1548 2488 1564 2514 ὁ
1575 2495 1592 2514 Ν
1604 2496 1621 2514 υ
1630 2495 1642 2515 s
1655 2508 1661 2521 ,
1683 2495 1708 2520 a,
1727 2495 1784 2515 um.
1801 2487 1815 2522 [
1828 2483 1986 2520 καέίπνῶι]
2009 2483 2140 2514 Deorsum
2153 2484 2282 2514 tendens.
2303 2490 2344 2520 ut,
2364 2482 2460 2513 Minus
2468 2481 2505 2512 al
2535 2497 2538 2505 v
2563 2512 2571 2523 Λ

1439 2523 1591 2560 capitulum
1603 2545 1611 2557 ,
1634 2524 1710 2560 quod
1720 2530 1880 2553 catatonum
1900 2524 2008 2552 dicunt.
2030 2522 2134 2552 Vitruv.
2150 2532 2191 2552 10.
2208 2532 2251 2557 ις.
2509 2525 2515 2535 ’

1402 2559 1424 2589 C
1432 2570 1452 2588 A
1463 2570 1482 2589 T
1492 2571 1511 2589 A
1520 2571 1537 2588 ·r
1549 2571 1565 2589 r
1577 2571 1590 2589 ι
1600 2565 1616 2591 ὄ
1625 2571 1636 2590 s
1646 2573 1653 2589 1
1663 2571 1675 2590 s
1692 2584 1699 2595 ‚
1722 2562 1752 2590 is.
1774 2561 1793 2590 f.
1817 2560 2030 2598 [mavimam]
2050 2560 2148 2597 Figura
2162 2559 2319 2592 Rhetorica,
2345 2558 2439 2595 Quum
2450 2555 2527 2594 aliqui

1438 2599 1473 2627 ad
1484 2606 1590 2636 typum,
1604 2600 1656 2628 hoc
1666 2600 1703 2628 est
1714 2600 1831 2628 formam
1842 2598 1953 2628 alterius
1966 2598 2126 2627 describitur
2136 2619 2144 2633 ,
2166 2604 2197 2627 ut
2208 2597 2283 2635 apud
2294 2596 2365 2634 Virg.
2376 2607 2403 2632 4.
2418 2595 2479 2626 AEn.
2487 2598 2544 2631 558·
2564 2595 2575 2626 ἦ

1517 2636 1621 2666 Omnia
1636 2637 1776 2666 Mercurio
1786 2636 1877 2666 similis
1888 2645 2044 2673 vocemque
2055 2635 2235 2673 coloremque
2243 2657 2251 2671 ,
2556 2645 2569 2660 ’τι

1516 2673 1550 2703 Et
1560 2674 1645 2704 ssavos
1655 2676 1746 2704 crines
1759 2697 1767 2709 ,
1788 2676 1815 2704 ἃ
1829 2674 1953 2704 membra
1963 2674 2063 2703 decora
2072 2674 2201 2711 juventae.

1401 2711 1423 2742 C
1431 2714 1448 2741 A
1457 2721 1475 2740 T
1484 2720 1503 2740 A
1513 2721 1530 2740 x
1539 2734 1546 2746 ,
1567 2713 1631 2741 aeis.
1653 2723 1667 2741 a
1686 2712 1823 2742 veteribus
1844 2713 1934 2742 didus
1960 2711 1998 2740 est
2009 2733 2017 2746 ,
2038 2711 2106 2740 teste
2127 2710 2203 2740 Festo
2214 2732 2222 2746 ‚
2245 2710 2291 2747 qui
2309 2709 2396 2739 hodie
2416 2705 2540 2738 claudus.
2554 2705 2573 2745 :‚.''.

1435 2749 1510 2779 Non.
1530 2759 1554 2779 1.
1571 2760 1633 2780 100.
1655 2749 1739 2779 Catax
1751 2750 1852 2779 dicitur
1861 2759 1944 2787 quem
1956 2758 2032 2779 nunc
2040 2749 2186 2778 Coxonem
2195 2754 2305 2778 vocant.
2322 2744 2540 2777 Lucii.lib.2.Snt·
2557 2773 2566 2783 ..

1669 2804 1706 2808 -
1720 2788 1863 2818 hostilibus
1876 2794 1973 2816 contra
2552 2782 2571 2805 ‘²'

1512 2824 1616 2854 Pestem
1626 2847 1634 2860 ,
1655 2826 1864 2863 perniciemque
1875 2833 1955 2855 catax
1966 2833 2050 2862 quam
2060 2824 2086 2854 &
2101 2822 2223 2853 Manlius
2237 2821 2328 2852 nobis.

1398 2861 1586 2897 CATAXA,
1619 2863 1835 2892 V.M13TAXA.
2550 2885 2570 2891 Μ

1396 2899 1419 2930 C
1428 2910 1447 2928 A
1456 2903 1523 2943 Tse
1533 2910 1551 2928 ιι
1561 2904 1576 2929 ἓ
1585 2910 1596 2929 s
1606 2911 1614 2929 1
1623 2910 1635 2930 s
1644 2922 1652 2935 ,
1673 2901 1703 2930 is.
1726 2901 1745 2930 f.
1768 2898 1942 2938 [κατέχησις]
1961 2898 2059 2928 Latine
2070 2897 2217 2928 Instruffio
2234 2897 2336 2927 dicitur
2347 2918 2356 2933 ‚
2378 2906 2395 2927 a
2404 2895 2485 2927 verbo
2497 2894 2551 2922 ψ’

1433 2948 1506 2973 emm
1516 2959 1524 2971 ,
1547 2939 1621 2974 quod
1635 2939 1673 2968 est
1687 2938 1786 2967 insono
1799 2961 1806 2974 ,
1828 2938 1927 2968 erudio
1939 2959 1947 2971 ,
1968 2937 2071 2966 instruo
2083 2958 2092 2970 ,
2113 2945 2200 2973 eaque
2211 2936 2301 2964 doceo
2313 2944 2381 2964 voce
2392 2957 2400 2969 ,
2420 2942 2478 2971 quae
2485 2931 2544 2962 scri-r
2560 2951 2561 2955 =

1433 2977 1489 3012 ptis
1501 2976 1607 3004 tradere
1619 2976 1716 3006 nolim.
1753 2977 1897 3012 Siquidem
1913 2975 1980 3004 olim
1991 2975 2036 3011 qui
2048 2973 2216 3012 baptismatis
2229 2971 2316 3002 essent
2337 2971 2492 3006 candidati,
2506 2969 2540 2999 iis

1434 3013 1614 3042 tradebantur
1627 3014 1692 3043 fidei
1704 3013 1862 3043 Christianae
1874 3013 1999 3051 mysteria
2008 3034 2016 3047 ,
2036 3011 2084 3041 sed
2106 3012 2167 3040 viva
2189 3020 2259 3040 voce
2268 3032 2277 3046 ,
2298 3010 2419 3047 citraque
2439 3007 2535 3047 scripta.

1435 3051 1683 3087 Quemadmodum
1696 3052 1793 3090 priscis
1805 3051 1942 3089 theologis
1954 3059 2014 3080 mos
2030 3057 2089 3079 erat
2106 3049 2180 3086 apud
2195 3048 2355 3086 AEgyptios,
2376 3054 2407 3077 ut
2424 3043 2539 3090 mystfil

1434 3098 1504 3117 voce
1526 3089 1679 3125 duntaxat,
1700 3099 1731 3118 ac
1752 3089 1837 3119 veluti
1851 3099 1900 3126 per
1911 3097 2009 3117 manus
2029 3088 2144 3125 posteris
2162 3086 2351 3123 relinquerent
2361 3107 2368 3120 ,
2390 3093 2447 3114 non
2461 3089 2536 3117 eum
2563 3119 2565 3121 ,

1432 3125 1547 3163 scriptis.
1571 3127 1602 3156 id
1614 3134 1673 3156 erat
1684 3128 1786 3156 initiari
1797 3127 1946 3164 mysteriis:
1970 3125 2045 3162 quod
2058 3126 2084 3154 S.
2100 3123 2198 3154 Paulus
2211 3125 2236 3154 δι
2248 3123 2275 3153 S.
2290 3123 2376 3153 Lucas
2393 3124 2536 3152 vocantut-
2569 3127 2573 3161 j

1432 3165 1530 3199 τῆκῖιν,
1553 3165 1625 3201 quasi
1635 3165 1710 3195 dicas
1725 3166 1801 3194 Sono
1811 3172 1893 3202 atque
1904 3172 1972 3193 voce
1984 3163 2124 3192 instruere.
2146 3161 2208 3195 ἠχεῖν
2220 3162 2297 3191 enim
2308 3161 2401 3191 sonare
2418 3159 2463 3189 est.
2494 3171 2506 3191 ιι
2544 3184 2545 3189 ,
2567 3177 2570 3184 .

1395 3199 1417 3230 C
1427 3210 1445 3229 A
1459 3212 1475 3243 T
1484 3204 1499 3230 Ξ
1508 3211 1525 3230 c
1533 3211 1554 3230 H
1564 3206 1579 3231 Ξ
1590 3212 1624 3231 Ti
1636 3212 1653 3232 c
1663 3213 1679 3231 υ
1689 3212 1701 3231 s
1713 3224 1721 3236 ,
1742 3213 1758 3232 a
1767 3224 1776 3238 ,
1797 3212 1854 3232 um.
1877 3199 2074 3238 [υτηχηπιιᾲς]
2094 3205 2144 3234 ut,
2165 3199 2297 3229 Doc'trina
2313 3197 2487 3231 catechetica‚
2495 3192 2535 3224 In·
2564 3203 2571 3230 j

1432 3238 1536 3267 stitutio
1545 3261 1554 3274 ,
1572 3242 1622 3269 otc.
1646 3241 1721 3279 apud
1729 3241 1861 3278 Scriptor.
1873 3238 1974 3270 Eccles.
2496 3242 2497 3245 ’
2552 3234 2556 3242 ’

1395 3274 1417 3304 C
1427 3286 1445 3304 A
1455 3279 1496 3305 rr}
1507 3287 1524 3306 c
1533 3287 1552 3305 ιι
1562 3288 1570 3305 ι
1581 3287 1592 3306 s
1601 3289 1622 3306 M
1631 3288 1646 3306 o
1657 3288 1678 3312 s,
1699 3279 1717 3307 i.
1735 3288 1771 3307 m.
1793 3273 1994 3314 [κατηχσμὲε]
2014 3275 2093 3305 Idem
2103 3284 2134 3304 ac
2145 3273 2298 3303 Catechesis
2308 3295 2317 3308 ,
2346 3274 2412 3302 item
2423 3268 2533 3303 Libellus
2565 3284 2568 3292 >

1434 3314 1615 3344 fundamenta
1626 3315 1767 3353 religionis
1779 3316 1898 3344 breviter
1911 3315 2024 3343 docens.
2049 3312 2156 3350 August.
2171 3312 2255 3341 Tom.
2266 3323 2292 3345 4.
2306 3321 2332 3348 p.
2347 3315 2390 3347 67.
2406 3311 2456 3340 &c-

1394 3350 1416 3379 C
1427 3360 1445 3379 Α
1457 3362 1475 3379 ἰ’
1485 3361 1498 3380 1³
1507 3362 1523 3381 c
1533 3362 1551 3380 ιι
1561 3363 1568 3380 1
1578 3362 1593 3382 z
1602 3363 1620 3382 A
1630 3364 1645 3382 ιι
1656 3363 1679 3388 ιι,
1701 3355 1788 3390 [narn
1808 3351 1885 3390 ζειν]
1907 3352 1944 3381 est
1957 3351 2062 3380 Docere
2071 3359 2237 3387 quocunque
2249 3351 2343 3383 modo,
2358 3356 2389 3377 ut
2396 3347 2433 3377 ait
2442 3343 2529 3376 Erafirr.
2540 3374 2541 3377 ,
2551 3356 2553 3359 ’
2562 3363 2570 3382 ¹:

1431 3389 1485 3417 Sed
1499 3390 1573 3427 apud
1584 3392 1641 3420 Scri
1665 3398 1715 3420 tor.
1726 3365 1828 3421 Eccsgs.
1851 3389 1889 3419 est
1902 3389 1931 3419 ln
1946 3389 2042 3427 primis
2059 3388 2088 3416 in
2109 3387 2297 3416 fundamentis
2312 3386 2376 3415 fidei
2392 3383 2530 3414 christianae
2550 3383 2567 3407 ἕ

1432 3428 1548 3456 erudire.
1570 3435 1601 3457 ut
1611 3451 1619 3463 ,
1640 3402 1840 3458 Centurionem
1854 3428 1945 3456 Petrus
1956 3425 2118 3455 catechizat.
2140 3424 2257 3454 Tertull.
2271 3424 2307 3453 de
2318 3423 2418 3453 Coron.
2429 3428 2527 3459 capar-
2539 3437 2540 3442 =
2552 3417 2561 3435 ·’

1394 3463 1446 3530 C}
1458 3474 1472 3492 r
1482 3475 1495 3507 ιι
1505 3475 1521 3494 c
1530 3475 1549 3494 ιι
1559 3476 1566 3493 ι
1577 3476 1643 3532 ssu}
1655 3489 1677 3533 ,s
1683 3477 1713 3497 ae.
1736 3477 1773 3496 m.
1796 3464 1974 3502 [κατηχιςὲς]
1996 3463 2053 3500 Qui
2062 3472 2162 3501 pueros
2173 3461 2216 3492 vel
2227 3461 2337 3492 adultos
2351 3460 2449 3495 erudit,
2461 3454 2528 3496 apud
2538 3466 2540 3474 ’
2552 3467 2566 3496 5¹,

1450 3511 1486 3530 cri
1510 3510 1551 3531 tor
1587 3512 1632 3533 tec
1645 3514 1679 3533 e.
2539 3502 2541 3504 ’

1393 3537 1415 3567 C
1425 3549 1445 3568 A
1454 3549 1472 3568 T
1483 3513 1524 3569 ἷξε
1535 3551 1551 3569 ιι
1561 3544 1578 3569 ῦ
1589 3553 1607 3569 Μ
1618 3544 1633 3571 1}
1643 3551 1662 3571 N
1671 3552 1687 3571 u
1696 3551 1709 3572 s
1720 3563 1728 3576 ,
1757 3536 1960 3577 [ma-nxaes‘fdp&
1974 3539 1986 3576 ]
2020 3537 2038 3567 i.
2057 3547 2079 3568 e.
2103 3537 2238 3566 Nondum
2256 3535 2380 3565 initiatus
2389 3556 2398 3569 ,
2428 3532 2472 3563 sed
2486 3529 2528 3568 qui
2537 3531 2563 3571 ,ι’

1429 3576 1521 3607 adhuc
1533 3579 1665 3608 imbuitur
1675 3579 1822 3608 elementis
1834 3577 1974 3615 religionis
1985 3599 1992 3611 ,
2013 3575 2140 3605 nondum
2154 3574 2189 3603 ad
2208 3574 2280 3603 sacra
2294 3571 2438 3611 spectanda
2450 3570 2539 3605 intro-¹
2555 3587 2561 3596 ι
2580 3597 2587 3608 1,

1431 3615 1546 3644 duetus:
1569 3618 1613 3646 cui
1626 3617 1752 3655 mysteria
1769 3616 1853 3649 fidei,
1875 3616 1943 3644 vivae
1956 3614 2031 3643 vocis
2052 3612 2202 3642 ministerio
2216 3610 2462 3641 concredebantur.
2558 3616 2559 3619 ’

1430 3651 1521 3682 lfidor.
1536 3663 1561 3689 7.
1579 3663 1620 3689 14.
1637 3657 1664 3684 ἃ
1677 3653 1794 3684 Tertull.
1806 3654 1841 3682 de
1850 3653 1953 3682 Coron.
1963 3661 2025 3689 cap.
2038 3660 2063 3680 2.

1392 3687 1415 3718 C
1429 3699 1443 3718 A
1455 3699 1473 3717 ·r
1483 3700 1496 3718 a
1506 3700 1523 3719 c
1530 3700 1550 3719 fl
1561 3701 1579 3719 υ
1588 3703 1609 3720 Μ
1619 3701 1633 3720 1.;
1642 3701 1662 3721 N
1671 3703 1698 3724 A,
1721 3701 1750 3721 ae,
1774 3691 1792 3720 f,
1815 3689 2002 3726 [κατηχεμέιη]
2020 3695 2059 3723 ut,
2070 3687 2152 3725 Virgo
2164 3685 2326 3717 sanctissima
2335 3684 2401 3714 licet
2408 3679 2537 3712 catechum
2548 3698 2565 3707 A

1430 3736 1512 3756 mena
1523 3749 1530 3761 ,
1553 3729 1673 3759 Ambros.
1686 3729 1767 3768 Epist.
1781 3737 1823 3764 34.
1847 3727 1879 3756 Et
1892 3727 2027 3763 Augustin.
2041 3725 2121 3763 Epist.
2138 3728 2196 3760 169.
2219 3722 2345 3754 Ecclesiae
2360 3721 2469 3760 quidam
2483 3725 2527 3747 co-
2556 3758 2559 3761 .

1430 3764 1510 3794 lonus
1518 3765 1602 3795 tiliam
1616 3768 1690 3796 suam
1704 3789 1712 3803 ‚
1733 3776 1792 3804 quae
1808 3766 1882 3802 apud
1898 3774 1949 3793 nos
1961 3764 2048 3793 fuerat
2060 3762 2263 3792 catechumena
2273 3783 2280 3796 ,
2293 3761 2344 3790 &c
2534 3782 2535 3786 .

1392 3800 1414 3830 C
1424 3804 1439 3829 A
1451 3811 1468 3829 T
1480 3805 1495 3830 ῖς
1504 3813 1521 3831 c
1532 3813 1549 3831 ιι
1562 3814 1577 3831 υ
1589 3814 1606 3832 Ν
1618 3814 1638 3833 T
1648 3815 1660 3833 a
1670 3814 1682 3834 s
1693 3826 1700 3836 ,
1723 3801 1919 3841 [mummium]
1940 3801 2025 3835 Loci,
2047 3801 2092 3837 qui
2112 3799 2269 3829 naturaliter
2280 3796 2433 3835 impediunt
2440 3798 2526 3826 motus
2547 3803 2549 3805 '

1430 3840 1521 3873 vocis,
1542 3841 1582 3869 uti
1593 3841 1760 3872 dissonantes
1771 3863 1779 3876 ,
1795 3841 1896 3869 Vitruv.
1911 3850 1933 3875 ς.
1949 3845 1973 3873 8.
2000 3838 2079 3867 Conf.
2093 3837 2171 3867 Baldi
2188 3837 2251 3865 Lex.
2262 3846 2288 3874 p.
2301 3845 2344 3864 22.
2470 3832 2475 3840 '

1390 3874 1413 3905 C
1422 3886 1440 3904 A
1450 3886 1468 3904 T
1479 3880 1493 3905 E
1504 3888 1521 3905 o
1532 3880 1548 3906 ὁ
1560 3889 1575 3906 ιι
1585 3889 1592 3907 ι
1604 3889 1633 3912 A,
1654 3890 1684 3909 ae.
1707 3880 1725 3908 f.
1748 3875 1935 3914 [κατήφεια]
1959 3875 2116 3909 attributio,
2128 3874 2273 3904 accusatio.
2289 3870 2413 3902 Macrob.
2424 3868 2523 3898 Saturn-

1427 3922 1452 3945 7.
1467 3922 1490 3948 3.
1505 3915 1648 3952 Categoria
1658 3916 1752 3949 4⁰¹7&
1765 3916 1811 3945 est.
1843 3915 1912 3944 item
1926 3914 2179 3943 Praedieamentum.
2212 3912 2286 3941 Hinc
2298 3907 2442 3938 Aristotelis
2454 3903 2532 3946 Cute-5

1424 3952 1508 3989 goriae
1517 3973 1526 3988 ‚
1547 3952 1628 3983 Liber
1636 3954 1791 3983 doctrinam
1801 3958 2035 3990 categorematum
2045 3951 2203 3981 continens.
2228 3948 2260 3979 V.
2270 3946 2366 3979 Sidon.
2375 3943 2492 4011 Epi‘le-AA:r
2498 3950 2523 4004 ἓ.
2529 3952 2531 3978 3
