2600 4177
430 149 460 184 C
557 150 591 185 O
695 148 731 186 N

83 227 117 262 in
126 231 213 261 :horo
227 228 319 269 aliquo
330 229 479 260 consistere.
504 230 568 259 Sen.
580 229 656 259 Med.
671 240 698 259 v.
710 239 757 266 93·

178 269 245 298 Haec
255 279 340 305 quum
351 266 476 304 virgineo
484 267 607 296 constitit
616 269 644 296 in
656 268 741 298 choro
751 291 758 304 ,

181 306 270 336 Unius
281 306 365 335 facies
377 305 521 342 praeminet
531 306 671 335 omnibus.
766 306 808 337 Al.
831 306 967 338 Praenitet.

85 343 119 373 In
131 344 226 373 medio
240 343 398 380 conspectu.
426 342 496 379 Virg.
510 350 537 370 2.
554 343 615 372 JEn.
626 346 672 376 68.

87 381 121 412 ln
130 381 219 410 humo
231 381 357 418 quadam.
382 379 466 408 Ovid.
482 389 504 408 1.
519 379 583 408 Fast.
598 391 662 414 490.

312 418 387 445 -in
399 417 484 445 Aonia
496 417 618 447 constitit
629 418 693 447 exul
703 419 798 448 humo.

88 455 168 486 Latio
179 454 463 485 confistereTeucros.
506 455 576 491 Virg.
591 460 616 488 8.
638 456 698 486 AEn.
717 467 758 485 10.
781 456 835 485 Ubi
848 457 975 494 Servius;
998 456 1160 493 Confistere,
1180 455 1211 486 si-

110 494 224 531 gnificat
232 493 293 528 Jam
305 492 434 521 conditos
445 491 499 521 effe
510 514 518 528 ,
539 493 569 521 id
579 494 617 522 est
624 494 749 524 fundasse
763 495 912 524 civitatem.

90 532 156 561 Oris
166 531 291 569 placidis.
316 529 436 566 Propert.
450 530 497 559 lib.
512 540 535 559 1.
547 540 592 559 20.
605 541 650 561 21.
690 532 729 562 Al.
749 532 860 563 Placitis
871 533 979 563 rec'tius.

89 569 224 599 Pontibus
237 566 348 596 crebris.
370 567 442 603 Virg.
456 579 482 603 4.
497 567 596 606 Georg.
608 578 652 606 27-

90 606 194 636 Tectis.
217 605 282 634 Stat.
298 615 322 634 1.
340 604 430 635 Theb.
450 615 509 641 ¹24·

91 643 177 674 Terra
188 643 287 679 aliqua.
310 642 382 679 Virg.
401 652 422 672 1.
441 643 502 673 ffin.
515 647 578 680 663.

90 682 177 712 Terra
186 681 273 718 prima
283 680 437 710 consistere.
459 680 531 719 Virg.
548 692 571 711 1.
584 681 646 712 AEn.
661 692 722 718 545.
759 682 778 712 i.
793 692 818 712 e.
839 683 942 713 Litore·
973 683 1093 714 Servius.

90 718 178 750 Terra
187 718 274 756 patria
285 717 438 748 consistere.
463 718 535 757 Virg.
551 729 591 747 io.
604 720 664 749 AEn.
674 730 719 756 75.

89 757 123 788 In
133 756 255 785 thalamo
267 766 356 785 vacuo
367 757 497 786 constitit.
519 758 641 795 Propert.
658 766 680 787 1.
695 767 737 791 ις.
753 763 795 791 18.
836 759 878 793 [i.
893 768 917 787 e.
945 758 1035 788 Vidua
1053 756 1211 797 permansit.

90 795 180 832 Super
189 795 286 831 ripam.
311 794 394 823 Ovid.
406 798 431 824 6.
443 794 510 824 Met.
525 804 588 831 ³73·
631 794 669 823 nl.
692 795 739 825 hic
752 795 805 832 leg.
837 795 995 825 Considere.

91 832 245 862 Consistere
254 832 288 861 ad
299 832 466 867 anchoram,
488 832 531 861 vel
542 834 570 861 in
581 832 718 862 anchoris.
763 832 828 863 Caes.
845 842 869 870 3.
881 833 950 864 Bell.
965 833 1045 864 Civil.
1061 842 1121 863 102.
1154 832 1215 872 Ipse

111 870 147 899 ad
155 869 308 899 anchoram
320 879 375 900 una
389 871 473 899 not‘te
482 870 612 899 constitit.

91 907 135 938 Ad
144 914 222 945 terga
230 907 356 944 alicujus.
378 908 463 947 Orvid.
476 919 499 943 ς.
513 908 581 937 Fast.
596 916 657 942 5³²-

91 945 125 977 In
136 946 193 975 suo.
235 946 292 975 Cic.
307 955 331 980 ι.
345 945 381 975 de
394 947 473 975 Orat.
489 955 550 975 122.
572 945 602 975 In
613 946 668 974 hoc
677 945 758 982 igitur
767 950 856 981 tanto,
877 945 1132 984 tamqueimmenso
1142 955 1216 976 cam-

110 993 167 1022 po,
187 993 277 1021 quum
296 983 378 1012 liceat
397 984 500 1013 oratori
519 985 609 1021 vagari
628 983 732 1018 libere,
764 990 846 1021 atque
867 985 1028 1022 ubicunque
1043 984 1213 1021 constiterit,

111 1021 258 1051 consistere
270 1022 298 1049 in
314 1021 362 1050 suo
373 1043 381 1056 ,
401 1023 453 1051 Sto.

90 1058 124 1090 In
136 1058 300 1096 possessione
310 1059 409 1094 judicii
420 1069 451 1088 ac
461 1058 630 1089 defensionis
640 1057 702 1088 suae.
723 1057 781 1087 Cic.
797 1068 823 1088 2.
837 1059 872 1088 de
885 1059 962 1089 Orat.
976 1069 1041 1090 200.

91 1096 211 1163 Intraleg
219 1106 280 1134 quae
289 1096 480 1134 profitentium
490 1096 728 1127 commentariolis
743 1095 851 1134 vulgata
868 1097 933 1127 sunt
950 1098 1106 1128 consistere.
1127 1097 1217 1135 Quin-

112 1134 155 1163 til.
184 1134 189 1162 i
215 1157 218 1162 .
237 1146 258 1163 i.
279 1144 340 1172 cap.
356 1146 380 1169 ς.

93 1171 170 1204 Inter
182 1171 208 1201 se
222 1172 345 1202 dissimili
356 1172 470 1202 summa.
491 1171 599 1202 Lucret.
613 1181 639 1201 α.
651 1174 714 1207 696.

94 1210 271 1247 Quadratum
280 1211 354 1240 acies
364 1210 525 1240 consistatin
536 1219 644 1247 agmen.
667 1209 762 1239 Tibul.
774 1220 800 1246 4.
817 1221 840 1240 r.
854 1221 916 1242 ror.

93 1248 205 1277 Vertice
216 1247 291 1277 celso
303 1249 381 1278 aeriae
389 1257 505 1285 quercus
515 1248 672 1277 confistunt.
697 1248 768 1286 Virg.
783 1257 807 1283 3.
827 1250 887 1279 AEn.
901 1254 964 1286 679.

93 1285 264 1322 Consistere,
287 1286 444 1323 Quiescere.
487 1285 520 1315 D.
545 1286 641 1315 Brutus
659 1285 694 1314 ad
712 1286 751 1315 M.
772 1286 887 1317 Brutum
907 1288 973 1318 &C.
989 1286 1118 1317 Caffium.
1140 1286 1217 1318 Fam.

115 1323 176 1353 Cic.
191 1333 232 1353 11.
250 1334 272 1353 r.
295 1324 370 1361 Quia
378 1324 425 1352 ubi
436 1322 611 1353 consistamus
622 1345 631 1358 ‚
652 1332 710 1352 non
721 1324 862 1354 habemus.

95 1361 250 1392 Consistere
260 1362 294 1391 ad
302 1362 423 1399 aliquam
434 1370 492 1390 rem
505 1361 623 1396 dicitur,
644 1361 702 1398 Qui
718 1363 778 1398 ejus
797 1362 976 1400 inspiciendae
990 1363 1069 1393 causa
1085 1369 1218 1392 moratur.

115 1400 180 1429 Sen.
193 1400 230 1429 de
239 1400 298 1429 Vita
309 1400 407 1433 Beata,
429 1399 468 1428 lta
477 1409 538 1437 quae
547 1398 723 1437 spectantur,
744 1401 780 1429 ad
799 1410 859 1437 quae
878 1401 1047 1438 consistitur,
1069 1410 1129 1438 quae
1149 1402 1220 1434 alter

116 1437 196 1467 alteri
206 1438 319 1476 stupens
332 1437 478 1470 monstrat,
499 1437 565 1466 foris
575 1439 668 1467 nitent
677 1459 685 1473 ‚
707 1438 782 1468 intus
793 1438 890 1469 misera
905 1438 977 1469 sunt.

97 1475 252 1506 Consistere
262 1475 297 1504 ad
309 1475 438 1504 sonitum.
462 1475 527 1504 Sen.
538 1475 620 1505 Herc.
632 1476 684 1505 fur.
701 1485 726 1505 v.
741 1486 803 1513 574.

180 1514 220 1542 Ad
231 1513 310 1549 cujus
318 1513 439 1542 sonitum
449 1513 630 1543 constiterant
641 1513 714 1543 ferae.
810 1514 851 1544 De
859 1515 984 1553 Orpheo.

96 1550 271 1589 Bestiaeisaepe
280 1551 415 1580 immanes
422 1557 506 1581 cantu
515 1551 667 1581 flectuntur
675 1559 758 1588 atque
767 1552 926 1583 consistunt.
951 1553 1008 1582 Cic.
1019 1561 1070 1591 pro
1081 1552 1161 1582 Arch.
1177 1562 1220 1589 19.

97 1588 270 1624 Confistere,
290 1587 379 1618 aliter.
422 1589 480 1618 Cic.
497 1599 523 1625 7.
541 1589 614 1619 Fam.
624 1592 669 1619 26.
691 1588 724 1619 In
736 1599 782 1619 eas
799 1600 884 1627 quum
902 1589 1073 1625 incidissem,
1093 1591 1124 1620 in
1141 1600 1224 1620 coena

115 1626 240 1664 augurali
251 1628 328 1664 apud
337 1627 497 1663 Lentulum,
510 1634 586 1657 tanta
596 1637 642 1657 me
650 1624 766 1663 ἐλμίρῤοικ
775 1629 901 1667 arripuit,
921 1635 952 1659 ut
960 1628 1046 1658 hodie
1052 1629 1176 1666 primum
1185 1630 1225 1659 vi-

114 1665 182 1694 dear
195 1664 309 1702 coepiffe
317 1664 470 1695 consistere.
511 1665 552 1695 Al.
580 1665 719 1695 Videatur.
1120 1670 1129 1691 ῑ

97 1702 180 1733 Alvus
188 1701 317 1732 consistit.
339 1703 408 1733 Cato
419 1712 481 1741 cap.
495 1713 557 1739 125.
587 1703 615 1733 h.
628 1713 652 1734 e.
676 1702 837 1742 Compressa
848 1704 895 1734 est.

98 1740 219 1772 Morbus
232 1740 368 1777 consistit,
392 1742 437 1771 cui
455 1751 492 1778 op
515 1741 609 1771 onitui·
631 1741 772 1772 Increscit.
813 1741 947 1772 Celfilib.
963 1750 1150 1781 3.cap.2.pr.
1177 1741 1225 1772 vi-

119 1779 246 1808 dendum
260 1780 346 1809 etiam
357 1779 395 1809 est
406 1801 414 1815 ,
432 1789 494 1808 mor
517 1789 547 1809 us
558 1789 592 1808 an
600 1779 735 1810 increscat
746 1801 755 1815 ,
777 1789 811 1809 an
821 1780 949 1810 consistat
958 1802 966 1815 ‚
987 1790 1023 1810 an
1033 1781 1184 1810 minuatur.

98 1817 202 1848 Cursus
212 1817 327 1853 pituitae.
368 1816 437 1847 Cels.
452 1817 500 1846 lib.
514 1821 540 1847 6.
555 1826 617 1855 cap.
630 1821 655 1847 6.
681 1817 736 1847 Ubi
747 1827 813 1848 vero
824 1819 923 1856 aliquis
931 1818 1067 1849 relevatus
1080 1820 1135 1855 est,
1156 1819 1226 1856 jam-

118 1865 173 1893 que
185 1855 279 1885 cursus
290 1855 397 1894 pituitae
409 1855 548 1890 consistit,
565 1856 618 1886 &c.

97 1893 274 1923 Stomachus.
317 1893 385 1923 Cels.
398 1893 448 1923 lib.
461 1905 488 1929 4.
500 1903 563 1931 cap.
578 1903 603 1929 ς.
640 1894 660 1924 i.
671 1903 695 1923 e.
716 1892 809 1923 Tenet
825 1915 833 1929 ,
855 1904 910 1924 nec
923 1893 1043 1932 amplius
1054 1895 1180 1925 evomit..

99 1931 230 1962 Consistit
246 1941 333 1970 aqua,
352 1930 484 1966 Refidet,
505 1932 626 1969 Stagnat.
667 1931 744 1962 Varr.
759 1942 781 1960 1.
802 1931 837 1962 de
851 1932 884 1962 R.
898 1931 930 1962 R.
947 1942 1009 1970 cap.
1023 1943 1066 1968 51.
1080 1943 1120 1970 pr.
1152 1932 1188 1962 Ut
1206 1930 1226 1961 si

119 1970 240 2037 pluerit,
258 1979 320 2036 sson
331 1970 534 2006 consistataqua
545 1991 553 2005 ,
576 1971 602 1999 &
613 1979 697 2007 quam
710 1969 866 2000 breviffimo
878 1971 977 2001 itinere
990 1977 1066 2001 extra
1076 1980 1166 2001 aream
1179 1971 1226 2000 de-

142 2017 206 2036 uere
217 2017 255 2045 po
279 2013 309 2036 it.

99 2045 213 2083 Frigore
222 2045 367 2075 consistere
376 2044 510 2076 dicuntur
517 2045 605 2075 flavii.
646 2044 731 2076 Ovid.
744 2055 769 2082 ς.
783 2045 863 2076 Trist.
875 2056 918 2077 ιο.
930 2055 955 2077 1.
976 2046 1027 2077 i.e.
1047 2046 1143 2077 Glacie
1153 2046 1226 2077 astri-

117 2084 156 2114 eti
172 2084 198 2113 &
209 2082 358 2121 congelati.

100 2120 181 2152 Mare
195 2121 319 2150 constitit
330 2120 422 2151 undis.
442 2119 537 2150 Tibul.
553 2131 579 2156 4.
594 2130 618 2150 r.
635 2123 696 2151 126.

100 2159 207 2190 Pontus
218 2159 338 2189 consistit
351 2158 448 2196 glacie.
472 2158 556 2188 Ovid.
572 2168 597 2195 3.
610 2158 691 2189 Trist.
713 2168 755 2189 ro.
771 2167 816 2196 37.

102 2198 195 2227 Vento
203 2202 264 2227 rota
277 2197 400 2227 constitit
410 2196 494 2226 orbis.
517 2197 588 2234 Virg.
602 2208 627 2231 4.
645 2197 744 2235 Georg.
759 2203 824 2233 484.

101 2235 189 2266 Causa
202 2235 324 2265 consistit
333 2235 362 2264 in
373 2235 492 2264 crimine
509 2236 561 2264 Sco.
591 2235 649 2265 Cic.
665 2246 687 2265 1.
701 2236 737 2264 de
748 2235 825 2265 Orat.
841 2239 901 2269 18²·
923 2235 1018 2273 Quam
1033 2234 1175 2273 possumus
1187 2244 1228 2266 re-

120 2274 212 2312 perire
226 2283 262 2302 ex
272 2272 404 2302 omnibus
414 2272 497 2302 rebus
505 2273 635 2302 civilibus
649 2273 768 2308 causam,
791 2274 1063 2310 contentionemque
1074 2275 1209 2310 majorem
1217 2295 1227 2310 ,

122 2321 206 2350 quam
218 2311 255 2341 de
264 2311 364 2340 ordine
375 2333 383 2346 ‚
403 2311 439 2339 de
451 2312 562 2340 civitate
571 2332 579 2346 ,
601 2311 636 2340 dc
647 2310 775 2341 libertate
783 2334 791 2346 ,
813 2312 848 2341 de
859 2312 951 2350 capite
962 2312 1086 2341 hominis
1097 2311 1232 2341 Consula-

121 2351 179 2380 ris:
200 2349 351 2388 praesertim
363 2358 449 2386 quum
464 2348 522 2378 haec
533 2349 633 2378 nonin
644 2350 762 2379 crimine
771 2349 865 2388 aliquo
880 2372 888 2386 ,
910 2350 986 2387 quod
1004 2349 1052 2380 ille
1064 2349 1148 2388 possit
1167 2349 1231 2380 infi-

122 2388 191 2418 ciari
201 2409 210 2424 ,
231 2387 318 2417 sedin
329 2386 403 2417 civili
413 2387 474 2422 jure
488 2387 647 2416 confisteret
656 2388 670 2416 ?

101 2425 135 2456 In
145 2426 200 2455 hoc
212 2425 319 2455 summa
333 2424 431 2461 iudicii
442 2424 577 2462 causaque
587 2432 645 2454 tota
654 2424 783 2454 confistit.
806 2424 864 2454 Cic.
878 2435 929 2463 pro
946 2425 1043 2462 Quint.
1063 2433 1108 2462 3²-

94 2463 221 2494 Causam
237 2463 304 2492 belli
321 2463 350 2492 in
371 2462 487 2500 persona
503 2463 622 2498 alicujus
639 2463 795 2493 consistere.
837 2463 895 2493 Cic.
909 2473 935 2493 2.
952 2462 1071 2501 Philipp.
1087 2472 1130 2499 53.
1162 2462 1231 2493 Tibi

121 2508 198 2532 certe
214 2501 409 2532 confitendum
424 2501 462 2531 est
471 2522 479 2537 ‚
499 2501 610 2531 causam
622 2501 843 2539 perniciosissimi
855 2501 921 2531 belli
933 2502 962 2530 in
973 2500 1090 2540 persona
1101 2508 1149 2531 tua
1160 2511 1231 2531 con·-

121 2539 225 2570 stitisse.

102 2577 186 2609 Fides
198 2576 322 2608 constitit
334 2576 472 2614 utrinque.
503 2574 563 2606 Liv.
576 2585 602 2607 2.
615 2585 658 2613 13.
681 2575 818 2615 Utrinque
828 2577 950 2607 constitit
959 2576 1029 2607 fides
1042 2587 1048 2607 :
1069 2578 1096 2607 &
1109 2577 1232 2607 Romani

120 2617 222 2654 pignus
235 2616 310 2654 pacis
322 2624 357 2644 ex
367 2614 474 2644 foedere
487 2614 665 2645 restituerunt
678 2638 686 2651 ,
709 2617 735 2645 δι
746 2616 822 2653 apud
835 2625 930 2653 regem
945 2615 1111 2646 Hetruscum
1123 2625 1181 2645 non
1190 2621 1234 2645 tu-

122 2662 151 2683 ta
162 2654 252 2683 solum
262 2676 269 2689 ,
294 2653 342 2683 sed
355 2654 440 2682 etiam
450 2653 587 2682 honorata
598 2654 684 2683 virtus
694 2654 756 2683 fuit.

102 2691 228 2731 Respub.
240 2693 269 2721 in
284 2691 367 2721 unius
379 2692 472 2720 anima
482 2691 612 2721 consistit.
633 2691 692 2722 Cic.
705 2701 756 2729 pro
767 2691 895 2721 Marcell.
908 2700 954 2735 η..
974 2691 1131 2728 Doleoque,
1144 2701 1232 2729 quum

77 2734 83 2735 ’
124 2730 245 2768 Respub.
259 2729 425 2759 immortalis
434 2729 488 2758 esse
498 2729 608 2765 debeat,
630 2739 691 2759 eam
703 2731 732 2759 in
744 2731 826 2759 unius
838 2729 962 2759 mortalis
972 2729 1064 2759 anima
1075 2729 1229 2760 consistere.

104 2769 175 2807 Spes
187 2778 284 2798 eorum
298 2767 419 2797 consistit
429 2767 459 2796 in
469 2777 502 2797 ea
514 2777 551 2797 re.
576 2767 641 2798 Caes.
654 2777 676 2805 3.
693 2767 763 2797 Bell.
780 2767 850 2797 Gall.
867 2777 909 2804 ¹4-

106 2807 185 2837 Salus
199 2807 331 2836 constitit.
373 2804 467 2841 Caes.3.
484 2804 552 2835 Bell.
569 2805 651 2836 Civil.
664 2816 706 2842 14.
731 2806 770 2835 lta
781 2806 884 2843 exiguo
897 2812 1035 2843 tempore,
1048 2814 1150 2843 magno
1158 2804 1232 2841 casu,

125 2845 211 2874 totius
221 2845 359 2874 exercitus
370 2843 438 2873 salus
448 2844 580 2873 constitit.
620 2844 638 2872 i.
654 2854 679 2874 e.
702 2844 870 2882 Opportune
881 2843 1001 2873 servatus
1013 2843 1060 2874 est.

105 2882 234 2919 Suspicio
245 2883 273 2911 in
284 2882 386 2919 aliquo.
427 2881 486 2911 Cic.
496 2891 547 2919 pro
559 2880 669 2912 Cluent.
683 2891 728 2919 79.
750 2881 854 2912 Similis
865 2882 895 2910 in
905 2881 994 2911 Bulbo
1005 2903 1014 2917 ,
1034 2882 1064 2910 in
1080 2881 1182 2916 Gutta,
1204 2881 1235 2911 in

129 2920 191 2951 aliis
203 2920 348 2950 nonnullis
359 2918 477 2963 suspicio
488 2919 660 2950 consistebat.
962 2956 968 2963 .
1054 2956 1060 2963 ·
1196 2956 1202 2961 ⁴

107 2958 267 2989 ViCtoriain
277 2958 340 2988 hoc.
381 2958 438 2988 Cic.
454 2968 465 2987 1
474 2968 496 2988 i.
509 2958 586 2988 Fam.
601 2966 643 2995 13.
665 2958 738 2988 Sane
747 2966 830 2995 quam
838 2956 898 2987 sum
907 2955 1032 2995 gavisus,
1052 2966 1083 2987 in
1092 2956 1147 2987 hoc
1157 2965 1235 2988 enim

126 2997 274 3027 vidtoriam
288 3002 357 3034 puto
368 2994 523 3025 consistere.

108 3033 261 3065 Rhetorica
271 3035 302 3063 in
311 3034 383 3063 artu.
406 3033 527 3070 Quintil.
540 3032 589 3063 lib.
602 3042 629 3063 2.
642 3042 704 3071 cap.
719 3038 763 3069 18.

109 3073 282 3108 Confistere,
303 3071 383 3106 Esse,
404 3081 525 3102 manere.
548 3072 615 3101 Hor.
632 3081 654 3100 1.
671 3073 760 3101 Serm.
780 3082 802 3100 i.
821 3079 883 3107 107.

191 3110 236 3140 Est
248 3110 349 3139 modus
360 3110 389 3138 in
404 3109 485 3139 rebus
494 3131 502 3146 ,
524 3109 586 3139 sunt
597 3109 664 3139 certi
678 3110 801 3148 denique
811 3109 880 3139 fines
890 3129 899 3144 ,

193 3149 273 3185 Quos
284 3147 355 3178 ultra
365 3148 488 3185 citraque
499 3148 595 3184 nequit
606 3147 749 3177 consistere
758 3148 875 3176 testum.
1215 3184 1222 3192 ⁵

111 3186 283 3220 Corinnae,
303 3184 411 3215 Inloco
421 3195 555 3221 manere,
576 3195 629 3215 nec
642 3185 756 3215 moveri.
779 3184 841 3223 Ulp.
863 3184 892 3213 in
905 3183 963 3213 1.2.
984 3184 1006 3221 5.
1019 3182 1070 3214 ult.
1094 3183 1129 3215 D.
1147 3184 1183 3215 de
1194 3185 1238 3216 his

131 3225 179 3261 qui
188 3230 245 3254 not.
259 3223 355 3253 infam.
377 3222 514 3261 Quolibet
525 3223 589 3253 loco
600 3245 608 3257 ,
630 3223 677 3252 ubi
693 3224 753 3260 quis
765 3222 891 3252 consistat
902 3244 911 3257 ,
931 3229 1142 3260 moveaturque.

112 3262 266 3293 Confistere
278 3271 342 3291 cum
356 3260 448 3297 aliquo
458 3283 466 3296 ‚
492 3262 569 3299 Apud
578 3261 706 3297 aliquem.
750 3261 807 3290 Cic.
823 3270 848 3290 2.
863 3260 936 3290 Verr.
953 3270 994 3295 ¹9·
1026 3260 1098 3290 Cum
1107 3261 1162 3291 hoc
1173 3270 1240 3291 con-

131 3300 214 3335 sistit,
236 3300 313 3329 hunc
327 3298 500 3337 amplexatur
512 3321 520 3335 ,
542 3299 618 3329 hunc
627 3299 705 3331 iubet
716 3298 772 3327 line
780 3308 846 3328 cura
855 3297 918 3327 esse.
942 3296 1026 3327 Plaut.
1037 3298 1117 3328 Curc.
1130 3302 1238 3335 4.2.16.

207 3338 269 3368 Nec
282 3336 424 3367 vobiscum
435 3336 577 3374 quisquam
586 3338 615 3366 in
623 3337 685 3366 foro
699 3337 741 3366 fru
763 3337 770 3365 i
782 3336 927 3366 consistere
940 3335 1034 3365 audet.

208 3376 266 3413 Qui
279 3375 421 3410 constitit,
444 3373 560 3412 culpant
576 3384 641 3405 eum
652 3397 660 3410 ‚
681 3384 736 3404 con
748 3375 845 3412 'puitur
857 3395 864 3408 ,
885 3374 1064 3411 vituperatur.

114 3413 211 3445 Verbis
223 3424 289 3443 cum
300 3413 392 3450 aliquo
404 3412 559 3448 consistere,
579 3414 606 3443 a&
618 3422 648 3442 re
660 3412 797 3442 diffidere.
838 3411 895 3441 Cic.
912 3422 938 3446 4.
951 3412 987 3441 de
999 3412 1058 3455 Fin.
1073 3420 1097 3447 3.
1120 3411 1241 3443 Videsne

134 3453 220 3490 igitur
230 3451 378 3482 Zenonem
388 3457 468 3480 tuum
479 3460 544 3480 cum
554 3451 678 3480 Aristone
689 3450 780 3480 verbis
796 3449 941 3479 consistere
950 3470 958 3484 ‚
975 3459 1009 3493 're
1022 3449 1151 3494 dissidere
1161 3451 1174 3479 ⁴1

115 3490 148 3522 In
161 3490 296 3520 sententia
305 3489 397 3526 aliqua
407 3489 559 3519 consistere.
598 3489 657 3519 Cic.
668 3498 695 3526 7.
705 3489 779 3518 Fam.
794 3497 837 3525 17.
868 3487 956 3524 Quod
972 3496 1030 3523 Jam
1049 3488 1152 3518 videris
1168 3494 1243 3519 certa

135 3528 226 3565 aliqua
240 3528 270 3556 in
278 3527 414 3557 sententia
423 3525 580 3556 constitisse.

117 3564 159 3596 Ira
169 3566 285 3595 infracta
295 3565 426 3595 constitit.
449 3565 535 3594 Ovid.
546 3567 571 3593 6.
586 3563 653 3593 Met.
669 3567 733 3601 627.
922 3599 928 3606 ⁸
1148 3599 1155 3606 .
1205 3600 1212 3607 ·

117 3604 218 3635 Mente
228 3612 287 3632 non
298 3603 441 3632 consistere
451 3624 461 3638 ,
484 3603 500 3631 i.
512 3612 537 3632 e.
559 3601 664 3631 Furore
674 3603 700 3631 &
710 3600 842 3631 vecordia
854 3604 990 3637 percitum
1004 3598 1068 3630 esse.
1098 3600 1156 3645 Qui
1167 3610 1244 3633 enim

137 3641 230 3671 furiosi
243 3641 320 3675 sunt,
340 3641 477 3676 jactantur
488 3641 514 3670 ἃ
525 3641 662 3677 agitantur
673 3661 681 3670 .
704 3648 796 3674 neque
815 3639 858 3667 vel
875 3647 994 3681 corpore
1012 3638 1054 3666 vel
1068 3648 1164 3668 animo
1177 3648 1245 3668 con-

139 3679 279 3717 quiescere
293 3678 412 3715 poffunt.
438 3680 496 3708 Cic.
512 3677 647 3715 3.Verr.7.
669 3676 822 3706 consistere
832 3676 892 3712 eJus
903 3685 1027 3705 animum
1037 3675 1092 3705 sine
1102 3676 1196 3706 surore
1206 3683 1246 3706 at-

137 3726 193 3755 que
211 3717 331 3746 amentia
344 3726 400 3746 non
413 3716 513 3745 sinunt.
555 3716 589 3745 Et
601 3724 627 3745 2.
641 3715 742 3752 Philip.
759 3719 804 3749 68.
828 3715 888 3743 Nec
897 3723 964 3742 vero
975 3720 1003 3742 te
1015 3723 1138 3752 unquam
1154 3724 1246 3752 neque

139 3755 301 3793 vigilantem
311 3776 319 3788 ,
342 3764 432 3792 neque
444 3754 473 3783 in
493 3754 597 3783 somnis
617 3754 701 3783 credo
719 3760 817 3782 mente
831 3751 910 3790 posse
925 3751 1081 3782 consistere.
1122 3752 1197 3782 Hinc
1218 3754 1245 3783 &

137 3792 276 3831 iocusille
287 3792 464 3821 Plautinusin
477 3792 553 3822 Poen.
568 3801 590 3821 1.
605 3801 631 3820 2.
646 3800 705 3826 133.
831 3827 837 3833 Ι
916 3827 922 3833 ⁴
1064 3827 1071 3833 ι
1091 3827 1098 3833 Ι

211 3841 233 3860 A
243 3839 270 3860 G.
293 3830 363 3859 Sunt
373 3830 442 3859 mihi
453 3831 527 3860 intus
543 3828 637 3859 nescio
650 3833 718 3866 quot
728 3837 838 3857 nummi
848 3836 922 3856 aurei
934 3825 1108 3870 lymphatici.
1227 3866 1233 3873 .

212 3878 244 3898 M.
268 3868 381 3898 Deferto
393 3869 429 3896 ad
441 3878 501 3904 me,
522 3868 587 3897 faxo
598 3868 722 3896 actutum
734 3865 887 3894 constiterit
897 3864 1111 3902 lymphaticum.
1205 3865 1247 3896 Si.

140 3906 254 3946 gnificat
264 3905 290 3934 se
300 3915 430 3935 nummos
442 3906 544 3935 habere
555 3927 563 3940 ,
584 3905 631 3942 qui
643 3904 718 3933 exire
730 3903 845 3940 gestiant
855 3925 863 3937 ,
885 3911 938 3931 nec
954 3901 1099 3945 consistere
1124 3911 1243 3940 queant,

139 3946 187 3976 sed
199 3943 362 3982 lymphatici
377 3944 428 3972 sint
437 3952 519 3981 atque
532 3942 626 3972 furiosi
640 3953 647 3970 :
669 3941 762 3970 servus
780 3941 927 3978 pollicetur
937 3939 1113 3983 'medicinam
1131 3962 1139 3972 ,
1162 3940 1245 3984 seque

140 3983 306 4014 effecturum
317 4003 325 4016 ,
346 3989 377 4010 ut
387 3981 403 4009 si
415 3982 449 4009 ad
462 3980 485 4010 se
495 3979 825 4016 deferantnrlymphatici
836 3987 943 4006 nummi
956 3998 964 4010 ,
987 3978 1147 4015 Conllstant‚
1168 3987 1247 4016 quie-

142 4022 219 4061 tique
231 4020 384 4053 reddantur
396 4018 489 4053 lanato
501 4019 593 4053 furore
604 4016 809 4058 &lymphatico
825 4014 936 4051 morbo.
957 4013 1084 4048 Turneb.

1629 154 1923 192 CON
2357 175 2425 214 663

1304 231 1388 263 Mens
1402 234 1529 263 consistit.
1568 235 1625 265 Cic.
1638 246 1689 274 pro
1700 236 1793 266 Domo
1810 247 1869 273 130.
1893 238 2041 271 Praesertim
2054 251 2138 278 quum
2151 243 2198 274 istc
2210 245 2350 285 impium,
2372 252 2425 280 Sic.

1324 281 1415 307 ageret
1427 272 1502 301 illam
1514 283 1569 301 ren*-
1584 276 1618 302 im
1632 275 1730 312 raptim
1743 277 1768 305 Sc
1780 277 1942 307 turbulente
1953 300 1961 313 ,
1983 287 2013 308 ut
2022 290 2113 317 neque
2124 291 2202 311 mens
2213 305 2221 318 ,
2242 295 2332 322 neque
2352 297 2405 317 vox
2417 309 2427 324 ,

1324 318 1415 345 neque
1431 310 1525 345 lingua
1538 313 1704 341 consisteret.

1306 344 1371 374 Non
1387 349 1531 376 consistere
1550 358 1644 379 niente
1656 372 1663 384 ,
1682 350 1795 387 lingua,
1815 353 1949 383 oratione.
1992 353 2051 383 Cic.
2063 364 2088 384 2.
2110 355 2147 392 Q.
2159 356 2220 387 frat.
2233 367 2258 394 3.
2289 359 2322 388 Et
2337 367 2429 392 tantus

1326 383 1431 426 clamor
1444 395 1457 413 a
1473 385 1569 415 nolli-is
1591 391 1600 421 (
1613 388 1755 424 placuerat
1763 390 1838 418 enim
1851 390 1950 421 referre
1958 393 2087 429 gratiam)
2110 400 2140 423 ut
2150 404 2242 432 neque
2253 405 2359 433 mente,
2381 410 2430 429 ne.

1323 421 1484 464 *quo-lingua
1495 443 1501 453 ,
1526 433 1617 460 neque
1632 426 1758 455 oratione
1772 428 1937 458 consisteret.

1306 456 1458 501 consistere
1469 461 1619 497 tranquillo
1629 464 1732 493 animo.
1765 464 1822 494 Cic.
1837 466 1872 494 de
1881 466 1990 496 Senect.
2003 476 2048 504 74.
2072 468 2193 498 Mortem
2207 470 2289 508 igitur
2299 472 2430 504 omnibus

1326 495 1401 524 horis
1412 498 1623 535 impendentem
1639 501 1740 531 timens
1752 523 1759 536 ‚
1781 503 1842 538 quis
1852 504 2003 541 tranquillo
2015 505 2097 543 poslit
2113 509 2207 536 animo
2224 509 2391 540 consistere?

1308 532 1459 563 Consillere
1472 537 1585 572 pectore
1598 540 1693 573 nequit
1703 540 1847 569 consilium
1857 563 1864 574 ,
1886 551 1936 578 pro
1948 543 2110 580 lnpecitorc.
2151 545 2217 576 Ter.
2235 547 2313 577 Adel.
2326 559 2352 583 4.
2363 560 2389 584 4.
2401 559 2430 585 4.

1330 570 1431 606 Vulgus
1444 573 1513 601 dicit
1525 595 1532 607 ,
1557 575 1654 603 Nescio
1665 577 1731 612 quid
1747 577 1837 607 debeo
1849 579 1947 609 fucere.

1308 607 1435 637 Consiltit
1446 612 1592 651 auctoritas
1603 613 1740 642 Ceretano
1752 616 1826 645 vino.
1864 617 1929 645 l’lin.
1944 618 1991 647 lib.
2006 628 2047 655 14.
2061 630 2122 658 cap.
2135 623 2162 651 6.
2190 622 2207 652 i.
2221 631 2246 652 e.
2268 621 2372 653 Vinum
2382 623 2432 653 Ce-

1328 653 1384 674 reta
1411 658 1414 672 r
1429 657 1455 676 m
1467 649 1540 685 apud
1552 649 1646 679 Gallos
1657 653 1741 687 magis
1751 653 1778 680 in
1791 654 1880 689 pretio
1891 655 1937 684 est.

1308 682 1601 729 Conlillit'tibifunnis
1615 688 1692 717 causa
1705 690 1824 719 tinnilize.
1848 691 1930 721 l’laut.
1944 692 2012 723 Asin.
2026 703 2049 728 ι.
2067 704 2089 723 ι.
2104 703 2147 732 17.

1329 721 1444 787 ObsUbi
1456 724 1566 759 quiesco
1577 746 1585 760 ,
1613 727 1705 756 omnis
1715 728 1828 758 familiae
1837 729 1918 759 causa
1929 731 2048 762 consistit
2060 733 2120 763 tibi.
2216 734 2248 764 V.
2272 735 2392 767 Gronov.
2403 747 2431 774 4.

1388 767 1471 789 ervat.
1485 766 1529 790 26.

1307 796 1441 840 Legatum
1454 799 1599 842 consistere
1610 822 1618 833 ,
1639 811 1691 843 pro
1703 801 1808 832 Valere.
1851 805 1992 835 Africanus
2004 807 2031 835 in
2043 806 2061 836 l.
2082 807 2187 838 servum
2199 809 2257 840 filii.
2280 810 2313 841 D.
2328 812 2363 842 de
2374 812 2429 851 leg.

1329 845 1422 872 primo
1432 857 1439 869 ‚
1460 836 1575 866 Servum
1584 838 1632 866 lilii
1646 841 1684 868 lui
1698 841 1837 870 castrensis
1849 844 1951 879 peculii
1964 845 2053 881 legare
2068 854 2145 881 pater
2158 849 2256 884 potest.
2299 849 2356 879 Etsi
2368 852 2433 879 vivo

1327 878 1540 946 {gigrenmortuus
1551 875 1582 904 lit
1591 876 1664 906 filius
1676 899 1684 912 ,
1706 880 1732 907 ἃ
1741 880 1814 916 apud
1824 888 1931 916 patrem
1943 883 2085 919 peculium
2098 885 2225 915 remansit
2233 908 2242 921 ,
2262 887 2383 917 consistit
2393 888 2434 917 le-

1377 921 1392 939 u
1426 934 1431 940 .

1309 947 1415 991 Sine're
1425 948 1515 986 aliqua
1526 959 1584 980 non
1593 952 1746 981 consistere.
1768 952 1909 991 Papinian.
1922 956 1949 984 in
1962 956 1979 986 l.
1990 956 2120 995 denique.
2144 959 2175 988 D.
2194 970 2228 990 cx
2237 961 2337 999 quibus
2348 964 2434 994 causis

1329 995 1450 1029 majores
1459 1008 1467 1022 ,
1491 987 1581 1018 Placet
1609 990 1791 1028 interruptam
1820 992 2013 1029 possessionem
2040 996 2209 1033 postliminio
2233 1010 2290 1028 non
2311 1001 2433 1031 restitui:

1330 1033 1393 1067 quia
1406 1024 1464 1068 haec
1476 1025 1530 1055 fine
1541 1026 1707 1064 possessione
1720 1038 1777 1057 non
1788 1031 1919 1060 constitit.
1960 1032 2033 1069 Lege
2046 1034 2253 1072 usucapionem.

1310 1061 1517 1098 Obligationes,
1529 1074 1588 1101 quae
1599 1075 1656 1094 non
1669 1067 1789 1104 propriis
1799 1068 1902 1098 viribus
1912 1070 2071 1106 consistunt,
2093 1082 2184 1109 neque
2204 1075 2296 1104 offic-io
2312 1077 2412 1111 judicis
2424 1099 2435 1113 ,

1328 1103 1556 1143 neque—praetoris
1568 1104 1687 1141 imperio
1699 1105 1907 1136 confirmantur.
1928 1108 2072 1146 Papinian.
2093 1110 2123 1139 in
2144 1110 2162 1139 1.
2182 1111 2376 1150 obligationes.
2398 1115 2434 1145 D.

1330 1138 1367 1166 de
1378 1139 1479 1166 aetion.
1500 1140 1525 1169 ἃ
1541 1140 1655 1178 obligat.

1310 1174 1395 1204 Usura
1405 1176 1550 1207 consistere
1560 1179 1678 1215 dicitur,
1699 1179 1796 1216 Quum
1810 1191 1871 1226 non
1883 1183 2020 1220 procedit.
2044 1184 2102 1214 Cic.
2116 1189 2142 1215 6.
2159 1187 2210 1216 Att.
2226 1198 2248 1217 1.

1310 1213 1462 1243 Consistere
1481 1225 1545 1245 cum
1562 1217 1655 1253 aliquo
1672 1218 1701 1247 in
1718 1218 1842 1255 judicio,
1863 1230 1882 1250 ι.
1898 1230 1921 1250 e.
1944 1220 2071 1259 Litigare.
2101 1223 2253 1255 Martianus
2268 1226 2295 1254 in
2314 1226 2333 1256 l.
2354 1227 2434 1257 nullo

1329 1252 1426 1281 modo.
1450 1252 1480 1282 D.
1495 1253 1559 1283 adl.
1577 1254 1660 1285 Corn.
1674 1256 1710 1285 de
1721 1256 1777 1286 fals.
1801 1257 1889 1288 Nullo
1901 1259 1986 1288 modo
2002 1260 2071 1290 servi
2082 1270 2148 1291 cum
2159 1263 2281 1293 dominis
2292 1265 2436 1296 mnfistere

1330 1288 1451 1327 possunt.
1481 1292 1498 1321 i.
1512 1301 1537 1321 e.
1559 1292 1613 1322 Eos
1625 1293 1760 1324 accusare.

1310 1327 1447 1357 Adversus
1458 1329 1580 1366 aliquem
1590 1331 1735 1362 confistere
1745 1341 1780 1362 ex
1792 1342 1821 1362 re
1832 1332 1933 1371 aliqua.
1958 1334 2201 1374 Hermogenianus
2216 1338 2243 1366 in
2260 1337 2278 1368 1.
2293 1339 2339 1368 vix
2356 1341 2439 1371 certis

1329 1375 1365 1395 ex
1375 1366 1470 1397 causis.
1494 1367 1527 1397 D.
1539 1368 1574 1397 de
1584 1369 1712 1406 judiciis,
1735 1370 1786 1400 Vix
1800 1372 1881 1401 certis
1899 1381 1934 1402 ex
1955 1373 2043 1403 caulis
2067 1375 2197 1405 adversus
2211 1376 2341 1407 dominos
2355 1377 2438 1408 servis

1329 1403 1476 1434 consistere
1489 1406 1651 1443 permissum
1665 1408 1712 1437 est.

1311 1440 1448 1478 Legitime
1456 1443 1600 1474 confistere
1610 1445 1738 1476 adversus
1754 1445 1886 1484 aliquem.
1908 1447 2061 1479 Martianus
2073 1449 2101 1478 in
2116 1449 2134 1480 l.
2150 1460 2240 1487 grege.
2259 1452 2280 1489 §.
2304 1453 2331 1483 &
2350 1453 2379 1482 in
2397 1454 2441 1483 su-

1332 1479 1501 1523 perficiariis.
1525 1482 1556 1511 D.
1574 1483 1610 1512 de
1630 1484 1795 1521 pignoribus
1807 1507 1815 1520 ‚
1837 1484 1871 1514 Et
1889 1486 1917 1514 in
1939 1486 2131 1525 superficiariis
2150 1489 2275 1527 legitime
2294 1491 2440 1522 consistere

1332 1518 1454 1560 creditor
1465 1520 1555 1557 potest
1566 1521 1694 1551 adversus
1703 1522 1857 1559 quemlibet
1866 1523 2053 1560 possessorem.

1313 1555 1473 1586 causidicus
1485 1557 1592 1588 subtilis
1604 1559 1765 1597 &elegans,
1785 1562 1912 1599 &quiin
1928 1562 2082 1594 forensibus
2099 1564 2185 1595 causis
2205 1565 2288 1603 possit
2305 1566 2441 1604 praeclare

1334 1593 1486 1625 consistere.
1509 1595 1567 1626 Cic.
1584 1597 1612 1626 in
1628 1598 1705 1627 Orat.
1724 1607 1765 1634 30.

1314 1631 1357 1662 Ex
1372 1638 1487 1670 utraque
1497 1640 1575 1671 parte
1586 1635 1738 1666 consistere.
1759 1635 1873 1676 Ulpian.
1884 1638 1913 1666 in
1925 1637 1943 1667 l.
1960 1638 2092 1669 Athletas.
2114 1640 2136 1678 §.
2159 1640 2226 1670 item
2236 1643 2437 1679 praevaricator.

1333 1670 1366 1699 D.
1379 1671 1414 1700 de
1424 1671 1468 1700 his
1477 1673 1694 1708 quinot.insam.
1718 1674 1790 1703 Nam
1800 1676 1846 1712 qui
1857 1677 2049 1713 praevaricatur
2061 1699 2068 1713 ,
2091 1687 2125 1706 ex
2139 1684 2253 1716 utraque
2269 1690 2347 1718 parte
2374 1691 2442 1711 con-

1332 1707 1413 1742 sistit.
1436 1709 1593 1746 quinimmo
1601 1720 1636 1740 ex
1646 1712 1766 1742 adversa.
1789 1713 1806 1741 i.
1816 1723 1840 1742 e.
1864 1713 2016 1752 Utramque
2027 1716 2163 1745 defendit.

1313 1745 1502 1777 Consisterein
1512 1748 1604 1784 hasta,
1625 1748 1643 1778 i.
1653 1759 1677 1779 e.
1699 1750 1758 1779 Niti
1769 1760 1802 1780 ac
1810 1750 1959 1781 sustentare
1972 1752 1998 1782 se
2009 1753 2092 1783 hasta.
2114 1754 2172 1785 Val.
2183 1761 2210 1790 8.
2221 1755 2323 1793 Argon.
2335 1765 2398 1794 133.

1537 1801 1575 1807 —
1584 1796 1651 1816 mox
1660 1789 1780 1818 attonita
1791 1798 1855 1818 cum
1866 1790 1974 1826 virgine
1980 1800 2108 1830 puppem

1394 1822 1497 1860 Insilit,
1518 1833 1550 1854 ac
1559 1831 1635 1862 rapta
1646 1826 1734 1855 victor
1741 1825 1864 1856 consistit
1877 1828 1905 1856 in
1916 1828 1999 1858 hasta.

1314 1859 1481 1897 Consistere,
1504 1864 1599 1892 Active
1608 1863 1737 1901 positum.
1761 1871 1810 1900 ut,
1833 1866 1984 1896 Consistere
1998 1866 2083 1897 vitam
2094 1871 2184 1898 tutam
2195 1890 2204 1906 ,
2224 1868 2244 1899 i.
2257 1878 2282 1899 e.
2303 1869 2400 1900 Parare
2412 1870 2440 1901 δε

1333 1899 1502 1929 constituere
1513 1901 1597 1930 vitam
1605 1907 1703 1932 tutam.
1727 1901 1835 1932 Lucret.
1847 1902 1895 1933 lib.
1904 1908 1930 1933 6.
1946 1914 1988 1934 10.

1407 1937 1480 1967 Nam
1491 1948 1577 1975 quum
1588 1939 1657 1968 vidit
1667 1940 1713 1969 hic
1721 1941 1755 1969 ad
1766 1941 1871 1970 vidium
1885 1952 1945 1978 quae
1957 1942 2060 1979 flagitat
2071 1941 2134 1973 usus

1407 1976 1513 2005 Omnia
1527 1977 1582 2013 jam
1595 1977 1683 2007 ferme
1698 1978 1862 2008 mortalibus
1873 1980 1925 2009 esse
1935 1987 2029 2018 parata
2038 2002 2045 2016 ,

1407 2013 1442 2042 Et
1453 2023 1502 2051 per
1510 2024 1570 2052 quae
1580 2015 1693 2052 possent
1702 2022 1791 2046 tutam
1807 2018 1951 2048 consistere
1962 2019 2047 2048 vitam
2058 2040 2065 2053 ,
2091 2019 2144 2049 sic.
2221 2020 2240 2050 i.
2251 2029 2275 2049 e.
2299 2019 2419 2052 Ducere.

1276 2049 1507 2087 Consririo,
1528 2054 1600 2083 onis.
1622 2053 1641 2082 f.
1663 2054 1735 2084 Gell.
1746 2054 1794 2084 lib.
1809 2059 1849 2086 16.
1865 2065 1926 2094 cap.
1940 2067 1963 2092 ς.
1988 2057 2019 2086 ln
2031 2066 2065 2086 eo
2079 2055 2144 2086 loco
2158 2057 2205 2094 qui
2220 2058 2367 2088 dominum
2381 2061 2443 2096 ejus

1314 2089 1415 2119 domus
1426 2089 1573 2120 salutatum
1584 2098 1736 2128 venerant,
1757 2093 1916 2130 priusquam
1935 2095 2150 2124 admitterentur
2163 2117 2171 2130 ,
2192 2095 2390 2126 consistebant:
2414 2099 2442 2128 δε

1314 2136 1407 2163 neque
1418 2127 1447 2156 in
1458 2128 1632 2163 viastabant,
1654 2132 1827 2168 nequeintra
1839 2132 1911 2161 aedes
1925 2138 2013 2162 erant.
2054 2132 2095 2162 Ab
2114 2133 2162 2162 illa
2176 2142 2241 2170 ergo
2260 2135 2370 2171 grandis
2384 2135 2443 2165 loci

1313 2165 1499 2201 constitione,
1522 2168 1547 2196 Sc
1557 2166 1629 2204 quasi
1640 2169 1760 2205 quadam
1767 2169 1952 2199 stabulatione
1963 2191 1971 2206 ‚
1991 2170 2127 2199 vestibula
2141 2170 2280 2209 appellata
2288 2171 2366 2206 sunt.
2386 2175 2441 2204 &c.

1314 2203 1396 2271 Αὲιὲἰ
1407 2203 1583 2270 glacrobium
1592 2212 1689 2235 tamen
1699 2205 1750 2237 lib.
1764 2210 1790 2236 6.
1802 2216 1863 2245 cap.
1876 2213 1902 2242 8.
1923 2207 2025 2246 legitur
2038 2208 2219 2239 Consistione.
2260 2209 2290 2240 V.
2313 2210 2439 2241 Gronov.

1315 2250 1330 2270 a
1391 2251 1405 2270 e
1430 2264 1436 2271 .

1277 2278 1301 2309 C
1312 2288 1328 2308 o
1338 2288 1358 2307 N
1368 2288 1380 2308 s
1391 2289 1421 2308 is
1431 2288 1450 2308 Τ
1458 2289 1476 2309 o
1485 2289 1502 2308 R
1510 2289 1521 2308 r
1530 2290 1549 2309 u
1558 2291 1580 2309 M
1589 2302 1599 2316 .‚
1620 2281 1640 2311 i.
1663 2290 1689 2311 n.
1711 2281 1927 2319 [βελώπῖμοι]
1947 2293 1963 2313 a
1974 2283 2098 2313 Consisto
2113 2283 2306 2321 descendens3
2327 2296 2378 2323 pro
2391 2286 2445 2317 Lo.

1315 2326 1350 2346 co
1359 2317 1390 2346 in
1399 2327 1455 2355 quo
1467 2317 1629 2348 Cardinales
1641 2329 1706 2349 cum
1719 2319 1851 2350 Pontifice
1860 2322 1985 2351 maximo
1996 2322 2169 2352 consultandi
2183 2324 2269 2360 gratia
2280 2324 2441 2355 consistunt.

1315 2355 1387 2385 Item
1397 2366 1447 2393 pro
1459 2355 1518 2394 Ipsa
1530 2357 1736 2387 consistentium
1747 2358 1936 2389 multitudine.
1972 2359 2123 2389 Barbarum
2139 2360 2177 2390 est
2188 2371 2238 2399 pro
2251 2362 2355 2391 Senatu
2366 2384 2374 2395 .
2396 2363 2442 2393 vel

1315 2393 1452 2429 consessu,
1474 2394 1518 2423 vel
1534 2394 1665 2424 concilio.
1707 2396 1825 2432 [Immo
1848 2396 1877 2427 V.
1898 2397 2118 2437 Borrich.Cogit.
2130 2408 2192 2437 pag.
2205 2407 2251 2436 73.
2273 2399 2364 2429 Macri
2374 2400 2443 2431 Hie-

1317 2440 1349 2460 ro
1368 2431 1462 2461 Lexic.
1483 2433 1509 2461 δι
1524 2432 1621 2470 Cangii
1638 2433 1722 2464 Gloss.
2414 2453 2416 2456 >

1279 2468 1493 2505 CONslTlo,
1515 2469 1747 2501 Cousi'ruim
1761 2494 1768 2506 ‚
1790 2471 1995 2503 Cousi'rus.
2033 2473 2064 2504 V.
2089 2483 2265 2504 consano.

1281 2506 1329 2536 Co
1340 2517 1360 2536 N
1369 2517 1381 2537 s
1391 2517 1408 2536 o
1418 2517 1433 2536 s
1443 2510 1540 2538 κῑΝυ
1549 2517 1562 2538 s
1572 2531 1580 2543 ,
1602 2509 1620 2538 i.
1644 2519 1682 2539 m.
1705 2508 1851 2546 [ἀνεψιὸς]
1871 2509 2037 2541 Consobrini
2056 2511 2190 2542 dicuntur
2209 2512 2267 2549 Qui
2286 2522 2320 2543 ex
2333 2513 2445 2545 duabus

1317 2544 1456 2575 sororibus
1472 2546 1541 2575 editi
1552 2545 1631 2582 sunt,
1653 2547 1727 2585 quasi
1743 2547 1924 2578 Consororini
1936 2571 1944 2583 ,
1966 2550 2002 2579 de
2017 2550 2117 2587 quibus
2126 2551 2256 2588 exempla
2276 2551 2363 2581 multa
2379 2551 2444 2582 sunt

1317 2584 1348 2613 in
1359 2584 1480 2622 antiquis
1488 2584 1663 2621 auCtoribus,
1685 2586 1842 2615 &maxime
1851 2586 1880 2615 in
1891 2587 2019 2622 Afranio,
2043 2589 2069 2618 ἃ
2087 2588 2157 2624 juris
2176 2589 2362 2619 vetustiffimis
2381 2591 2447 2620 scri.

1318 2622 1455 2660 ptoribus.
1479 2622 1545 2652 Haec
1559 2623 1667 2653 Nonius
1678 2633 1740 2662 cap.
1755 2633 1797 2660 19-
1816 2630 1884 2654 extr.
1916 2625 1980 2655 Ter.
1994 2625 2061 2655 Hec.
2074 2635 2098 2663 3.
2113 2638 2137 2662 ς.
2150 2636 2175 2662 9.
2198 2627 2277 2656 Cedo
2294 2628 2362 2665 quid
2382 2628 2446 2658 reli.

1319 2661 1380 2697 quit
1394 2661 1495 2690 Phania
1505 2659 1688 2691 consobrinus
1700 2661 1812 2691 noster?
1843 2662 1898 2692 Ubi
1912 2663 2053 2700 Donatus3
2075 2664 2264 2694 Consobrinus
2274 2687 2281 2700 ‚
2301 2665 2375 2702 quasi
2394 2667 2446 2695 So.

1319 2699 1446 2728 rorinus:
1470 2699 1581 2728 Sobrini
1593 2699 1669 2728 enim
1680 2698 1743 2729 sunt
1752 2709 1787 2729 ex
1797 2699 1903 2730 duabus
1915 2701 2052 2731 sororibus
2063 2711 2070 2732 :
2093 2702 2258 2732 Consobrini
2277 2712 2311 2732 ex
2323 2704 2406 2734 fratre
2417 2705 2445 2735 δε

1319 2735 1421 2765 sorore.
1449 2735 1482 2766 Et
1503 2737 1712 2775 propinquitate
1728 2737 1878 2768 Terentius
1889 2738 2064 2777 frequentata
2078 2746 2215 2770 movetur.
2256 2740 2337 2771 idem
2353 2742 2445 2773 statim

1319 2773 1398 2812 post,
1420 2774 1486 2811 Quu
1525 2775 1562 2804 de
1571 2775 1654 2805 fratre
1666 2783 1747 2805 natus
1764 2776 1802 2805 est
1819 2775 1908 2812 alter,
1930 2779 1956 2807 &
1976 2776 2044 2807 aiter
2065 2788 2101 2808 ex
2121 2777 2212 2808 sorore
2225 2800 2234 2815 ‚
2255 2778 2444 2810 Consobrini:

1320 2822 1408 2849 quum
1421 2821 1456 2842 ex
1465 2784 1594 2880 FQbus
1604 2832 1612 2848 ‚
1634 2813 1772 2844 patrueles
1781 2814 1925 2845 dicuntur.
1968 2815 2026 2845 Cic.
2040 2825 2065 2845 2.
2086 2816 2159 2845 Fani.
2177 2827 2216 2852 ¹9-
2241 2816 2312 2846 Nam
2323 2819 2398 2855 quod
2409 2818 2447 2848 ad

1320 2859 1366 2879 me
1381 2850 1480 2880 Curius
1547 2850 1670 2881 sobrinus
1682 2859 1746 2881 tuus
1756 2874 1764 2888 ,
1791 2858 1822 2881 ut
1831 2851 1899 2888 scis,
1922 2854 1992 2883 mihi
2007 2854 2128 2884 maxime
2141 2854 2317 2885 neceffarius.

1320 2888 1505 2918 Sobrinorum
1515 2889 1805 2928 consobrinorumque
1815 2891 2037 2927 conjunctiones.
2060 2892 2119 2922 Cic.
2137 2902 2158 2921 1.
2175 2892 2232 2921 Off.
2255 2903 2298 2928 54.
2319 2893 2447 2930 Sequun-

1340 2932 1384 2956 tur
1393 2926 1508 2956 fratrum
1517 2927 1734 2963 conjunctiones
1749 2950 1757 2963 ,
1778 2928 1839 2966 post
1852 2928 2103 2965 consobrinorum,
2124 2929 2373 2967 sobrincrumque,
2397 2932 2448 2969 qui

1339 2973 1427 3002 quum
1437 2965 1492 3000 jam
1506 2965 1593 2994 domo
1604 2975 1659 2996 una
1673 2967 1802 3004 capinon
1814 2966 1928 3004 possunt
1939 2989 1948 3003 ,
1969 2967 1999 2996 in
2019 2967 2122 2998 alienas
2141 2968 2240 2998 domos
2258 2975 2392 3007 tanquam
2415 2970 2448 2999 in

1340 3002 1466 3032 colonias
1475 3010 1588 3033 exeunt.
1630 3003 1662 3033 V.
1683 3014 1695 3034 s
1706 3015 1723 3033 0
1732 3014 1770 3033 si<
1780 3015 1789 3033 i
1801 3013 1821 3033 N
1834 3014 1881 3034 us.

1321 3039 1487 3070 Consobrini
1500 3050 1514 3070 a
1527 3041 1698 3071 Patruelibus
1708 3042 1763 3072 hoc
1773 3040 1907 3072 differunt
1920 3064 1928 3078 ‚
1947 3042 2027 3080 vquod
2039 3041 2205 3072 Consobrini
2225 3044 2339 3082 proprie
2348 3044 2448 3075 dicun.

1340 3085 1392 3108 tur
1400 3088 1434 3107 ex
1443 3079 1582 3109 avunculo
1593 3086 1640 3109 aut
1651 3087 1797 3110 matertera
1810 3080 1938 3118 prognati
1949 3090 1955 3109 :
1978 3080 2114 3110 Patrueles
2125 3091 2189 3111 vero
2211 3092 2246 3111 ex
2267 3090 2364 3120 patruo
2375 3083 2448 3113 Titii

1340 3117 1487 3154 prognati:
1511 3117 1624 3147 Amitini
1637 3127 1671 3147 ex
1683 3119 1775 3148 amita.
1817 3117 1899 3148 Unde
1909 3118 1967 3148 Cic.
1981 3128 2031 3156 pro
2042 3118 2129 3156 Ligar.
2144 3129 2154 3148 1
2163 3129 2186 3149 1.
2209 3120 2309 3149 Filium
2319 3120 2353 3149 T.
2366 3120 2449 3151 Broc-

1340 3155 1388 3184 chi
1402 3155 1532 3185 avunculi
1541 3155 1639 3193 Ligarii
1649 3156 1854 3185 Consobrinum
1863 3157 1923 3192 ejus
1932 3155 2062 3193 appellat.
2083 3156 2137 3186 Sed
2149 3156 2208 3186 haec
2221 3157 2378 3188 differentia
2386 3158 2449 3197 ple.

1342 3202 1459 3230 rumque
1471 3193 1663 3230 conflanditur,
1685 3204 1716 3223 ac
1724 3193 1890 3232 generaliter
1899 3194 2064 3223 Consobrini
2075 3204 2125 3231 pro
2138 3195 2318 3231 Quibuslibet
2328 3195 2447 3228 fratrum

1341 3239 1388 3260 aut
1397 3230 1520 3260 sororum
1530 3231 1624 3261 liberis
1638 3253 1646 3267 ‚
1668 3231 1737 3261 ficut
1747 3232 1823 3270 apud
1834 3231 1944 3261 Graecos
1955 3230 2052 3265 ἀνεψιοὶ
2069 3232 2242 3270 usurpantur.
2265 3233 2364 3263 Paulus
2383 3236 2412 3263 in
2427 3236 2447 3266 1.

1341 3268 1558 3305 jurisconsultus.
1581 3271 1604 3307 §.
1625 3269 1726 3299 eodem
1735 3270 1829 3307 gradu.
1855 3269 1886 3298 D.
1908 3269 1944 3298 de
1962 3269 2092 3307 gradibus
2101 3291 2110 3305 ‚
2134 3270 2239 3300 Eodem
2252 3271 2337 3308 gradu
2349 3271 2411 3301 sunt
2421 3274 2449 3303 δε

1341 3305 1384 3336 illi
1396 3328 1404 3342 ,
1427 3308 1474 3342 qui
1494 3315 1629 3337 vocantur
1642 3308 1741 3337 fratres
1766 3307 1922 3344 patrueles:
1945 3307 2014 3336 item
2035 3307 2142 3338 sorores
2164 3309 2301 3346 patrueles
2310 3331 2319 3345 ,
2340 3311 2451 3341 amitini

1341 3345 1465 3374 amitinae
1476 3367 1484 3380 ‚
1506 3345 1665 3375 consobrini
1676 3344 1858 3374 consobrinae.
1898 3345 1934 3374 Hi
1945 3353 2039 3374 autem
2050 3344 2112 3374 sunt
2124 3367 2131 3381 ‚
2154 3347 2247 3382 quiex
2261 3347 2390 3378 fratribus
2402 3348 2449 3379 vel

1341 3382 1481 3413 sororibus
1492 3382 1657 3413 nascuntur:
1683 3393 1752 3420 quos
1763 3382 1923 3420 quidamita
1934 3382 2136 3418 distinxerunt,
2157 3390 2189 3413 ut
2208 3394 2256 3414 eos
2272 3385 2386 3420 quidem
2401 3387 2450 3423 qui

1343 3430 1379 3449 ex
1391 3421 1518 3451 fratribus
1526 3423 1584 3451 nati
1591 3422 1670 3455 sunt,
1692 3421 1787 3450 fratres
1802 3420 1955 3458 patrueles:
1979 3422 2047 3450 item
2058 3431 2103 3450 eas
2113 3431 2173 3459 quae
2190 3432 2225 3451 ex
2239 3421 2366 3452 fratribus
2376 3432 2451 3454 natae

1342 3458 1406 3488 sunt
1417 3481 1425 3494 ,
1444 3458 1547 3488 sorores
1556 3458 1696 3497 patrueles
1709 3468 1715 3487 :
1739 3468 1773 3487 ex
1782 3459 1865 3487 fratre
1875 3466 1969 3487 autem
1982 3461 2007 3488 Sc
2020 3458 2111 3488 sorore
2122 3481 2129 3495 ,
2152 3460 2285 3490 amitinos
2300 3462 2447 3493 amitines:

1342 3505 1392 3525 eos
1405 3506 1469 3526 vero
1485 3498 1576 3533 &eas,
1597 3497 1644 3535 qui
1660 3506 1754 3533 quaeve
1773 3505 1808 3525 ex
1819 3495 1959 3526 sororibus
1977 3497 2033 3526 nati
2047 3505 2153 3526 nataeve
2172 3497 2243 3532 sunt,
2265 3499 2452 3530 conlbhrinos

1342 3534 1523 3563 consobrinas
1534 3556 1541 3569 ,
1563 3534 1638 3572 quasi
1648 3534 1850 3564 consororinos.
1891 3535 1947 3564 Sed
1956 3534 2080 3572 plerique
2091 3535 2142 3564 hos
2157 3545 2254 3565 omnes
2267 3537 2450 3568 consobrinos

1343 3578 1446 3601 vocant
1455 3594 1463 3607 ,
1484 3572 1561 3601 sicuti
1572 3572 1727 3602 Trebatius.
1751 3572 1817 3601 Haec
1829 3571 1936 3601 Paulus.
1959 3582 1993 3601 ex
2004 3574 2083 3608 cujus
2092 3572 2181 3602 verbis
2192 3581 2322 3611 apparet,
2344 3575 2452 3606 Fratres

1344 3609 1483 3648 patrueles
1494 3610 1550 3639 dici
1561 3631 1569 3643 ,
1595 3619 1664 3645 quos
1675 3609 1758 3647 vulgo
1767 3619 1898 3639 vocamus
1906 3609 2006 3646 Coufim
2017 3612 2149 3645 gemmins,
2170 3613 2257 3648 enfans
2275 3613 2315 3639 des
2326 3615 2392 3639 deux
2400 3616 2454 3650 fre-

1343 3657 1390 3677 res.
1431 3648 1546 3676 Sueton.
1559 3649 1589 3676 in
1601 3647 1706 3676 Domit.
1721 3657 1752 3677 ca
1774 3669 1780 3676 .
1799 3657 1840 3676 10.
1864 3647 1979 3676 Occidit
1999 3648 2122 3677 Flavium
2144 3649 2280 3679 Sabinum
2300 3649 2417 3680 alterum
2433 3661 2451 3681 e

1345 3685 1527 3723 patruelibus.
1568 3685 1651 3714 Porto
1661 3692 1759 3722 patrue
1773 3693 1802 3713 es
1812 3684 1964 3714 Domitiani
1976 3693 2054 3714 erant
2066 3686 2122 3714 duo
2131 3685 2180 3715 filii
2191 3697 2225 3716 ex
2236 3687 2330 3717 Flavio
2342 3688 2447 3718 Sabino

1345 3724 1432 3761 patris
1442 3722 1540 3752 fratre:
1563 3732 1598 3751 ex
1606 3722 1649 3751 his
1661 3722 1779 3751 alterum
1789 3723 1858 3758 patri
1869 3724 2068 3760 cognominem
2080 3725 2229 3754 interemit.
2254 3725 2331 3754 idem
2343 3727 2369 3754 in
2382 3727 2447 3756 Ces:

1346 3771 1370 3790 c.
1383 3770 1427 3797 29.
1448 3760 1477 3790 C.
1493 3760 1636 3795 Marcello,
1648 3761 1693 3797 qui
1702 3761 1776 3790 fratri
1786 3760 1905 3796 patrueli
1913 3760 1961 3789 suo
1973 3760 2067 3789 Marco
2076 3761 2106 3789 in
2118 3761 2267 3791 Consulatu
2280 3763 2447 3793 successerat.

1289 3798 1337 3829 Co
1347 3808 1367 3827 N
1377 3808 1389 3827 s
1400 3808 1416 3826 0
1427 3808 1440 3826 s
1451 3808 1466 3826 a
1477 3808 1487 3826 1
1498 3807 1517 3826 N
1527 3808 1546 3826 A
1556 3819 1564 3832 ,
1586 3808 1616 3827 ae,
1639 3798 1657 3826 f.
1680 3796 1820 3833 [ἀνεψιοὶ]
1842 3797 1899 3827 Cic.
1917 3807 1968 3834 pro
1984 3798 2084 3834 Quint.
2104 3802 2146 3829 16.
2175 3801 2288 3837 Quintii
2309 3801 2450 3830 consobri-

1328 3846 1393 3866 nam
1403 3835 1488 3865 habet
1498 3836 1527 3864 in
1543 3836 1722 3865 matrimonio
1731 3835 1850 3864 Naevius.
1871 3835 1945 3864 adde
1957 3835 2029 3873 Nep.
2041 3845 2085 3872 25.
2100 3845 2126 3866 2.

1290 3874 1511 3907 Cousocns,
1531 3874 1580 3902 ἔτί.
1601 3883 1638 3902 m.
1667 3871 1879 3908 [betanivffie&·]
1915 3873 2053 3910 Ulpianus
2073 3875 2102 3903 in
2123 3874 2142 3904 l.
2165 3884 2229 3904 cum
2248 3875 2294 3904 hic
2311 3875 2402 3904 status.
2425 3875 2448 3914 5.

1327 3912 1415 3942 oratio
1426 3920 1483 3939 non
1496 3910 1594 3939 solum.
1615 3910 1647 3940 D.
1665 3910 1701 3939 de
1711 3910 1805 3939 donat.
1827 3911 1900 3939 inter
1916 3911 1966 3940 vir.
1989 3913 2015 3941 δι
2037 3920 2115 3941 uxor.
2139 3912 2233 3942 Donat
2249 3913 2326 3941 socer
2345 3914 2446 3947 nurui,

1329 3949 1373 3978 vel
1382 3955 1480 3978 contra
1491 3969 1500 3983 ‚
1521 3948 1565 3977 vel
1578 3958 1662 3988 gener
1673 3947 1768 3976 socero
1782 3969 1790 3984 ‚
1812 3947 1942 3977 velsocer
1953 3958 2065 3986 genere,
2086 3949 2131 3980 vel
2142 3950 2275 3980 consocer
2286 3949 2446 3980 consocero.

1329 3987 1378 4024 qui
1391 3984 1536 4025 copulatos
1552 3985 1731 4018 matrimonio
1741 3985 1771 4015 in
1778 3985 1915 4025 potestate
1921 3985 2034 4018 habent.

2340 4024 2452 4058 „Conso-
