2604 4222
174 119 242 160 672
642 111 672 146 C
768 111 804 147 O
899 109 936 145 N

175 195 272 226 Coris
283 204 387 224 1111Μο
397 215 406 229 ,
434 195 546 232 gemino
569 204 591 223 M
613 193 761 230 scriptum,
783 192 938 234 [συν-πλέω)
963 188 1097 223 ahazias,
1125 185 1247 224 menbra]
1265 187 1322 216 are.

214 233 326 271 proprie
338 233 374 262 est
388 232 515 262 Summas
530 231 659 268 colligere
672 232 698 261 &
719 231 747 258 in
764 240 848 259 unam
866 229 1018 272 redigere..
1045 225 1182 270 Coluniel.
1199 226 1234 255 de
1246 225 1277 254 R.
1289 224 1323 252 R.

215 279 240 306 3.
255 281 277 305 ς.
300 269 323 299 ls
332 280 462 300 numerus
473 269 643 299 consummat
652 277 701 306 per
710 273 800 298 totum
812 268 940 304 jugerum
951 266 1089 295 seminum
1098 264 1186 293 millia
1207 270 1325 301 quatuor

250 318 274 336 vi
286 315 353 337 ¹inti.

214 309 250 381 ὃ
266 319 293 374 di:
313 345 454 375 Summam
464 344 591 380 adjicere.
631 341 706 372 Male
719 342 794 380 apud
804 340 979 371 Lactantium
990 362 999 376 ,
1021 339 1033 375 (
1048 339 1077 368 in
1092 338 1217 369 editione
1230 337 1326 368 saltem

216 383 363 417 Plautini)
385 382 559 412 Consumare.
582 380 616 410 H.
633 381 672 409 St.
985 416 991 422 ·
1069 415 1074 420 ¹
1255 413 1260 418 .
1277 413 1282 418 “

217 420 423 455 consummare,
432 420 469 448 est
479 418 620 448 Absolvere
630 411 1328 454 autPerficere.ApudSuet.inCalig.cap.44.Milite-s

236 458 449 488 consummaturi
461 456 658 492 dicuntur,Qui
666 456 777 491 jamjam
789 463 877 483 annos
886 453 991 482 militiae
1002 452 1191 490 expleverant,
1202 450 1328 480 subaudi-

236 502 332 531 turque
340 493 743 531 Stipendia.Plin.10.Epist.48.
757 492 849 530 Cogor
858 497 953 529 petere
964 497 1028 534 ate,
1039 500 1096 518 non
1110 489 1196 533 solum
1209 488 1246 516 ob
1254 487 1328 516 thea-

238 539 307 562 trum
318 555 325 565 .
347 542 441 561 verum
451 533 532 561 etiam
543 531 580 560 ob
591 531 650 560 haec
665 530 771 559 balinea
782 552 790 563 ,
812 530 906 559 mittas
919 529 1101 558 architectum
1119 526 1326 563 dispecturum,

239 578 328 599 utrum
340 570 370 598 sit
387 569 478 598 utilius
490 591 498 603 ,
519 569 578 605 post
592 569 729 606 sumptum
742 568 788 604 qui
802 568 888 611 factus
899 568 937 596 est
949 589 958 603 ,
979 575 1092 604 quoquo
1103 566 1191 596 modo
1203 562 1328 594 consum-

240 617 311 636 mare
323 616 415 644 opera,
432 613 461 636 ut
474 607 602 636 inchoata
618 606 697 635 sunt:
719 616 753 635 an
770 615 829 641 quae
844 605 986 640 videntur,
1008 606 1059 634 Sec.

221 645 322 675 Munus
331 645 518 674 consummare
530 667 538 679 ‚
560 644 684 680 Exsequi.
706 644 769 673 Seri.
782 642 896 681 Hippoi.
907 649 932 675 8.

218 683 327 712 Sacrum
340 682 528 712 consummare
540 704 548 718 ,
569 682 632 711 Pera
654 691 698 710 ere
710 681 823 710 sacrum.
844 681 907 709 Sen.
924 680 1005 710 Herc.
1021 679 1073 708 sur.
1091 686 1137 721 11..

219 720 307 749 Vitam
319 719 517 749 consummare.
557 719 618 748 Sen.
657 720 714 757 pist.
733 728 777 756 32.
801 719 832 747 Et
842 718 1003 755 simpliciter
1016 717 1043 744 in
1055 715 1180 758 inscript.
1194 713 1268 752 apud
1279 712 1328 743 Fa-

239 757 317 787 brett.
331 769 357 795 p.
374 763 432 793 ¹48-
455 756 518 795 QVI
539 756 643 787 VlXIT
663 757 757 786 BENE
777 756 824 785 ET
845 753 1120 785 CONSVNlMAVls
1142 752 1244 782 BENE.

220 794 415 824 Consummare
431 817 528 825 .....
550 795 627 824 Sicut
641 796 666 825 &
677 794 745 824 Gall.
761 795 870 824 dicitur.
892 794 1033 823 Pomanus
1043 792 1077 820 de
1088 791 1173 823 Serm.
1210 799 1249 826 ag.
1257 798 1324 833 ¹405.

241 842 264 868 3.
279 833 312 862 H.
323 834 360 862 St.
374 833 462 863 Priora
474 833 554 862 verba
563 833 645 869 hujus
655 832 854 862 observationis
867 831 957 861 cultro
972 829 1072 860 resecta
1083 828 1154 858 sunt.
1197 832 1327 864 nquirant

241 870 339 907 quibus
349 871 480 900 editionis
491 872 549 907 ejus
558 871 638 908 copia
649 871 687 900 est
695 892 703 904 ,
744 881 778 899 ua
787 870 876 899 noster
887 869 948 899 usus
959 868 1003 897 est.

181 907 227 938 CO
236 917 253 936 Ν
263 918 274 937 S
285 918 301 936 U
311 919 331 937 Μ
343 920 362 937 Μ
370 912 387 937 Ᾰ
395 918 415 937 Τ
424 918 441 937 U
452 918 474 943 ⁵⁷
491 919 515 943 a,
527 918 583 938 um·
598 909 718 943 [vr-nare
754 905 825 943 ’ΘΠ
844 907 942 937 Partic.
963 905 1110 938 Perfectus,
1119 903 1265 933 absolutus.
1287 908 1326 937 ut,

219 947 266 975 Ars
279 946 473 975 consummata.
515 945 582 975 Plin.
597 945 645 975 lib.
661 955 702 982 14.
724 955 785 984 cap.
795 956 822 981 4.
845 945 876 975 In
890 944 979 975 nostra
998 949 1077 974 aetate
1090 950 1181 980 pauca
1199 939 1327 979 exempla

238 983 430 1013 consummatae
444 984 525 1017 huius
537 984 601 1013 artis
611 983 696 1013 fuere.

219 1020 293 1051 Bella
306 1022 376 1058 gesta
386 1023 410 1052 Sc
421 1021 617 1052 consummata.
638 1021 696 1050 Cic.
710 1031 751 1050 11.
766 1020 891 1064 Philipp.⁸
899 1028 925 1056 7.

220 1058 383 1095 Eloquentia
393 1058 587 1089 consummata.
610 1058 729 1095 Quintil.
743 1059 860 1088 Prooem.
874 1056 922 1087 lib.
937 1066 961 1087 1.
982 1066 1009 1094 p.
1025 1065 1068 1086 10.

219 1096 311 1126 Homo
322 1097 533 1126 consummatus.
556 1096 674 1126 Martial.
688 1107 708 1125 1.
721 1107 747 1129 o.
843 1133 848 1139 ¹
1010 1131 1017 1138 ι

309 1135 393 1170 Quod
406 1144 448 1163 ma
469 1135 496 1163 ni
507 1134 632 1164 Thraseae
643 1157 650 1170 ‚
670 1134 905 1170 consummatique
918 1132 1041 1162 Catonis.

218 1171 318 1201 Praelia.
342 1172 441 1201 Lucan.
468 1173 504 1201 ib.
520 1181 615 1208 ¹·337·
1220 1204 1227 1211 .
1281 1204 1287 1212 ⁸

218 1209 355 1246 Sapientia
364 1209 560 1239 consummata.
582 1209 621 1239 Co
683 1208 794 1238 el.11.1.
806 1207 905 1238 Nullus
916 1208 954 1237 est
964 1206 1161 1237 consummatae
1171 1204 1320 1243 sapientiae.

182 1246 227 1276 Co
239 1250 433 1276 NSUMM'A'TI
445 1257 461 1276 o
472 1270 479 1283 ,
501 1248 570 1277 onis.
592 1247 610 1276 f.
639 1245 794 1281 wumviaeae,
812 1245 948 1282 melum]

219 1284 490 1314 consummationem
504 1307 512 1320 ,
541 1284 716 1327 Singulgrum
732 1284 883 1321 pretiorum
905 1282 1052 1313 collectam
1067 1280 1200 1324 summam
1212 1302 1220 1315 ,
1241 1285 1322 1309 vocat

237 1321 403 1359 Pomponius
420 1322 479 1352 inl.
501 1323 538 1352 Si.
560 1322 646 1360 plura.
670 1322 702 1352 D.
722 1323 757 1350 de
776 1321 857 1352 AEdil.
874 1321 987 1356 edicto,
1010 1319 1095 1357 Quod
1118 1319 1135 1363 si
1155 1318 1320 1362 singulorum

236 1361 438 1397 mancipiorum
450 1383 456 1396 ,
484 1360 587 1396 inquit,
609 1360 756 1390 constituto
784 1359 874 1396 pretio
886 1380 893 1393 ‚
915 1358 1038 1387 universa
1061 1363 1131 1401 tanti
1155 1362 1319 1391 venierunt,

236 1405 369 1433 quantum
380 1408 413 1427 ex
425 1398 660 1427 consummatione
671 1397 836 1434 singulorum
847 1396 929 1426 fiebat
940 1418 947 1431 ,
967 1395 1234 1439 tunceujuscunque
1243 1403 1320 1423 man-

235 1435 448 1472 cipiipretium,
469 1435 514 1465 seu
526 1435 626 1473 pluris,
646 1434 691 1465 seu
703 1435 818 1464 minoris
829 1433 951 1469 idesset‚
972 1433 1200 1477 sequidebemus.

215 1471 285 1502 Item
305 1473 446 1503 Perfeelio.
485 1474 548 1503 Seri.
565 1473 599 1502 de
616 1473 692 1503 Brev.
706 1472 758 1501 vit.
774 1482 833 1510 cap.
848 1482 870 1502 1.
900 1472 960 1501 Vita
974 1473 1003 1500 in
1022 1479 1205 1515 maximarum
1227 1479 1318 1514 rerum

233 1510 496 1540 consummationem
512 1510 583 1548 large
594 1511 666 1540 data.
706 1510 772 1540 Plin.
787 1515 812 1545 8.
832 1519 857 1547 7.
880 1509 912 1539 In
930 1509 1170 1540 consummatione
1185 1507 1318 1547 gladiato-

233 1558 302 1578 rum.
343 1549 360 1577 i.
371 1559 393 1577 e.
418 1548 486 1578 Cum
500 1548 686 1586 compleretur
696 1547 877 1586 gladiatorum
890 1556 1032 1578 numerus.

177 1583 478 1622 CousuMiiKTor„
499 1587 561 1616 oris.
584 1596 620 1615 m.
641 1586 769 1623 Cyprian.
781 1588 807 1616 δι
822 1585 940 1615 Tertull.
1289 1621 1296 1627 .

176 1622 198 1651 C
207 1632 223 1651 o
234 1632 253 1651 N
262 1632 274 1652 s
283 1633 300 1653 υ
309 1634 329 1652 Μ
339 1634 359 1652 M
368 1627 384 1652 Κ
394 1635 407 1652 B
417 1626 429 1653 i
438 1635 453 1652 1
463 1635 472 1653 1
482 1633 493 1653 s
502 1646 510 1658 ‚
531 1633 555 1654 e.
576 1624 640 1655 Seri.
654 1623 735 1662 Epist.
748 1633 792 1661 92.
814 1623 897 1654 Ratio
910 1623 941 1653 in
949 1623 1003 1653 diis
1012 1621 1204 1652 consummata
1213 1622 1252 1652 est
1259 1642 1269 1657 ‚
1288 1631 1318 1651 in

212 1660 293 1690 nobis
302 1660 535 1692 consummabilis.

175 1696 197 1728 C
206 1707 223 1726 o
233 1707 253 1727 N
263 1708 275 1728 s
284 1702 329 1727 i'JM
340 1708 356 1728 o
367 1720 375 1734 ‚
396 1699 435 1737 psi
447 1721 454 1735 ,
477 1706 555 1737 ptum
566 1721 575 1736 ‚
596 1694 751 1735 [δὶιπκνάος
770 1697 967 1734 naa-armarium]
988 1699 1041 1728 e‘re.
1064 1697 1158 1728 Omne
1170 1696 1317 1733 insumere,

208 1735 239 1765 In
249 1736 366 1765 nihilum
382 1737 511 1774 redigere.
534 1742 565 1766 ut
576 1759 584 1772 ‚
607 1736 774 1767 Consumere
784 1736 992 1774 patrimonium.
1014 1736 1070 1766 Cic.
1082 1745 1108 1765 2.
1125 1736 1160 1764 de
1172 1735 1230 1764 Fin.
1243 1745 1287 1772 ²3·

207 1772 358 1803 Effundere
370 1775 395 1804 δι
406 1773 564 1804 consumere
573 1774 764 1813 perluxuriam
777 1774 849 1804 bona
860 1775 963 1818 omnia.
984 1774 1094 1812 Cic.pro
1104 1773 1184 1802 Rosc.
1196 1775 1315 1803 Amer.6.

207 1810 378 1841 Interliciunt
389 1813 413 1842 81
423 1812 587 1842 consumunt
595 1812 732 1850 serpentes
743 1812 801 1842 ibes
814 1822 887 1843 aves.
901 1812 960 1842 Cic.
976 1823 998 1842 1.
1012 1813 1048 1841 de
1060 1813 1122 1841 Nat.
1136 1812 1219 1842 Deor.
1235 1822 1297 1855 101.

208 1847 376 1879 Consumere
388 1850 490 1887 aliquid
502 1850 616 1879 vetustas
627 1850 748 1886 dicitur,
771 1850 797 1880 h.
810 1860 834 1880 e.
860 1850 891 1880 111
912 1849 1033 1879 nihilum
1053 1850 1194 1886 redigere,
1217 1850 1242 1879 ἃ
1256 1858 1316 1885 ejus

225 1886 264 1916 rei
275 1888 435 1916 memoriam
447 1887 564 1918 abolere.
585 1888 712 1918 Cic.1.de
720 1887 840 1926 Legib.2.
849 1887 905 1920 Sed
918 1898 1004 1926 quum
1012 1897 1073 1918 eam
1084 1887 1229 1926 tempestas
1240 1895 1316 1918 vetu-

225 1924 309 1954 stasve
321 1924 534 1963 consumpserit,
554 1927 606 1956 610.

206 1961 334 1993 AEstatem
343 1963 372 1991 in
380 1962 443 1992 loco
452 1963 552 2000 aliquo.
592 1962 658 1993 Caes.
671 1973 694 1999 ς.
705 1961 772 1992 Bell.
786 1962 855 1992 Gall.
866 1973 925 2001 cap.
937 1973 965 2001 4.
983 1962 1093 1995 Tamen
1109 1971 1146 1994 ne
1154 1963 1312 1994 aestatemin

223 1999 342 2029 Treviris
356 2000 516 2031 consumere
525 2007 679 2039 cogeretur.
709 1999 737 2031 h.
753 2010 778 2031 e.
798 2001 939 2034 AEstivare.

206 2037 359 2068 ffitatcmin
369 2038 466 2068 studio.
488 2039 545 2069 Cic.
559 2048 582 2068 1.
597 2038 655 2069 Off.
665 2048 692 2069 2.

206 2075 307 2106 AEvum
319 2076 347 2104 in
363 2076 442 2106 curis.
465 2076 570 2106 Lucret.
586 2076 632 2106 lib.
650 2087 674 2113 ς.
689 2085 770 2114 1430.

192 2112 306 2142 -1Ενι1111
318 2112 404 2142 bellis.
428 2113 527 2144 Lucan.
538 2114 586 2143 lib.
599 2124 623 2150 ς.
633 2117 698 2150 276.

206 2150 309 2179 Aurum
318 2159 401 2179 omne
414 2151 443 2180 in
453 2151 542 2181 ludos.
563 2151 622 2181 Liv.
635 2161 676 2188 39.
691 2161 717 2188 ς.

207 2186 366 2217 Consilium.
387 2187 452 2218 Ter.
466 2189 533 2219 And.
547 2199 569 2218 1.
586 2198 609 2218 r.
624 2198 685 2226 133.

295 2225 383 2254 Simul
395 2225 537 2256 sceleratus
548 2227 638 2256 Davus
646 2249 654 2261 ‚
676 2225 694 2255 si
706 2225 772 2263 quid
783 2225 877 2258 consili

296 2262 403 2299 Habet,
424 2270 454 2293 ut
464 2264 697 2300 consumatnunc‚
720 2273 802 2301 quum
816 2263 885 2294 nihil
899 2263 988 2294 obsint
999 2263 1068 2294 doli.
1145 2264 1308 2298 ForteCon-

223 2298 347 2329 summet.
387 2301 405 2331 i.
421 2311 444 2331 e.
467 2301 599 2331 Perficiat.
639 2301 669 2331 Id
681 2302 755 2331 enim
765 2303 854 2339 aptius
868 2304 982 2332 verbum
997 2303 1112 2333 videtur.

204 2336 287 2366 Curas
297 2338 323 2366 in
337 2337 436 2375 aliquo.
476 2339 532 2369 Cic.
544 2339 579 2368 ad
592 2339 664 2369 Brut.
681 2345 719 2374 18.
741 2339 863 2376 Rogatus
880 2339 938 2369 sum
954 2350 970 2369 a
988 2340 1233 2377 prudentissima&
1244 2343 1306 2372 dili-

221 2375 373 2412 gentissima
386 2376 488 2406 femina
500 2383 584 2406 matre
595 2382 642 2406 tua
651 2399 658 2413 ‚
679 2377 757 2413 cujus
768 2386 866 2408 omnes
875 2387 947 2408 curae
958 2379 993 2408 ad
1003 2379 1198 2411 tereseruntur
1209 2402 1218 2417 ,
1237 2383 1264 2412 ἃ
1275 2382 1305 2411 in

221 2418 248 2441 te
257 2412 467 2449 consumuntur,
489 2421 518 2444 ut
528 2415 650 2444 venirem
664 2415 699 2444 ad
710 2415 745 2444 se.

202 2449 302 2480 Curam
313 2451 341 2479 in
355 2460 383 2480 re
393 2461 455 2481 una.
476 2451 539 2482 Hor.
556 2462 581 2482 2.
595 2453 680 2482 Serm.
691 2463 717 2488 4.
728 2457 774 2488 48.

202 2486 300 2517 Curam
313 2497 424 2518 omnem
435 2490 463 2518 in
475 2489 634 2520 dialecticis.
674 2491 731 2520 Cic.
745 2490 780 2519 de
793 2489 862 2520 Clar.
875 2489 951 2521 Orat.
969 2501 1030 2530 119.
1062 2491 1210 2531 Propterea
1227 2495 1303 2532 quod

218 2525 328 2555 istorum
338 2526 366 2554 in
379 2526 528 2557 dialeffiticis
537 2528 628 2557 omnis
637 2537 701 2557 cura
711 2527 888 2558 consumitur.

199 2561 279 2592 Diem
290 2562 458 2594 consumere.
498 2565 555 2595 Cic.
570 2576 596 2602 4.
620 2565 692 2595 Fam.
709 2575 750 2595 12.
780 2566 822 2596 lbi
841 2565 1004 2596 Marcellum
1025 2567 1161 2607 collegam
1179 2569 1302 2600 nostrum

218 2601 355 2668 eonien'l':
378 2611 496 2669 epmq‘pe
506 2603 581 2632 diem
594 2602 632 2632 ibi
642 2602 815 2642 consumpsi,
835 2609 867 2634 ut
886 2613 951 2635 cum
967 2615 1002 2635 eo
1016 2604 1109 2637 essem.
1151 2606 1239 2646 Vulgo
1260 2609 1302 2638 di-

216 2647 269 2667 cun
292 2660 299 2672 ,
347 2648 393 2668 ran
406 2649 443 2668 ire
475 2649 537 2670 iem.

198 2674 278 2706 Diem
286 2677 314 2706 in
323 2678 491 2715 apparando,
511 2678 574 2708 Ter.
587 2677 704 2716 Adelph.
718 2689 741 2715 ς.
753 2687 778 2715 7.
790 2686 817 2709 2.

196 2711 409 2751 Diligentiamin
419 2724 447 2744 re
456 2715 554 2753 aliqua.
576 2716 632 2746 Cic.
644 2725 669 2753 7.
690 2716 761 2747 Verr.
776 2721 819 2751 18.

197 2751 306 2782 Famem
319 2759 412 2783 tenera
422 2754 450 2782 in
465 2762 540 2790 agna.
563 2753 622 2784 Stat
641 2759 664 2787 8.
677 2753 766 2784 Theb.
779 2757 839 2791 57⁶·

195 2789 306 2819 Ferrum
317 2790 452 2820 consumit
461 2791 582 2821 vetustas.
605 2791 689 2821 Ovid.
702 2804 727 2826 4.
739 2792 774 2821 de
786 2791 952 2828 Ρο111.ε.49.
1256 2817 1258 2821 ,

195 2826 299 2857 Fidem.
339 2828 442 2858 Sallust.
458 2829 562 2866 Fragm.
578 2828 627 2858 lib.
643 2838 667 2866 3.
682 2829 730 2867 Ep.
744 2830 794 2859 Cn.
813 2830 934 2868 Pompei.
948 2837 1018 2861 extr.
1039 2831 1096 2870 Ego
1112 2842 1170 2863 non
1187 2844 1246 2866 rem
1259 2835 1297 2867 fa.

213 2865 346 2894 miliarem
358 2866 442 2895 modo
458 2888 465 2901 ,
486 2876 581 2896 verum
592 2867 673 2896 etiam
690 2867 773 2897 fidem
783 2867 946 2906 consumpti.
979 2871 1000 2900 i.
1009 2879 1035 2901 e.
1054 2870 1174 2902 Perdidi.

195 2900 293 2938 Fruges
305 2903 464 2933 consumere
474 2905 539 2934 nati.
561 2904 627 2934 Hor.
645 2914 667 2934 1.
684 2905 764 2942 Epist.
776 2914 803 2936 2.
817 2914 862 2943 27.

196 2939 306 2969 Hostem
319 2941 412 2978 plagis.
435 2942 512 2971 idem
526 2951 550 2971 2.
566 2942 647 2979 Epist.
661 2952 686 2972 2.
700 2952 744 2979 97.

194 2975 316 3006 Horasin
327 2978 417 3015 aliquo
427 2978 498 3008 loco.
520 2979 636 3008 Martial.
648 2979 696 3009 lib.
712 2990 753 3010 11.
766 2985 810 3016 78.

270 3015 300 3053 ln
311 3016 440 3046 omnibus
450 3017 563 3046 Vacerra
573 3017 649 3054 quod
659 3017 837 3048 conclavibus

271 3053 413 3082 Consumit
425 3054 517 3089 horas,
536 3056 588 3084 810.

192 3088 278 3118 Horas
287 3090 384 3120 multas
395 3090 546 3121 suavissimo
557 3092 689 3122 sermone.
711 3092 768 3123 Cic.
783 3102 825 3123 11.
837 3092 910 3123 Fam.
921 3102 967 3132 27.

193 3125 276 3156 Horas
288 3128 353 3157 duas
365 3129 392 3156 in
405 3128 519 3159 silentio.
541 3129 598 3159 Cic.
614 3139 637 3166 3.
651 3131 686 3158 de
696 3129 773 3160 Orat.
786 3134 813 3161 6.

191 3162 335 3199 ingenium
345 3166 371 3194 in
385 3166 502 3197 Musicis.
525 3166 584 3196 Cic.
600 3177 625 3203 5.
641 3168 676 3197 de
684 3166 742 3198 Fin.
756 3171 800 3203 63.

192 3199 244 3229 lter
255 3202 280 3229 iri
292 3202 369 3232 rebus
386 3204 601 3242 gestistlegendis.
643 3205 700 3234 Cic.
711 3216 738 3241 4.
752 3205 834 3236 Acad.
845 3214 873 3236 2.
897 3205 990 3243 Itaque
1001 3217 1086 3245 quum
1097 3213 1186 3241 totum
1195 3211 1246 3242 iter
1263 3215 1291 3245 δε

210 3239 411 3280 navigationem
428 3241 628 3280 consumpsisset
642 3264 650 3278 ‚
671 3245 768 3280 partim
780 3244 808 3272 in
825 3245 1018 3281 percontando
1032 3256 1046 3274 a
1058 3248 1165 3284 peritis,
1188 3252 1289 3287 partim

210 3284 237 3303 in
249 3275 327 3306 rebus
339 3278 416 3314 gestis
428 3278 548 3315 legendis
558 3301 566 3315 ‚
589 3280 618 3309 in
630 3280 714 3310 Asiam
728 3281 814 3311 factus
825 3285 974 3318 imperator
984 3284 1068 3312 venit.

192 3309 331 3343 Laborem.
362 3315 418 3344 Cic.
432 3326 480 3353 pro
492 3317 569 3346 Font.
584 3326 626 3353 35.
648 3318 709 3347 Plus
718 3328 768 3356 ego
779 3320 808 3348 iri
819 3319 870 3348 hac
881 3319 959 3348 causa
970 3319 1070 3349 laboris
1083 3323 1109 3351 Sc
1123 3332 1213 3360 operae
1223 3336 1289 3357 con..

206 3348 317 3417 gtfmciig
330 3352 592 3395 poscendis-testibus
604 3377 613 3391 ,
633 3365 716 3393 quam
726 3357 810 3386 ceteri
822 3356 978 3387 defensores
989 3359 1017 3386 in
1028 3359 1190 3391 refutandis.
1230 3365 1247 3394 i.
1260 3375 1285 3396 e.

237 3397 264 3416 US
285 3398 297 3416 {l
320 3399 377 3420 01¹0.

189 3421 286 3453 Manus
299 3427 324 3454 in
337 3425 483 3458 laudando.
520 3428 633 3459 Cic.16.
650 3431 701 3460 Att.
713 3440 739 3460 2.
761 3431 831 3461 Mihi
844 3438 937 3460 autem
958 3443 1014 3470 quo
1037 3434 1140 3464 laetiora
1153 3436 1231 3472 sunt,
1252 3450 1286 3469 eo

207 3461 266 3501 plus
280 3463 407 3494 stomachi
420 3469 443 3495 &r
454 3465 581 3496 molestiae
592 3468 630 3497 est
640 3490 647 3502 ‚
670 3468 803 3505 Populum
823 3468 904 3498 Rom.
918 3479 1014 3500 manus
1031 3471 1105 3507 suas,
1127 3483 1185 3503 non
1198 3475 1228 3505 in
1240 3478 1287 3507 de.

207 3498 343 3529 lende-ndu
357 3502 462 3539 Repub.
478 3504 560 3533 sedin
575 3505 712 3535 laudando
722 3506 891 3536 consumere.
927 3508 967 3537 Al.
988 3509 1159 3542 Plaudendo.

187 3533 292 3565 mensas
304 3559 310 3570 ,
333 3538 493 3570 comedere.
518 3542 587 3578 Virg.
602 3551 626 3577 7.
640 3544 700 3572 [En.
716 3553 775 3579 ¹25·

186 3570 460 3614 Nocteconsumpta,
481 3579 573 3608 Mane.
596 3580 703 3615 Virga.
724 3582 783 3611 [En.
799 3591 862 3619 795.

186 3608 248 3637 Nox
260 3614 507 3656 rota-exinanienda
522 3617 582 3645 navi
594 3618 770 3648 consumitur.
793 3621 848 3648 Cic.
864 3629 889 3656 7.
907 3620 983 3650 Verr.
997 3625 1042 3658 63.

185 3645 303 3682 Operam
315 3659 341 3676 in
352 3660 379 3678 re
387 3651 483 3688 aliqua.
505 3654 567 3683 Ter.
580 3655 676 3684 Heaut.
691 3667 711 3684 ι.
728 3667 750 3685 1.
761 3667 804 3686 21.
827 3657 884 3687 Cic.
896 3663 921 3687 6.
933 3659 1006 3688 Fam.
1021 3670 1063 3694 14.
1084 3659 1133 3690 Me
1143 3660 1210 3691 scito
1221 3673 1280 3694 om·

202 3693 367 3751 ngn'lunriilffl
382 3687 518 3726 laborem,
538 3701 649 3721 omnem
670 3703 797 3730 operam,
818 3705 929 3731 curam,
950 3697 1069 3727 studium
1084 3699 1114 3727 in
1129 3707 1175 3729 tua
1193 3700 1281 3733 salute

184 3758 303 3794 Operam
317 3769 342 3787 iii
354 3761 452 3792 Gra-cis
463 3764 593 3798 legendis.
618 3767 674 3796 Cic.
690 3778 711 3797 r.
730 3769 765 3798 de
777 3769 836 3799 Fin.
848 3780 871 3800 1.

182 3794 302 3831 Operum
313 3806 458 3840 cur-amque
469 3803 495 3828 iri
506 3804 595 3839 aliquo
608 3805 703 3834 studio.
724 3806 780 3835 Cic.
794 3818 815 3836 1.
828 3809 863 3836 de
875 3808 937 3837 Nat.
950 3808 1031 3839 Deor.
1043 3814 1070 3839 6.

181 3832 280 3875 Ope'rae
291 3833 437 3868 plurimum
449 3839 580 3875 lludiique
593 3842 620 3869 in
632 3843 737 3877 praediis
750 3845 882 3873 colendis.
915 3846 971 3875 Cic.
983 3859 1031 3884 pio
1043 3848 1120 3878 Rosc.
1130 3850 1217 3880 Amer.
1232 3861 1273 3888 13.

182 3868 336 3912 Optionem
349 3874 516 3916 consumere.
554 3877 614 3913 Ulp.
629 3880 656 3906 in
669 3881 719 3909 l.2.
738 3881 768 3909 D.
786 3884 820 3910 rie
834 3892 891 3919 opt.
906 3883 957 3919 leg.
982 3886 1047 3914 Data
1057 3887 1137 3922 igitur
1148 3890 1273 3925 optione,

199 3906 217 3935 si
228 3917 287 3942 quis
298 3916 431 3944 optaverit
442 3913 560 3941 alienum
571 3914 692 3949 servum,
712 3919 752 3946 vel
763 3919 903 3949 huminem
917 3923 1051 3954 liberum:
1074 3925 1227 3959 videndum
1236 3929 1273 3960 est

198 3953 232 3973 an
243 3944 439 3984 consumpserit
449 3952 600 3986 optionem.
639 3954 671 3982 Et
679 3962 747 3991 puto
756 3965 812 3985 non
822 3958 955 3989 consumi.

1852 100 1880 134 C
1978 102 2012 136 O
2110 102 2145 137 N

1406 182 1506 212 Otium
1518 180 1598 210 suum
1613 180 1642 208 in
1653 179 1763 209 historia
1773 180 1926 210 scribenda.
1949 181 2007 211 Cic.
2018 192 2044 212 2.
2060 184 2096 213 de
2108 183 2187 213 Orat.
2203 194 2247 221 57.

1407 219 1594 250 Peciinianiin
1612 227 1737 254 agrorum
1749 220 1984 256 coemptionibus.
2009 220 2066 250 Cic.
2085 232 2106 249 1.
2119 222 2155 251 de
2166 221 2239 259 Lege
2254 223 2315 260 Agr.
2332 233 2376 254 12.

1408 258 1504 287 Preces
1516 255 1678 285 consumere
1689 277 1695 288 ,
1719 256 1755 284 est
1769 256 1870 285 Frustra
1887 258 1934 285 diu
1949 260 2061 294 precari.
2085 259 2168 290 Ovid.
2181 269 2205 291 ⁵3.
2219 261 2280 289 eret
2308 265 2368 290 106.
2562 298 2565 299 .

1407 296 1583 332 Requietem.
1607 300 1654 326 ut,
1678 293 1717 321 Ita
1739 292 1797 322 sum
1819 295 1852 323 ab
1869 295 2031 325 hominibus
2047 297 2211 332 destitutus,
2233 304 2264 327 ut
2282 304 2389 328 tantum
2401 297 2534 335 requietis

1426 334 1560 400 habeaCm,
1583 337 1716 397 qantum
1728 341 1792 360 curn
1804 342 1889 361 uxore
1902 334 1927 361 &
1939 332 2025 363 siliola
2038 357 2047 371 ,
2069 337 2096 365 ἀ
2112 335 2222 365 mellito
2239 336 2378 366 Cicerone
2394 336 2533 366 consumi-

1427 377 1478 399 tur.
1526 370 1559 398 ic.
1577 378 1598 397 1.
1638 375 1668 397 tt.
1685 374 1725 402 ig.

1407 408 1513 439 Risum.
1556 406 1612 435 Cic.
1629 416 1667 438 1ς.
1683 405 1757 435 Fam.
1770 415 1815 435 21.
1840 406 1918 444 Quin
1929 408 2013 438 etiam
2023 414 2173 448 antequam
2187 411 2223 441 ad
2239 421 2285 441 me
2299 412 2444 448 veniatur,
2464 410 2532 442 risus

1429 447 1520 475 omnis
1534 453 1613 482 paene
1624 443 1803 473 consumitur.
2301 483 2304 485 .

1407 484 1538 514 Studium
1564 481 1641 510 suum
1662 482 1691 510 in
1707 482 1829 511 virorum
1847 482 1962 512 fortium
1982 482 2060 514 factis
2084 487 2228 517 memoriae
2248 487 2412 526 prodendis.
2435 486 2492 518 cic.
2502 488 2530 517 6.

1429 522 1500 550 Fam.
1525 530 1561 548 12.
1784 526 1786 529 ’

1407 558 1534 595 Tempus
1546 555 1756 586 salutationibus
1765 558 1791 586 &
1800 557 2039 588 Percuncftatione.
2063 559 2121 589 Cic.
2136 560 2172 590 de
2183 561 2307 592 Univers.
2319 572 2347 594 2.

1407 597 1532 633 Tempus
1548 595 1575 623 in
1589 594 1679 629 poetis
1695 594 1866 624 evolvendis.
1889 595 1946 625 Cic.
1961 606 1982 625 1.
2000 596 2035 625 de
2048 596 2107 626 Fin.
2119 608 2163 633 71.

1405 634 1556 671 Temporis
1569 632 1688 661 multum
1701 633 1728 660 in
1738 633 1785 662 ista
1797 643 1852 662 una
1866 633 2063 671 disputatione.
2086 635 2146 666 Cic.
2161 646 2188 673 4.
2206 637 2290 667 Acad.
2307 647 2352 670 12.

1405 672 1549 709 Tempora
1563 669 1654 707 longa.
1678 670 1801 708 Propert.
1816 670 1865 700 lib.
1883 681 1905 700 1.
1926 680 1949 706 3.
1962 680 2005 708 37.

1407 709 1532 738 Verbain
1546 708 1643 737 dulces
1656 715 1744 737 natos.
1767 708 1839 745 Virg.
1857 718 1880 745 3.
1899 709 2001 747 Georg.
2017 714 2078 747 178.

1406 747 1495 777 Verba
1506 748 1536 775 iri
1545 745 1727 775 dissuadenda
1738 748 1890 784 rogatione.
1912 747 1970 776 Liv.
1984 757 2027 783 34.
2041 758 2065 782 ς.
2080 758 2120 785 pr.
2148 748 2206 785 Qui
2217 754 2311 780 tamen
2319 750 2398 789 plura
2407 752 2488 782 verba
2498 752 2530 782 in

1426 785 1589 822 castigandis
1600 784 1744 818 matronis,
1755 794 1837 821 quan-i
1848 786 1877 813 in
1886 785 2029 822 rogatione
2040 786 2130 815 nostra
2140 786 2333 823 dissuadenda,
2351 789 2528 828 consumpsit.

1407 822 1575 853 Consumere
1586 822 1653 850 item
1669 822 1706 850 est
1721 821 1898 852 Distribuere.
1940 825 2017 852 Auel.
2029 824 2064 852 ad
2076 823 2179 854 Heren.
2194 835 2218 854 1.
2236 835 2260 860 3.
2292 826 2423 858 Iuventio
2434 829 2465 859 in
2482 828 2530 860 sex

1426 868 1515 899 partes
1523 860 1656 889 orationis
1668 859 1855 890 consumitur:
1878 861 1909 890 In
1921 861 2069 890 exordium
2079 883 2088 897 ,
2109 863 2299 894 narrationem
2310 866 2364 896 &c-

1370 900 1417 930 Co
1427 909 1445 928 N
1456 908 1467 928 s
1477 909 1495 927 u
1507 909 1526 927 Μ
1535 908 1551 926 o
1561 908 1578 926 iz
1589 920 1596 931 ,
1619 896 1823 934 [λυμαλνομοα]
1843 898 1909 936 pass.
1932 899 2073 929 Absumor.
2097 907 2127 929 ut
2135 922 2143 935 ‚

1410 936 1565 966 consumor
1574 936 1622 964 siti.
1646 935 1710 965 Caes.
1724 941 1750 969 8.
1764 935 1832 966 Bell.
1843 936 1913 966 Gall.
1924 947 1971 973 41.
1992 937 2020 967 h.
2037 947 2061 968 e.
2084 941 2154 969 Areo
2170 939 2198 969 &
2211 938 2343 971 exficcot.

1410 975 1547 1005 lucendio
1557 972 1693 1003 consumi.
1715 973 1773 1004 Liv.
1789 983 1835 1011 27.
1923 1005 1925 1007 ,

1406 1013 1492 1042 Senio
1509 1014 1534 1042 δι
1545 1021 1660 1041 maerore
1670 1011 1805 1042 consumi.
1826 1012 1887 1043 Liv.
1899 1023 1944 1049 40.
1960 1023 2003 1049 54.
2014 1023 2057 1051 pr.

1407 1050 1447 1080 Ab
1461 1050 1540 1079 annis
1551 1049 1652 1086 longis.
1673 1049 1758 1079 Ovid.
1774 1050 1892 1086 inlbin,
1917 1061 1979 1086 145.

1406 1088 1461 1120 Hic
1472 1087 1530 1126 ipso
1540 1095 1632 1117 tecum
1644 1087 1820 1117 consumerer
1828 1099 1896 1119 aevo.
1918 1089 1991 1126 Virg.
2007 1099 2049 1119 ro.
2062 1089 2120 1120 Ecl.
2137 1098 2183 1127 43.

1405 1127 1495 1157 Dolus
1513 1126 1682 1155 consumitur
1703 1126 1732 1154 in
1745 1128 1894 1163 pecuniam
1907 1149 1916 1163 ,
1937 1127 2176 1165 pollicitationes,
2198 1127 2452 1167 dissimulationes,
2471 1140 2530 1163 ma-

1426 1165 1577 1194 turationes
1589 1186 1596 1199 ,
1616 1166 1668 1193 810.
1690 1165 1793 1194 Auctor
1807 1165 1844 1194 ad
1857 1166 1979 1196 Herenn.
1991 1165 2038 1195 lib.
2057 1175 2080 1202 3.
2093 1175 2116 1201 3.
2146 1167 2164 1196 i.
2177 1177 2202 1196 e.
2225 1166 2400 1204 Dispescitur.

1368 1202 1391 1233 C
1401 1213 1446 1232 οΝ
1458 1213 1470 1232 s
1482 1213 1499 1231 u
1510 1213 1529 1231 M
1538 1213 1553 1230 p
1562 1212 1607 1231 τυ
1616 1212 1638 1237 s,
1659 1201 1756 1231 Partic.
1779 1204 1943 1239 [λυμᾳιθέις
1957 1225 1966 1240 ,
1984 1199 2165 1240 harneas]
2187 1213 2233 1241 ut,
2246 1205 2441 1245 ‚Consumptus
2453 1217 2469 1238 a
2479 1217 2527 1247 pe·

1404 1242 1451 1270 ste.
1473 1240 1542 1269 Plin.
1561 1240 1608 1269 lib.
1624 1249 1664 1269 11.
1682 1250 1743 1278 cap.
1757 1247 1800 1275 18.
2564 1242 2568 1251 ’

1404 1278 1509 1308 Dolore
1526 1279 1627 1307 lateris.
1650 1278 1708 1308 Cic.
1723 1288 1747 1314 3.
1760 1279 1797 1308 de
1808 1279 1885 1309 Orat.
1897 1282 1924 1310 6.

1403 1317 1522 1385 ffijuria,
1530 1316 1616 1384 Ἱξᾳὲηἳ
1625 1338 1633 1352 ,
1642 1316 1754 1383 15¹ss⁰rb⁰
1765 1339 1774 1352 ,
1794 1318 1919 1348 vastitate
1931 1317 2099 1357 consumpti.
2120 1317 2181 1349 Cic.
2199 1318 2236 1350 de
2245 1319 2373 1351 Provinc.
2385 1320 2468 1353 Coris.
2480 1331 2506 1358 ς.

1438 1362 1507 1384 orte.
1557 1365 1603 1383 iii
1619 1364 1829 1392 .1.1.3.ς3.

1403 1393 1554 1423 Confectus
1564 1394 1589 1422 &
1603 1392 1783 1431 consumptus
1793 1393 1880 1424 cibus.
1903 1393 1962 1423 Cic.
1980 1394 2016 1423 de
2026 1394 2151 1424 Univers.
2168 1398 2210 1425 16.
2233 1395 2296 1427 Nec
2310 1406 2377 1426 vero
2390 1397 2527 1428 desidera-

1422 1431 1469 1461 bat
1478 1438 1524 1460 aut
1535 1431 1667 1460 alimenta
1676 1432 1815 1470 corporis,
1836 1438 1885 1462 aut
1903 1432 2106 1462 detractionem
2121 1433 2242 1464 confesti
2252 1437 2279 1464 δι
2289 1433 2447 1474 consumpti
2455 1436 2524 1468 cibi.

1402 1468 1486 1499 Vivus
1497 1471 1522 1499 ἃ
1536 1469 1723 1507 Consumptus
1734 1492 1742 1505 ,
1763 1471 1910 1499 contraria.
1951 1470 2009 1500 Cic.
2023 1471 2058 1501 de
2074 1470 2198 1502 Univers
2215 1476 2258 1507 36.
2281 1472 2322 1502 lta
2332 1474 2456 1504 orientur
2465 1474 2525 1505 ani.

1420 1513 1528 1537 mantes
1538 1529 1546 1542 ,
1568 1517 1636 1544 quos
1647 1509 1672 1537 &
1685 1508 1764 1538 vivos
1774 1508 1852 1538 alatis
1861 1530 1869 1544 ,
1892 1510 1917 1538 &
1928 1508 2110 1547 consumptos
2122 1509 2179 1539 sinu
2189 1511 2339 1549 recipiatis.

1403 1545 1484 1576 Aetio
1495 1544 1657 1584 consumpta
1668 1548 1693 1575 &
1704 1546 1843 1576 exhausta.
1866 1546 1924 1576 Cic.
1937 1555 1961 1580 3.
1974 1547 2011 1576 de
2021 1548 2098 1577 Orat.
2114 1557 2175 1578 100.
2202 1548 2234 1578 In
2245 1558 2301 1585 quo
2312 1555 2389 1579 tanta
2398 1559 2524 1581 commo-

1421 1584 1477 1613 veri
1492 1584 1563 1613 a<ftio
1573 1594 1630 1612 non
1642 1583 1731 1622 posset
1742 1607 1749 1619 ‚
1771 1584 1789 1614 si
1799 1584 1866 1615 esset
1877 1583 2043 1623 consumpta
2054 1585 2195 1624 superiore
2207 1594 2286 1617 motu
2303 1589 2329 1617 δι
2343 1587 2485 1620 exhausta.

1401 1622 1511 1651 Annus.
1529 1622 1575 1651 Sil.
1590 1622 1636 1651 lib.
1655 1629 1770 1657 ¹5·408·

1401 1659 1508 1689 Oratio.
1542 1659 1648 1690 Sallust.
1661 1660 1690 1689 in
1703 1660 1833 1697 Jugurth.
1851 1670 1882 1691 ca
1907 1684 1912 1690 .
1925 1670 1970 1696 25.
1983 1667 2052 1691 extr.
2073 1662 2112 1692 Ac
2120 1661 2226 1692 tametsi
2238 1662 2356 1693 Senatus
2365 1663 2455 1694 verbis
2466 1674 2525 1702 gra.

1420 1707 1468 1727 ves
1480 1698 1561 1727 minae
1571 1698 1790 1735 nuntiabantur,
1812 1670 1903 1737 quodp
1899 1699 1933 1728 ab
1950 1709 1967 1728 o
1991 1701 2164 1737 pugnatione
2180 1710 2239 1730 non
2254 1700 2410 1732 desisteret:
2432 1702 2523 1734 multa

1419 1741 1513 1766 tamen
1522 1737 1646 1766 oratione
1660 1736 1840 1776 consumpta,
1861 1737 1956 1767 frustra
1977 1739 2048 1773 egati
2061 1738 2214 1768 discessere.

1363 1772 1386 1803 C
1396 1783 1413 1803 o
1422 1783 1442 1803 N
1451 1784 1463 1803 s
1473 1784 1491 1803 u
1500 1785 1521 1803 M
1530 1784 1619 1804 P'r1o
1629 1797 1637 1811 ‚
1659 1775 1731 1805 onis.
1756 1775 1776 1805 f.
1799 1775 2013 1812 [νωι-ηινοέλωσις]
2034 1775 2094 1806 Cic.
2115 1776 2151 1806 de
2164 1776 2290 1808 Univers.
2303 1780 2347 1809 16.
2376 1777 2472 1816 Itaque
2490 1777 2521 1810 se

1400 1811 1458 1849 ipse
1468 1812 1683 1851 consumptione
1694 1814 1720 1842 &
1730 1812 1807 1843 senio
1817 1813 1909 1843 alebat
1919 1813 1968 1843 sui.

1399 1849 1558 1883 Elaboratio
1571 1853 1597 1881 δι
1608 1849 1786 1890 consumptio
1798 1861 1899 1889 operae.
1941 1853 2020 1881 Aust.
2038 1851 2189 1883 adHeren.
2202 1852 2251 1884 lib.
2265 1864 2293 1889 4.
2304 1862 2348 1889 3²-
2372 1853 2521 1892 Propterea
2565 1884 2569 1885 .

1418 1888 1494 1926 quod
1505 1898 1562 1918 non
1573 1890 1633 1919 haec
1643 1889 1773 1920 videntur
1780 1890 1894 1928 reperiri
1903 1889 1980 1928 posse
1989 1890 2045 1920 sine
2056 1889 2248 1921 elaboratione
2263 1893 2291 1922 &
2303 1891 2523 1931 consumptione

1361 1962 1383 1992 C
1392 1973 1409 1992 o
1416 1935 1537 1993 izrfseriailr'r
1544 1974 1565 1994 'r
1574 1975 1591 1994 0
1599 1974 1625 2000 a,
1647 1965 1711 1995 oris.
1733 1975 1771 1996 m.
1794 1963 1962 2003 [nuptum-nie]
1983 1965 2042 1996 Cic.
2053 1975 2078 1996 2.
2089 1966 2125 1996 de
2137 1966 2201 1996 Nat.
2211 1966 2294 1996 Deor.
2305 1978 2351 2004 41.
2373 1969 2460 2005 Atque
2469 1979 2520 1999 no-

1397 2002 1450 2031 ster
1462 2003 1543 2040 ignis,
1556 2013 1638 2040 quem
1649 2002 1710 2034 usus
1722 2004 1786 2034 vitae
1797 2004 1920 2042 requirit,
1933 2005 2078 2033 confector
2085 2005 2132 2040 est,
2154 2007 2180 2035 &
2189 2005 2369 2044 consumptor
2377 2008 2518 2039 omnium.

1360 2038 1407 2069 Co
1417 2049 1457 2069 ns
1468 2051 1485 2069 u
1495 2050 1511 2069 o
1523 2063 1531 2075 ,
1553 2042 1599 2077 ui,
1620 2044 1700 2070 situm
1716 2063 1725 2077 ,
1746 2040 1909 2078 [συῤῥάπἹω]
1928 2043 1982 2072 ere.
2004 2042 2093 2072 Simul
2105 2042 2192 2072 suere.
2216 2043 2299 2072 Plaut.
2310 2044 2396 2074 Stich.
2408 2055 2518 2081 2.2.ς4.

1397 2077 1572 2116 Confutaque
1589 2080 1703 2117 tapetia.
1744 2079 1813 2110 Plin.
1830 2080 1878 2110 lib.
1894 2090 1940 2111 ²0.
1963 2090 2025 2119 cap.
2037 2091 2063 2117 9.
2096 2080 2249 2111 Consutum
2268 2081 2443 2121 suspenditur
2457 2082 2518 2114 lino

1395 2117 1515 2146 modicis
1525 2117 1687 2147 intervallis.

1396 2153 1534 2184 consuere
1543 2155 1632 2185 dolos.
1655 2155 1851 2194 Plaut.·Amph.
1866 2166 1889 2185 1.
1904 2165 1927 2186 r.
1940 2165 2005 2186 211.

1451 2193 1605 2229 Advenisti,
1626 2194 1748 2223 audaciae
1758 2193 1890 2224 columen
1902 2216 1910 2229 ,
1931 2193 2053 2224 consutis
2065 2193 2147 2224 dolis.
2195 2194 2276 2225 Conf.
2290 2194 2520 2232 Pseud.r.5.126.'

1395 2227 1432 2258 Ut
1451 2226 1614 2294 hgofifia‘rrm.
1648 2231 1719 2261 Vide
1740 2241 1803 2270 pag.
1817 2232 1871 2270 seq.
1899 2231 2088 2263 Consurarius.
2111 2233 2146 2263 H.
2164 2232 2202 2263 St.
2242 2233 2334 2264 Immo
2355 2230 2516 2273 ἢλορῥαφιὶε,

1356 2267 1456 2334 Coisiesl
1463 2274 1652 2342 υῗὲΐῖζῗὲε.
1674 2307 1693 2337 f.
1717 2307 1855 2344 [συῤῥαΦὸ]
1875 2308 1950 2338 Suet.
1963 2308 1991 2337 in
2003 2307 2095 2340 Vitell.
2112 2318 2172 2348 cap.
2187 2317 2213 2338 2.
2236 2308 2322 2346 Cuius
2331 2310 2405 2340 filius
2417 2309 2514 2341 sectio.

1393 2343 1476 2372 nibus
1488 2346 1513 2374 &
1524 2345 1677 2375 consuturis
1688 2345 1800 2375 uberius
1815 2347 2017 2384 compendium
2031 2348 2137 2377 nactus.
2176 2346 2231 2376 Sed
2244 2347 2397 2385 legendum
2412 2350 2450 2379 est
2460 2349 2515 2379 Co.

1393 2382 1517 2426 gnituris.
1541 2383 1572 2412 V.
1594 2383 1674 2422 supra
1692 2384 1862 2422 Cognitum,
1883 2386 1914 2414 in
1935 2393 2135 2415 coenosco.
2154 2385 2230 2416 conf.
2250 2386 2373 2417 Gronov.
2397 2388 2424 2417 St.
2443 2387 2515 2418 Tor-

1355 2420 1616 2495 cffss'dllffis,
1637 2470 1662 2489 e.
1684 2459 1804 2490 cassiod.
1819 2471 1842 2495 ς.
1858 2459 2000 2497 apina.
2332 2471 2342 2476 ‚,

1355 2494 1378 2524 C
1388 2504 1404 2523 o
1414 2505 1433 2523 N
1443 2505 1455 2525 s
1464 2506 1481 2524 u
1490 2506 1536 2526 TA
1549 2507 1564 2526 a
1574 2508 1581 2526 i
1593 2508 1610 2527 u
1619 2507 1631 2528 s
1647 2505 1712 2527 ante
1722 2499 1798 2527 dieti.
1825 2498 1857 2528 H.
1871 2498 1910 2528 St.
1951 2498 2020 2528 Haec
2038 2508 2151 2536 quoque
2162 2498 2316 2529 observatio
2330 2499 2420 2531 cultro
2429 2501 2515 2531 muti.
2540 2514 2547 2524 x

1391 2532 1445 2562 lata
1454 2533 1500 2563 est.
1542 2535 1670 2573 Suspicor
1685 2545 1719 2565 ex
1732 2536 1858 2566 Pontano
1870 2558 1878 2571 ‚
1900 2535 1944 2565 vel
1961 2536 2017 2566 allo
2034 2538 2167 2576 quopiam
2181 2540 2338 2569 recentiore
2350 2561 2359 2575 ,
2380 2537 2514 2569 Consuta.

1391 2571 1462 2600 rium
1481 2581 1531 2610 pro
1544 2570 1676 2609 haop’fiaicpm
1688 2574 1807 2612 positum
1819 2573 1951 2604 docuisse.

1353 2607 1736 2647 CONSUPPLICKTRix,
1757 2613 1819 2642 icis.
1839 2612 1857 2643 f.
1886 2612 1968 2643 Inscr.
1989 2611 2065 2651 apud
2087 2611 2191 2642 Fabret.
2295 2623 2321 2644 2.
2353 2613 2510 2644 CONSVP-
2559 2600 2562 2603 .
2596 2628 2598 2651 l

1390 2646 1631 2679 PLICATRICES.
1669 2649 1858 2680 CERVARIA.
1892 2650 1940 2681 SP.
1970 2650 1999 2681 F.
2038 2621 2293 2682 FORTVNARlflsf
2307 2651 2508 2684 MAGISTRA.

1390 2684 1519 2715 MATRI.
1544 2687 1729 2718 MiiTVTAE.
1754 2688 1786 2717 D.
1811 2688 1845 2718 D.

1352 2721 1578 2759 consumo,
1599 2724 1721 2762 surrexi,
1742 2725 1912 2762 surrectum,
1933 2724 2075 2763 [ἄνι’ςημι,
2097 2725 2247 2762 ’syrie-pau]
2267 2727 2321 2756 ere.
2343 2726 2432 2756 Simul
2452 2726 2509 2757 sur·
2566 2738 2595 2763 ,gy

1388 2770 1459 2798 gere.
1483 2761 1588 2792 Sallust.
1612 2763 1814 2793 Consurrexere
1824 2774 1939 2799 omnes,
1961 2764 2096 2801 simulque
2105 2764 2134 2793 in
2145 2773 2210 2794 eum
2221 2765 2359 2803 impetum
2370 2765 2507 2796 fecerunt.
2562 2773 2569 2778 ·
2594 2770 2595 2800 ζ

1389 2798 1536 2837 Consurgit
1546 2800 1671 2831 Senatus.
1709 2802 1766 2831 Cic.
1778 2811 1801 2838 3.
1813 2803 1849 2838 Q.
1866 2803 1925 2832 frat.
1938 2812 1964 2832 2.
1987 2802 2166 2832 Consurrexit
2181 2802 2298 2834 Senatus
2308 2813 2374 2834 cum
2383 2802 2506 2834 clamore

1406 2837 1440 2865 ad
1453 2847 1538 2866 unum
1546 2860 1554 2873 ,
1576 2838 1612 2867 sic
1621 2845 1652 2868 ut
1663 2839 1698 2869 acl
1707 2849 1807 2877 corpus
1819 2841 1879 2876 ejus
1890 2840 2044 2871 accederet.

1388 2873 1516 2911 Quercus
1527 2876 1703 2914 consurgunt.
1729 2878 1798 2914 Virg.
1811 2888 1836 2913 9.
1849 2878 1910 2908 IEn.
1923 2883 1987 2912 681.

1480 2913 1655 2979 gonlsprgunt
1665 2916 1783 2952 geminae
1794 2925 1912 2953 quercus
1923 2938 1931 2952 ‚
1952 2914 2119 2954 intonsaque
2129 2916 2198 2946 caelo

1501 2957 1541 2980 tto
1566 2960 1616 2982 unt
1629 2963 1660 2982 ca
1685 2955 1728 2982 ita.

1387 2987 1537 3025 Charybcis
1549 2990 1634 3020 fluctu
1646 2963 1703 3020 iriio
1715 2990 1839 3021 sublimis
1849 2990 1996 3030 consurgit.
2018 2990 2114 3022 Tibul.
2127 2990 2176 3022 lib.
2185 3002 2213 3028 4.
2228 3001 2252 3023 1.
2265 3000 2311 3029 74.

1386 3025 1481 3056 Stratis
1493 3028 1640 3065 consurgit.
1663 3029 1707 3058 Sil.
1722 3029 1769 3058 lib.
1788 3038 1829 3066 13.
1841 3039 1906 3065 421.

1385 3063 1526 3102 Languida
1535 3066 1683 3103 consurgit.
1717 3067 1801 3097 Ovid.
1815 3076 1840 3104 3.
1854 3067 1921 3098 Fast.
1932 3076 1977 3103 2ς.
1998 3067 2039 3097 De
2049 3067 2135 3098 Silvia
2146 3067 2244 3098 Vestali
2256 3067 2388 3106 loquitur.

1386 3101 1556 3140 Consurgere
1566 3114 1600 3133 ex
1612 3105 1724 3135 insidiis.
1748 3104 1812 3135 Caes.
1828 3114 1851 3142 3.
1872 3104 1939 3136 Bell.
1953 3105 2033 3135 Civil.
2053 3114 2097 3143 37.

1387 3140 1427 3169 Ad
1438 3140 1541 3170 bellum
1554 3143 1694 3179 provincia
1704 3142 1851 3180 consurgit.
1894 3143 1949 3173 Liv.
1962 3152 2004 3179 33.
2022 3154 2063 3180 ¹9·
2086 3142 2218 3181 Hispania
2235 3153 2349 3182 quoque
2369 3144 2404 3175 ad
2422 3143 2499 3175 idem

1403 3184 1515 3215 tenipus
1529 3190 1629 3217 magno
1642 3181 1764 3210 tumultu
1777 3183 1812 3210 ad
1825 3181 1931 3211 bellum
1945 3181 2124 3212 consurrexit.

1383 3214 1415 3246 In
1424 3217 1608 3247 altitudinem.
1649 3218 1788 3249 Columel.
1802 3219 1850 3248 lib.
1862 3228 1886 3256 7.
1899 3229 1961 3258 cap.
1975 3229 2000 3256 9.
2023 3219 2058 3250 Ut
2068 3219 2155 3250 limen
2165 3228 2259 3250 earum
2275 3219 2306 3261 in
2321 3224 2426 3251 tantam
2438 3219 2501 3251 alti·

1402 3256 1529 3284 tudinem
1542 3257 1702 3294 consurgat,
1724 3264 1856 3294 quantam
1868 3279 1876 3294 ,
1898 3259 1951 3287 Sec.

1382 3291 1415 3322 111
1425 3302 1508 3323 arma.
1532 3294 1602 3331 Virg.
1619 3306 1658 3324 io.
1673 3295 1732 3325 AEn.
1745 3305 1789 3330 90.

1574 3348 1611 3352 —
1619 3343 1679 3369 quse
1693 3332 1772 3362 causa
1780 3332 1831 3362 suit
1842 3332 2006 3371 consurgere
2015 3332 2046 3362 in
2056 3341 2132 3363 arma

1462 3368 1671 3407 Europamque,
1694 3370 1858 3408 Asiamque?

1381 3404 1413 3434 ln
1429 3405 1480 3435 iras
1492 3414 1590 3437 truces.
1618 3408 1702 3438 Valer.
1719 3418 1740 3437 1.
1761 3409 1860 3444 Argon.
1878 3411 1941 3445 673.

1381 3442 1412 3472 111
1424 3446 1631 3474 venerationem
1643 3446 1890 3484 principistlieatra
1901 3445 2078 3484 consurgunt.
2098 3445 2165 3475 Plin.
2177 3445 2208 3475 in
2217 3444 2314 3479 Panee.
2325 3454 2385 3483 cap.
2397 3456 2440 3482 54.
2452 3455 2494 3484 pr.

1382 3480 1552 3519 Consurgere
1566 3485 1690 3513 carmine
1703 3484 1843 3519 Maeonio,
1866 3484 1938 3521 Epos
1955 3483 2082 3514 scribere.
2105 3483 2189 3514 Ovid.
2203 3491 2227 3520 3.
2243 3483 2278 3513 de
2289 3483 2367 3513 Pont.
2381 3492 2405 3520 3.
2420 3492 2464 3521 31.

1379 3517 1487 3549 Bellum
1504 3521 1651 3559 consurgit.
1674 3522 1745 3559 Virg.
1759 3527 1783 3555 8.
1804 3521 1865 3551 JEn.
1878 3527 1940 3558 ⁶37.

1572 3574 1608 3578 —
1619 3558 1764 3594 subitoque
1775 3568 1880 3588 novum
1891 3559 2052 3595 consurgere
2063 3558 2170 3588 bellum

1470 3594 1644 3631 Romulidis,
1665 3596 1804 3633 Tatioque
1817 3597 1873 3626 seni
1885 3619 1893 3630 ,
1915 3596 2088 3631 Curibusque
2100 3595 2208 3626 severis.

1377 3631 1459 3661 Fama
1469 3632 1585 3669 alicujus
1597 3634 1687 3672 operis
1699 3634 1940 3673 magniconsurgit
1952 3635 1981 3663 in
1994 3633 2086 3672 aliqua
2094 3634 2217 3672 regione.
2239 3632 2327 3664 valer.
2343 3633 2391 3664 lib.
2407 3643 2431 3665 1.
2446 3634 2491 3664 Ar-
2549 3637 2552 3645 ⁴

1412 3679 1460 3698 on.
1493 3682 1515 3704 ς.

1375 3679 1486 3736 Ρξηωὲ
1488 3709 1585 3743 ingens
1596 3709 1772 3747 0011101ςί1νί0
1783 3709 1885 3740 vastum
1895 3719 2034 3748 aggerem.
2074 3709 2092 3739 i.
2103 3717 2127 3738 e.
2150 3708 2346 3740 Cumulatione
2356 3717 2488 3748 aquarum

1392 3751 1490 3781 turget.
1517 3750 1577 3774 *en
1598 3748 1711 3785 Hippoi.
1726 3758 1765 3776 io.
2476 3765 2481 3769 ¹

1372 3781 1451 3811 Remi
1464 3783 1738 3821 consurguntordine
1750 3792 1840 3815 terno.
1861 3785 1934 3823 Virg.
1950 3796 1973 3820 ς.
1990 3784 2127 3815 AEn.120.

1372 3819 1461 3849 Venti.
1486 3821 1555 3857 Virg.
1573 3833 1594 3855 ς.
1610 3823 1669 3853 (En.
1684 3833 1729 3853 20.
1898 3839 1941 3860 7-
1956 3823 2072 3861 Vespere
2081 3822 2115 3852 ab
2124 3827 2184 3853 atro

1451 3858 1625 3893 Consurgunt
1636 3861 1721 3890 venti.

1331 3893 1354 3923 C
1363 3904 1380 3923 o
1390 3904 1408 3922 Ν
1420 3905 1430 3922 s
1444 3906 1458 3923 u
1471 3905 1484 3923 1
1494 3905 1511 3923 «2
1524 3899 1560 3925 ῐτ
1570 3908 1586 3926 υ
1599 3908 1613 3926 a
1623 3920 1631 3933 ,
1653 3898 1857 3934 [mmmm]
1879 3897 1987 3934 imperf.
2011 3896 2069 3928 Cic.
2081 3900 2107 3928 6.
2119 3897 2195 3930 Verr.
2210 3905 2271 3935 118.
2293 3898 2389 3938 Itaque
2398 3898 2426 3931 in
2438 3909 2483 3932 cu·

1368 3932 1437 3962 riam
1449 3934 1574 3964 venimus
1583 3958 1591 3971 ‚
1614 3935 1770 3967 honorifice
1779 3935 1844 3967 sane
1854 3935 2036 3974 consurgitur.
2316 3976 2339 4006 C

1720 3999 1724 4001 .
2347 3985 2364 4006 0
2373 3985 2394 4006 Ν
2403 3986 2415 4007 s
2426 3985 2480 4007 ua.
