2600 4177
497 129 526 164 C
622 131 657 166 O
755 130 789 164 N
1686 130 1715 165 C
1811 132 1847 167 O
1937 132 1971 166 N
2378 143 2446 179 691

79 206 104 237 C
113 208 131 237 ὅ
141 208 158 237 ὅ
168 208 205 238 ι’ἰξ
215 219 229 238 a
241 221 250 239 i
261 219 278 239 o
288 232 295 244 ,
316 211 395 247 perui
406 232 413 245 ,
433 217 543 249 pertum
555 232 563 244 .
585 210 789 246 [σννιφλύπἹω]
809 213 859 240 ire.
881 210 996 248 Tegere.
1017 215 1069 245 ut,

115 246 286 283 Conpertum
298 249 631 285 teliscorpusinventum.
654 248 710 278 Liv.
724 254 749 281 8.
768 258 809 277 10.

117 282 273 320 Coopertus
283 292 361 314 terra.
400 286 466 314 Plin.
479 285 527 313 lib.
544 295 584 314 ιο.
596 294 658 322 cap.
671 296 714 321 54·
736 286 843 315 Scitum
868 285 903 315 de
920 286 1041 322 quodam
1058 284 1116 313 vini
1131 290 1229 321 potore

1326 210 1412 244 ravit.
1435 221 1489 249 quo
1501 217 1630 249 receptus
1639 211 1677 241 est
1689 212 1790 241 fluvius
1838 211 1880 241 De
1891 212 1945 241 hoc
1957 212 2084 241 meminit
2098 214 2122 243 &
2133 213 2235 244 Plinius
2244 215 2291 244 lib.
2303 227 2329 251 4.
2342 226 2402 256 cap.
2416 228 2443 254 7.

1290 246 1312 276 C
1322 257 1338 275 o
1347 258 1360 274 P
1369 257 1388 276 H
1401 258 1419 276 A
1430 259 1448 277 Ν
1460 259 1480 277 τ
1491 260 1507 278 u
1519 259 1547 284 s,
1571 250 1654 279 Mons
1664 251 1702 279 est
1713 249 1819 288 semper
1829 251 1929 280 ardens
1943 251 2016 287 apud
2034 250 2144 280 Bactros
2158 253 2243 281 indue
2254 255 2374 290 populos
2383 278 2391 289 ‚
2415 262 2446 285 ut

1329 284 1367 312 est
1377 287 1451 322 apud
1465 287 1531 315 Plin.
1549 287 1596 316 lib.
1610 297 1634 315 2.
1647 297 1706 324 cap.
1721 291 1781 317 10⁶.

136 322 285 357 reperitur,
307 323 441 358 Syracusis
452 330 507 351 tam
519 323 566 351 diu
577 329 674 359 potare
683 323 792 352 solitum
801 345 810 359 ,
832 323 924 352 donec
934 324 967 352 ab
975 333 1008 353 eo
1018 329 1150 360 cooperta
1159 328 1230 351 terra

139 357 239 387 foetum
250 361 363 388 ederent
371 369 431 388 ova.

121 394 220 425 Pannis
229 403 361 434 cooperta
374 397 505 425 membra.
529 396 634 426 Lucret.
646 396 694 426 lib.
707 400 732 426 6.
748 401 827 435 1267.

122 432 274 470 Cooperire
283 433 401 468 aliquem
416 433 555 471 lapidibus
566 456 573 467 .
595 445 645 471 pro
660 435 802 472 Lapidare.
843 434 900 465 Liv.
914 445 939 469 4.
953 444 995 469 ςο.
1018 433 1057 463 Eo
1077 433 1232 469 indignatio

142 472 234 537 {rupit
245 478 304 535 ,Vut
317 470 459 500 Tribunus
471 471 589 516 militum
609 473 642 501 ab
663 474 785 517 exercitu
806 472 854 501 suo
867 473 1070 537 'cooperire-tiulfi>
1080 471 1231 517 lapidibus,

143 517 259 574 tdscesset
271 509 716 577 frgrfblfgp-iOeueggstptSp-llegam
727 513 775 540 nili
790 510 924 540 habuisset
935 532 943 546 ,
964 509 1019 547 lapi
1043 519 1049 537 ι
1074 518 1104 538 us
1119 518 1234 546 cooper-

123 582 277 619 Coopertus
289 581 445 614 sceleribus.
485 584 543 614 Cic.
558 594 580 622 3.
596 585 668 614 Verr.
679 595 706 619 9.
728 584 785 620 Qui
798 584 878 613 istum
888 589 950 619 tot,
970 584 1054 613 tantis
1066 604 1074 618 ,
1094 588 1151 611 tam
1161 582 1236 612 nefa-

142 619 187 648 riis
197 618 344 649 sceleribus
354 629 521 659 coopertum
530 623 609 658 jurati
619 622 751 651 sententia
761 620 807 650 sua
818 621 976 650 liberarent.

122 656 279 693 Coopertus
289 658 409 689 miseriis.
431 659 536 689 Sallust.
549 661 578 689 in
588 659 785 696 jugurthmp.
803 668 845 693 14.
864 659 950 688 Sicuti
961 658 1073 692 videtis,
1096 663 1236 686 extorrem

142 695 246 737 patria,
267 695 370 731 domn,
391 698 525 734 inopem,
547 699 745 735 &coopertum
756 696 890 733 miseriis,
909 696 1020 732 effecit,
1041 703 1072 725 ut.
1089 695 1180 724 ubivis
1193 703 1237 724 tu-

143 738 197 761 tius
205 741 287 769 quam
296 733 322 762 in
333 744 397 764 meo
405 744 490 771 regno
499 734 590 765 essem.

123 768 279 807 Coopertus
289 771 397 801 famosis
410 772 538 802 versibus.
560 772 626 802 Hor.
639 781 665 801 2.
684 771 772 800 Serm.
791 780 815 800 1.
827 774 872 804 ⁶3.

86 806 110 836 C
120 817 136 836 o
144 816 161 836 o
171 816 186 835 ι»
194 817 207 836 s
216 817 231 836 a
240 811 252 836 ῖ
261 818 281 836 M
292 819 305 837 s
315 819 334 837 N
343 819 362 838 T
372 821 388 839 u
398 820 418 838 M
426 832 434 845 ,
455 811 473 840 i.
495 820 522 839 n.
544 809 614 839 Gell.
626 820 649 845 ς.
661 817 686 844 7.
708 808 748 838 Os
761 808 972 846 cooperimento
986 806 1108 846 personae
1120 808 1237 836 tectum.

88 844 112 875 C
121 854 138 873 0
146 854 162 873 0
173 854 187 873 P
196 854 210 873 Ε
220 855 236 873 R
244 855 261 874 C
269 848 285 874 ῡ
295 857 310 874 L
321 857 339 875 υ
348 859 368 877 Μ
381 870 389 883 ,
410 848 429 877 1.
449 857 477 877 n.
500 847 625 883 [mimo]
645 846 711 882 Quo
729 846 797 882 quid
822 847 990 883 cooperitur.
1013 851 1062 880 ut,
1079 844 1238 882 Coopercu-

125 881 183 911 lum
194 882 345 949 dolliorum.
385 885 456 915 Plin.
468 885 516 915 lib.
530 894 571 921 14.
584 893 700 922 cap.21.
721 883 831 921 Legitur
845 885 871 914 δι
884 882 1057 921 Operculum
1078 891 1115 912 ex
1132 882 1237 913 vetusto

126 929 206 949 exem
240 931 285 950 ari.

88 957 163 1001 Coo
173 968 188 986 P
196 931 234 987 asir
244 968 263 987 τ
273 962 313 989 δι(
321 971 330 989 ι
339 970 356 990 υ
366 970 388 990 M
398 983 406 996 ‚
427 960 446 990 i.
468 969 495 989 n.
517 959 614 996 Veget.
626 959 661 988 de
670 958 711 988 Re
718 957 778 988 Vet.
790 966 816 995 3.
826 966 872 997 77.
887 964 957 989 extr.
977 957 1082 988 Calidis
1092 963 1240 995 cooperto.

127 996 174 1024 riis
188 996 347 1027 involutum
360 997 529 1028 deambulet.

88 1032 112 1061 C
122 1035 212 1099 (1³⁶⁰AEss
220 1043 235 1062 a
245 1043 286 1100 ofa
296 1056 303 1070 ‚
339 1034 561 1072 [συνιςμέζομαι]
579 1035 627 1064 ari.
649 1032 733 1064 Gloff.
744 1032 805 1063 Vet.
825 1032 889 1064 vox
904 1033 980 1072 apud
991 1032 1137 1071 scriptores
1151 1031 1239 1063 eccle·

138 1080 161 1100 ia
197 1080 244 1100 cos
267 1082 295 1101 re
318 1083 395 1103 nens.

89 1104 139 1136 Co
149 1082 314 1139 orsam-iq
314 1122 330 1140 0
345 1133 353 1146 ,
375 1111 446 1141 onis.
467 1110 486 1140 f.
509 1108 629 1146 Quintil.
649 1108 773 1139 Declam.
791 1112 832 1138 16.
845 1115 914 1139 extr.
935 1108 1027 1139 Habet
1044 1108 1142 1137 omnia
1158 1107 1239 1137 mini-

126 1146 205 1175 steria
217 1146 261 1176 sua
271 1148 415 1183 debilitas,
436 1148 493 1178 suas
504 1146 725 1185 cooperationes.
765 1147 821 1176 Sed
835 1147 919 1176 lectio
936 1146 1021 1176 dubia
1032 1145 1078 1175 est.
1106 1145 1138 1175 V.
1160 1153 1220 1174 not.

88 1181 111 1211 C
120 1193 137 1211 0
146 1193 162 1212 ο
172 1194 187 1212 P
198 1194 212 1212 iz
222 1194 236 1212 a
248 1188 264 1213 Ᾰ
272 1196 292 1215 τ
302 1197 319 1216 0
330 1197 347 1216 a
359 1208 367 1221 ‚
381 1187 446 1216 oris.
462 1195 499 1214 m.
521 1184 600 1223 Apul.
615 1183 686 1214 Flor.
699 1193 727 1214 2.
752 1184 785 1214 Et
793 1185 868 1223 apud
876 1185 991 1215 Hieron.
1010 1183 1150 1221 Augustin.
1161 1181 1240 1213 alios-

127 1230 181 1258 que
192 1222 340 1260 scriptores
347 1224 525 1254 Christianos.

88 1258 377 1296 Coopizat‘iizrus,
397 1262 415 1290 i.
437 1270 476 1290 m.
498 1258 578 1297 Apul.

88 1295 136 1326 Cf>
147 1307 164 1326 ο
175 1304 241 1326 r‘ro
253 1319 261 1331 ,
283 1301 299 1335 [
308 1298 506 1335 ωσωςέομαι]
526 1300 581 1326 are.
603 1296 640 1326 est
662 1296 769 1334 Eligere
785 1297 857 1327 inter
877 1306 957 1336 pares
970 1319 979 1333 ,
999 1302 1047 1327 aut
1061 1296 1120 1326 fere
1140 1305 1239 1334 pares,

127 1336 239 1364 austore
249 1335 326 1366 Valla
338 1337 386 1366 lib.
401 1345 494 1372 5-cap.
505 1338 550 1364 60.
573 1341 621 1369 ut,
642 1335 748 1364 Milites
762 1342 896 1373 coeptant
913 1345 996 1373 quem
1011 1334 1112 1364 volunt
1126 1334 1238 1364 ducem.

127 1373 186 1402 Cic.
197 1373 232 1402 de
242 1373 312 1412 Lege
323 1376 342 1404 A
376 1379 430 1408 .18.
443 1374 483 1402 Ab
494 1382 526 1402 ea
535 1379 612 1410 parte
624 1373 670 1410 qui
680 1372 746 1401 esset
756 1373 854 1408 factus,
866 1373 889 1402 is
897 1383 913 1402 a
923 1373 1043 1411 collegio
1051 1377 1238 1410 cooptaretur.

127 1410 267 1448 cooptare
277 1414 305 1442 iri
315 1422 348 1441 co
361 1412 466 1449 legium
479 1411 544 1440 &in
554 1411 691 1440 ordinem.
713 1410 771 1440 Cic.
790 1411 825 1440 de
837 1411 908 1441 Clar.
920 1411 998 1441 Orat.
1016 1421 1037 1440 1.

126 1448 298 1486 Cooptariin
308 1450 403 1480 locum
414 1449 534 1479 alterius.
578 1447 633 1478 Liv.
645 1459 690 1484 40.
706 1458 752 1483 4²·
786 1447 927 1478 Triumvir
939 1447 1024 1486 epulo
1039 1452 1179 1482 mortuus,
1201 1445 1239 1483 Q.

145 1486 256 1516 Fulvius
266 1487 306 1517 M.
319 1488 346 1517 F.
359 1489 387 1516 in
399 1487 494 1516 locum
503 1486 564 1522 ejus
579 1485 719 1515 Triumvir
733 1495 785 1516 coo
808 1493 890 1517 tatus.
931 1486 959 1517 h.
971 1496 996 1516 e.
1017 1487 1039 1516 A
1053 1484 1173 1522 collegio
1186 1484 1241 1514 ele-

144 1526 205 1554 ctus
212 1546 220 1559 ‚
240 1526 267 1555 ἃ
276 1525 484 1562 quodammodo
493 1530 620 1561 receptus
631 1533 664 1554 ac
673 1533 790 1562 compro
812 1530 881 1553 atus.

127 1562 268 1600 Cooptare
278 1565 439 1598 Senatores,
460 1564 485 1592 ἃ
499 1562 639 1592 Senatum.
662 1561 721 1592 Cic.
732 1572 758 1591 2.
776 1562 812 1591 de
823 1562 965 1596 Divin.23.

127 1600 278 1639 Cooptavit
285 1601 333 1630 sibi
343 1600 481 1638 collegam
491 1600 519 1629 in
528 1599 676 1629 tribunicia
686 1598 1240 1637 potestate.Sueeiniiugust.cap.27.extr.

128 1638 262 1677 Cooptari
271 1639 300 1668 in
310 1639 540 1668 locumvacuum.
563 1637 621 1668 Liv.
635 1647 659 1673 5.
674 1647 715 1666 10.
729 1644 799 1666 extr.
821 1638 896 1667 conf.
916 1637 970 1675 seq.
985 1647 1048 1674 cap.

90 1677 305 1708 CooPTKTio
317 1699 325 1713 ,
345 1678 416 1707 onis.
437 1676 455 1705 f.
477 1674 673 1712 [σεςσαίςεσ-ις]
694 1674 753 1705 Cic.
772 1684 796 1712 3.
816 1675 852 1705 de
865 1675 960 1712 Legib.
972 1684 1016 1709 ²7-
1039 1673 1188 1703 Neminem
1207 1673 1241 1716 in

127 1715 265 1745 summum
278 1714 373 1745 locum
384 1714 432 1744 nisi
464 1723 493 1743 er
501 1713 638 1752 populum
647 1712 757 1749 venire,
779 1712 884 1744 sublata
899 1712 1080 1751 cooptatione
1102 1711 1240 1741 Censoria-

127 1753 280 1791 Cooptatio
291 1753 320 1782 in
328 1759 428 1791 patres.
472 1752 508 1781 iv.
521 1762 547 1786 4.
562 1761 589 1786 4.
1174 1786 1180 1792 .

91 1791 166 1822 (266
176 1801 271 1826 R10R‚
295 1790 411 1821 coorIris
423 1789 469 1820 vel
482 1789 615 1823 cometis,
624 1793 736 1818 coortus
745 1787 815 1824 sum,
838 1786 914 1824 [ἅμφ
929 1786 1074 1821 decanum]
1093 1786 1137 1815 ῖιί.
1153 1785 1242 1816 Simul

129 1830 204 1859 oriri.
226 1828 294 1859 Plin.
312 1828 360 1858 lib.
373 1837 415 1858 11.
426 1837 487 1865 cap.
501 1836 544 1857 10.
566 1827 593 1856 Si
604 1827 741 1856 cooriatur
750 1826 873 1864 procella
883 1848 891 1861 ,
907 1825 1071 1863 apprehensi
1085 1824 1242 1862 ponduscu-

130 1866 159 1897 lo
175 1866 263 1905 lapilli
272 1866 299 1896 se
307 1866 418 1896 librant.
448 1865 489 1895 De
502 1864 601 1903 apibus
616 1864 748 1901 loquitur.
788 1863 855 1895 Caes.
869 1873 891 1894 1.
909 1863 977 1894 Bell.
991 1862 1072 1894 civil.
1083 1868 1130 1899 48.
1151 1861 1242 1893 Tanta

127 1905 205 1935 enim
215 1905 361 1943 tempestas
372 1903 511 1938 cooritur,
531 1908 563 1932 ut
577 1911 719 1939 nunquam
730 1924 738 1937 ,
754 1903 807 1932 &c.

128 1942 237 1972 Bellum
246 1949 373 1972 coortum
386 1942 482 1979 ingens
490 1940 520 1969 in
529 1939 669 1978 Hispania.
691 1940 748 1969 Liv.
761 1949 806 1975 ²9·
822 1948 846 1969 1.

127 1980 224 2011 Febris
233 1987 327 2010 coorta
334 1980 372 2010 est
379 1979 522 2017 superante
532 1977 591 2007 bili.
614 1977 721 2008 Lucret.
733 1977 782 2007 lib.
793 1987 819 2012 4.
831 1980 896 2012 668.

128 2018 247 2056 Fulgore
258 2024 356 2048 coorto
372 2017 506 2047 fulserunt
515 2016 643 2046 flammae.
665 2015 773 2045 Lucret.
784 2014 832 2046 lib.
845 2025 869 2045 1.
883 2017 948 2053 726.

129 2056 209 2087 Mare
220 2063 351 2086 coortum
360 2055 442 2085 saevit.
465 2054 573 2084 Lucret.
586 2054 635 2083 lib.
649 2065 674 2090 ς.
691 2062 772 2084 1001.

129 2093 286 2124 Pestilentia
298 2100 404 2124 coorta.
427 2093 484 2122 Liv.
497 2103 524 2125 4.
539 2101 582 2128 52.
595 2101 636 2130 pr.

129 2131 254 2162 Procella
262 2133 393 2161 cooritur.
415 2131 483 2161 Plin.
498 2129 548 2159 lib.
567 2140 609 2159 11.
625 2138 685 2167 cap.
701 2138 744 2159 xo.

129 2170 237 2200 Seditio
246 2176 342 2200 coorta
354 2169 391 2199 est
405 2169 434 2198 in
446 2168 563 2207 populo.
584 2167 657 2204 Virg.
673 2176 696 2197 1.
712 2167 774 2197 AEn.
793 2170 856 2202 148.

128 2208 291 2246 Tempestas
302 2213 398 2238 coorta
406 2207 454 2237 est.
494 2205 553 2236 Cic.
564 2214 588 2242 3.
605 2205 678 2236 Verr.
690 2209 735 2240 4⁶·
765 2204 841 2235 Tum
852 2203 942 2234 subito
952 2200 1128 2242 tempestates
1140 2206 1244 2233 coortae

147 2245 211 2276 sunt
224 2247 361 2275 maximae.

129 2283 227 2313 Ventis
234 2284 336 2314 coortis
346 2281 520 2313 commiserat
528 2280 555 2311 se
564 2280 648 2311 unda.
669 2279 751 2311 Ovid.
768 2289 810 2310 11.
825 2279 895 2309 Met.
908 2287 970 2314 ςι2.
1010 2277 1050 2308 Al.
1070 2277 1229 2308 Admiserat.

129 2321 253 2357 Cooriri,
277 2322 409 2352 invadere
423 2322 452 2349 in
466 2319 582 2349 hostem.
614 2319 683 2348 Plin.
693 2318 742 2348 lib.
755 2324 780 2353 8.
792 2327 853 2356 cap.
867 2320 909 2347 16.
932 2315 1106 2346 Generositas
1125 2317 1247 2346 maxime

149 2360 179 2389 in
191 2360 319 2398 periculis
335 2358 573 2396 deprehenditur:
595 2366 654 2387 non
670 2357 700 2385 in
718 2355 768 2385 illo
788 2355 1002 2388 tantummodo,
1024 2354 1098 2391 quod
1115 2352 1247 2391 spernens

149 2398 206 2428 tela
215 2420 224 2434 ‚
246 2399 295 2427 diu
306 2397 332 2426 se
341 2404 444 2426 terrore
452 2395 510 2424 solo
520 2402 612 2425 tuetur
623 2416 632 2430 ,
653 2404 687 2424 ac
695 2394 771 2423 velut
785 2394 848 2431 cogi
862 2393 983 2428 testatur,
1003 2392 1180 2427 cooriturque
1189 2401 1247 2421 non

148 2442 282 2472 tanquam
293 2434 420 2473 periculo
431 2435 560 2467 coactus,
581 2433 629 2462 sed
640 2439 770 2470 tanquam
785 2432 914 2460 amentiae
927 2431 1019 2459 iratus.
1061 2429 1102 2459 De
1115 2428 1208 2459 leone.
1239 2465 1246 2473 ·

130 2474 227 2504 Coorti
237 2475 272 2503 ad
281 2473 396 2503 bellum.
436 2471 493 2502 Liv.
509 2481 537 2508 4.
551 2479 576 2507 3-
596 2470 709 2501 Volscos
724 2471 750 2500 ἀ
761 2469 864 2507 AEquos
875 2468 948 2499 fama
960 2467 1086 2503 affertur,
1107 2467 1213 2497 summa
1220 2475 1248 2496 vr

149 2513 184 2542 ad
196 2512 301 2542 bellum
314 2516 434 2540 coortos.

129 2550 225 2580 Coorti
237 2550 265 2578 in
274 2554 404 2587 pugnam.
445 2547 503 2576 Liv.
516 2555 561 2577 21.
575 2555 618 2581 32.
640 2545 698 2582 Qui
707 2545 724 2574 11
734 2543 819 2575 valles
827 2543 995 2574 occultiores
1006 2541 1183 2585 insedissent,
1201 2551 1250 2572 co.

150 2588 242 2618 ortiin
257 2596 378 2625 pugnam
389 2608 396 2620 ,
418 2590 534 2623 repente
546 2584 691 2622 ingentem
701 2583 795 2620 fugam
806 2604 815 2619 ‚
836 2583 1006 2622 stragemque
1022 2580 1170 2611 dedissent.

94 2626 173 2658 coo
183 2636 199 2655 R
208 2635 228 2655 τ
239 2636 257 2655 u
266 2635 278 2655 s
287 2646 296 2661 ,
318 2626 357 2654 [is.
379 2633 416 2653 m.
439 2623 549 2652 Lucret.
562 2631 588 2651 2.
607 2631 687 2657 1104.

286 2678 325 2683 —
334 2662 394 2700 post
404 2661 502 2690 mundi
511 2667 623 2697 tempus
633 2657 754 2702 genitale
764 2679 772 2693 ‚
791 2657 926 2695 diemque

212 2700 402 2738 Primigenum
411 2699 493 2728 maris
503 2720 510 2733 ‚
532 2698 558 2728 ἃ
570 2703 648 2727 terrae
659 2718 667 2731 ,
688 2695 804 2733 solisque
815 2703 956 2726 coortum.
1203 2730 1216 2738 .-

96 2739 213 2774 coos,
233 2739 287 2768 live
313 2738 404 2772 Cos,
424 2737 476 2766 sive
501 2735 618 2770 Cous,
646 2734 700 2764 sive
717 2733 784 2769 Co,
813 2734 867 2763 sive
887 2733 1006 2767 Cous,
1044 2731 1157 2768 [xdm‚
1177 2731 1249 2775 ξας]

130 2776 223 2808 insula
237 2777 267 2806 in
278 2776 346 2806 mari
357 2775 458 2813 AEgaeo,
479 2773 535 2809 seu,
555 2780 587 2802 ut
598 2772 708 2809 quidam
718 2772 812 2806 aiunt,
834 2772 863 2800 in
875 2771 961 2801 Icario
970 2792 978 2805 ,
999 2769 1100 2799 Rhodo
1111 2779 1247 2806 proxima,

130 2817 159 2846 ἃ
168 2815 254 2845 Cariae
268 2814 398 2852 opposita
407 2834 416 2848 ‚
437 2822 496 2849 quae
505 2811 572 2841 olim
584 2820 683 2847 magna
689 2809 742 2839 fuit
753 2831 760 2844 ‚
782 2810 808 2838 &
819 2810 928 2847 optime
939 2808 1060 2837 habitata
1072 2829 1079 2842 ,
1101 2809 1127 2837 &
1137 2807 1250 2845 aspectu

130 2852 327 2890 jucundissima
337 2852 387 2886 iis,
408 2850 455 2888 qui
465 2859 499 2879 eo
509 2848 682 2886 navigabant.
724 2846 850 2877 Ambitus
863 2847 923 2882 eius
933 2846 1091 2883 quingentis
1101 2867 1109 2880 ,
1131 2847 1157 2875 δι
1169 2847 1250 2881 quin.

130 2891 261 2928 quaginta
273 2889 364 2919 stadiis
373 2887 514 2918 clauditur
522 2909 531 2923 ‚
550 2892 608 2916 tota
616 2885 713 2915 fertilis
723 2906 732 2921 ,
753 2886 779 2915 δι
789 2885 898 2923 optimo
908 2884 975 2914 vino
986 2883 1139 2913 abundans.
1171 2882 1249 2919 [Co‚

129 2931 158 2959 ἃ
170 2928 246 2958 Cons
261 2928 290 2957 in
303 2928 379 2957 recto
390 2936 447 2956 nori
457 2925 521 2963 legi.
978 2959 983 2965 ·

131 2966 176 2997 Est
190 2967 215 2996 &
230 2965 296 2995 urbs
306 2974 341 2995 eo
353 2965 470 2994 nomine
482 2961 633 3000 antiquitus
645 2959 792 2999 Astypalaea
801 2964 907 2989 vocata.
949 2959 1030 2989 Dicta
1047 2968 1064 2989 a
1085 2958 1145 2988 Coo
1155 2958 1250 2988 Mero-

150 2999 760 3078 111ῗι111ῗρῖῗῗοᾞξὲἣὲνῐἙέέῖἒὲῗὲζῖίὥς.
770 2997 971 3064 1.ῗῖξέξὲξὲῗέ
980 2998 1248 3072 1ῗέἕέξὲῗίἓὲΞὲ

496 3060 504 3073 ,
1130 3055 1138 3063 .

148 3078 232 3117 vulgo
243 3079 346 3108 dicitur
360 3081 451 3113 Lange.
489 3076 570 3106 Dicta
581 3075 634 3104 Fuit
642 3076 669 3104 ἃ,
679 3074 743 3104 Cea.
764 3083 789 3110 q.
806 3073 839 3102 V.

92 3119 116 3149 C
125 3120 142 3148 ὃ
151 3128 171 3147 υ
179 3127 202 3151 s.
213 3116 361 3152 a‚um.Adj.
376 3114 482 3150 [κᾶθ’]
493 3113 569 3143 unde
580 3111 765 3150 Hippocrates
779 3110 916 3145 medicus,
930 3108 1072 3147 &Apelles
1081 3109 1183 3147 pistor,
1194 3108 1247 3139 Coi

129 3155 199 3185 dicti
209 3154 281 3189 sunt,
290 3162 375 3191 quum
384 3153 413 3181 in
422 3162 455 3182 ea
466 3151 552 3182 insula
560 3151 616 3180 nati
630 3149 836 3188 perhibeantur.
851 3147 935 3178 Ovid.
947 3147 976 3176 in
989 3149 1051 3177 Arte
1065 3148 1123 3177 Am.
1141 3155 1164 3182 3.
1178 3157 1246 3191 ι4οι.

223 3192 252 3222 Si
274 3191 410 3221 Venerem
430 3190 505 3220 Cous
524 3197 667 3225 nunquam
684 3185 817 3225 pinxisset
836 3185 953 3223 Apelles.
1037 3185 1077 3215 Al.
1107 3184 1246 3215 Posuisset.

150 3230 183 3261 In
198 3229 341 3268 primitivo
350 3229 438 3267 prima
450 3227 596 3264 corripitur
615 3235 631 3255 a
647 3224 762 3268 Papinio
772 3222 838 3254 Silv.
854 3234 877 3253 1.
891 3232 916 3252 2.
930 3231 995 3258 252.

287 3266 407 3296 —hunc
416 3264 473 3303 ipse
485 3264 545 3294 Coo
555 3264 692 3302 prudente
705 3260 830 3292 Philetas.
853 3261 965 3297 [Immo
979 3260 1074 3290 Choro
1084 3260 1246 3298 plaudente.

130 3306 163 3338 In
178 3304 334 3335 suburbano
352 3303 423 3338 Coi,
443 3301 592 3339 AEsculapii
603 3308 659 3332 tem
682 3301 741 3330 lum
753 3300 807 3330 fuit
815 3298 1007 3334 valdeinsigne
1018 3320 1026 3333 ,
1049 3300 1075 3328 δι
1091 3298 1184 3328 multis
1197 3299 1250 3328 do-

149 3344 194 3412 {is
209 3342 485 3410 opucllentumhinter
494 3349 554 3378 quae
565 3339 641 3370 nuda
677 3348 747 3368 enus
765 3344 838 3373 erat,
859 3346 920 3375 quae
938 3336 1032 3375 postea
1051 3335 1127 3372 ,Iulio
1149 3336 1248 3366 Caesari

283 3391 290 3409 ι
311 3386 354 3409 ata
365 3389 381 3409 e
405 3401 413 3408 .

131 3390 256 3455 Cognati.
270 3390 309 3456 ps
331 3417 461 3446 dicuntur
471 3414 557 3445 vestes
567 3412 743 3450 bombycinae
753 3411 916 3443 tenuiffimae
926 3433 934 3447 ‚
955 3411 1025 3442 adeo
1036 3417 1067 3441 ut
1075 3411 1187 3442 feminae
1198 3420 1248 3449 per

152 3466 198 3488 eas
209 3457 292 3486 nudae
305 3455 489 3494 perlucerent.
509 3453 586 3481 unde
597 3452 693 3481 Horat.
707 3461 730 3480 1.
741 3451 828 3480 Serm.
842 3459 868 3479 2.
882 3459 943 3480 101.
1207 3485 1213 3492 ⁸

202 3494 308 3529 Altera,
329 3492 369 3522 nil
377 3491 480 3521 obstat:
501 3490 567 3520 Cois
576 3489 627 3519 tibi
635 3497 716 3527 paene
727 3489 820 3519 videre
830 3488 869 3517 est
878 3509 887 3522 ,
1158 3484 1245 3517 Ovid.

150 3532 181 3562 in
189 3532 252 3562 Arte
260 3533 319 3561 Am.
328 3540 353 3560 2.
365 3535 431 3564 298.
743 3563 749 3569 Ι
823 3563 828 3569 ¹

222 3570 285 3600 Sive
293 3569 383 3598 eritin
393 3566 504 3605 Tyriis,
523 3564 549 3595 T
570 3564 624 3594 rios
635 3563 765 3593 laudabis
773 3563 904 3593 amictus:
970 3599 976 3605 ⁶
1030 3598 1036 3605 ·

259 3607 324 3637 Sive
336 3607 388 3636 erit
396 3606 426 3636 in
436 3604 501 3634 Cois
510 3625 519 3638 ,
581 3602 704 3631 adecere
714 3608 790 3639 puta.
886 3600 916 3629 V.
939 3598 1006 3629 le.
1017 3597 1065 3628 lib.
1080 3609 1105 3634 ς.
1123 3607 1185 3636 cap.
1200 3607 1244 3636 31.

146 3643 184 3676 Et
192 3643 240 3674 lib.
252 3653 297 3680 ²9·
306 3654 368 3683 cap.
381 3653 405 3674 1.
417 3644 445 3674 δι
460 3650 557 3678 rna-3.
579 3640 689 3670 Eaedem
699 3640 726 3669 &
735 3638 799 3668 Ceae
815 3637 990 3668 dicebantur.
1026 3636 1058 3667 V.
1079 3636 1109 3666 in
1128 3645 1208 3666 eu.

548 3700 578 3737 C
668 3702 704 3738 O
787 3700 813 3737 P

946 3485 983 3516 Ut
992 3486 1106 3519 nudam.

93 3758 213 3792 Con,
246 3754 279 3784 V.
300 3763 432 3784 exuro.
815 3786 821 3793 1

94 3797 288 3828 Coelium,
309 3802 398 3822 orum.
421 3802 448 3820 n.
470 3789 508 3830 pl.
528 3788 607 3819 ldem
619 3787 695 3824 quod
712 3786 848 3830 Cupedia.
870 3794 896 3823 q.
912 3784 945 3816 V.
1104 3823 1111 3830 .
1130 3823 1137 3830 ·

93 3834 141 3864 Cf>
149 3843 163 3862 p
171 3843 195 3861 ιιι
203 3854 211 3864 ,
229 3833 315 3860 arum.
338 3829 376 3866 pl.
397 3829 416 3859 f.
438 3829 453 3865 [
465 3827 565 3862 Κῦπωι]
586 3825 657 3855 Urbs
668 3825 791 3854 Boeotiae.
831 3823 928 3853 Strabo
938 3822 988 3853 lib.
1001 3833 1027 3859 9.
1049 3821 1158 3854 Indicio
1176 3823 1243 3855 huic

130 3871 170 3900 rei
181 3869 220 3898 est
237 3867 370 3905 Cephisus
384 3868 504 3896 maxime
519 3865 612 3894 lacum
630 3863 784 3900 Copaidem
805 3861 934 3905 impleris.
971 3861 1046 3905 Nam
1065 3871 1148 3898 quum
1166 3861 1243 3893 lacus

130 3907 188 3946 ipse
197 3905 293 3936 crescit
302 3924 311 3937 2
330 3915 365 3934 rie
376 3905 460 3942 Copae
469 3903 532 3933 urbs
544 3903 737 3937 demergantur
746 3899 894 3929 discrimen
907 3906 1025 3936 ingruit:
1047 3899 1124 3935 quod
1135 3901 1161 3928 ἃ
1176 3909 1244 3936 poe.

131 3954 159 3975 ta
169 3944 335 3974 nominatim
347 3943 393 3972 ait.
434 3943 467 3972 Et
477 3941 511 3971 ab
521 3950 553 3970 ea
564 3940 675 3969 civitate
686 3938 762 3967 lacus
772 3935 828 3975 ipse
837 3946 940 3965 nomen
953 3935 1120 3973 adipiscitur.
1159 3936 1243 3972 Juxta

129 3984 222 4013 lacum
232 3989 308 4011 terrae
319 3978 396 4011 hiatu
405 3979 478 4010 facto
486 3988 574 4019 penes
585 3977 676 4015 copas
685 3976 794 4006 alveum
808 3972 857 4005 sub
866 3982 938 4005 terra
947 3974 985 4005 ad
1002 3974 1086 4005 stadia
1098 3982 1116 4004 x
1124 3983 1142 4004 x
1149 3983 1168 4005 x
1177 3974 1246 4006 rese.

170 4020 255 4052 Vos.
294 4018 317 4050 l.

1296 618 1413 650 Copia
1426 644 1434 656 ,
1454 633 1485 652 τε.
1506 623 1524 652 f.
1548 622 1702 659 [ivmec'ot]
1724 625 1907 653 Abundantia.
1948 625 2005 654 Cic.
2019 626 2048 654 in
2066 625 2158 654 Parad.
2171 628 2196 654 6.

1291 321 1365 351 Cor>
1376 331 1394 349 H
1406 332 1458 357 its,
1479 325 1542 353 Asiae
1562 325 1663 354 fluvius
1676 326 1714 354 est
1729 326 1757 354 in
1771 324 1857 354 india.
1898 324 2034 362 Pompon.
2049 323 2098 353 lib.
2114 334 2137 360 3.
2160 335 2220 362 cap.
2239 330 2280 356 16.
2311 328 2393 358 indus
2412 338 2448 359 ex

1330 367 1426 389 monte
1439 361 1609 399 Paropamiso
1618 369 1730 392 exortus
1739 384 1746 396 ,
1770 364 1795 392 &
1807 363 1859 391 alia
1870 363 1982 397 quidem
1991 363 2106 392 fiumina
2116 363 2237 392 admittit
2250 373 2256 392 ;
2278 364 2324 393 sed
2340 367 2450 396 clarilli.

1331 406 1375 424 ma
1387 398 1505 435 Cophen
1515 421 1523 432 ,
1546 399 1687 428 Ascesinen
1701 422 1709 436 ,
1731 400 1884 439 Hydaspen
1897 421 1904 435 ‚
1925 406 2148 438 conceptamque
2162 400 2287 438 pluribus
2297 403 2382 433 alveis
2397 415 2449 433 un-

1331 434 1394 462 dam
1407 435 1462 464 lato
1477 436 1563 473 spatio
1575 437 1665 466 trahit.

1293 469 1316 499 C
1325 472 1342 499 6
1352 480 1365 498 P
1374 481 1393 499 ii
1402 474 1412 500 ῖ
1421 482 1440 501 Ν
1450 483 1467 502 u
1476 483 1500 508 s,
1522 475 1539 503 i.
1562 483 1598 503 m.
1621 472 1774 509 [olvatum]
1797 474 1849 504 Vas
1858 475 1988 504 rusticum
1997 475 2101 504 vimine
2110 481 2275 505 contextum
2283 497 2292 510 ,
2313 486 2328 504 a
2338 476 2448 507 levitate

1331 509 1438 539 <licium
1449 520 1463 539 a
1473 509 1575 540 Graecis
1587 533 1594 545 ,
1617 511 1767 541 Priscianus
1777 512 1900 541 Corbem
1912 513 2116 550 interpretatur.
2141 512 2239 549 Juven.
2255 517 2281 542 6.
2300 513 2354 542 Sat.
2368 524 2429 548 541·
2448 532 2453 548 i

1386 547 1481 584 Quum
1494 549 1572 577 dedit
1585 548 1734 578 illelocuni
1745 549 1870 587 cophino
1881 571 1889 585 ,
1910 550 2044 586 foenoque
2056 550 2162 579 relicto.
2243 550 2383 580 Columel.
2399 552 2449 583 lib.

1335 591 1376 611 11.
1387 594 1447 622 cap.
1463 594 1485 621 3.
1509 585 1643 614 Confecta
1652 587 1746 615 bruma
1757 588 1931 616 stercoratam
1940 594 2040 616 terram
2059 588 2178 617 inditam
2193 598 2227 616 co
2249 588 2322 617 binis
2333 588 2450 654 otpserat.

2242 628 2328 656 renim
2366 627 2452 657 ivitia-

1331 668 1393 724 ιιέηι
1409 660 1447 725 ἓῐὶ
1458 660 1562 703 fruetus
1583 660 1611 689 in
1630 662 1734 698 copia:
1756 663 1869 700 copiam
1887 668 1981 692 autem
1996 662 2120 693 declarat
2137 663 2243 694 satietas
2264 673 2356 694 rerum
2370 671 2453 702 atque

1331 705 1347 724 a
1370 706 1406 725 un
1428 704 1510 726 antia.

1333 734 1509 765 Abundantia
1518 735 1544 764 ἀ
1554 735 1646 772 copia.
1671 735 1730 764 Cic.
1744 736 1779 766 de
1791 736 1899 766 Amicit.
1908 741 1952 771 89.
2256 758 2264 764 ·

1332 770 1532 801 Circumfluere
1542 773 1671 802 omnibus
1682 774 1772 811 copiis
1783 796 1791 810 ‚
1813 781 1895 811 atque
1907 775 1934 803 in
1944 775 2071 805 omnium
2083 785 2175 806 rerum
2187 776 2357 808 abundantia
2376 778 2452 809 vive-

1353 818 1392 837 re.
1415 809 1473 839 Cic.
1490 810 1525 838 de
1538 811 1646 839 Amicit.
1659 819 1702 845 5²-

1334 844 1471 884 Locuples
1481 848 1506 877 &
1516 847 1682 885 pecuniosus
1690 848 1781 886 copiis
1791 849 1831 878 rei
1843 849 1995 879 familiaris.
2017 850 2077 880 Cic.
2096 860 2147 888 pro
2159 851 2239 881 Rosc.
2256 853 2335 882 Com.
2347 864 2394 890 44.

1333 883 1575 927 Opescopiaeque.
1616 885 1674 914 Cic.
1691 895 1733 914 12.
1751 886 1824 915 Fam.
1835 896 1861 923 7.
1891 887 1937 916 Sic
1959 887 2109 918 statuebam
2121 911 2129 924 ,
2150 899 2250 919 omnes
2268 901 2328 928 quae
2346 893 2375 920 in
2397 892 2453 922 istis

1354 922 1477 958 partibus
1492 921 1581 952 effent
1597 932 1665 960 opes
1673 923 1837 960 copiaeque,
1857 930 1917 953 tuas
1928 924 1992 954 effe.

1334 958 1446 996 Opibus
1458 961 1484 989 ἃ
1494 969 1529 989 00
1553 960 1584 989 iis
1596 981 1605 995 ,
1624 961 1801 998 maximeque
1810 962 1908 990 virtute
1921 963 2067 999 praeditum
2082 963 2144 993 effe.
2166 963 2224 995 Cic.
2234 965 2272 994 de
2282 965 2392 996 Amicit.
2406 977 2451 1003 51·

1335 996 1508 1034 Ingurgitare
1527 1007 1544 1026 e
1555 998 1585 1026 in
1600 998 1697 1035 copias
1707 998 1834 1034 alicujus.
1858 999 1888 1028 V.
1911 1009 1920 1027 1
1931 1009 1951 1028 Ν
1963 1009 1981 1028 G
1991 1010 2008 1028 υ
2019 1011 2032 1028 a
2042 1010 2060 1029 c
2071 1010 2145 1031 ιτο.

1334 1033 1472 1077 Rationes
1483 1036 1511 1065 ἃ
1525 1035 1620 1072 copias
1637 1035 1696 1064 suas
1710 1036 1739 1064 in
1749 1036 1871 1073 aliquam
1882 1038 2053 1074 provinciam
2065 1039 2201 1068 conferre.
2241 1040 2299 1070 Cic.
2312 1051 2364 1078 pro
2381 1041 2455 1079 Lege

1354 1071 1455 1102 Manil.
1472 1081 1513 1108 ι7.
1543 1073 1615 1102 Nam
1631 1074 1658 1103 ἃ
1676 1072 1828 1111 publicani,
1848 1074 1977 1104 homines
2001 1077 2028 1105 &
2048 1075 2229 1107 honestissimi
2242 1079 2454 1116 &ornadffimt

1353 1109 1413 1139 suas
1424 1110 1544 1140 rationes
1555 1112 1581 1141 ἃ
1593 1111 1690 1148 copias
1700 1111 1729 1140 in
1742 1110 1816 1141 illam
1828 1112 2002 1149 provinciam
2014 1114 2202 1144 contulerunt.

1335 1147 1474 1176 Omnium
1487 1157 1580 1177 rerum
1591 1148 1768 1178 affluentibus
1779 1150 1877 1187 copiis.
1899 1150 1958 1179 Cic.
1971 1159 1997 1179 2.
2010 1150 2067 1179 Off.
2081 1160 2142 1187 153-

1335 1184 1434 1223 Copiis
1445 1184 1572 1223 locuples
1584 1185 1666 1223 Resp.
1707 1186 1766 1215 Cic.
1776 1192 1803 1221 8.
1817 1188 1869 1217 Att.
1883 1196 1925 1216 ιι.
1948 1187 2119 1218 Moderatori
2132 1189 2260 1227 Reipubl.
2277 1192 2381 1221 civium
2397 1193 2455 1222 vita

1355 1222 1562 1290 proppifitssest,
1581 1229 1613 1253 ut
1624 1223 1725 1262 opibus
1739 1223 1834 1260 firma,
1855 1225 1945 1263 copiis
1954 1225 2100 1263 locuples,
2119 1227 2207 1264 gloria
2222 1228 2331 1266 ampla,
2352 1231 2457 1260 virtute

1378 1270 1431 1290 one
1456 1271 1471 1290 a
1496 1268 1525 1292 it.
2182 1268 2188 1276 ⁴

1336 1298 1498 1328 Amicorum
1508 1298 1606 1336 copiae.
1646 1298 1706 1329 Cic.
1716 1309 1767 1338 pro
1778 1299 1878 1337 Quint.
1890 1309 1917 1330 2.
1937 1300 1990 1330 Cui
2002 1306 2099 1331 tenues
2109 1311 2187 1339 opes.
2205 1303 2289 1333 nullae
2299 1304 2457 1339 facultates.

1357 1337 1464 1378 exiguae
1482 1337 1634 1366 amicorum
1652 1338 1740 1375 copiae
1757 1337 1829 1368 sunt.
1860 1338 1879 1368 i.
1888 1347 1912 1368 e.
1934 1337 2038 1368 Paucos
2055 1339 2140 1369 habet
2157 1341 2281 1371 amicos:
2303 1342 2345 1371 vel
2366 1344 2457 1373 Amici

1358 1383 1418 1410 ejus
1434 1383 1492 1403 non
1503 1374 1566 1404 sunt
1575 1374 1728 1404 admodum
1741 1375 1851 1405 divites.

1338 1411 1380 1442 Ex
1391 1412 1474 1450 copia
1484 1421 1592 1448 rerum,
1611 1412 1757 1442 consilium
1765 1414 1884 1443 trahere.
1925 1412 2032 1443 Sallust.
2050 1414 2079 1443 iri
2094 1414 2221 1452 Jugurtli.
2233 1425 2293 1454 cap.
2307 1422 2351 1451 98.
2380 1417 2457 1448 Tum

1359 1450 1463 1479 Marius
1472 1459 1507 1478 ex
1521 1450 1602 1487 copia
1610 1459 1701 1479 rerum
1717 1450 1863 1480 consilium
1877 1451 1976 1481 trahit:
1999 1462 2082 1490 atque
2102 1454 2143 1482 uti
2160 1453 2213 1483 suis
2234 1455 2359 1493 receptui
2375 1456 2457 1486 locus

1358 1488 1427 1517 esset
1437 1510 1445 1522 ,
1468 1487 1554 1517 colles
1565 1487 1636 1517 duos
1649 1488 1721 1518 inter
1730 1488 1756 1518 se
1765 1489 1938 1527 propinquos
1944 1497 2074 1529 occupat.

1338 1524 1392 1555 Pro
1402 1525 1492 1563 copia.
1533 1524 1620 1555 Plaut.
1636 1525 1721 1556 Truc.
1737 1535 1759 1555 ι.
1772 1535 1797 1556 2.
1808 1530 1854 1562 46.

1420 1563 1498 1593 Male
1510 1563 1594 1593 vortit
1600 1573 1643 1593 res
1653 1565 1781 1601 pecuaria
1794 1563 1863 1594 mihi
1876 1563 1952 1603 apud
1963 1573 2029 1594 vos:
2050 1574 2127 1596 nunc
2136 1567 2254 1598 viciffim

1421 1601 1492 1630 Volo
1503 1601 1604 1630 habere
1611 1601 1812 1631 aratiunculam
1826 1612 1876 1640 pro
1889 1603 1972 1640 copia
1981 1603 2056 1639 apud
2068 1613 2125 1633 vos.

1337 1636 1389 1669 Pro
1402 1639 1502 1677 copia,
1522 1639 1599 1677 quod
1609 1639 1708 1677 vulgus
1705 1640 1849 1706 έεέιιηᾶανη
1853 1639 2037 1706 tpoffiln‘ss'tatem
2046 1642 2123 1671 dicit.
2145 1641 2233 1673 Plaut.
2248 1643 2334 1674 Merc.
2350 1652 2374 1680 3.
2391 1654 2415 1674 1.
2426 1649 2455 1681 3.

1659 1693 1696 1698 -
1750 1687 1795 1706 ere
1840 1688 1850 1706 r
1864 1688 1880 1706 u

1420 1714 1472 1744 Pro
1481 1714 1564 1752 eopia
1571 1715 1599 1744 8<
1609 1713 1755 1752 sapientia,
1777 1687 1838 1753 quog
1849 1722 1876 1744 te
1884 1688 1960 1745 11110110
1969 1699 2132 1747 {arbitrabon

1339 1751 1421 1820 Afri,
1442 1752 1638 1790 vectigalium,
1657 1752 1784 1790 pecuniae
1797 1755 1900 1792 copia,
1920 1753 1966 1783 cui
1982 1755 2135 1792 opponitur
2151 1755 2275 1788 Penuria.
2299 1757 2357 1788 Cic.
2374 1766 2401 1788 2.
2421 1757 2460 1789 de

1375 1798 1467 1820 nvent.
1484 1800 1545 1826 115.

1341 1828 1577 1865 argumentorum
1587 1827 1677 1866 copia.
1699 1826 1807 1858 Lucret.
1818 1826 1867 1858 lib.
1880 1837 1903 1859 1.
1916 1833 1981 1865 ⁴¹8·

1341 1866 1453 1896 Auxilii.
1475 1866 1540 1895 Ter.
1557 1866 1626 1895 And.
1640 1875 1667 1895 2.
1683 1875 1705 1896 1.
1720 1876 1765 1896 20.

1422 1904 1521 1941 Neque
1530 1903 1580 1941 pol
1590 1903 1697 1933 consilii
1710 1903 1805 1933 locum
1814 1903 1904 1934 habeo
1913 1926 1922 1940 ,
1943 1913 2034 1942 neque
2046 1906 2142 1935 auxilii
2151 1907 2271 1944 copiam.

1340 1940 1443 1971 Causae.
1486 1941 1544 1971 Cic.
1554 1951 1604 1980 pro
1620 1941 1697 1971 Rosc.
1710 1941 1790 1972 Com.
1801 1951 1827 1972 2.
1849 1942 1906 1972 Sed
1921 1952 1973 1981 ego
1993 1944 2074 1982 copia
2094 1946 2121 1974 &
2131 1944 2262 1975 facultate
2272 1945 2360 1975 causta
2372 1945 2462 1976 confi.

1360 1979 1422 2014 sus,
1443 1979 1508 2008 vide
1521 1989 1575 2016 quo
1591 1980 1760 2018 progrediar.

1340 2016 1451 2046 Cordis.
1482 2016 1567 2047 Plaut.
1581 2017 1661 2055 Epid.
1674 2025 1698 2054 3.
1712 2026 1737 2054 3.
1748 2028 1776 2053 4·
1798 2017 1882 2055 igitur
1895 2018 2050 2055 perspicere
2067 2020 2208 2057 utpoffint
2217 2021 2308 2052 cordis
2317 2022 2442 2060 copiam.

1342 2054 1462 2091 Frugum
1472 2056 1555 2093 copia
1564 2077 1572 2091 ‚
1594 2055 1727 2093 &Inopia
1736 2077 1746 2091 ‚
1766 2056 1913 2086 contraria.
1934 2056 1992 2087 Cic.
2003 2066 2055 2095 pro
2065 2056 2157 2088 Domo
2171 2068 2214 2097 17.

1342 2091 1441 2122 Laclis.
1465 2092 1537 2130 virg.
1551 2103 1573 2122 1.
1587 2093 1644 2122 Ecl.
1656 2098 1702 2127 82.

1342 2130 1395 2159 Rei
1403 2130 1591 2160 frumentariae
1600 2131 1756 2161 advectare.
1780 2130 1871 2161 Tacit.
1882 2134 1909 2161 6.
1925 2132 1995 2162 Αιιιι.
2009 2140 2053 2169 η.

1342 2167 1414 2196 Vitae
1423 2169 1507 2205 copia
1517 2168 1586 2198 desit
1602 2167 1665 2198 illis.
1688 2168 1799 2199 Lucret.
1811 2169 1860 2198 lib.
1873 2173 1899 2199 6.
1911 2175 1975 2205 8¹4·

1341 2205 1426 2235 Beata
1443 2205 1532 2243 Copia
1551 2205 1636 2243 pleno
1654 2216 1751 2236 cornu.
1791 2206 1860 2236 Hor.
1873 2207 1903 2236 in
1914 2208 2004 2236 Carni.
2015 2206 2107 2237 saecul.
2120 2218 2162 2245 ς9.
2187 2208 2271 2246 Quasi
2287 2210 2465 2248 corporalem

1359 2243 1444 2273 deam
1461 2243 1509 2273 hic
1525 2244 1624 2282 accipe
1638 2243 1756 2282 Copiam
1767 2265 1775 2279 ,
1801 2245 1898 2282 utique
1912 2254 2005 2275 rerum
2021 2246 2152 2277 omnium
2168 2246 2379 2279 abundantiam.
2401 2249 2466 2280 Por-

1358 2281 1486 2320 phyrius.
1523 2281 1570 2312 Sic
1590 2291 1614 2312 1.
1626 2281 1717 2312 Carm.
1734 2291 1776 2317 17.
1789 2291 1832 2317 ¹4-

1660 2335 1698 2341 —
1710 2320 1756 2349 hic
1767 2320 1820 2349 tibi
1833 2319 1923 2358 Copia

1422 2356 1552 2386 Manabit
1564 2356 1600 2386 ad
1610 2356 1727 2394 plenum
1739 2357 1862 2395 benigno

1461 2394 1542 2424 Ruris
1557 2394 1695 2425 honorum
1707 2395 1841 2433 opulenta
1853 2404 1951 2426 cornu.

1343 2430 1452 2463 Facilis.
1475 2432 1598 2470 Propert.
1608 2432 1656 2462 lib.
1673 2443 1730 2469 ¹·9·
1746 2443 1788 2469 ις.

1424 2470 1502 2506 Quid
1518 2471 1535 2500 fi
1551 2480 1609 2499 non
1622 2470 1688 2500 esset
1698 2470 1786 2500 facilis
1796 2470 1848 2500 tibi
1857 2470 1965 2509 copia?

1342 2507 1498 2538 Fastidiose.
1522 2508 1591 2538 Hor.
1604 2517 1628 2545 3.
1642 2508 1732 2538 Carm.
1744 2518 1788 2544 29.
1802 2519 1828 2544 9.

1344 2545 1448 2576 Festiva
1459 2546 1605 2575 libroruin.
1644 2546 1704 2576 Cic.
1718 2556 1743 2576 2.
1759 2548 1843 2576 Att.6.
1863 2545 1959 2583 ltaque
1975 2551 2023 2576 aut
2032 2545 2112 2577 libris
2129 2556 2175 2578 me
2193 2546 2322 2585 deletio,
2344 2558 2463 2587 quorum

1365 2583 1455 2613 habeo
1471 2584 1544 2613 Antii
1557 2584 1682 2614 festivam
1694 2584 1814 2622 copiam.

1344 2621 1421 2651 Mala
1431 2643 1439 2656 ,
1460 2622 1478 2651 i.
1490 2631 1517 2652 e.
1538 2622 1633 2651 Nimia
1643 2624 1671 2652 8(
1682 2623 1775 2653 noxia.
1798 2622 1865 2653 Hor.
1874 2630 1901 2652 2.
1911 2621 2000 2652 Semi.
2015 2630 2042 2653 2.
2054 2631 2102 2659 42.

1342 2659 1487 2696 Opulenta
1495 2681 1504 2695 ,
1530 2659 1560 2689 V.
1582 2670 1598 2688 B
1607 2670 1622 2689 ιι
1630 2671 1650 2689 A
1660 2669 1680 2688 τ
1690 2670 1719 2690 Α.

1342 2697 1451 2734 Stipata
1462 2698 1502 2727 rei
1514 2697 1639 2734 alicujus.
1664 2697 1773 2728 Lucret.
1785 2697 1834 2727 lib.
1853 2707 1879 2727 2.
1891 2706 1955 2734 294.

1343 2734 1459 2765 Ubertas
1468 2736 1497 2764 in
1506 2735 1627 2765 dicendo
1638 2736 1664 2766 ἃ
1675 2737 1760 2774 copia
1768 2758 1776 2771 ,
1797 2735 1843 2766 cui
1858 2735 2012 2773 opponitur
2021 2734 2146 2767 Exilitas.
2165 2735 2226 2767 Cic.
2243 2747 2266 2767 1.
2278 2737 2314 2768 de
2322 2738 2402 2769 Orat.
2414 2742 2463 2776 ςο..ι

1346 2773 1469 2803 Torrens
1480 2774 1595 2803 dicendi
1608 2775 1700 2811 copia.
1717 2773 1818 2810 Juven.
1832 2783 1873 2803 ιο.
1886 2774 1941 2803 Sat.
1953 2783 1979 2810 9.

1345 2810 1461 2841 Ubertas
1472 2832 1481 2846 ‚
1500 2812 1630 2846 varietas,
1649 2812 1733 2849 copia
1748 2811 1873 2841 dicendi.
1894 2811 1953 2841 Cic.
1966 2821 2017 2849 pro
2028 2810 2237 2848 Com.l3a1b.3.

1341 2849 1487 2878 Orationis
1496 2849 1646 2879 abundare.
1668 2849 1726 2879 Cic.
1739 2859 1765 2879 2.
1777 2849 1813 2879 de
1821 2849 1899 2879 Orat.
1916 2859 1976 2878 102.

1344 2886 1448 2916 Rerum
1458 2887 1540 2925 oopia
1550 2909 1559 2923 ,
1578 2887 1726 2917 verborum
1735 2887 1846 2925 copiam
1855 2887 1953 2924 gignit.
1974 2886 2033 2916 Cic.
2047 2894 2071 2922 3.
2088 2886 2124 2916 de
2136 2886 2214 2917 Orat.
2227 2895 2290 2924 1²3·

1344 2924 1424 2954 Cassa
1434 2925 1589 2955 verborum.
1611 2924 1720 2954 Lucret.
1734 2924 1782 2955 lib.
1796 2936 1822 2960 4.
1837 2935 1899 2961 ςι4.
1934 2925 1952 2953 1.
1974 2934 1998 2954 e.
2021 2925 2104 2954 Vana.

1344 2962 1432 2999 Larga
1443 2963 1556 2998 quidem
1567 2962 1691 3001 semper,
1712 2962 1838 2998 Drance,
1857 2963 1910 2992 tibi
1919 2962 2001 3001 copia
2011 2962 2097 2992 fandi.
2119 2961 2193 2999 Virg.
2207 2970 2250 2992 11.
2266 2962 2330 2993 AEn.
2341 2970 2406 3002 378,

1342 3000 1481 3030 mirabilis
1489 3001 1615 3030 dicendi.
1637 3000 1694 3030 Cic.
1704 3001 1734 3030 in
1743 3000 1843 3038 Topic.
1854 3005 1899 3036 67.

1342 3037 1464 3068 Dicendi
1472 3044 1549 3068 tanta
1560 3038 1709 3068 facultas&
1720 3039 1812 3076 copia.
1835 3038 1893 3068 Cic.
1903 3047 1929 3067 2.
1943 3036 2018 3066 Verr.
2034 3046 2078 3067 10.

1341 3075 1455 3113 Copiae,
1475 3076 1516 3114 pl.
1528 3077 1545 3112 [
1553 3076 1649 3112 moi]
1667 3086 1718 3114 pro
1728 3077 1892 3106 Commeatu
1900 3075 1946 3105 seu
1956 3084 2076 3105 annona.
2088 3075 2179 3105 Tacit.
2187 3085 2228 3110 ις.
2245 3076 2315 3105 Arm.
2331 3080 2371 3105 16.
2385 3076 2460 3107 Con.

1361 3120 1456 3150 traque
1466 3114 1620 3151 prodiderit
1631 3113 1753 3144 Corbulo
1765 3124 1772 3144 :
1794 3113 1907 3144 Parthos
1915 3115 2014 3151 inopes
2022 3113 2179 3151 copiarum,
2197 3114 2226 3143 ἃ.
2234 3113 2339 3151 pabulo
2348 3115 2459 3151 attrito,

1362 3152 1511 3182 relicturos
1519 3153 1773 3189 oppugnationem.

1339 3189 1377 3219 Se
1386 3199 1482 3219 eorum
1493 3191 1585 3228 copiis
1591 3191 1730 3220 aluerunt.
1752 3188 1818 3219 Caes.
1829 3199 1855 3225 4.
1869 3188 1936 3218 Bell.
1948 3187 2017 3218 Gall.
2029 3198 2057 3224 4.

1340 3227 1449 3265 Copia,
1470 3228 1619 3263 [πληθῷιἼ
1635 3224 1758 3263 δύναμις]
1780 3226 1823 3257 vel
1843 3226 1955 3264 Copiae,
1976 3235 2179 3263 nonnunquam
2197 3227 2226 3256 in
2241 3225 2388 3263 singulari,
2408 3227 2459 3259 sed

1359 3265 1457 3333 mult}
1468 3265 1639 3303 frequentius
1654 3266 1685 3294 in
1704 3265 1822 3303 plurali,
1841 3264 1975 3301 significat
1989 3262 2206 3295 multitudinem
2223 3264 2268 3294 vel
2286 3265 2459 3297 Exercitum.

1389 3313 1426 3333 er.
1458 3313 1506 3333 un.
1538 3326 1544 3334 .
1557 3307 1583 3333 6.
1598 3313 1609 3332 1
1634 3325 1640 3332 .

1421 3314 1542 3371 Militem
1552 3313 1685 3371 secuinad
1692 3346 1721 3370 te
1730 3345 1845 3378 quantas
1855 3340 1950 3377 copias
1956 3338 2096 3368 adducere
2103 3340 2118 3368 ⁴?
2199 3339 2313 3378 Sicssiv.
2329 3349 2458 3372 1.2.extr.

1359 3378 1463 3417 Copias
1472 3380 1501 3408 in
1511 3380 1600 3409 aciem
1607 3379 1736 3408 educere.
1754 3377 1943 3414 Singula-riter,
1965 3376 2016 3406 Cn.
2029 3377 2146 3414 Magnus
2159 3377 2290 3407 Marcello
2303 3380 2329 3409 ἀ
2339 3379 2459 3409 Lentulo

1360 3425 1424 3445 eos
1435 3427 1455 3446 s.
1471 3417 1545 3454 apud
1565 3416 1623 3446 Cic.
1638 3422 1663 3450 8.
1677 3418 1730 3445 Att.
1745 3424 1787 3445 12.
1811 3416 1917 3445 idcirco
1928 3415 1962 3444 ad
1979 3414 2008 3444 L.
2027 3415 2180 3445 Domitium
2190 3415 2294 3446 litteras
2305 3417 2380 3454 mifi,
2400 3419 2460 3456 pri-

1361 3464 1439 3483 mum
1449 3461 1479 3483 ut
1486 3454 1543 3492 ipse
1551 3463 1614 3483 cum
1625 3455 1703 3483 omni
1713 3454 1795 3491 copia
1804 3454 1839 3482 ad
1849 3462 1901 3482 nos
1908 3453 2025 3483 veniret.

1339 3491 1436 3530 Copiae
1446 3493 1474 3521 iri
1484 3492 1627 3529 angustum
1637 3493 1738 3521 eoaciae
1748 3512 1755 3526 ,
1776 3491 1916 3521 translate.
1944 3490 2008 3520 Ter.
2021 3490 2122 3520 Heaut.
2133 3501 2159 3525 4·
2170 3499 2194 3520 2.
2208 3499 2233 3519 2.

1416 3529 1456 3559 lta
1467 3530 1519 3559 hac
1528 3529 1591 3558 rein
1602 3530 1748 3567 angustum
1759 3529 1868 3567 oppido
1878 3537 1955 3558 nunc
1963 3538 2031 3558 mea:
2043 3534 2180 3566 coguntur
2192 3528 2295 3565 copiae.

1340 3566 1489 3598 Pedestres.
1532 3567 1560 3596 V.
1582 3577 1596 3596 Ρ
1607 3578 1621 3595 ιζ
1631 3577 1649 3596 D
1660 3577 1693 3596 ss
1704 3576 1724 3595 T
1733 3575 1781 3596 aa.

1340 3605 1456 3635 Navalis
1467 3605 1558 3648 copia.
1579 3605 1669 3634 Tacit.
1681 3615 1707 3639 4.
1726 3605 1796 3634 nnn.
1811 3607 1853 3639 56.
1867 3613 1909 3641 pr.

1339 3643 1489 3673 Abundare
1498 3643 1598 3680 copiis.
1619 3642 1678 3672 Cic.
1690 3642 1725 3671 ad
1734 3642 1807 3671 Brut.

1340 3681 1493 3710 Adducere.
1516 3681 1580 3710 Ter.
1604 3680 1634 3709 V.
1655 3680 1739 3717 paulo
1750 3676 1836 3716 supra.

1339 3720 1448 3748 Armare
1459 3740 1467 3752 ,
1491 3717 1591 3747 Parare.
1613 3717 1720 3753 Sallust.
1737 3717 1767 3745 in
1782 3715 1908 3754 jugurth.
1923 3724 1964 3753 13.
1975 3724 2018 3754 pr.

1339 3756 1516 3793 Comparare.
1538 3755 1597 3784 Cic.
1613 3765 1654 3784 12.
1668 3754 1741 3784 Fani.
1758 3764 1782 3790 ς.

1340 3793 1518 3823 Contrahere.
1541 3792 1630 3827 Cic-8.
1646 3794 1696 3822 Att.
1713 3797 1754 3826 ¹8.

1337 3830 1472 3868 Disposita
1481 3830 1676 3860 claffiariorum
1686 3830 1776 3867 copia.
1802 3825 1892 3858 Tacit.
1904 3838 1931 3863 4.
1946 3828 2016 3858 Ann.
2029 3836 2075 3866 27.

1337 3868 1462 3898 Educere
1472 3878 1487 3897 e
1497 3868 1599 3897 castris.
1621 3866 1686 3897 Caes.
1699 3877 1721 3896 1.
1735 3867 1770 3897 de
1781 3866 1847 3897 Bell.
1857 3865 1929 3896 Gall.
1947 3876 1989 3902 ςι.
2005 3876 2048 3904 pr.

1338 3907 1485 3944 Expedire.
1508 3905 1599 3935 Tacit.
1613 3915 1654 3941 13.
1670 3906 1740 3934 Ann.
1750 3915 1776 3942 7.

1337 3943 1376 3973 Ex
1401 3953 1484 3973 onere
1494 3944 1587 3981 copias
1598 3943 1625 3971 in
1637 3951 1746 3972 terram.
1787 3941 1844 3972 Liv.
1855 3951 1899 3978 ²9-
1912 3950 1956 3978 27.
1978 3941 2013 3971 de
2023 3939 2048 3972 P.
2061 3939 2202 3979 Scipionis
2214 3941 2340 3976 trajectu.

1336 3953 1455 4013 Habere.
1479 3981 1536 4012 Cic.
1551 3990 1575 4019 3.
1590 3980 1664 4012 Fam.
1681 3990 1705 4018 3.
1727 3981 1755 4011 ἀ
2433 4016 2440 4021 .

1849 4016 1867 4050 S
1876 4027 1888 4048 s
1899 4026 1911 4047 s
1922 4026 1934 4047 s
1953 4025 1971 4047 2
2359 4014 2452 4046 Immi-
