2600 4177
515 93 545 128 C
642 95 673 129 U
766 97 791 130 P

123 171 234 211 Cupes,
256 172 450 209 [λαὲκαθῖἰλ]
471 174 528 210 Qui
542 174 672 203 lautiores
688 176 764 204 cibos
775 175 940 214 frequentat.
983 179 1070 209 Plaut.
1083 179 1162 210 Trin.
1175 189 1201 210 2.
1218 189 1242 209 1.

149 220 189 244 13.
211 211 510 248 Blandiloquentulus,
531 211 670 247 harpago,
693 213 813 243 mendax
832 238 839 248 ,
861 225 961 254 cupes,
983 227 1088 246 avaruS.

88 247 133 276 Cu
145 252 209 277 1³50
221 259 257 276 [A
269 271 276 283 .
298 258 385 277 orum.
407 258 433 277 n.
457 248 492 286 pl.
514 249 685 283 [ωνφεὶνα
697 271 706 285 ,
723 249 876 289 >stiuam]
897 253 982 284 Plaut.
1002 255 1090 284 Stich.
1115 266 1139 290 ς.
1157 264 1184 289 4.
1197 262 1241 290 32.

128 285 229 315 Melius
238 286 306 315 dicis
317 307 325 320 ,
347 285 415 313 nihil
429 294 520 313 moror
534 285 664 322 cupedia.

90 321 160 351 Cup
172 333 185 351 a
195 333 212 350 1)
222 333 258 351 ra
268 345 276 356 ,
301 333 332 351 az.
355 322 372 351 s.
395 320 551 356 [ὀψοφαὶᾶκ
561 323 574 356 ]
585 323 654 365 llic.
667 333 692 359 4.
706 323 788 354 Tusc.
800 329 843 355 26.
867 327 1048 364 ffigrotationi
1061 334 1153 357 autem
1177 328 1242 358 talia

127 360 252 395 quaedam
267 359 387 394 subjecta
396 358 476 401 sunt,
498 368 625 394 avaritia,
645 361 759 391 ambitio
772 384 779 397 ‚
801 364 996 400 mulierositas,
1018 366 1188 403 pervicacia,
1210 366 1242 394 li-

126 397 245 432 guritio,
266 397 312 425 viri
335 396 437 430 lentia,
459 397 594 433 cupedia,
614 398 639 427 &
660 398 676 427 li
688 409 739 435 qua
749 399 810 429 sunt
821 401 926 431 similia.
968 403 1079 438 [Potest
1091 402 1146 431 elle
1160 412 1187 432 n.
1202 403 1240 439 pl.

89 432 138 462 cu
149 443 262 462 PEDlae
273 455 282 468 ,
321 441 387 461 rum.
409 432 428 462 f.
450 433 511 462 Cibi
528 433 667 465 lautiores.
688 438 826 468 Ammian.
840 443 885 469 26.
900 445 942 474 18.
965 440 1152 479 Cupediarum
1173 450 1243 469 mer-

127 477 243 500 catores.
264 470 342 499 Adde
352 469 422 499 Gell.
435 473 459 500 6.
478 479 520 507 13.
533 473 558 501 &
570 481 596 507 7.
610 476 650 502 16.

88 506 111 536 C
120 517 233 574 19111ιέ
243 516 265 536 N
275 516 337 573 ,121121
347 517 366 535 υ
375 517 387 536 s
399 529 407 544 ‚
428 508 447 537 i.
468 518 505 539 m.
538 509 719 546 [ζωμςπωὸς]
751 511 957 544 Esculentarum
983 525 1076 545 rerum
1103 515 1240 544 venditor.

153 554 193 574 er.
223 554 269 573 un.
301 567 306 573 .
339 566 345 573 .
359 554 404 580 ας.

220 581 398 611 Concurrunt
410 581 465 612 laeti
478 583 516 613 mi
528 582 638 614 obviam
651 585 821 622 cupedinarii
832 597 938 619 omnes:

217 618 317 648 Cetarii
330 642 337 654 ,
358 619 443 656 lanii,
464 630 497 650 co
519 621 564 656 ui,
584 622 715 658 fartores,
764 623 899 655 iscatores.
1019 625 1073 655 Ubi
1096 626 1221 657 Donatus
1232 648 1242 662 ,

126 655 307 701 Cppedinarii
317 667 415 687 omnes
425 658 471 694 qui
480 631 620 703 esculenta
633 661 658 689 &
669 634 819 697 poculenta
833 663 971 692 vendunt:
998 673 1013 692 a
1028 664 1109 693 rebus
1129 665 1245 702 Cupidi-

126 703 171 723 nis
184 693 220 722 ob
232 695 414 730 alimentum,
434 697 607 732 cupedinarii
622 706 637 725 a
658 697 816 734 pellantur:
849 700 881 729 Et
898 700 954 737 ipse
974 700 1091 736 subjecit
1109 704 1155 738 qui
1174 703 1246 731 acci-

127 732 225 768 piendi
237 731 297 761 sunt
310 733 499 771 Cupedinarii.
541 734 619 771 Apud
661 736 778 772 amprid.
796 737 940 775 Heliogab.
957 747 1016 775 cap.
1030 747 1071 773 30.
1094 749 1135 776 pr.
1155 740 1245 777 Cupe-

127 770 231 798 diarius
249 770 381 799 scribitur.
420 770 451 799 V.
473 770 584 800 Salmas.
600 771 635 800 ad
651 771 706 800 loc.
743 773 790 802 Sic
802 775 911 811 &apud
924 775 988 804 Ter.
1005 775 1094 805 Bentl.

89 805 113 836 C
123 808 162 872 {¹1²
171 810 183 836 ῖ
192 817 209 834 D
217 817 253 874 (ᾗί
270 809 334 838 inis.
355 818 392 837 m.
415 806 531 844 [Ἔςως]
551 808 626 838 Deus
637 809 683 846 qui
700 808 773 840 filius
784 811 894 842 Veneris
904 813 981 842 fuill'e
994 813 1105 851 fingitur
1115 824 1129 844 a
1142 815 1243 852 poetis.

50 851 54 854 ’
157 851 211 874 aut.
257 855 312 876 erc.
327 855 385 880 522.
400 854 442 881 13.

218 882 245 912 O
259 883 370 921 Cupido
383 888 502 919 quantus
517 892 545 912 es
558 884 564 912 !
667 884 726 913 Cic.
741 892 763 919 3.
778 885 812 915 de
822 887 884 916 Nat.
901 887 985 917 Deor.
1003 898 1045 923 59-
1068 888 1179 926 Cupido
1191 890 1246 926 pri-

125 927 188 949 mus
202 920 341 950 Mercurio
352 922 377 951 6.-
390 921 476 950 Diana
485 921 574 958 prima
582 926 663 950 natus
673 921 793 952 dicitur:
825 924 970 956 Secundus
990 926 1128 955 Mercurio
1148 928 1174 956 Sc
1197 927 1246 956 Ve-

124 966 192 987 nere
203 957 331 987 secunda.
369 958 479 987 Tertius
489 958 603 996 quidem
613 958 652 987 est
664 959 778 990 Anteros
794 960 884 991 Marte
900 964 926 993 ἃ
939 961 1048 993 Venere
1061 965 1150 994 tertia.

124 994 204 1030 Puer,
226 1005 260 1024 ac
269 995 380 1025 volucer
389 996 512 1033 Cupido,
528 997 553 1025 ἃ
564 995 665 1033 sagittis
673 996 774 1027 acface
787 1006 916 1031 armatur.
939 999 1142 1038 Qiiintil.lib.2.
1151 1011 1243 1040 cap.4.

125 1033 212 1062 Arcus
226 1033 382 1070 Cupidinis.
404 1033 488 1062 Ovid.
501 1043 522 1062 1.
536 1033 627 1062 Amor.
645 1043 688 1063 11.
701 1043 743 1064 11.

124 1070 207 1099 Arma
216 1070 337 1100 violenta
347 1071 501 1108 Cupidinis.
521 1070 606 1100 Ovid.
618 1081 643 1107 9.
658 1071 728 1101 Met.
743 1082 805 1109 542.

125 1106 271 1137 Geminus.
294 1108 358 1138 Seri.
370 1107 484 1147 Hippol.
506 1118 530 1137 v.
548 1117 612 1144 275.

219 1146 311 1182 Quam
322 1153 403 1176 vocat
414 1152 529 1175 matrem
546 1146 672 1184 geminus
680 1145 802 1186 Cupido.

125 1181 253 1213 Lascivus
268 1194 343 1222 puer.
366 1184 430 1214 Sen.
444 1183 558 1221 Hippol.
571 1193 595 1220 3.

125 1220 216 1251 Liber.
239 1221 404 1260 Hor.Epod.
422 1230 462 1258 17.
478 1230 520 1257 57.
616 1257 622 1264 ι

218 1258 326 1289 lnultus
338 1266 368 1289 ut
379 1266 408 1289 tu
418 1258 505 1288 riseris
517 1257 640 1296 Cotyttia

218 1297 333 1334 Vulgata
344 1319 352 1332 ,
371 1296 477 1326 sacrum
488 1295 568 1325 liberi
579 1295 736 1334 Cupidinis.

125 1334 236 1364 Parvus.
259 1335 345 1364 Ovid.
360 1339 402 1363 16.
418 1334 498 1371 Epist.
514 1342 575 1370 113.

124 1372 306 1402 Pharetratus.
328 1372 412 1401 Ovid.
422 1381 447 1401 2.
465 1373 554 1400 Amor.
570 1381 593 1407 ς.
607 1381 630 1402 1.

124 1409 266 1439 Pinnatus.
304 1409 362 1440 Cic.
374 1418 398 1446 3.
411 1410 446 1439 de
457 1409 519 1439 Nat.
530 1409 612 1439 Deor.
629 1415 671 1446 38.
693 1410 789 1441 Dianae
804 1411 871 1442 item
890 1413 1000 1451 plures:
1022 1414 1112 1446 Prima
1123 1414 1198 1451 Jovis
1218 1417 1245 1447 Se

145 1447 311 1485 Proserpina:
322 1470 330 1483 ,
349 1457 410 1485 quae
422 1447 571 1478 Pinnatum
582 1447 753 1486 Cupidinem
765 1449 887 1487 genuisse
898 1452 1008 1482 dicitur.

125 1484 255 1515 Volucer.
277 1485 362 1515 Ovid.
376 1495 400 1521 9.
416 1485 485 1514 Met.
497 1491 559 1519 481·
583 1485 616 1515 Et
623 1486 742 1523 Quintil.
754 1487 801 1517 lib.
815 1497 841 1517 2.
854 1498 915 1527 cap.
927 1500 954 1526 4.

124 1521 158 1552 ln
168 1522 270 1561 plurali
283 1523 368 1552 habet
378 1522 478 1552 Catuli.
493 1531 517 1559 3.
530 1532 570 1559 pr.

218 1560 322 1598 Lugete
338 1561 355 1589 ὁ
371 1562 490 1590 Veneres
501 1582 509 1596 ‚
529 1561 754 1598 Cupidinesque!
851 1563 919 1594 Her.
934 1575 961 1601 4.
984 1564 1074 1597 Carm.
1090 1575 1114 1596 1.
1126 1576 1151 1603 ς.

239 1614 276 1619 --
295 1598 420 1628 dulcium
514 1598 603 1628 Mater
613 1598 679 1628 saeva
689 1599 871 1636 Cupidinum.

125 1635 285 1674 Aliquando
299 1636 419 1675 proipso
430 1638 527 1666 Amore
539 1636 659 1674 ponitur.
690 1636 776 1666 Plaut.
790 1639 888 1675 Amph.
900 1648 925 1668 2.
939 1648 964 1669 2.
983 1648 1046 1670 210.

225 1675 280 1704 Sed
296 1675 461 1713 pudicitiam
473 1696 481 1709 ,
503 1676 528 1704 &
543 1675 700 1712 pudorem,
720 1676 747 1705 &
758 1675 882 1706 sedatum
893 1677 1066 1716 cupidinem.

125 1710 284 1742 Femineus.
309 1712 395 1742 Ovid.
407 1723 432 1747 9.
446 1712 514 1742 Met.
528 1721 591 1748 733.

219 1750 333 1780 Femina
345 1751 468 1779 femineo
479 1757 607 1787 correpta
622 1749 754 1787 cupidine
767 1749 843 1781 nulla
852 1752 899 1781 est.

125 1786 245 1817 Lentum
256 1788 418 1826 cupidinem
428 1787 585 1817 sollicitare.
607 1787 673 1817 Hor.
686 1799 713 1822 4.
730 1787 820 1818 Carni.
838 1799 881 1826 13.
897 1799 923 1826 ς.

88 1823 350 1857 Curiorueus.
373 1835 404 1861 a,
426 1835 482 1855 um.
505 1825 565 1860 Adj.
587 1824 751 1861 [Ἐεωπκέε]
774 1832 820 1863 ut,

127 1863 301 1902 Cupidineus
310 1863 424 1901 Labyca.
449 1863 568 1893 Martial.
582 1862 630 1892 lib.
641 1872 667 1899 7.
684 1866 729 1896 86.

206 1901 312 1932 Blanda
324 1902 471 1939 Cupidinei
484 1911 532 1930 cur
545 1910 602 1929 non
617 1907 690 1930 amet
699 1910 748 1930 ora
759 1901 873 1939 Labycae
883 1924 892 1938 ‚

248 1940 304 1976 Qui
316 1940 392 1969 videt
400 1939 459 1969 haec
468 1939 589 1968 dominis
605 1938 725 1967 monstra
735 1940 845 1977 placere
857 1940 910 1971 suis
918 1941 933 1971 ²?

125 1977 236 2016 Sagittae
247 1976 419 2015 Cupidineae.
442 1976 527 2006 Ovid.
542 1976 620 2006 Rem.
632 1980 723 2005 Amor.
737 1987 798 2014 157.

89 2013 252 2051 Curino,
275 2025 326 2053 pro
337 2015 496 2050 Desiderio,
516 2015 542 2044 &
554 2014 575 2043 C
587 2023 731 2043 ceruus.
755 2014 787 2044 V.
811 2025 935 2045 cupro.

88 2052 138 2082 cu
148 2064 162 2082 P
172 2065 181 2082 1
192 2063 209 2083 o
221 2076 228 2088 ,
247 2055 286 2082 i'vi
297 2075 306 2089 ,
331 2052 376 2083 vel
391 2053 429 2088 ii,
448 2056 537 2087 itum,
568 2052 723 2088 [ὲπῆυμέω.
740 2053 860 2090 γλίχομια
870 2076 879 2089 ,
902 2052 1014 2091 ἐφίεμαι,
1037 2053 1162 2093 {gadgad
1190 2058 1247 2088 ere.

125 2091 259 2130 significat
269 2091 393 2129 Optare,
411 2091 574 2120 desiderare.
597 2089 685 2131 Plaut.
695 2089 775 2120 Curc.
788 2101 850 2124 44·
864 2101 907 2128 34.

219 2129 311 2167 Cupio
323 2129 388 2158 dare
397 2129 558 2158 mercedem
569 2149 577 2162 ,
597 2127 644 2165 qui
656 2126 745 2157 illunc
756 2128 803 2158 ubi
821 2129 852 2158 lit
861 2130 1062 2169 commonstret
1074 2131 1154 2162 mihi.

125 2167 210 2205 Cupii
222 2177 274 2205 pro
283 2167 386 2205 cupivi.
408 2166 476 2197 Stat.
489 2177 513 2200 ς.
528 2164 592 2196 silv.
606 2176 630 2199 5.
642 2170 688 2198 80-
928 2168 933 2170 “

124 2206 235 2243 Cupere
242 2212 325 2242 atque
335 2211 440 2242 optare.
482 2203 540 2233 Cic.
557 2213 579 2232 1.
593 2202 628 2232 de
639 2203 716 2232 Orat.
727 2211 753 2233 2.
775 2202 874 2242 Neque
884 2214 952 2236 vero
967 2206 1049 2236 nobis
1067 2206 1247 2244 cupientibus

143 2244 226 2280 atque
235 2243 399 2281 optantibus
408 2242 513 2271 fructus
523 2241 572 2270 otii
583 2240 664 2270 datus
675 2241 713 2270 est
722 2262 730 2276 ‚
745 2242 800 2274 Sec.

124 2281 229 2312 Animo
239 2281 389 2318 quicquam
401 2289 512 2317 cupere.
535 2278 624 2308 Catul.
641 2282 680 2307 16.
693 2288 718 2313 3.

124 2318 261 2350 Ardenter
270 2328 373 2356 cupere
383 2318 496 2355 aliquid.
520 2316 578 2346 Cic.
591 2327 616 2352 4.
636 2315 718 2346 Tusc.
732 2325 776 2353 39.

125 2357 237 2394 Cupide
247 2365 360 2393 cupere.
400 2356 432 2386 In
453 2365 470 2384 c
478 2365 495 2384 υ
506 2365 520 2384 P
531 2365 566 2384 11)
576 2364 595 2384 u
604 2363 625 2383 s.
664 2391 671 2397 ⁶

125 2394 343 2432 Flagrantiffime
357 2393 463 2431 aliquid
470 2402 580 2430 cupere.
602 2391 693 2422 Tacit.
708 2401 731 2422 1.
742 2392 813 2423 Ann.
829 2399 854 2430 3.

125 2431 293 2462 Mirabiliter
302 2432 395 2469 cupio.
417 2431 476 2461 Cic.
493 2440 534 2466 ις.
549 2431 601 2460 Att.
615 2437 640 2466 3.

125 2469 218 2499 Nimis
228 2480 311 2507 quam
321 2470 415 2507 cupio.
456 2468 488 2498 V.
509 2473 634 2500 N11M1s.³

125 2507 242 2539 'sectius
256 2516 367 2546 cupere.
390 2506 476 2536 Ovid.
492 2515 514 2536 1.
525 2506 560 2535 de
572 2508 635 2534 Arte
645 2504 701 2534 Am.
716 2505 781 2542 276.

221 2545 267 2575 Vir
277 2544 348 2575 male
358 2543 510 2574 dissimulat
520 2566 528 2579 ,
549 2544 648 2572 tetrius
663 2542 709 2572 illa
719 2544 806 2581 cupit.

126 2583 220 2621 Cupio
229 2584 325 2612 omnia
337 2592 397 2620 quae
413 2589 442 2612 tu
453 2582 502 2612 vis.
525 2581 610 2610 Plaut.
625 2580 692 2610 Pers.
706 2591 728 2616 ς.
745 2591 768 2610 1.
784 2590 827 2617 14.

126 2621 306 2651 conventum
316 2627 344 2650 te
354 2621 441 2657 cupit.
464 2619 548 2649 Plaut.
562 2619 641 2648 Cure.
652 2628 678 2648 2.
689 2627 713 2655 3.
726 2628 772 2655 25.

125 2659 243 2695 Fac‘tum
254 2668 366 2697 cupere.
389 2657 474 2687 Plaut.
487 2656 544 2686 Cas.
557 2667 582 2686 2.
594 2668 620 2692 4.
635 2665 661 2693 7.

126 2697 247 2735 Nuptias
258 2706 369 2733 cupere.
391 2695 455 2725 Ter.
470 2695 567 2724 Heaut.
583 2706 607 2729 ς.
620 2704 643 2724 1.
661 2702 702 2724 12.

127 2735 216 2774 Cupis
223 2735 310 2763 videri
318 2733 439 2763 nasutus.
459 2732 578 2765 Martial.
591 2731 638 2761 lib.
653 2741 694 2762 12.
706 2739 749 2768 37.

220 2772 339 2803 Nasutus
350 2771 468 2801 nimium
480 2770 559 2807 cupis
573 2770 679 2805 videri,
695 2771 748 2799 διε.

127 2809 214 2848 Cupit
223 2818 251 2840 te
262 2810 368 2840 videre.
407 2808 493 2838 Plaut.
508 2808 591 2838 Truc.
606 2819 632 2844 4.
647 2818 675 2844 4.
688 2813 732 2843 38.
765 2807 812 2838 Sic
822 2829 830 2844 ‚
852 2807 909 2838 Cic.
926 2811 952 2839 6.
966 2807 1040 2839 Verr.
1055 2817 1101 2846 ²9·
1122 2810 1251 2842 Studiose

147 2848 251 2886 cupisse
261 2854 289 2877 te
301 2848 390 2877 celare
399 2846 434 2876 de
447 2846 577 2883 phaleris.
912 2853 915 2857 ·

126 2887 238 2924 Cupere
248 2885 349 2920 alicui,
373 2894 424 2922 pro
435 2884 510 2913 Bene
524 2883 605 2921 velle.
646 2882 712 2912 Caes.
728 2892 751 2912 1.
764 2882 832 2912 Bell.
843 2883 913 2913 Gall.
928 2889 970 2918 18.
992 2885 1094 2914 Favere
1106 2887 1131 2915 Sc
1148 2896 1251 2924 cupere

146 2923 281 2954 Helvetiis
293 2929 407 2961 propter
417 2931 479 2952 eam
490 2921 664 2951 affinitatem.
704 2920 762 2950 Cic.
777 2931 800 2950 1.
822 2921 855 2957 Q
871 2921 930 2951 frat.
944 2932 968 2950 2.
993 2923 1070 2959 Quid
1082 2924 1095 2952 ‘?
1117 2934 1168 2960 ego
1182 2925 1252 2954 Fun.

145 2962 231 2991 danio
240 2970 297 2990 non
307 2961 414 2999 cupio?
435 2969 493 2990 non
504 2960 610 2989 amicus
622 2958 704 2989 sum‘?
726 2968 784 2988 non
801 2959 988 2989 misericordia
1009 2963 1144 2990 moveor?
1166 2972 1250 2992 nemo

147 3009 192 3029 ma
213 3008 244 3028 is.

129 3009 239 3075 Cupgre
250 3035 350 3065 omnia
359 3035 476 3071 alicujus
485 3033 572 3064 causa.
613 3033 672 3064 Cic.
687 3045 714 3069 4.
731 3033 804 3063 Verr.
821 3044 862 3063 10.
885 3035 979 3071 Quem
992 3035 1075 3072 igitur
1085 3036 1118 3065 ab
1130 3037 1163 3067 iis
1171 3037 1252 3074 Equi-

147 3076 222 3105 tibus
236 3073 383 3109 Romanis,
405 3073 451 3111 qui
463 3073 538 3101 istius
552 3071 632 3101 causa
645 3073 763 3114 cupiunt
771 3073 883 3108 omnia,
905 3072 952 3110 qui
963 3073 997 3102 ab
1013 3083 1048 3103 eo
1059 3074 1252 3112 benignilsime

145 3112 256 3142 tractati
272 3111 352 3146 sunt,
372 3110 554 3140 condemnari
564 3109 672 3139 necesse
681 3110 747 3139 esset
758 3131 766 3145 ‚
791 3111 842 3139 &c

127 3151 315 3180 Vehementer
323 3158 426 3187 cupere
435 3148 513 3177 causa
524 3147 650 3183 alicujus.
688 3147 745 3177 Cic.
765 3156 806 3184 13.
827 3147 902 3177 Fam.
914 3151 959 3185 65.
992 3147 1178 3180 Vehementer
1191 3151 1252 3187 ejus

147 3188 226 3218 causa
236 3196 338 3225 cupere
349 3195 413 3216 eum
426 3185 561 3215 intellexi.

129 3226 258 3264 Cupere,
280 3226 380 3254 Amore
391 3230 550 3261 correptum
559 3221 621 3252 effe.
643 3221 762 3252 Martial.
778 3222 826 3260 lib.
839 3232 865 3260 7.
883 3231 928 3260 73.
947 3223 982 3252 ad
1002 3223 1194 3261 Mercurium,

222 3264 268 3294 Sic
279 3262 329 3292 tibi
341 3261 433 3291 lascivi
448 3271 506 3290 non
517 3260 586 3290 desit
599 3261 680 3298 copia
695 3260 761 3290 furti
775 3283 783 3295 ‚

260 3301 325 3331 Sive
337 3300 416 3337 cupis
426 3299 547 3335 Paphien
557 3320 566 3332 ,
586 3297 632 3328 seu
643 3297 808 3335 Ganymede
818 3298 900 3328 cales.

131 3339 235 3378 Cupite
246 3361 254 3375 ‚
276 3339 306 3367 in
315 3346 410 3374 quarta
425 3336 623 3372 coniugatione
631 3357 647 3381 ι
662 3336 737 3374 apud
745 3336 883 3374 antiquos.
907 3335 1016 3366 Lucret.
1028 3336 1078 3367 lib.
1091 3349 1113 3367 1.
1125 3346 1170 3374 72-

416 3391 452 3396 -
461 3374 630 3412 perfringere
639 3380 670 3403 ut
684 3375 756 3403 art-”ta

223 3413 335 3443 Naturae
345 3412 450 3449 primus
460 3419 599 3448 portarum
610 3411 722 3441 claustra
731 3411 850 3449 cupiret.

132 3451 231 3489 Regna
245 3451 393 3489 cupienda.
415 3450 500 3479 Ovid.
513 3461 537 3485 4.
548 3450 628 3479 Trist.
639 3460 665 3483 4.
678 3453 722 3478 66.

95 3490 146 3521 Cu
154 3499 170 3519 1³
180 3500 190 3518 1
200 3499 214 3518 11
222 3498 242 3517 Ν
251 3499 263 3518 s
275 3511 282 3524 ‚
308 3488 388 3517 entis.
410 3487 507 3517 Partic.
529 3484 727 3523 [yzapff'idvssn]
748 3486 834 3516 Plaut.
846 3486 945 3516 Bacch.
957 3495 983 3516 2.
996 3495 1021 3523 3.
1032 3497 1077 3524 44.

211 3526 355 3562 Postquam
367 3534 463 3554 aurum
478 3525 638 3554 abstulimus
649 3546 656 3560 ‚
677 3525 707 3553 in
719 3525 812 3554 navim
827 3524 1042 3555 conscendimus
1051 3546 1059 3559 ‚

211 3563 335 3593 Domum
346 3564 500 3601 cupientes.
596 3563 673 3592 ldem
688 3562 750 3591 Mil.
762 3573 789 3597 4.
802 3572 828 3591 2.
841 3571 866 3599 7.
891 3562 981 3598 Hujus
998 3563 1115 3600 cupiens
1131 3566 1255 3602 corporis

133 3601 180 3631 est.
215 3601 278 3636 Sic,
300 3602 423 3639 Cupiens
440 3600 600 3630 liberorum.
627 3599 717 3630 Tacit.
735 3603 779 3629 16.
798 3601 866 3630 Α1111.
880 3604 906 3630 6.
937 3600 1051 3630 Terent.
1068 3601 1169 3638 Hecyr.
1189 3612 1213 3632 1.
1226 3611 1253 3632 2.

134 3644 180 3675 67.
201 3638 259 3667 Nisi
269 3640 386 3676 cupiens
396 3639 446 3668 tui.

134 3676 301 3713 Nuptiarum
314 3677 438 3714 cupiens.
461 3675 546 3704 Plaut.
560 3674 622 3704 Mil.
636 3685 663 3710 4.
681 3685 706 3710 4.
721 3684 767 3709 29.

133 3714 313 3749 Voluptatum
325 3714 421 3751 vulgus
432 3714 556 3751 cupiens.
578 3712 668 3742 Tacit.
684 3722 725 3748 14.
737 3714 806 3741 Ann.
821 3721 864 3748 14.

134 3753 259 3782 Maxime
272 3752 398 3788 cupiens.
437 3751 467 3780 V.
492 3759 613 3779 mois.

132 3789 193 3821 Effe
202 3789 388 3824 cupientibus.
427 3787 516 3818 Tacit.
538 3797 559 3816 1.
579 3789 646 3816 Auri.
665 3797 707 3822 59-
729 3786 766 3816 Ut
785 3787 939 3825 quibusque
956 3786 1187 3827 bellumjnvitis,
1210 3795 1257 3820 aut

153 3825 329 3864 cupientibus
341 3833 405 3855 erat.
446 3826 531 3861 Quod
543 3826 668 3854 austores
687 3824 775 3854 Graeci
788 3824 886 3854 dicunt
908 3822 1046 3859 ἀχῇμᾟιις
1065 3831 1088 3854 »ir
1101 3847 1109 3861 ‚
1131 3828 1157 3855 ἅ
1177 3823 1258 3862 almi.

153 3877 195 3892 m:
211 3860 242 3893 ἓν.
265 3863 320 3891 hoc
333 3864 408 3892 enim
418 3863 551 3893 sermonis
569 3872 654 3899 genus
669 3862 707 3892 est
720 3861 774 3890 illis
793 3872 927 3899 perquam
939 3862 1083 3892 familiare.
1106 3863 1166 3894 Hae
1179 3865 1215 3894 de
1228 3874 1257 3894 re

151 3903 233 3933 fusius
247 3923 256 3935 ,
276 3910 308 3968 pc
317 3900 454 3939 copiolius
464 3902 616 3932 Rhenanus
633 3900 662 3929 in
678 3899 805 3937 Castigat.
818 3901 848 3930 in
863 3900 953 3931 Tacit.
968 3899 1016 3930 lib.
1029 3910 1072 3937 ις.

175 3940 195 3970 V
203 3949 220 3969 ο
230 3949 256 3969 L.
290 3960 298 3969 .

972 1753 991 1784 i.
1001 1762 1026 1784 e.
1046 1753 1156 1786 Amore.

1649 99 1928 133 CUP
2383 117 2454 151 737

1333 178 1531 246 Cffmpl5‘'ci⁰td
1551 179 1721 243 Pominandi
1736 179 1807 214 suis,
1828 189 1911 217 quam
1937 179 2082 217 subigendi
2101 189 2232 215 externos
2254 185 2449 222 cupientiores.

1375 227 1414 246 ur.
1453 228 1458 244 i
1492 240 1496 244 .
1534 226 1671 251 35249.

1333 253 1439 319 Sppirl.
1473 255 1586 319 1Sallust.
1607 255 1735 292 Jugurth.
1758 264 1818 292 cap.
1839 260 1884 290 84.
1918 254 2025 284 Marius
2044 257 2248 293 cupientillima
2261 260 2341 296 plebe
2357 259 2453 290 consul

1354 296 1394 319 rac
1410 301 1440 319 us
1455 301 1468 320 e
1495 315 1499 320 .

1335 327 1413 363 Legis
1426 329 1653 365 cupientiss'imus.
1678 329 1782 364 Fraem.
1794 329 1900 359 Sallust.
1913 330 1987 367 apud
2001 330 2129 360 Diomed.

1298 363 1516 394 CUPlssN'rBR
1530 389 1537 401 ‚
1562 367 1626 395 Adv.
1651 364 1835 403 [γλιχὲμὸῑιὲωσ]
1858 366 1941 396 Plaut.
1957 367 2049 397 Pseud.
2063 378 2089 398 2.
2107 378 2131 404 3.
2148 377 2190 404 17.

1414 403 1494 432 Stulti
1509 404 1581 432 haud
1596 404 1696 433 scimus
1707 426 1716 438 ,
1737 405 1831 433 frustra
1847 411 1875 432 ut
1891 405 1970 433 fimus
1983 428 1990 439 ,
2012 416 2098 442 quum
2110 407 2184 442 quod
2196 406 2339 442 cupienter
2350 409 2405 437 dari

1335 477 1543 543 niiistl'hoenice
1555 480 1627 516 apud
1646 480 1769 509 Nonium
1788 488 1813 508 2.
1833 489 1892 516 173.
1918 480 2024 510 Stultus
2037 481 2074 510 cst
2088 503 2095 516 ‚
2118 481 2165 518 qui
2176 481 2277 519 cupida
2287 447 2456 518 cupiebiitsffi:

1335 523 1400 550 pieri
1416 524 1444 544 er
1453 523 1539 553 cupit.

1416 440 1534 470 Petimus
1548 442 1628 470 nobis
1639 463 1646 475 ,
1668 441 1741 478 quali
1753 442 1820 478 quid
1834 442 1862 470 in
1875 452 1931 471 rem
1944 443 1974 471 lit
1995 444 2128 479 possimus
2138 443 2258 472 noscere.

1299 549 1480 588 cuprius,
1501 563 1515 582 a
1529 575 1537 589 ,
1558 562 1615 582 um.
1638 548 1734 583 Panic.
1764 553 1936 589 [ἐςςιπιθέις]
1966 555 2024 585 Cic.
2040 565 2065 585 2.
2092 556 2128 585 de
2144 556 2236 586 Divin.
2254 565 2300 592 41.
2334 556 2455 592 Ovid.3.

1313 589 1462 632 fastai.

1429 628 1505 657 Mars
1515 627 1590 655 videt
1606 627 1677 656 hanc
1688 650 1695 662 ‚
1716 627 1857 665 visamque
1870 630 1948 667 cupit
1959 651 1967 665 ‚
1989 631 2149 668 potiturque
2159 632 2264 669 cupita.

1336 662 1402 692 Dies
1414 667 1533 702 cupitus.
1554 665 1653 694 Senec.
1667 666 1781 702 Hippoi.
1795 676 1820 702 7.

1340 701 1448 731 Florem
1459 710 1571 738 tangere
1583 704 1668 731 aetatis
1679 704 1813 740 cupitum.
1838 703 1944 734 Lucret.
1956 714 1980 738 3.
1995 714 2058 741 771.

1300 736 1322 766 C
1333 748 1349 765 υ
1362 748 1389 766 1’1
1402 750 1419 767 '1'
1432 750 1447 768 υ
1459 751 1478 768 Μ
1490 761 1497 774 ,
1519 741 1536 768 i.
1560 749 1587 768 n.
1610 740 1734 769 absolute
1745 751 1793 778 pro
1804 741 1953 771 Defiderio.
1976 750 2016 777 ut,
2037 743 2166 773 Tandem
2180 744 2246 772 huic
2254 744 2381 781 cupitum
2393 752 2461 772 con-

1337 775 1409 812 tigit.
1432 777 1516 807 Plaut.
1530 777 1605 806 Poen.
1621 789 1644 813 5.
1657 789 1682 813 4.
1696 788 1740 814 99.
1765 778 1794 808 V.
1817 779 1905 809 Aurel.
1924 780 1993 810 vict.
2013 780 2078 810 Caes.
2098 791 2139 816 19.
2153 792 2179 817 4.
2207 783 2233 811 8:
2249 781 2327 819 Apul.
2342 789 2367 817 3.
2387 781 2457 810 Met.

1338 823 1364 849 p.
1380 823 1424 848 91.

1299 848 1322 879 C
1332 860 1350 878 ti
1361 855 1444 880 piro
1454 862 1469 880 11
1479 874 1486 886 ,
1508 852 1573 881 oris.
1596 860 1631 881 m.
1655 852 1814 896 [ἔρριπςιξρ]
1835 852 1924 884 Tacit.
1939 864 1982 892 ις.
1995 855 2065 885 Ann.
2078 864 2124 891 42.
2147 856 2222 885 Nero
2235 877 2244 892 ‚
2268 862 2298 885 ut
2306 862 2364 885 erat
2374 857 2460 886 incre-

1337 888 1467 918 dibilium
1479 890 1598 927 cupitor.
1628 890 1644 918 i.
1657 899 1682 918 e.
1703 890 1836 927 Cupiens.

1338 927 1474 956 Aniicitiae
1485 928 1605 964 cupitor.
1629 926 1706 965 Apul.
1721 935 1744 962 3.
1759 927 1858 957 Florid.
1873 939 1899 966 p.
1913 933 1976 965 807.

1337 962 1639 1002 Matrimoniicupitor.
1681 964 1772 994 Tacit.
1791 975 1830 994 12.
1850 966 1919 995 Ann.
1933 976 1959 1003 7.
1980 967 2078 1004 Neque
2094 973 2189 998 tamen
2211 974 2338 1006 repertus
2357 969 2395 998 est
2412 968 2461 997 nifi

1358 1011 1430 1030 unus
1441 1002 1502 1031 talis
1515 1002 1685 1032 matrimonii
1698 1003 1818 1039 cupitor.

1302 1036 1352 1067 Cu
1362 1041 1396 1067 pf
1406 1049 1424 1067 1>
1435 1050 1451 1068 υ
1461 1050 1473 1069 s
1483 1061 1490 1074 ,
1513 1050 1544 1074 a,
1566 1050 1622 1069 um.
1646 1040 1704 1075 Adj.
1726 1041 1889 1075 [ἐπιθυμῶ]
1909 1041 1987 1070 ldem
1998 1043 2073 1078 quod
2086 1043 2216 1081 Cupiens.
2230 1044 2464 1082 Genitivojungi-

1339 1082 1398 1110 tur,
1421 1079 1660 1114 &nonnunquam
1669 1076 1798 1107 ablativo
1843 1079 1892 1113 [Si
1907 1080 1992 1108 modo
2004 1090 2136 1117 unquam.
2160 1081 2190 1111 V.
2210 1082 2288 1112 infra.

1339 1114 1469 1143 Genitivo
1481 1138 1488 1149 ,
1510 1115 1573 1144 Ter.
1587 1115 1655 1145 Hec.
1670 1125 1693 1150 3.
1707 1123 1731 1149 3.
1748 1125 1791 1144 12.
1813 1115 1879 1152 Ejus
1894 1117 2010 1146 videndi
2023 1119 2149 1155 cupidus.

1339 1151 1470 1182 Certandi
1482 1153 1609 1189 cupidus.
1632 1152 1738 1182 Lucret.
1754 1162 1777 1188 3.
1791 1163 1815 1189 ς.

1420 1190 1484 1219 Non
1497 1192 1533 1219 ita
1542 1192 1663 1220 certandi
1675 1191 1794 1228 cupidus
1805 1213 1812 1226 ‚
1834 1201 1917 1229 quam
1929 1199 2042 1231 propter
2052 1202 2188 1223 amorem·

1339 1226 1441 1256 Damni
1452 1227 1490 1257 sui
1505 1229 1632 1263 cupidus.
1655 1229 1711 1257 Cic.
1725 1239 1750 1263 4.
1765 1230 1818 1258 Att.
2157 1237 2160 1240 '

1339 1264 1487 1295 Novitatis.
1509 1266 1628 1303 Quintil.
1642 1266 1690 1295 lib.
1705 1276 1728 1302 3.
1742 1275 1802 1304 cap.
1818 1275 1842 1303 3.

1339 1302 1426 1332 Pacis.
1453 1304 1518 1334 Hor.
1532 1315 1557 1333 2.
1570 1304 1655 1334 Serm.
1674 1314 1695 1333 1.
1707 1315 1753 1339 44.

1338 1340 1512 1370 Studiorum.
1533 1341 1617 1371 Ovid.
1632 1352 1655 1371 1.
1672 1342 1707 1370 de
1721 1342 1797 1371 Pont.
1813 1352 1836 1377 ς.
1851 1351 1894 1378 3ς.

1339 1377 1418 1408 Vitae.
1459 1379 1517 1409 Cic.
1534 1389 1577 1414 14.
1592 1379 1666 1409 Fani.
1679 1390 1706 1415 4.
1726 1379 1812 1416 Quod
1823 1380 1929 1409 utinam
1943 1381 2036 1410 minus
2047 1382 2108 1412 vitae
2120 1382 2215 1419 cupidi
2228 1381 2380 1412 fuissemus.

1339 1416 1472 1483 Cgmpar.
1533 1416 1729 1447 Contentionis
1762 1419 1922 1456 cupidiores
1957 1419 2075 1449 Graeculi
2104 1420 2242 1450 homines.
2289 1422 2347 1451 Cic.
2373 1430 2396 1449 1.
2428 1420 2464 1450 de

1391 1461 1438 1484 rat.
1490 1477 1496 1483 .

1340 1463 1614 1530 Pecunia4e7cupidior
1625 1502 1707 1529 quam
1718 1493 1793 1522 reite
1803 1491 1934 1523 faciendi.
1958 1493 2056 1523 Vellei.
2071 1503 2096 1523 2.
2119 1503 2164 1532 97.
2180 1504 2203 1525 1.

1342 1529 1451 1567 Superi.
1477 1530 1568 1559 Nostri
1580 1530 1779 1567 cupidissimus.
1803 1530 1861 1560 Cic.
1875 1541 1898 1560 1.
1917 1531 1952 1560 de
1964 1531 2041 1561 Orat.
2059 1541 2120 1567 104.

1341 1567 1452 1597 Pecoris
1465 1567 1762 1605 cupidill'iniibarbari.
1784 1567 1849 1598 Caes
1867 1578 1889 1597 i.
1902 1568 1970 1599 Bell.
1983 1569 2053 1599 Gall.
2066 1580 2110 1604 ις.

1342 1605 1481 1634 Ablativo.
1504 1606 1588 1634 Plaut.
1605 1606 1698 1635 Pseud.
1712 1616 1734 1636 1.
1747 1615 1773 1636 2.
1790 1617 1834 1642 ςο.
1857 1606 1928 1637 Vino
1941 1607 2028 1637 modo
2042 1608 2152 1646 cupidae
2164 1608 2234 1637 estis.
2275 1608 2355 1644 [Nisi
2365 1608 2404 1638 est
2417 1608 2467 1638 Da·

1361 1643 1434 1671 rivus
1446 1665 1453 1677 ,
1474 1642 1549 1672 casus
1562 1643 1643 1681 ipsius
1652 1644 1740 1673 verbi.

1342 1680 1469 1718 Cupidus
1481 1681 1509 1709 in
1520 1681 1711 1718 perspicienda
1719 1681 1968 1719 cognoscendaque
1980 1691 2072 1712 rerum
2088 1689 2192 1714 natura.
2215 1683 2274 1713 Cic.
2293 1693 2316 1714 1.
2333 1683 2391 1714 Off.
2403 1693 2464 1720 154.

1342 1718 1470 1756 Cupidos
1485 1719 1636 1748 Moderatis
1647 1720 1767 1757 opponit
1782 1720 1839 1748 Cic.
1855 1730 1906 1758 pro
1918 1720 1997 1751 Font.
2014 1730 2059 1751 22.

1343 1756 1473 1785 Amantes
1487 1757 1591 1794 cupidi.
1614 1757 1698 1786 Ovid.
1714 1767 1755 1792 19.
1772 1757 1854 1795 Epist.
1872 1761 1916 1794 67.

1341 1795 1461 1823 Animus
1474 1803 1507 1823 cu
1531 1795 1601 1825 idus.
1624 1794 1688 1824 Ter.
1707 1795 1806 1824 Heaut.
1821 1805 1846 1824 2.
1860 1804 1884 1831 3.
1899 1799 1960 1825 126.

1437 1831 1474 1860 Ut
1499 1804 1575 1861 illius
1603 1833 1727 1862 animum
1754 1833 1890 1870 cupidum
1919 1833 2017 1871 inopia
2042 1833 2213 1864 incenderet.

1341 1869 1473 1899 Avaritia.
1497 1869 1615 1899 Martial.
1630 1870 1677 1899 lib.
1694 1880 1735 1900 11.
1750 1881 1793 1906 59.
1814 1871 1845 1899 iri
1859 1870 2069 1909 Telesphorum.

1341 1906 1446 1974 Hlpntiss.
1487 1907 1546 1974 Cip.
1559 1917 1584 1975 3t.
1598 1907 1654 1938 Off.
1670 1918 1714 1944 59.
1745 1908 1820 1939 Emit
1835 1908 1922 1938 homo
1937 1909 2057 1948 cupidus
2074 1911 2101 1939 ἃ
2120 1909 2247 1948 locuples
2259 1910 2330 1939 tanti
2343 1932 2352 1947 ‚
2372 1910 2473 1948 quanti

1382 1955 1399 1982 y
1434 1954 1475 1974 ius
1489 1955 1523 1975 vo
1538 1956 1564 1974 ui
1581 1968 1587 1975 .

1342 1981 1434 2012 Livor.
1457 1983 1577 2020 Propert.
1590 1983 1638 2014 lib.
1651 1993 1673 2013 1.
1689 1989 1714 2018 8.
1728 1993 1773 2018 29.

1341 2020 1455 2051 Manus.
1479 2021 1563 2050 ovid.
1582 2031 1604 2050 1.
1621 2021 1656 2050 de
1672 2023 1734 2052 Arte
1748 2024 1806 2052 Am.
1825 2025 1887 2052 116.

1342 2058 1434 2088 mens.
1459 2058 1542 2088 Ovid.
1558 2063 1582 2088 6.
1597 2059 1678 2096 Epist.
1696 2068 1741 2096 71.

1341 2096 1469 2133 Cupidus
1479 2097 1563 2126 etiam
1573 2097 1675 2126 dicitur
1684 2119 1692 2132 ,
1713 2097 1771 2134 Qui
1783 2098 1872 2126 nimio
1887 2097 2009 2136 par-tium
2019 2097 2110 2128 studio
2121 2098 2159 2128 est
2169 2098 2309 2135 abreptus,
2330 2099 2349 2127 i.
2360 2108 2384 2128 e.
2407 2097 2469 2128 Par-

1362 2133 1453 2167 tialis,
1474 2134 1667 2171 utloquuntur
1678 2135 1794 2164 barbari.
1835 2135 1894 2164 Cic.
1908 2139 1934 2164 6.
1953 2135 2027 2165 Verr.
2045 2146 2105 2169 124.
2129 2137 2220 2166 Nemo
2237 2136 2364 2173 suspicari
2384 2136 2470 2166 debet

1362 2181 1408 2201 me
1417 2171 1471 2201 effe
1482 2177 1538 2201 tam
1550 2173 1684 2215 cupidum
1697 2194 1705 2207 ,
1727 2174 1779 2202 ἃς.
1802 2172 1872 2202 Item
1882 2183 1932 2210 pro
1943 2173 2023 2202 Rosc.
2036 2173 2164 2203 Comoed.
2178 2183 2223 2210 47.
2246 2173 2320 2203 Tum
2332 2174 2406 2202 enim
2415 2174 2470 2203 sor.

1362 2209 1430 2276 sitpkri
1442 2210 1576 2276 imsprobis
1585 2210 1668 2240 nimis
1679 2211 1796 2248 cupidus
1807 2210 1947 2240 videretur
1959 2232 1968 2247 ,
1989 2211 2057 2248 qui,
2078 2218 2132 2248 qua
2151 2212 2187 2241 de
2205 2221 2234 2241 re
2249 2212 2336 2248 judex
2358 2211 2468 2248 fuiffet,

1362 2253 1391 2276 te
1416 2257 1464 2276 ise
1489 2253 1525 2276 et.

1341 2284 1439 2314 Testes
1447 2284 1554 2322 cupidi.
1577 2284 1638 2314 Cic.
1653 2294 1703 2322 pro
1714 2285 1833 2314 Fonteio
1846 2295 1856 2314 1
1865 2294 1888 2314 1.

1343 2321 1544 2358 Cupidisfimus
1557 2321 1703 2351 subaudito
1716 2324 1841 2359 genitivo
1855 2322 1990 2351 Pecuniae.
2011 2322 2088 2352 Suet.
2107 2323 2135 2351 in
2146 2322 2225 2361 Vesp.
2239 2333 2300 2361 cap.
2316 2327 2358 2354 16.
2379 2324 2412 2354 H.
2426 2325 2465 2354 St.

1345 2360 1471 2397 Cupidus
1483 2361 1507 2389 Sc
1520 2361 1620 2389 Avarus
1631 2360 1812 2396 quid-distent
1824 2360 1933 2398 prolixe
1946 2361 2029 2390 docet
2047 2361 2164 2390 Broekh.
2179 2362 2214 2391 ad
2226 2361 2332 2391 Tibull.
2345 2372 2368 2392 1.
2385 2373 2406 2391 1.
2422 2373 2468 2397 90.

1306 2399 1472 2433 Ourios,
1496 2397 1561 2426 Λᾶν.
1581 2398 1745 2433 [temnis]
1767 2405 1807 2433 ut,
1828 2398 2051 2435 Cupideemere.
2074 2398 2143 2428 Plin.
2156 2399 2204 2428 lib.
2219 2405 2261 2434 18.
2279 2409 2340 2438 cap.
2355 2411 2379 2436 ς.
2402 2400 2469 2430 1³1ae-

1342 2436 1423 2465 dium
1439 2445 1474 2464 ne
1485 2435 1586 2472 cupide
1600 2445 1685 2464 emas.

1343 2475 1431 2510 Agere
1453 2473 1576 2511 cupide,
1605 2473 1642 2502 est
1661 2472 1754 2502 Nimio
1775 2472 1942 2510 (partium)
1962 2473 2053 2503 studio
2072 2474 2219 2512 abreptum
2239 2484 2327 2512 agere.
2368 2475 2426 2504 Cic.
2440 2479 2465 2505 6.

1362 2512 1438 2555 litam.
1457 2520 1501 2540 11.
1533 2511 1592 2540 Nos
1617 2511 1723 2549 agimus
1749 2510 1820 2540 nihil
1847 2512 1970 2549 cupide,
1995 2521 2085 2550 eoque
2103 2513 2192 2550 pluris
2208 2512 2247 2542 est
2266 2513 2353 2542 nostra
2374 2515 2469 2543 aueto-

1360 2556 1437 2578 ritas.

1343 2587 1482 2624 Appetere
1492 2586 1604 2623 cupide.
1634 2585 1692 2616 Cic.
1707 2596 1756 2624 pro
1768 2585 1848 2616 Rosc.
1863 2587 1952 2616 Amet.
1973 2596 2016 2622 50.
2040 2587 2110 2618 Suos
2122 2588 2197 2618 enim
2206 2597 2284 2626 agros
2297 2588 2413 2618 studiose
2425 2598 2471 2619 co-

1361 2625 1458 2654 lebant
1472 2646 1480 2659 ,
1502 2634 1560 2653 non
1572 2624 1678 2654 alienos
1693 2625 1795 2661 cupide
1810 2624 1992 2662 appetebant.

1344 2662 1454 2700 Cupere
1463 2662 1574 2700 cupide.
1598 2662 1682 2691 Plaut.
1700 2661 1758 2691 Cas.
1773 2671 1798 2691 2.
1815 2671 1839 2697 3.
1855 2672 1900 2698 49.

1342 2700 1542 2743 Condemnare
1554 2699 1664 2737 cupide.
1686 2699 1761 2743 Suet.
1774 2699 1840 2729 Caes.
1854 2710 1915 2737 cap.
1932 2709 1972 2729 12.
1995 2700 2114 2745 Ac'sorte
2128 2700 2219 2737 Judex
2230 2700 2259 2730 in
2269 2710 2348 2731 reum
2358 2701 2468 2738 ductus,

1344 2738 1805 2819 D‘Stssaffssz‘sszirssilgfflg{ltuei:
1819 2738 1890 2811 ‘off
1889 2738 2060 2810 Stif'ill‘fdsf’
2064 2761 2126 2815 ..12.
2137 2780 2162 2806 ⁶.

1342 2812 1443 2842 Dicere
1452 2812 1626 2851 cupide.Cic.
1641 2823 1691 2850 pro
1705 2813 1820 2842 Fonteio
1840 2813 2467 2851 i9.SubaudiTestimonium.V.Senec.Suas.7.

1345 2851 1444 2882 Facere
1456 2851 1567 2889 cupide.
1590 2850 1710 2887 Quintil.
1723 2849 1773 2880 lib.
1788 2861 1809 2880 1.
1821 2861 1884 2889 cap.
1898 2861 1922 2886 3.

1343 2889 1444 2920 Facere
1456 2889 1557 2932 cupide
1574 2890 1600 2918 δι
1610 2896 1713 2931 temere
1723 2888 1836 2926 aliquid.
1879 2889 1936 2918 Cic.
1948 2898 1973 2918 2.
1986 2888 2104 2927 Philipp.
2117 2899 2160 2926 52.
2183 2889 2260 2926 Quid
2272 2889 2375 2928 cupide
2390 2900 2407 2920 a
2422 2890 2469 2920 Se.

1344 2933 1460 2995 lssgrtiltlissi
1472 2925 1768 3002 ‘ngpiidgtgceliebldlilt'gsf
1789 2928 2009 3002 (lilitlzlnptrtb’llffffi
2021 2964 2101 2993 Corn.
2113 2972 2159 3000 49.
2182 2964 2239 3003 Ego
2249 2974 2316 2994 vero
2327 2966 2430 3003 cupide
2440 2968 2467 2997 ὀὶ

1364 3002 1485 3031 libenter
1496 3003 1614 3031 mentiar
1626 3008 1672 3045 tua
1686 3001 1774 3031 causa.

1342 3040 1474 3078 Compar.
1497 3046 1528 3069 ut
1542 3062 1550 3074 ,
1570 3039 1708 3077 Cupidius
1720 3040 1827 3068 instare.
1848 3039 1953 3073 Caefiq.
1970 3039 2036 3069 Bell·
2053 3039 2123 3069 Gall.
2137 3043 2182 3075 63.

1345 3078 1452 3116 Super-l.
1475 3083 1522 3112 ut,
1544 3077 1727 3115 Cupidiisime
1739 3077 1845 3114 aliquid
1860 3083 1964 3114 petere.
1985 3076 2051 3106 Caes.
2067 3087 2088 3105 1.
2103 3077 2167 3106 Bell.
2181 3077 2260 3107 Civil.
2274 3082 2298 3107 6.
2313 3083 2358 3112 8<-

1308 3115 1331 3147 C
1342 3126 1361 3145 u
1370 3126 1383 3144 P
1392 3120 1402 3144 ῑ
1411 3127 1428 3144 n
1438 3126 1465 3151 o,
1485 3117 1549 3144 inis.
1572 3116 1590 3144 f.
1612 3115 1708 3151 [ἔρως]
1729 3116 1747 3144 i.
1762 3125 1786 3144 e.
1810 3115 1899 3144 Animi
1911 3115 2022 3144 affectio
2032 3124 2046 3143 a
2059 3114 2175 3145 libidine
2187 3117 2212 3145 ἃ
2224 3116 2376 3159 cppiditate
2386 3116 2469 3154 profi-

1345 3153 1450 3183 ciscens
1466 3163 1472 3183 :
1496 3153 1583 3190 qualis
1595 3154 1633 3182 est
1649 3153 1760 3182 avaritia
1772 3173 1779 3186 ,
1802 3162 1855 3189 qua
1864 3162 1932 3189 opes
1945 3154 2095 3189 cupiuntur
2106 3163 2116 3182 :
2139 3153 2226 3191 qualis
2242 3154 2396 3190 iracundia,
2415 3165 2469 3192 qua

1346 3191 1483 3221 ultionem
1493 3191 1650 3229 appetimus
1663 3212 1670 3224 ,
1693 3192 1719 3220 &
1733 3190 1838 3219 similia.
1860 3190 1930 3227 Virg.
1942 3195 1967 3219 6.
1979 3191 2039 3220 [ΕΠ.
2052 3199 2115 3224 721.

1539 3244 1577 3249 -—
1589 3238 1649 3265 quse
1660 3228 1730 3258 lucis
1740 3228 1844 3257 miseris
1856 3235 1912 3256 tam
1922 3228 1980 3257 dira
1997 3229 2101 3265 cupido
2111 3229 2125 3258 ⁶?

1343 3266 1457 3304 Cupido
1472 3267 1498 3295 &
1513 3266 1596 3295 Amor
1608 3265 1711 3294 differt.
1735 3265 1765 3294 V.
1789 3266 1907 3295 Amorin
1923 3275 1940 3294 A
1951 3275 2006 3294 Μο.

1344 3303 1498 3334 Novissima
1506 3305 1590 3332 etiam
1601 3304 1694 3341 gloriae
1706 3303 1809 3340 cupido
1819 3303 1990 3341 sapientibus
2005 3303 2123 3333 exuitur.
2144 3303 2234 3334 Tacit.
2246 3314 2272 3340 4.
2289 3304 2356 3334 Hist.
2373 3307 2400 3334 6.

1344 3342 1476 3372 Habendi
1489 3342 1603 3378 cupido.
1633 3341 1700 3371 l’lin.
1716 3341 1763 3369 lib.
1780 3350 1822 3376 33.
1841 3351 1901 3379 cap.
1916 3350 1941 3377 3.

1345 3379 1447 3410 Laudis
1459 3380 1588 3415 titulique
1599 3379 1711 3416 cupido.
1733 3378 1831 3413 Juven.
1849 3389 1890 3408 10.
1904 3380 1959 3408 Sat,
1975 3388 2035 3414 ¹4³·

1345 3417 1479 3447 Potentiae
1491 3417 1594 3454 cupido
1608 3426 1686 3446 vetus
1698 3438 1705 3449 .
1727 3426 1759 3446 ac
1770 3417 1938 3454 jampridem
1950 3417 2026 3445 insita
2037 3416 2196 3445 mortalibus
2209 3426 2273 3447 cum
2288 3417 2396 3457 imperii
2412 3427 2468 3448 ma-

1365 3455 1515 3493 gnitudine
1527 3453 1668 3488 adolevit,
1690 3455 1707 3482 i.
1719 3464 1742 3483 e.
1765 3455 1917 3484 Succrevit.
1938 3454 2027 3484 Tacit.
2040 3463 2065 3484 2.
2080 3455 2148 3484 Hist.
2166 3460 2208 3490 38.

1347 3493 1449 3524 Mortis
1460 3492 1574 3528 cupido.
1597 3492 1681 3520 Ouid.
1697 3492 1724 3520 in
1742 3491 1803 3521 Ibin
1815 3513 1823 3526 ,
1844 3502 1905 3526 519.

1441 3530 1580 3566 Quodque
1590 3530 1683 3558 ferunt
1695 3530 1812 3559 Brotean
1825 3529 1917 3559 feciss'e
1928 3529 2062 3567 cupidine
2074 3530 2179 3559 mortis.

1347 3568 1465 3597 Ventris.
1489 3567 1628 3602 Ovid.15.
1646 3568 1715 3596 Met.
1731 3576 1791 3602 173.

1347 3606 1432 3635 Altior
1443 3605 1547 3641 cupido
1559 3605 1681 3634 adeundi
1692 3604 1793 3633 sacrani
1801 3603 1894 3634 sedem
1906 3604 2075 3642 Vespasiano,
2085 3606 2137 3635 ἃς.
2146 3604 2237 3634 Tacit.
2247 3604 2297 3635 lib.
2308 3615 2333 3642 4.
2345 3606 2412 3636 Hist.
2421 3612 2464 3641 82.

1348 3644 1459 3672 Arrec‘ta
1468 3642 1582 3679 cupido.
1607 3642 1676 3679 Virg.
1693 3652 1716 3676 ς.
1730 3641 1788 3672 ΙΕη.
1804 3648 1862 3677 138-

1289 3698 1292 3700 *
1350 3680 1430 3709 Caeca
1442 3680 1582 3708 honorum
1598 3680 1711 3716 cupido.
1736 3680 1842 3708 Lucret.
1853 3680 1900 3708 lib.
1918 3688 1942 3715 3.
1959 3690 2001 3715 59.

1350 3718 1428 3747 Caeca
1441 3719 1540 3754 praedae
1554 3718 1666 3760 cupido.
1690 3717 1774 3760 Ovi—d.
1789 3725 1812 3752 3.
1826 3717 1894 3746 Met.
1907 3721 1971 3746 620.
1995 3754 2001 3760 .
2099 3754 2105 3760 .

1350 3756 1414 3799 Dira
1426 3755 1552 3798 c'upido',
1574 3765 1591 3783 i.
1605 3765 1640 3798 εκ
1652 3754 1796 3792 Cupiditas
1808 3763 1842 3783 ex
1859 3756 1975 3784 deorum
1994 3764 2031 3784 ira
2042 3763 2175 3790 veniens,
2195 3761 2242 3784 aut
2262 3761 2335 3785 certe
2349 3763 2447 3791 magna
2458 3776 2466 3790 ‚

1351 3792 1880 3872 Ρῖἓὲἓιξῑῗένῖξέ..ἷῗῑνῆἒεῗῖἳεῗ7”

1352 3866 1471 3897 Furiosa.
1495 3866 1579 3895 Ovid.
1596 3877 1618 3895 1.
1631 3866 1696 3896 Fast.
1710 3876 1772 3896 211.
2284 3903 2290 3908 ⁵

1352 3905 1460 3941 Jejuna.
1481 3903 1589 3934 Lucret.
1602 3904 1649 3934 lib.
1661 3915 1686 3940 4.
1702 3909 1766 3941 874.
1788 3904 1806 3934 i.
1819 3913 1844 3933 e.
1867 3903 1983 3939 Fames,
2005 3904 2050 3933 vel
2060 3904 2162 3934 edendi
2176 3903 2350 3932 desiderium.

1847 3942 1866 3970 A
1879 3951 1894 3970 a
1907 3951 1922 3970 a
1930 3951 1945 3971 a
1955 3951 1970 3970 a
2376 3941 2472 3977 ignota
