2600 4177
486 131 513 166 A
609 129 641 165 U
737 130 769 165 G

74 212 177 247 Primus
189 214 240 243 lios
254 211 288 249 Q.
302 211 462 243 Hortensius
474 211 595 250 augurali
608 220 687 241 coeria
698 211 815 249 posuisse
827 211 936 242 dicitur.
958 214 1046 251 Cic.7.
1062 214 1186 251 Fani.27.

78 248 109 284 ln
123 262 166 281 eas
180 261 261 286 quum
278 250 560 280 incidissemincoena
570 249 691 286 augurali
706 251 780 287 apud
798 250 954 280 Lentulum.

76 290 222 326 Augurales
233 289 303 317 libri.
329 288 386 317 Cic.
401 298 423 318 1.
436 288 470 317 de
481 288 572 318 Divin.
593 295 637 324 72.
661 287 692 316 ln
704 287 803 324 quibus
818 298 952 325 augurum
963 288 1109 327 disciplina
1123 299 1190 318 con—

96 334 206 356 tinetur.

77 364 220 399 Auguralia
231 362 352 396 insignia.
373 363 430 392 Liv.
446 373 487 392 10.

74 403 152 433 Porta
161 401 305 437 auguralis.
326 400 415 429 Tacit.
429 411 454 430 2.
471 402 540 430 Arin.
564 399 678 435 [Locus
695 399 722 427 in
741 399 806 427 diei.
823 400 876 437 seq.
893 401 1014 430 affertur.
1038 400 1188 430 Commen-

75 444 133 469 tum
143 439 222 475 igitur
233 437 270 466 est
281 439 356 475 quod
373 439 418 467 liic
431 439 465 467 de
481 438 558 466 Porta
571 438 625 466 hoc
636 438 750 465 nomine
766 437 876 466 dicitur.

75 477 121 506 Vir
130 475 263 513 auguralis
274 497 282 509 ‚
304 483 334 504 ut
349 476 395 504 Vir
404 475 560 505 consularis.
583 474 641 504 Cic.
660 475 694 503 de
708 471 778 503 Clar.
792 475 867 504 Orat.
881 479 943 513 267.

17 532 18 543 l
41 515 241 546 AUGURALR
253 535 260 547 ,
284 513 312 542 is.
337 523 363 542 ri.
387 513 599 549 [damnamini]
626 512 732 549 Inligiie
746 522 879 548 augurum
891 536 898 546 ,
921 523 970 551 pro
994 512 1074 542 Lituo
1096 513 1187 550 accipi

16 544 18 557 l
75 551 197 581 arbitror.
232 550 294 579 Sen.
313 551 347 580 de
357 550 509 587 Tranquill.
522 549 608 584 Vitae,
627 559 688 587 cap.
705 558 746 578 12.
782 550 852 586 Qiae
869 551 986 588 dignitas
1000 572 1009 586 ,
1031 552 1109 586 cujus
1129 560 1187 578 non

96 594 234 618 raetextam
246 610 253 622 ,
281 590 307 617 ἃ
317 588 459 624 augurale.
477 589 527 617 &a

88 635 143 655 tem
154 647 161 658 ,
184 625 271 654 Locus
281 626 308 654 in
317 625 407 654 castris
418 626 452 654 ad
464 626 589 654 dextram
605 624 723 654 Praetorii
735 624 780 652 ubi
792 625 903 661 auguria
913 625 1102 663 capiebantur.
1133 622 1188 654 Ta-

94 664 140 697 cit.
155 672 180 692 2.
205 663 273 691 Anii.
296 672 337 697 13.
391 664 480 692 Nocte
499 666 590 700 coepta
602 684 610 694 ,
644 661 763 699 egressus
785 662 920 696 Augur-ali.
947 666 973 692 ἃ
1001 674 1042 697 15.
1068 673 1111 699 30.
1153 663 1185 691 V.

93 700 201 737 Lipsad
213 700 295 729 loc&
305 702 350 737 qui
361 700 471 738 plenius
483 701 541 729 liaec
551 699 682 737 explicat,
693 700 783 728 Burm.
796 701 829 729 ad
841 700 1184 738 Quiiitil.lnst.8.2.p.671.

91 739 138 767 ubi
149 748 198 775 pro
212 738 339 767 Piaet‘orio
347 738 464 776 positum
478 739 569 767 docet.
612 737 643 766 V.
666 739 692 766 &
706 747 771 765 mox
796 748 814 765 A
826 748 843 766 u
854 747 870 765 G
883 748 899 766 υ
910 749 924 766 R
937 749 953 767 A
966 748 982 767 c
993 749 1011 768 u
1021 749 1063 767 Lu
1075 750 1105 768 Μ.

39 776 254 810 ΔυῦυΧιυΜρῃ.
267 772 586 811 [οὶωνισμῤ;,ιίωνοσ-,ισπιόε]
594 774 654 812 Ipsa
665 784 713 812 per
724 784 788 804 aves
798 775 1018 813 divinatio.Virg.
1027 776 1184 812 5.ffin.523.

217 829 255 834 —
267 823 422 850 magnoque
438 815 559 842 futurum

164 851 282 887 Augurio
299 852 459 880 monstruni.
566 850 618 878 Ubi
639 849 748 879 Servius
764 871 771 883 ,
795 850 944 886 Augurium
971 851 1093 884 dietum.
1114 850 1187 887 quasi

74 889 246 925 Avigeriuiri:
268 889 342 926 quod
351 898 414 918 aves
425 894 532 926 gerunt.
556 887 622 916 Plin.
636 887 681 916 lib.
693 896 717 924 7.
732 897 792 924 cap.
808 892 849 922 56.
871 889 988 925 Auguria
998 899 1033 918 ex
1042 889 1187 918 avibusin-

74 927 150 956 venit
160 925 227 959 Car,
254 936 267 954 a
277 936 332 963 quo
341 925 569 969 Cariaappellata.
592 925 695 961 adjecit
712 935 746 953 ex
762 926 859 953 ceteris
871 926 1035 956 animalibus
1046 926 1186 964 Orpbeus.

74 963 189 1000 Auguria
202 964 324 992 Romana
334 964 432 993 Cicero
444 964 513 992 dicit
522 964 617 992 coacta
631 963 700 995 effe,
723 963 799 999 quod
819 970 1015 999 augurarentur
1029 974 1045 993 e
1062 963 1146 1001 pullis
1157 964 1186 992 in

93 1011 174 1031 cavea
184 1010 247 1030 ante
256 1001 328 1030 fame
338 1002 442 1031 enectis
458 1024 466 1036 ,
487 1003 513 1030 δι
525 1001 601 1038 quod
612 1010 646 1030 ex
658 999 713 1029 offa
732 1001 831 1029 cadere
851 1001 955 1037 aliquid
976 1008 1134 1039 oporteret,
1156 1006 1188 1030 ut

92 1039 243 1076 tripudium
255 1039 414 1068 solistimum
425 1039 519 1068 fieret:
541 1045 637 1067 contra
650 1038 737 1067 libero
749 1038 879 1066 urebatur
893 1040 1006 1076 augurio
1020 1040 1165 1068 Deiotarus
1177 1061 1186 1074 ‚

91 1077 139 1144 ssui
150 1076 234 1142 lilliere
245 1076 371 1106 volantes
382 1087 444 1107 aves
454 1083 549 1114 aperto
562 1075 651 1112 coelo,
672 1086 730 1105 non
744 1075 847 1105 clausas
860 1086 942 1106 cavea
959 1077 1107 1115 spediabat.
1143 1077 1187 1107 De

119 1124 153 1143 iv.
184 1137 189 1143 .
204 1124 226 1143 1.
239 1124 263 1143 c.
279 1125 320 1149 ¹5-

74 1152 223 1189 Auguriiim
236 1154 261 1181 Sc
274 1151 430 1191 Auspicium
443 1151 653 1181 discernuntur:
674 1150 750 1188 quod
772 1150 803 1180 sit
826 1151 982 1189 Auspicium
997 1153 1088 1182 avium
1099 1152 1188 1190 inspe-

92 1190 165 1225 ctio,
187 1191 212 1219 &
228 1200 286 1226 quae
300 1200 334 1219 ex
352 1189 444 1219 volatu
459 1190 549 1219 avium
565 1189 746 1226 significetur,
768 1191 794 1218 ὃς
813 1190 927 1219 vocibus
942 1200 947 1219 :
977 1191 1127 1227 Augurium
1143 1201 1189 1219 au-

91 1233 149 1256 tem
160 1249 168 1262 ,
190 1237 281 1257 rerum
295 1227 422 1257 omnium
443 1228 615 1263 conjecturas
628 1226 780 1264 prudenter
793 1236 825 1255 ac
843 1227 989 1264 diligenter
1003 1228 1186 1266 amplectitur.

76 1281 79 1282 ⁷
91 1265 159 1296 Haec
174 1265 292 1294 Nonius.
332 1266 506 1301 [Augurium
522 1265 579 1294 dici
590 1264 663 1301 quod
674 1265 777 1301 petitur
789 1266 814 1294 δέ
826 1267 907 1295 certis
917 1265 1014 1295 avibus
1023 1266 1187 1301 ostenditur,

92 1302 250 1340 Auspicium
260 1313 325 1332 vero
339 1303 415 1340 quod
431 1302 553 1340 qualibet
570 1303 631 1337 avi,
653 1302 869 1338 demonstratur,
891 1313 944 1334 nec
960 1304 1080 1341 petitur,
1102 1304 1189 1334 docet

97 1340 171 1370 Serv.
182 1341 216 1369 ad
228 1341 290 1370 AEn.
310 1351 332 1370 1.
348 1346 409 1376 398.

73 1378 221 1416 Augurium
236 1400 244 1413 ,
266 1388 316 1416 pro
328 1377 458 1408 Oraculo.
480 1377 552 1417 Virg.
570 1386 594 1413 3.
615 1377 677 1407 AEn.
689 1383 733 1412 89.

153 1415 193 1444 Da
205 1423 282 1453 pater
293 1416 436 1452 augurium
449 1437 457 1449 ,
479 1421 561 1452 atque
575 1415 675 1444 animis
685 1414 797 1444 illabere
809 1415 916 1445 nostris.

72 1453 221 1490 Augurium
231 1455 260 1482 in
269 1454 397 1492 piscibus.
421 1453 488 1482 Plin.
504 1453 550 1482 lib.
561 1463 585 1488 9.
603 1462 664 1490 cap.
681 1457 722 1482 16.

72 1492 220 1528 Augurium
232 1492 373 1528 quoddam
387 1491 541 1520 futurorum
554 1491 583 1519 in
594 1491 733 1520 mentibus
747 1491 871 1521 inhaeret.
892 1491 953 1522 Cic.
970 1501 994 1521 1.
1008 1491 1090 1522 Tusc.
1105 1502 1148 1530 33.

71 1529 221 1565 Augurium
232 1531 257 1559 &
269 1530 404 1558 divinatio
421 1539 491 1558 mea.
514 1528 571 1557 Cic.
587 1532 613 1558 6.
633 1528 707 1558 Fani.
719 1532 744 1558 6.

72 1567 224 1598 Auctoritas
232 1568 345 1604 augurio
355 1568 522 1596 continetur.
544 1566 603 1595 Cic.
617 1566 652 1595 de
664 1567 755 1604 Arusp.
765 1566 846 1603 Resp.
863 1572 904 1601 ¹8.
919 1567 976 1604 Ego
988 1577 1053 1597 vero
1065 1567 1187 1605 primum

88 1604 178 1634 habeo
192 1606 317 1634 auctores
333 1606 451 1641 majores
475 1604 579 1633 nostros
592 1626 600 1639 ,
622 1605 670 1641 qui
692 1604 770 1633 statas
789 1604 972 1642 solennesque
991 1606 1186 1641 caerenionias,

89 1642 271 1678 Pontificatu:
293 1653 385 1672 rerum
397 1642 469 1672 bene
486 1642 670 1679 gerendarum
689 1643 864 1671 auctoritates
876 1665 883 1677 ,
905 1645 1024 1680 Augurio
1038 1653 1044 1672 :
1066 1644 1188 1673 fatorum

89 1675 197 1710 v'eteres
214 1681 427 1718 praedidtiones,
454 1680 589 1717 Apollinis
605 1679 706 1709 Vatum
725 1679 816 1709 libris:
842 1687 1037 1717 portentorum
1057 1681 1188 1719 explana-

89 1719 179 1748 tiones
194 1740 201 1753 ,
224 1718 421 1748 Hetruscorum
438 1718 583 1756 disciplina
593 1718 729 1747 contineri
739 1725 915 1756 putaverunt.

70 1756 221 1793 Augurium
234 1756 336 1786 salutis.
376 1756 562 1786 Divinationis
577 1765 664 1792 genus
676 1777 683 1790 ,
714 1766 769 1792 quo
784 1756 916 1793 probatur
935 1756 1110 1786 concedatne
1131 1755 1186 1786 illis

88 1794 181 1830 Deus,
202 1804 233 1823 ut
243 1794 348 1833 populo
356 1794 469 1824 salutem
478 1793 636 1832 postulent,
657 1794 730 1829 quasi
750 1794 825 1822 nefas
841 1793 908 1824 esset
926 1805 1004 1830 eam,
1026 1796 1186 1832 priusquam

89 1832 276 1865 concedatur,
296 1839 400 1870 petere.
437 1832 468 1861 V.
492 1832 573 1860 Dion.
588 1840 631 1868 37.
654 1831 711 1860 Cic.
729 1842 751 1860 1.
766 1833 800 1860 de
814 1832 907 1861 Divin.
925 1843 984 1867 105.
1011 1832 1037 1861 P.
1053 1832 1187 1862 Claudius

87 1870 292 1907 AiigurConsuli
304 1870 451 1905 nuntiavit,
461 1870 624 1898 addubitato
636 1868 727 1899 salutis
737 1870 862 1907 augurio,
873 1870 978 1899 bellum
992 1871 1185 1906 domesticum,

87 1908 162 1937 triste
171 1930 179 1943 ,
201 1918 232 1937 ac
242 1908 435 1937 turbulentum
447 1908 513 1937 fore.
535 1907 566 1936 V.
583 1907 713 1938 Torrent.
725 1909 752 1938 ἃ
762 1907 874 1937 Casaub.
886 1908 922 1938 ad
931 1909 1007 1939 Suet.
1023 1909 1091 1947 Aug.
1102 1918 1126 1938 c.
1138 1917 1182 1946 31.

68 1944 169 1976 Fatale.
191 1946 288 1976 Claud.
299 1955 324 1975 2.
338 1946 374 1975 de
383 1946 463 1983 Rapt.
482 1945 602 1983 Proserp.
621 1954 682 1981 141.

68 1983 162 2013 Inane.
186 1984 241 2013 Val.
252 1988 279 2013 6.
295 1985 393 2021 Argon.
408 1993 471 2020 729.

68 2020 212 2059 Magnum.
236 2022 282 2050 Vir
303 2044 308 2050 .
324 2032 348 2057 5.
367 2022 426 2051 AEn.
443 2031 504 2057 523.

146 2058 221 2088 Hinc
231 2032 319 2088 oculis
332 2059 423 2088 subito
439 2059 570 2093 obiicitur
580 2081 589 2094 ,
610 2066 766 2096 magnoque
780 2056 903 2089 futurum

146 2097 265 2134 Augurio
277 2097 427 2126 monstrum
439 2119 447 2132 ,
469 2098 566 2127 docuit
577 2097 637 2134 post
647 2098 738 2126 exitus
749 2097 857 2134 ingens.

67 2133 218 2165 Nauticum
228 2157 236 2170 ‚
253 2135 319 2172 Quo
330 2142 421 2165 nautae
433 2145 536 2174 cygnos
548 2134 736 2165 observabant.
757 2134 788 2164 V.
804 2135 878 2164 Serv.
887 2134 923 2164 ad
932 2134 1004 2173 Virg.
1018 2145 1043 2165 1.
1053 2134 1183 2173 IEn.393.

67 2173 162 2203 Triste.
187 2172 257 2210 Virg.
271 2184 294 2208 ς.
316 2173 378 2203 AEn.
393 2183 418 2209 7.

67 2211 200 2249 Accipere
212 2212 365 2248 augurium.
388 2211 476 2240 Valet.
490 2219 512 2239 1.
528 2211 627 2248 Argon.
639 2214 701 2240 161.

66 2250 85 2279 A
106 2257 158 2278 ere.
181 2249 238 2278 Cic.
256 2258 279 2284 3.
295 2248 352 2278 Off.
365 2252 410 2279 66.
429 2249 525 2285 Quum
536 2250 565 2278 in
574 2258 635 2278 arce
643 2249 786 2285 augurium
797 2249 918 2286 Augures
929 2249 1015 2278 acturi
1025 2248 1120 2285 essent,
1133 2248 1186 2285 jus-

96 2287 229 2325 iffentque
237 2287 271 2317 T.
282 2287 431 2317 Claudium
442 2287 650 2321 Centumalum,
663 2287 719 2324 qui,
732 2288 784 2316 ἃς.
806 2286 881 2316 Varr.
897 2297 920 2320 ς.
933 2287 968 2315 de
981 2286 1009 2316 L.
1018 2286 1047 2316 L.
1063 2289 1185 2325 Augures

84 2325 201 2361 (inquit)
213 2335 292 2363 agere
302 2335 336 2354 au
358 2326 448 2354 urium
458 2325 688 2362 dicuntur,quum
698 2325 727 2353 in
737 2335 771 2354 eo
784 2324 862 2362 plura
872 2324 1062 2361 dicant,quani
1070 2325 1181 2356 faciant.

66 2362 236 2392 Constituere
246 2364 321 2401 apud
335 2335 456 2400 §liquem
469 2364 661 2393 auetoritatem
673 2362 713 2392 sui
725 2363 841 2401 augurii.
863 2362 922 2392 Cic.
933 2366 959 2392 6.
973 2363 1049 2393 Fam.
1065 2366 1090 2393 6.

64 2399 136 2431 Dare
147 2401 301 2439 augurium.
323 2401 395 2439 Virg.
410 2411 434 2437 3.
453 2401 514 2430 lEn.
528 2410 590 2437 703.

66 2438 182 2476 Auguria
197 2439 373 2468 autoblativa
382 2439 461 2474 sunt,
483 2449 545 2476 quae
563 2449 621 2468 non
645 2438 816 2477 poscuntur:
836 2444 884 2467 aut
905 2438 1080 2476 impetrativa
1093 2462 1101 2475 ‚
1123 2448 1185 2477 quae

83 2484 178 2514 optata
188 2477 312 2506 veniunt.
353 2477 415 2506 Hoc
430 2486 494 2514 ergo
508 2477 571 2515 quia
580 2477 734 2506 oblativum
746 2476 784 2505 est
794 2498 802 2511 ,
823 2477 888 2505 ideo
906 2477 978 2506 dixit
988 2477 1068 2506 forte.
1109 2477 1185 2506 Bene

83 2521 175 2544 autem
187 2525 203 2544 a
218 2515 355 2544 columbis
371 2515 464 2545 AEneae
476 2515 556 2544 datur
571 2515 716 2552 augurium
727 2536 735 2549 .,
757 2515 783 2543 ὃς
796 2514 908 2544 Veneris
919 2514 976 2543 filio
987 2515 1013 2544 &r
1023 2525 1051 2543 re
1072 2515 1089 2543 i.
1110 2515 1185 2544 Nam

82 2552 117 2582 ad
127 2563 204 2590 reges
215 2554 336 2590 pertinet
347 2552 539 2582 columbarum
552 2553 714 2590 augurium:
737 2553 801 2589 quia
819 2562 962 2589 nunquam
975 2552 1039 2582 solae
1060 2559 1110 2582 unt
1120 2575 1128 2589 ‚
1152 2553 1184 2581 si-

83 2596 130 2620 cut
142 2601 194 2620 nec
205 2600 283 2628 i‘egcs
295 2591 417 2628 quidem.
456 2590 523 2620 Haec
534 2591 642 2620 Servius
657 2591 685 2619 in
700 2589 770 2619 illud
789 2594 814 2619 6.
830 2591 891 2620 AEri.
908 2600 968 2626 190.

142 2629 194 2657 Vix
204 2638 234 2657 ea
244 2628 314 2658 fatus
324 2635 381 2658 erat
392 2651 400 2664 ,
422 2629 539 2666 geminae
550 2639 635 2666 quum
646 2627 718 2658 forte
728 2627 867 2658 columbae
878 2650 886 2664 ,
897 2629 949 2658 &c-

82 2666 166 2696 tradit
176 2667 205 2695 in
217 2666 287 2696 illud
303 2677 344 2696 12.
359 2667 421 2696 AEn.
432 2671 494 2702 24⁶·

254 2713 290 2726 -·-—
303 2705 480 2741 monstroque
495 2704 602 2734 fefellit.
698 2705 725 2734 ἃ
738 2703 772 2732 ad
789 2714 812 2733 1.
825 2712 886 2741 393.

65 2741 185 2778 Augura,
207 2752 258 2780 pro
269 2743 386 2779 Auguria
396 2741 494 2772 dixisse
506 2749 612 2772 veteres
625 2741 724 2780 probat
734 2742 844 2771 Nonius
854 2752 889 2771 ex
903 2742 998 2772 Accio.

30 2780 52 2810 A
61 2782 129 2846 ιῦᾳῠ
138 2790 155 2809 R
163 2790 218 2848 ο]Ἐ
230 2776 449 2816 [οἰωνοσκοπέιμαι
460 2802 468 2816 ‚
491 2780 649 2817 οἰωνίζομαι]
679 2781 705 2810 ἃ
729 2780 751 2809 A
760 2790 779 2809 u
787 2790 804 2809 c
813 2790 832 2809 U
841 2790 857 2809 a
866 2790 884 2809 ο
892 2789 910 2809 R
918 2802 927 2816 ,
958 2781 1006 2810 ari.
1037 2779 1179 2811 Divinare.

87 2827 108 2846 ir
128 2840 134 2847 .
164 2841 169 2847 .
221 2828 246 2846 n.
258 2828 321 2854 27³-

46 2881 62 2891 „
110 2827 127 2855 g
144 2827 160 2856 7
219 2870 256 2876 —
266 2858 292 2886 ἃ
301 2856 386 2892 siquid
399 2855 455 2885 veri
464 2865 543 2885 mens
556 2861 670 2893 augurat
682 2861 759 2893 opto.
854 2855 909 2885 Ubi
919 2855 1028 2886 Servius
1039 2878 1046 2891 ,
1069 2857 1182 2894 Auguro

63 2892 180 2923 'dicimus
198 2893 351 2923 secundum
367 2893 487 2923 Plinium
498 2916 505 2929 ,
528 2894 623 2930 Quum
638 2894 767 2931 praesagio
788 2894 888 2923 mentis
903 2894 994 2923 futura
1012 2894 1179 2932 colligimus.

32 2929 37 2934 '
62 2931 185 2969 Auguror
202 2942 266 2961 vero
279 2938 347 2961 tunc
358 2953 367 2966 ,
388 2931 484 2968 Quum
505 2932 596 2961 futura
610 2932 681 2961 veris
696 2940 838 2969 captamus
853 2932 981 2967 auguriis.
1023 2932 1082 2962 Cic.
1096 2943 1121 2962 2·
1144 2933 1181 2963 de

62 2967 125 3000 Nat.
136 2969 217 2999 Deor.
235 2973 275 2999 16.
298 2969 521 3007 Augurandarum
532 2979 624 2999 rerum
638 2969 724 2999 causa.
754 2969 840 2999 Plaut.
852 2970 916 2999 Cist.
928 2980 955 3006 4.
969 2978 995 2999 2.
1006 2974 1050 3000 2⁶.
1073 2970 1179 3008 Aspice,

62 3006 150 3036 oculis
162 3008 293 3045 investiga
304 3029 312 3043 ,
334 3007 418 3037 astute
430 3017 540 3045 augura.

62 3044 197 3082 Augurare
209 3047 235 3076 ἅ
247 3046 380 3074 divinare.
420 3045 479 3074 Cic.
498 3055 521 3074 1.
537 3045 572 3074 de
583 3044 674 3074 Divin.
686 3053 730 3080 92.
750 3044 785 3074 Et
795 3044 825 3073 in
834 3044 917 3074 Persis
929 3052 1064 3082 augurant
1074 3047 1099 3075 δι
1111 3045 1181 3075 divi-

79 3089 146 3149 pant
155 3082 231 3149 lllagi
242 3105 249 3118 ,
270 3083 571 3150 guicongreganturin
588 3083 654 3113 fano
670 3083 882 3112 commentandi
892 3082 990 3120 causa,
1012 3092 1094 3120 atque
1107 3084 1180 3113 inter

95 3130 153 3150 eco
177 3131 193 3150 o
215 3131 269 3150 uen
291 3131 309 3150 i.

61 3157 182 3196 Auguror
189 3131 231 3188 iilis
240 3165 287 3188 tua
298 3158 415 3188 numina
424 3158 508 3189 flec'li.
529 3159 613 3188 Ovid.
625 3169 652 3194 4.
666 3157 702 3187 de
711 3157 789 3187 Pont.
802 3168 828 3195 9.
843 3166 903 3194 133.

60 3196 188 3234 Augurari
204 3197 373 3232 conjectura.
415 3196 474 3226 Cic.
491 3207 513 3226 1.
530 3196 565 3226 de
575 3197 652 3226 Orat.
664 3200 708 3232 ⁶5·
741 3195 799 3233 Ego
815 3197 891 3225 enim
906 3200 1041 3232 quantum
1061 3206 1179 3234 auguror

77 3234 253 3300 goiniefftura,
274 3240 431 3272 quantaque
451 3235 563 3273 ingenia
584 3235 614 3263 in
630 3234 729 3264 nostris
750 3234 911 3263 hominibus
930 3233 984 3262 effe
996 3233 1098 3270 video,
1120 3245 1178 3265 non

98 3281 113 3301 e
145 3281 191 3301 ero
228 3274 279 3302 dcc.

59 3282 211 3347 Opiiiione'.
250 3309 309 3339 Cic.
321 3319 373 3348 pro
385 3309 495 3340 Muren.
507 3313 552 3346 65.
577 3310 652 3340 Acte
661 3331 669 3345 ,
689 3315 824 3346 quantum
834 3319 886 3347 ego
902 3309 1037 3348 opinione
1049 3320 1177 3348 auguror,

79 3346 132 3382 jam
143 3347 204 3377 usus
215 3347 309 3377 flectet
318 3369 325 3383 ‚
347 3355 410 3377 aetas
421 3347 516 3377 leniet.

59 3383 101 3414 De
111 3385 209 3423 aliquo.
252 3385 310 3415 Cic.
319 3386 349 3414 in
361 3386 438 3415 Orat.
449 3396 494 3421 41.
515 3384 570 3416 Sed
580 3385 647 3421 quid
656 3385 691 3414 de
702 3384 750 3414 illo
757 3394 873 3422 augurer
882 3407 890 3419 ‚
910 3384 981 3414 libet
992 3385 1095 3415 dicere.

59 3420 100 3452 Ex
111 3424 167 3452 avis
177 3422 279 3453 volatu.
319 3423 377 3453 Cic.
392 3427 418 3453 6.
436 3423 510 3453 Fam.
522 3427 548 3452 6.
570 3423 601 3452 V.
622 3423 715 3461 Augur
724 3423 855 3460 publicus
865 3444 873 3457 ,
896 3423 925 3451 in
941 3433 960 3451 A
970 3433 990 3452 u
999 3433 1017 3452 c
1027 3434 1045 3452 u
1056 3434 1082 3453 Β.

59 3460 300 3498 Augurarifutura.
340 3461 399 3490 Cic.
417 3472 440 3490 1.
459 3462 495 3490 de
510 3461 603 3490 Divin.
616 3465 661 3496 ⁶4·
683 3460 770 3498 quue
790 3462 842 3496 (ut
858 3460 944 3489 niodo
963 3460 1047 3497 dixi)
1067 3461 1177 3492 facilius

78 3500 169 3528 evenit
180 3500 423 3537 appropinquante
433 3505 522 3528 morte
537 3521 545 3534 ,
566 3507 597 3528 ut
608 3499 694 3528 animi
704 3498 797 3528 futura
806 3505 982 3535 augurentur.

59 3533 178 3566 Mortem
188 3537 271 3566 suam.
312 3537 370 3566 Cic.
387 3547 409 3566 1.
424 3537 506 3566 Tusc.
519 3540 564 3572 96.
598 3536 722 3573 Vereque
738 3537 763 3565 ei
780 3536 827 3573 qui
844 3545 984 3565 venenum
1004 3535 1175 3574 praebuerat,

76 3583 193 3604 mortem
204 3575 241 3604 est
251 3584 313 3604 earn
324 3583 471 3612 auguratus
481 3597 489 3610 ,
511 3584 570 3611 quae
580 3573 656 3603 brevi
668 3575 838 3611 consequuta
851 3573 897 3603 est.

58 3610 193 3650 Augiirare
205 3613 253 3641 sibi
267 3622 364 3642 annos.
386 3612 476 3642 Valer.
490 3622 513 3649 3.
530 3613 630 3649 Argon.
650 3615 710 3647 156.

57 3648 272 3717 Sagrrgitesque
282 3650 376 3680 vineta
385 3651 540 3687 virgetaque
553 3651 578 3679 ἃ
590 3649 706 3679 salutem
723 3648 824 3688 populi
842 3654 1005 3687 auguranto.
1026 3648 1084 3680 Cic.
1095 3659 1120 3680 2.
1141 3650 1177 3680 de

137 3699 145 3717 i
168 3710 174 3718 .
193 3698 238 3718 21.

38 3698 150 3792 'uisugss
159 3736 179 3793 ir
187 3735 234 3755 Tu
244 3736 256 3755 s
265 3748 274 3761 ,
293 3725 390 3756 Par-tic,
412 3725 554 3762 [ἠωιιοθέις
567 3726 582 3760 ]
602 3724 661 3754 Cic.
674 3725 704 3754 in
715 3724 804 3753 Vatin.
815 3734 842 3759 4.
862 3721 897 3753 In
906 3721 956 3752 illo
966 3731 1098 3762 augurato
1108 3731 1178 3756 tem-

90 3772 107 3792 o
117 3773 150 3793 ac
171 3773 232 3794 occ.

32 3772 249 3836 ὶέουΒΑΊ-ο,
270 3801 338 3830 Adv.
360 3807 391 3830 ut
402 3800 546 3838 Auspicato
567 3800 796 3835 [νιφἹόἱωνιο-μὶν]
816 3798 874 3828 Liv.
891 3807 916 3828 1.
937 3802 978 3832 18.
1000 3800 1110 3831 Accitus
1119 3801 1178 3832 Nu-

58 3846 118 3875 ma,
137 3838 206 3868 sicut
216 3837 351 3869 Romulus
363 3846 495 3875 augurato
507 3839 536 3866 in
547 3837 614 3866 urbe
626 3837 777 3867 condenda
796 3846 912 3874 regnum
929 3837 1048 3876 adeptus
1064 3840 1120 3876 est,
1141 3841 1178 3870 de

59 3874 86 3905 se
95 3886 204 3913 quoque
215 3877 282 3906 deos
295 3875 402 3906 consuli
413 3876 496 3912 jussit.
539 3875 609 3904 Alibi
620 3875 787 3913 inaugurato
798 3875 879 3903 dixit.

35 3911 255 3943 lvcuaxrus
269 3936 277 3949 ,
299 3915 339 3944 us.
359 3923 397 3942 ni.

61 3950 214 4021 νεὶνηωηυῗ
229 3952 342 3991 Auguris
355 3951 472 3990 publici.
514 3950 573 3981 Cic.
589 3960 612 3981 1.
623 3951 659 3982 de
670 3951 763 3982 Divin.
774 3960 817 3987 32.
851 3949 936 3988 Cujus
954 3960 1041 3988 quum
1058 3959 1178 3985 tentaret

129 3999 181 4020 οι..
216 4011 224 4020 .
499 4003 503 4007 ·

990 1417 1109 1447 Servius.
1123 1416 1186 1455 q.V.

1007 2627 1087 2658 Idem
1097 2629 1184 2660 etiam

420 3913 559 3950 [nimai]
581 3914 750 3950 Augurium,
770 3911 943 3950 frequentius
965 3912 1194 3951 Sacerdotium,.

1705 141 1731 175 A
1830 143 1860 177 U
1960 143 1992 180 G
2336 160 2401 199 305

1760 253 1766 260 x

1288 214 1429 248 scientiam
1440 225 1596 263 aiiguratus,
1606 221 1678 251 dixit
1687 223 1711 251 ei
1725 224 1845 257 cogitare
1856 224 1882 253 se
1892 226 2052 264 quidquam.
2069 226 2138 260 Coel.
2151 233 2185 262 ad
2196 232 2285 268 Cic.8.
2300 231 2401 274 Fam-3.

1288 256 1441 291 Quomodo
1455 258 1532 287 illum
1545 265 1623 295 putas
1634 268 1779 297 auguratus
1789 266 1867 290 ttium
1879 266 2091 301 competitorem
2102 269 2196 299 dolere
2207 273 2220 299 ἶ)

1249 291 1269 320 Λ
1281 302 1298 320 ι’
1309 303 1325 320 c
1338 303 1353 321 u·
1365 304 1499 329 RA'1'10,
1517 297 1588 325 Cnis.
1607 297 1623 325 f.
1646 298 1808 333 [oinium-ewa]
1829 301 2078 336 AugurandiaClus.
2101 306 2160 335 Cic.
2175 318 2199 337 2.
2213 309 2248 337 de
2259 308 2402 348 Divin.65.

1287 330 1479 373 Quiet.indeiii
1498 334 1544 362 ista
1561 336 1703 376 auguratio
1722 336 1778 371 est,
1800 346 1834 366 ex
1848 338 2013 376 passeribus,
2034 352 2170 373 aiiiioruiii
2188 347 2281 382 potius
2320 359 2402 385 quam

1287 371 1476 398 aiitnienlium
1491 371 1676 401 autdierum‘?
2292 369 2299 382 ³

1248 403 1267 431 A
1279 414 1296 431 υ
1308 415 1325 432 c
1336 414 1354 433 υ
1366 415 1379 433 a
1392 410 1405 434 A
1422 417 1436 434 i·
1447 417 1461 434 s
1471 418 1478 435 i
1488 417 1504 436 x
1516 430 1523 442 ,
1545 410 1604 438 icis.
1627 410 1645 438 f.
1668 416 1698 439 ut
1709 433 1717 445 ‚
1739 410 1840 441 Mulier
1853 415 2018 449 auguratrix.
2060 417 2161 447 Festus.

1248 441 1268 469 A
1281 451 1297 469 υ
1309 451 1326 470 c
1338 447 1379 470 ur.
1391 453 1408 470 A
1420 454 1436 471 r:
1447 454 1465 471 u
1476 456 1491 472 ι.
1502 455 1519 473 u
1530 455 1568 480 M,
1599 447 1615 475 i.
1644 454 1671 476 n.
1708 450 1896 485 [οὶωνιςήαυν]
1918 453 2122 489 Auguraculum
2143 462 2247 487 veteres
2273 459 2403 492 dicebant

1286 488 1426 522 quam-nos
1438 482 1532 524 Arcem
1543 492 1688 527 vocamus:
1716 487 1790 522 quod
1803 487 1839 515 ibi
1854 497 1969 526 augures
1980 492 2093 528 publice
2104 494 2319 525 ausiicarentui:
2334 498 2391 528 fest

1284 516 1387 545 Scribit
1404 518 1529 554 Hyginus
1547 522 1595 556 (in
1606 521 1651 550 lib.
1666 523 1701 551 de
1711 523 1808 553 Castris
1820 524 1977 563 metandis)
1997 529 2025 557 in
2036 530 2127 559 castris
2159 539 2329 563 ’omanorum
2341 523 2407 566 tuis..

1284 553 1311 581 se
1325 555 1524 596 Auguriiculum
1539 579 1546 591 ,
1568 560 1643 595 quod
1653 560 1767 590 Tacitus
1781 563 1914 600 Augurale
1927 572 2016 595 vocat.
2042 567 2070 596 V.
2093 569 2183 599 Schel.
2202 571 2238 599 ad
2248 571 2302 601 loc.

1282 592 1359 620 coiit.
1376 587 1453 628 supra
1474 604 1491 621 A
1503 604 1518 622 u
1531 605 1548 622 c.
1558 606 1575 623 u
1585 604 1601 623 a
1612 606 1627 625 A
1640 608 1655 624 L
1666 607 1689 626 ii.
2315 583 2343 610 p*
2357 584 2400 611 53*

1246 628 1267 657 A
1278 638 1295 656 u
1306 639 1322 656 c
1334 638 1352 656 u
1363 638 1397 656 R1
1411 640 1449 658 us
1460 652 1467 663 ,
1490 640 1521 664 a,
1544 642 1598 661 um.
1622 634 1845 673 [ολωιοσκαπικρς]
1866 638 1944 669 Idem
1953 641 2028 677 quod
2041 642 2190 680 Auguralis.
2214 645 2271 676 Cic.
2286 656 2310 683 3.
2324 647 2398 679 Fani.

1285 675 1310 699 9.
1352 666 1446 702 Quum
1457 668 1542 704 ipsam
1552 671 1816 710 cognitioncmjuris
1827 678 1931 712 augurii
1944 679 2073 717 consequi
2082 683 2176 719 cupio.

1245 703 1745 745 AUGUSTA‚AUGUSTAL15,
1768 715 1941 743 Aucus'rii
1962 717 2014 746 ἃς.
2055 718 2084 747 V.
2106 729 2320 752 AUGUSTUS.

1246 740 1468 777 Aucus'rus,
1490 753 1523 778 a,
1545 754 1613 780 um,
1635 747 1816 786 [nffdoui&‚
1839 751 1941 787 υτπός]
1961 760 2010 789 ut,
2031 755 2117 786 Sedes
2139 760 2258 795 augusta.
2290 760 2389 799 Virg.4

1284 778 1384 815 Georg.
1396 784 1459 813 228.

1363 817 1506 861 Siquando
1516 817 1609 862 sedem
1621 822 1759 858 augustam
1772 845 1779 859 ,
1800 821 1955 863 servataque
1967 829 2049 858 mella

1299 891 1304 896 ¹
1364 853 1511 899 Thesauris
1522 856 1630 886 relines.
1728 859 1779 889 Ubi
1796 862 1921 898 Servius,
1941 866 2041 895 Sedeiii
2051 869 2190 905 augustam
2202 894 2210 907 ,
2234 873 2249 902 i.
2262 882 2285 902 e.
2309 873 2402 904 Alvea-

1283 900 1331 920 ria.
1353 929 1358 934 .
1371 890 1406 920 Et
1417 900 1529 935 proprie
1542 895 1689 938 Augustum
1698 918 1706 930 ,
1729 898 1767 926 est
1779 898 1899 929 Tectum
1909 904 2022 939 augurio
2033 899 2230 939 consecratum.
2273 911 2389 942 Abulive

1283 928 1403 964 Nobile,
1419 932 1491 966 quali
1503 933 1649 966 maiestatis
1660 932 1783 969 plenum.
1808 938 1875 966 Stat.
1886 949 1911 972 ⁴-
1927 939 2000 977 Sylv.
2014 951 2039 971 2.
2055 950 2097 977 18.
2120 945 2204 976 Ovid.
2219 958 2242 977 1.
2256 946 2315 979 Fast
2335 935 2399 985 ⁶09,

1363 968 1462 996 Sancta
1470 974 1571 998 vocant
1582 970 1691 1007 augusta
1709 980 1814 1008 patres:
1835 977 1946 1012 augusta
1959 987 2093 1010 vocantur
2319 973 2324 979 ’
2391 973 2398 979 ’

1419 1005 1538 1043 Templa
1548 1029 1556 1041 ,
1577 1007 1751 1038 sacerdotum
1760 1012 1810 1039 rite
1821 1012 1911 1042 dicata
1921 1024 2013 1046 manu.

1285 1040 1377 1079 Caput
1388 1044 1540 1079 augustuni.
1561 1045 1648 1074 Ovid.
1663 1057 1703 1082 ις.
1718 1047 1787 1078 Met.
1801 1054 1863 1084 869.

1283 1078 1357 1108 Pons
1370 1079 1476 1110 sanetus
1486 1084 1511 1110 8(
1523 1084 1659 1119 augustus.
1700 1084 1760 1114 Cic.
1772 1097 1796 1121 ς.
1811 1087 1891 1117 Tuse.
1910 1092 1951 1123 36.
1973 1089 2013 1119 Ex
2024 1091 2080 1121 hoe
2092 1094 2173 1129 igitur
2191 1096 2311 1129 Platonis
2325 1101 2400 1138 quasi

1303 1117 1424 1161 quodam
1437 1117 1531 1162 saiic'to
1544 1121 1712 1164 augustoque
1721 1123 1800 1153 fonte
1810 1126 1900 1155 nostra
1908 1128 1998 1156 omnis
2008 1131 2131 1160 manabit
2142 1135 2237 1164 oratio.

1283 1149 1383 1184 Forma
1393 1165 1443 1184 viri
1454 1158 1615 1202 augustior..
1639 1158 1699 1203 LiV.
1716 1172 1737 1189 i.
1750 1169 1775 1198 7.
1798 1163 1834 1192 de
1846 1163 1973 1193 Evandro
1990 1167 2016 1195 δι
2027 1167 2148 1198 Hercule
2160 1170 2276 1207 loquens
2317 1175 2403 1206 Habi-

1304 1199 1365 1221 tum
1378 1193 1552 1231 formamque
1566 1206 1616 1225 viri
1633 1196 1808 1233 aliquantum
1826 1201 1991 1238 ampliorem
2002 1226 2010 1238 ,
2031 1207 2269 1247 augustioremque
2280 1196 2402 1244 liumana

1302 1230 1415 1274 intueris
1426 1253 1442 1276 ³.
1450 1233 1550 1269 rogitat
1560 1235 1608 1271 qui
1618 1235 1660 1264 vir
1671 1235 1746 1267 esset.
1768 1238 1786 1267 i.
1798 1248 1821 1268 e.
1845 1239 1996 1275 Maiestatis
2006 1242 2119 1279 plenam
2131 1267 2139 1280 ‚
2151 1256 2182 1276 ac
2193 1247 2402 1282 similitudinem

1303 1268 1457 1299 divmitatis
1471 1270 1586 1301 liabens.
2410 1280 2415 1283 ,

1282 1305 1400 1343 Augusta
1409 1308 1540 1344 gravitate
1548 1310 1654 1340 sedent.
1676 1311 1761 1341 Ovid.
1771 1315 1797 1342 6.
1812 1311 1881 1343 Met.
1893 1320 1937 1351 73.
1958 1315 1995 1345 de
2008 1316 2071 1347 XlI.
2086 1317 2155 1349 Diis.

1282 1338 1374 1373 Locus
1383 1346 1510 1383 augustus
1522 1369 1529 1381 ,
1550 1347 1583 1377 ab
1593 1350 1691 1378 Avium
1703 1350 1776 1384 gestu
1787 1372 1794 1386 ,
1815 1352 1832 1380 i.
1847 1360 1871 1381 e.
1894 1352 1968 1389 Quia
1977 1354 2010 1383 ab
2022 1356 2118 1386 avibus
2130 1356 2294 1395 significatus
2303 1363 2350 1398 est,
2363 1365 2403 1397 ‘sic

1302 1381 1392 1425 diftus
1406 1392 1412 1412 ε
1433 1383 1485 1412 sive
1495 1384 1528 1414 ab
1540 1386 1637 1415 Avium
1650 1384 1764 1424 gustatu,
1778 1390 1842 1425 quia
1850 1400 1913 1420 aves
1923 1392 2005 1428 pastae
2015 1393 2043 1421 id
2056 1402 2146 1425 ratum
2161 1397 2262 1428 fecere.
2295 1400 2354 1430 Fest

1282 1416 1393 1449 Moenia
1402 1422 1521 1458 augusta.
1559 1423 1631 1461 Virg.
1647 1434 1672 1461 7.
1691 1425 1753 1455 AEn.
1768 1436 1829 1463 153.
2357 1425 2363 1432 ¹

1365 1457 1485 1502 Centum
1495 1467 1617 1491 oratores
1627 1463 1739 1500 augusta
1749 1465 1783 1493 ad
1793 1466 1897 1495 moenia
1912 1468 1986 1504 regis
2394 1485 2417 1513 χ

1301 1540 1303 1543 Υ
1332 1533 1337 1539 .
1362 1494 1405 1525 ire
1417 1497 1502 1532 Jubet.
1549 1536 1554 1542 ·
1598 1499 1652 1529 Ubi
1666 1501 1777 1531 Servius
1787 1524 1794 1537 ‚
1823 1504 1941 1541 Augusta
1958 1506 2063 1536 moenia
2074 1528 2082 1542 ,
2103 1514 2136 1538 au
2157 1510 2218 1539 urio
2235 1513 2402 1545 consecrat-a.

1300 1530 1376 1562 Hinc
1385 1535 1468 1571 paulo
1478 1536 1539 1573 post
1548 1536 1618 1581 illud
1627 1538 1664 1567 est
1675 1560 1683 1573 ,
1704 1539 1824 1570 Tec‘tum
1834 1542 1977 1579 augustum
1991 1544 2098 1580 ingens.
2138 1515 2174 1576 {t
2184 1549 2234 1577 nisi
2248 1551 2277 1579 in
2289 1554 2401 1589 augusto

1298 1570 1365 1616 loco
1377 1572 1493 1603 Senatus
1504 1573 1600 1604 haberi
1610 1585 1667 1619 iiori
1678 1583 1796 1614 poterat.
1837 1579 1917 1609 Unde
1928 1582 2065 1619 templum
2079 1582 2162 1614 Vestae
2181 1594 2238 1615 non
2252 1588 2305 1618 fuit
2317 1582 2403 1629 augus

1300 1617 1342 1637 rio
1354 1610 1555 1649 consecratum,
1566 1623 1602 1642 ne
1613 1613 1680 1643 illuc
1691 1617 1854 1646 conveniret
1864 1617 1996 1654 Senatus,
2020 1620 2065 1649 ubi
2076 1629 2154 1652 erant
2162 1624 2292 1662 virgines.

1281 1645 1402 1712 gapyrus
1413 1649 1523 1686 augusta
1533 1672 1542 1684 ,
1563 1651 1597 1694 ab
1608 1652 1725 1689 Augusto
1738 1655 1943 1691 cognominata.
1984 1657 2017 1687 V.
2039 1658 2108 1688 Plin.
2118 1659 2166 1691 lib.
2180 1671 2222 1698 13.
2242 1674 2304 1702 cap.
2319 1675 2362 1696 12.

1303 1694 1364 1714 acra
1375 1687 1494 1723 augusta.
1516 1688 1599 1718 Ovid.
1618 1700 1640 1719 1.
1663 1689 1729 1720 Fast.
1742 1695 1805 1728 609.

1282 1721 1410 1761 Templa.
1434 1725 1517 1755 Ovid.
1535 1735 1559 1756 1.
1581 1725 1649 1756 Fast.
1664 1731 1727 1757 610.

1282 1761 1496 1798 Augustissimus.
1519 1763 1586 1794 Stat.
1596 1776 1622 1801 4.
1635 1765 1709 1803 Sylv.
1721 1772 1747 1801 8.
1761 1776 1805 1797 20.

1362 1798 1520 1844 Ergo-quod
1534 1802 1658 1831 Ausoniae
1671 1811 1749 1842 pater
1759 1805 1959 1843 augustissimus
1970 1803 2065 1845 urbis.

1361 1837 1410 1873 Jus
1420 1838 1472 1867 tibi
1485 1841 1646 1876 tergeminae
1656 1842 1771 1872 dederat
1781 1843 1899 1874 laetabile
1909 1846 1998 1883 prolis
2007 1869 2015 1882 ,
2027 1850 2079 1877 dcc.

1243 1873 1265 1903 Α
1275 1884 1295 1903 U
1304 1883 1322 1903 G
1332 1884 1351 1903 U
1360 1885 1372 1904 s
1382 1885 1400 1903 Τ
1411 1886 1430 1904 U
1439 1886 1451 1905 s
1461 1899 1468 1910 ,
1488 1875 1637 1913 [Ab'yzeeQ-
1646 1897 1653 1907 ‚
1674 1877 1799 1915 Σεξαεςῦς]
1821 1883 1926 1919 primus
1936 1887 2105 1922 cognomine
2117 1883 2207 1918 dlstUS
2221 1890 2259 1919 est
2273 1889 2302 1920 C.
2317 1892 2403 1924 caes'dl‘

1281 1911 1437 1943 M.Octavii
1449 1914 1579 1959 filius,qui
1595 1916 1722 1953 aMajori
1733 1920 1870 1949 avunculo
1882 1920 1930 1950 suo
1945 1922 2162 1958 C.JulioCaesare
2178 1927 2316 1959 Dic'tatore
2328 1929 2405 1961 testa-

1281 1956 1381 1979 mento
1390 1951 1538 1990 adoptatus
1547 1954 1641 1997 eidem
1652 1955 1681 1984 in
1690 1956 1850 1994 principatu
1860 1957 2000 1989 successit:
2023 1971 2038 1990 a
2059 1968 2115 1999 q'uo
2127 1965 2153 1993 δε
2163 1963 2326 1997 successores
2336 1969 2405 1999 dieti

1279 1987 1345 2017 sunt
1353 1989 1446 2033 postea
1458 1991 1577 2035 Augusti,
1591 1993 1663 2030 quasi
1675 1995 1795 2031 Augurio
1804 1995 1966 2027 consecrati.
1988 1999 2064 2028 Suet.
2079 2001 2108 2028 in
2119 2002 2185 2039 Aug.
2197 2013 2287 2041 cap.7.
2310 2006 2404 2036 Postea

1281 2025 1313 2055 C.
1328 2025 1439 2070 Caesaris
1448 2050 1456 2063 ,
1479 2030 1504 2057 ὰ
1517 2029 1621 2072 deinde
1634 2031 1744 2069 Augusti
1761 2042 1920 2070 cognomen
1932 2036 2085 2074 assumpsit:
2107 2038 2224 2071 alterum
2236 2043 2403 2074 testamento

1280 2072 1403 2108 majoris·
1414 2066 1560 2096 avunculi':
1583 2068 1700 2098 alterum
1714 2070 1834 2100 Munatii
1850 2071 1944 2103 Planci
1961 2073 2113 2112 sententia,
2135 2087 2221 2114 quum
2239 2080 2405 2116 quibusdam

1280 2101 1457 2144 censentibus
1468 2103 1618 2148 Romulum
1628 2106 1760 2145 appellari
1773 2115 1919 2146 oportere,
1941 2112 2013 2147 quafi
2030 2113 2158 2151 &ipsum
2173 2117 2347 2149 conditorem
2362 2122 2405 2149 ur⁵

1280 2139 1322 2183 bis
1333 2161 1342 2175 ,
1363 2141 1563 2185 praevaluisset,
1585 2150 1616 2172 ut
1626 2145 1759 2188 Augustus
1768 2148 1861 2184 potius
1870 2156 2016 2179 vocaretur
2029 2172 2037 2185 ,
2054 2160 2110 2180 non
2123 2158 2232 2183 tantum
2245 2165 2319 2185 novo
2333 2180 2341 2193 ,
2356 2158 2404 2187 sed

1280 2183 1365 2207 etiam
1375 2179 1510 2223 ampliore
1519 2190 1688 2218 cognomine
1698 2205 1705 2217 ‚
1729 2185 1804 2221 quod
1816 2184 1878 2215 loca
1890 2194 2001 2224 quoque
2008 2188 2134 2226 religiosa
2143 2213 2151 2226 ‚
2173 2193 2237 2221 &in
2247 2194 2347 2231 quibus
2357 2207 2405 2225 au-

1280 2222 1376 2252 gurato
1390 2217 1457 2252 quid
1470 2218 1646 2249 consecratur
1655 2242 1663 2255 ,
1685 2222 1800 2258 Augusta
1809 2223 1954 2260 dicantur,
1975 2225 2009 2254 ab
2021 2227 2109 2257 Auchi
2122 2250 2129 2264 ‚
2151 2229 2195 2259 vel
2206 2230 2241 2259 ab
2251 2232 2349 2263 Avium
2359 2244 2405 2272 ge-

1279 2253 1320 2283 stu
1331 2254 1445 2291 gustuve
1457 2265 1462 2284 :
1486 2256 1554 2285 sicut
1563 2258 1648 2287 etiam
1660 2258 1765 2288 Ennius
1778 2261 2008 2299 docet‘scribens,

1360 2293 1479 2329 Augusto
1489 2296 1603 2332 augurio
1610 2296 1753 2340 postquam
1765 2298 1868 2336 inclyta
1881 2301 1996 2331 condit-a
2008 2301 2098 2332 Roma
2111 2303 2158 2334 est.

1277 2328 1424 2373 Dubitayit
1434 2331 1583 2374 Suetonius
1594 2334 1630 2362 de
1641 2343 1717 2364 voms
1730 2337 1901 2375 etymologia
1911 2359 1919 2369 ,
1939 2339 1986 2369 sed
2002 2348 2144 2379 utcunque
2158 2343 2188 2373 id
2202 2344 2249 2381 sit,
2269 2346 2404 2384 Augustus

1297 2377 1410 2405 proprie
1421 2369 1458 2398 est
1473 2369 1662 2401 Consecratus.

1303 2406 1372 2450 Vide
1380 2405 1511 2443 Dionem,
1522 2416 1552 2437 ut
1563 2409 1697 2447 Augustus
1708 2410 1739 2440 sit
1749 2409 1856 2443 Σεβαςὲς
1871 2423 1923 2451 pro
1937 2412 2350 2458 Emfif‚344.Par.pa.prima.H
2363 2424 2396 2453 Si?

1277 2441 1397 2479 Belliger
1406 2446 1539 2483 Augustus
1547 2447 1815 2485 trepidas‘laxaverat
1823 2450 1914 2489 Alpes.
1935 2452 2034 2483 Claud.
2046 2454 2167 2486 inconf.
2180 2457 2260 2488 Prob.
2269 2461 2297 2489 ὅτ,
2308 2447 2403 2499 01'74'

1278 2482 1414 2520 Augustus
1426 2483 1512 2513 Caesar
1523 2485 1618 2514 divum
1628 2495 1723 2523 genus.
1748 2487 1818 2525 Virg.
1830 2491 1855 2517 6.
1871 2489 1932 2520 AEn.
1949 2497 2013 2528 793.
2348 2484 2354 2490 '
2397 2483 2406 2491 ²

1279 2520 1414 2563 Augustus
1425 2527 1502 2559 pater
1513 2523 1538 2552 ἃ
1549 2523 1691 2561 princeps.
1715 2524 1780 2555 Hor.
1796 2535 1818 2555 i.
1836 2526 1962 2559 Carm.2.
1979 2540 2025 2564 50.

1361 2558 1415 2587 Hic
1424 2568 1498 2602 ames
1514 2560 1569 2589 dici
1580 2568 1750 2599 pateratque
1766 2563 1906 2603 princeps.
1989 2567 2058 2597 Ideo
2071 2568 2155 2605 dicit,
2177 2572 2254 2608 quod
2270 2568 2403 2611 Augustus

1298 2594 1379 2624 Pater
1390 2601 1484 2634 patriae
1495 2598 1650 2643 appellatus
1665 2599 1733 2634 fuit,
1755 2606 1837 2638 atque
1858 2604 1943 2632 etiam
1961 2612 2025 2634 ante
2044 2606 2100 2635 hoc
2114 2615 2272 2645 cognomen
2292 2604 2402 2643 'senator

1298 2640 1357 2676 erat
1365 2656 1373 2667 ,
1396 2635 1422 2663 Sc
1432 2644 1547 2665 nomine
1560 2636 1693 2681 Principis
1704 2638 1918 2677 Rempublicam
1930 2641 1978 2671 sub
1989 2643 2125 2674 ditionem
2134 2648 2336 2685 accepit'suam.
2349 2651 2402 2681 Ta·-

1298 2677 1347 2700 cit.
1363 2681 1385 2715 rq.
1399 2673 1506 2716 Anu-„Q
1522 2673 1630 2718 .L}³P¹d¹
1640 2681 1722 2712 atque
1734 2677 1845 2707 Antonii
1858 2689 1932 2708 arma
1945 2680 1975 2709 in
1990 2682 2140 2718 Augustum
2152 2683 2263 2722 cessere,
2280 2689 2325 2724 qui
2335 2698 2402 2718 cun-

1298 2710 1342 2738 Cta
1352 2709 1497 2754 discordiis
1505 2712 1633 2742 Civilibus
1642 2713 1707 2743 fessa
1718 2716 1834 2745 nomine
1844 2716 1978 2756 Principis
1987 2718 2035 2748 sub
2044 2721 2194 2758 imperium
2207 2726 2322 2763 accepit.
2343 2727 2403 2756 No-

1297 2756 1365 2776 men
1378 2755 1472 2778 autem
1487 2749 1558 2778 istud
1575 2749 1689 2788 sumpsit
1705 2762 1803 2783 eorum
1824 2755 1981 2785 imitatione
1994 2779 2002 2792 ,
2023 2758 2069 2794 qui
2084 2760 2225 2799 principes
2246 2763 2297 2798 (ut
2315 2767 2400 2801 reor)

1295 2784 1407 2815 senatus
1418 2786 1598 2832 legebantur,
1619 2795 1667 2818 aut
1677 2791 1751 2826 quod
1764 2790 1902 2822 senatores
1913 2795 2054 2833 principes
2064 2796 2231 2829 dicerentur.
2273 2801 2398 2833 Turneb.

1278 2823 1413 2861 Augustus
1426 2825 1526 2854 mensis
1536 2847 1543 2861 ,
1564 2825 1656 2856 dietus
1665 2828 1704 2857 est
1712 2828 1745 2857 ab
1758 2829 1875 2872 Augusto
1887 2831 2071 2870 imperatore,
2093 2841 2178 2871 quum
2194 2838 2271 2875 prius
2287 2839 2401 2871 Sextilis

1295 2868 1441 2908 yocaretur
1454 2872 1460 2892 :
1476 2864 1714 2900 quemadmodum
1724 2866 1814 2901 Julius
1824 2868 1923 2898 mensis
1933 2871 2147 2908 priusQuintilis
2156 2875 2306 2906 dicebatur.
2321 2878 2397 2909 Suet.

1294 2906 1327 2928 in
1340 2900 1405 2936 Aug.
1417 2910 1477 2938 cap.
1491 2910 1534 2937 31.
1557 2902 1667 2932 Annum
1677 2913 1692 2932 a
1704 2904 1770 2934 divo
1778 2905 1853 2940 Julio
1865 2907 2025 2938 ordinatum
2038 2932 2045 2945 ,
2067 2909 2112 2939 sed
2128 2912 2398 2951 postea'negligentia

1295 2938 1493 2981 conturbatum
1504 2945 1588 2983 atque
1598 2940 1744 2984 confusum
1759 2965 1766 2977 ,
1788 2943 1878 2974 rursus
1886 2945 1921 2974 ad
1928 2946 2069 2984 pristinam
2080 2950 2215 2979 rationem
2223 2953 2345 2990 redegit:
2369 2956 2398 2983 in

1299 2985 1379 3010 cuius
1389 2977 1568 3007 ordinatione
1578 2978 1711 3009 Sextilem
1723 2980 1845 3011 mensem
1864 2992 1880 3012 e
1889 2982 1937 3013 suo
1950 2986 2118 3022 cognomine
2129 2991 2301 3026 nuncupavit
2311 3013 2318 3024 ,
2341 3002 2399 3022 ma-

1291 3014 1336 3050 gis
1346 3023 1428 3050 quam
1439 3014 1631 3060 Septembrem
1643 3039 1651 3052 ,
1667 3026 1796 3062 'quo'erat'
1805 3025 1901 3050 natus:
1924 3023 1987 3059 quia
2001 3023 2055 3053 hoc
2065 3023 2113 3053 sibi
2127 3026 2154 3054 Sc
2171 3026 2278 3063 primus
2294 3027 2398 3060 Consu-

1294 3052 1366 3084 latus
1378 3074 1386 3087 ,
1409 3053 1435 3081 ἃ
1447 3055 1565 3090 inlignes
1576 3056 1697 3084 vietoriae
1711 3055 1878 3093 obtigiffent.

1277 3089 1357 3118 Adde
1366 3111 1374 3123 ,
1397 3091 1547 3134 Augustum
1556 3093 1583 3121 δι
1596 3091 1729 3123 Caesarem
1739 3095 1769 3124 id
1780 3095 1882 3125 habere
1892 3097 2058 3128 discriminis
2075 3100 2191 3135 (auc‘to‘r
2205 3102 2245 3131 est
2257 3103 2396 3137 Ammian.

1293 3127 1475 3157 Marcellinus
1486 3128 1504 3158 l.
1517 3138 1562 3166 27.
1574 3139 1598 3159 c.
1608 3134 1634 3160 6.
1651 3133 1742 3175 extr.)
1758 3139 1789 3161 ut
1800 3134 1909 3171 Augusti
1919 3136 1948 3164 hi
1962 3136 2099 3172 dicantur,
2112 3138 2168 3174 Qui
2181 3146 2257 3169 nunc
2266 3151 2393 3180 regnant,

1292 3166 1320 3194 δι
1338 3165 1373 3209 ab
1386 3165 1479 3210 senatu
1501 3166 1678 3205 Imperatoris
1689 3171 1804 3200 nomine
1815 3172 1951 3202 honestati
1972 3174 2042 3203 funt.
2065 3181 2092 3204 at
2111 3175 2226 3206 Caesares
2242 3179 2376 3211 diduntur

1293 3202 1351 3240 Qui
1371 3204 1405 3248 ab
1418 3203 1478 3241 ipso
1496 3206 1615 3243 Augusto
1629 3206 1711 3237 electi
1722 3207 1785 3237 sunt
1799 3210 1834 3238 ad
1844 3212 1997 3247 'regendam
2009 3211 2129 3249 aliquam
2144 3216 2316 3251 provinciam
2330 3205 2396 3249 ⁴curri

1292 3239 1520 3286 Caesaris'honore
1534 3250 1642 3274 tantum
1653 3267 1661 3281 ,
1681 3246 1774 3275 donec
1790 3249 1923 3285 Augustus
1936 3250 2051 3285 vixerit,
2068 3251 2130 3288 post
2141 3252 2199 3288 ejus
2209 3246 2397 3287 'mortem'sucss

1292 3278 1390 3308 cessuri
1402 3289 1430 3308 iri
1445 3282 1570 3318 imperio.
1609 3282 1640 3311 V.
1663 3292 1732 3312 cias
1742 3294 1760 3312 A
1770 3293 1795 3313 a.

1272 3315 1405 3347 Ceterum
1421 3318 1456 3361 de
1480 3319 1539 3356 ipso
1556 3319 1588 3349 C.
1600 3319 1704 3350 Caesare
1722 3322 1860 3358 Augusto,
1881 3324 1929 3359 qui
1941 3324 2046 3361 primus
2059 3325 2116 3356 hoc
2127 3330 2396 3363 nom'en'familiae&

1289 3354 1486 3385 successoribus
1496 3357 1708 3395 intulit,praestat
1716 3359 1785 3388 nihil
1797 3369 1880 3397 quam
1888 3370 1977 3398 pauca
1985 3362 2393 3400 dicere.consul.Suet.&Di0n.

1232 3392 1537 3435 Aupusmaerzsisaef]
1552 3395 1598 3424 Sic
1605 3397 1726 3433 primum
1734 3398 1825 3426 mariti
1832 3399 2001 3434 cognomine
2010 3400 2082 3430 dieta
2092 3402 2319 3443 estLiviaAugusti
2328 3417 2395 3438 con..

1270 3440 1330 3466 jux,
1342 3432 1403 3468 post
1414 3439 1532 3461 mortem
1540 3441 1634 3462 tamen
1644 3435 1712 3470 ejus,
1724 3441 1753 3463 ut
1765 3445 1828 3463 cum
1837 3445 1871 3464 ex
1880 3435 1978 3465 Dionis
1988 3437 2005 3466 l.
2023 3442 2065 3472 36.
2076 3447 2145 3469 extr.
2156 3442 2390 3481 acTac.1.Ann.8.

1272 3474 1332 3497 tum
1343 3478 1378 3498 ex
1385 3470 1508 3499 nummis
1521 3477 1651 3508 apparet,
1673 3472 1786 3501 demum
1796 3473 1849 3501 hoc
1858 3472 1965 3503 honore
1976 3477 2064 3504 aneta.
2086 3477 2161 3508 Hinc
2169 3480 2246 3510 idem
2256 3483 2382 3513 Antoniae

1271 3505 1359 3535 Druso
1371 3506 1462 3550 Germ.
1475 3516 1568 3545 nuptae
1579 3530 1588 3543 ,
1610 3519 1625 3538 a
1641 3508 1765 3546 Caligula
1780 3510 1891 3547 Nepote
1907 3512 2029 3548 primum
2040 3515 2109 3544 vivae
2120 3538 2128 3550 ,
2150 3520 2217 3547 iiiox
2236 3507 2393 3552 &mortui

1272 3553 1288 3573 a
1301 3544 1419 3573 Claudio
1431 3544 1487 3574 filio
1500 3545 1658 3582 Impertitus
1667 3547 1719 3575 fuit
1730 3568 1737 3581 ,
1759 3547 1826 3576 teste
1838 3548 1911 3577 Suet.
1927 3549 1984 3579 Cal.
2002 3561 2024 3580 c.
2041 3562 2083 3587 ις.
2098 3553 2194 3585 Claud.
2209 3566 2233 3585 c.
2250 3567 2289 3587 11.
2313 3559 2390 3590 idem

1271 3582 1302 3610 id
1316 3583 1439 3612 nominis
1447 3583 1552 3620 primus
1562 3584 1669 3613 duabus
1676 3584 1809 3614 uxoribus
1820 3585 1970 3616 Meffalinae
1981 3590 2007 3618 ἃ
2023 3590 2180 3629 Aerippinae
2190 3595 2381 3627 vivisindulfit

1267 3619 1310 3649 De
1320 3619 1371 3649 hac
1383 3620 1414 3650 V.
1427 3620 1494 3650 Tac.
1508 3622 1577 3650 Ann.
1596 3625 1686 3650 12.26.
1700 3622 1795 3651 datum
1806 3623 1871 3652 dein
1882 3634 1898 3653 a
1908 3625 2021 3655 Nerone
2029 3620 2102 3664 fiiiae,
2117 3631 2143 3659 ἅ
2155 3633 2235 3661 matri
2248 3634 2306 3669 ejus
2322 3622 2390 3673 Pepss

1269 3667 1345 3695 paeae.
1386 3658 1464 3687 Idem
1488 3669 1529 3692 ις.
1550 3667 1592 3693 23.
1617 3660 1643 3688 δι
1663 3660 1742 3688 matri
1763 3660 1866 3689 Vitellii
1881 3671 1896 3690 a
1911 3662 1979 3698 filio,
2000 3664 2068 3695 Hjst.
2086 3676 2111 3696 2.
2125 3673 2170 3703 89.
2199 3679 2234 3700 ex
2243 3676 2302 3700 cuo
2324 3680 2393 3702 tem-

1271 3704 1341 3732 pore
1352 3705 1449 3724 omnes
1461 3696 1593 3733 deinceps
1606 3693 1786 3733 Augustorum
1795 3707 1898 3728 uxores
1917 3700 2103 3740 usurparunt,
2126 3712 2157 3735 ut
2173 3699 2280 3738 coastat
2294 3720 2328 3739 ex
2348 3721 2390 3740 ea*-

1272 3741 1334 3762 rum
1344 3734 1467 3762 nummis
1478 3743 1521 3770 ap.
1539 3733 1646 3762 oecon.
1666 3734 1750 3763 Patin.
1784 3735 1910 3767 Vaillant.

1233 3769 1256 3799 A
1264 3780 1283 3799 u
1295 3780 1313 3798 G
1321 3780 1341 3799 u
1349 3780 1361 3799 s
1371 3779 1390 3798 T
1399 3781 1422 3798 [Ε
1441 3771 1599 3807 complures
1612 3771 1692 3801 urbes
1703 3769 1748 3802 vel
1758 3772 1883 3804 Coloniae
1894 3776 1988 3813 potius
2000 3777 2081 3808 dictae
2092 3779 2155 3810 sunt
2166 3804 2174 3817 ,
2196 3793 2256 3820 quae
2264 3794 2319 3814 vox
2334 3786 2391 3815 sine

1272 3808 1358 3837 dubio
1371 3807 1478 3844 semper
1487 3807 1650 3837 subauditur
1662 3831 1670 3844 ,
1691 3817 1722 3839 ut

1271 3844 1549 3911 ᾼὲῗέιῐέῗῖεῗὶεὲξεῐθε,
1569 3844 1726 3882 [Kuso'u'pex
1742 3845 1868 3885 Abstru]
1887 3846 1970 3890 vulgo
1990 3857 2131 3892 Baragaza,
2152 3850 2224 3887 ¹Urbs
2244 3860 2281 3888 est
2299 3860 2394 3899 Hispa.

1269 3919 1387 3957 Augusta
1398 3919 1576 3950 Trevirorum
1586 3943 1594 3956 ,
1616 3921 1686 3951 Urbs
1696 3922 1791 3953 Galliae
1803 3924 1937 3963 Belgicae,
1958 3928 2042 3961 vulgo
2056 3934 2148 3958 Treves
2159 3954 2165 3960 .
2183 3935 2261 3963 TriJr,

1270 3957 1342 3988 Item
1353 3957 1471 3996 Augusta
1480 3957 1601 3989 Emerita
1611 3981 1620 3995 ‚
1641 3960 1743 3991 Civitas
1752 3962 1890 3998 Hispaniae
1898 3966 1928 3995 in
1936 3962 2087 4003 Lusitania,
2110 3969 2191 4007 vulgo
2205 3971 2313 4000 ildariam

1788 4000 1840 4037 Q]
2329 4005 2397 4041 Prai-
