2604 4222
124 198 273 244 ⁶04*
546 191 850 230 coin
1734 180 2034 216 COM

1370 261 1475 292 Morari
1484 260 1606 297 aliquem
1618 262 1797 299 compendio.
1822 261 1945 298 Quintil:
1958 262 2007 291 lib.
2019 271 2040 291 r.
2056 270 2115 300 cap.
2128 272 2154 298 4.
2291 274 2294 277 ·

1373 299 1432 330 Effe
1446 299 1617 335 compendio
1628 322 1635 334 ,
1661 310 1710 337 pro
1724 300 1780 329 Eil'f:
1792 303 1878 329 luero.
1922 300 2062 329 Africanus
2078 301 2107 329 iii
2120 301 2138 330 1.
2161 299 2308 331 Videlicet.
2328 299 2363 330 D.
2382 299 2424 329 Ex
2434 295 2493 337 qui.

1393 338 1443 366 bus
1456 338 1542 402 caulis
1550 337 1686 402 mejeres.
1709 337 1848 367 Videlicet
1861 347 1898 366 ne
1912 339 1957 367 cui
1967 338 2091 367 officium
2102 338 2250 378 publicum
2267 339 2313 368 vel
2331 338 2434 367 damno
2448 337 2492 367 vel
2519 375 2523 380 .

1391 384 1510 411 compen
1535 384 1562 402 io
1584 381 1613 403 it.
2291 385 2298 387 ·

1372 412 1543 450 Compendii
1554 412 1646 441 facere
1656 434 1663 447 ‚
1685 422 1734 449 pro
1743 413 1867 442 Breviter
1879 413 1971 442 dicere
1983 433 1991 448 ‚
2015 422 2071 442 uno
2079 413 2165 444 verbo
2173 412 2313 443 absolvere
2324 434 2333 449 ,
2353 412 2399 442 vel
2416 418 2489 442 tace·

1391 460 1428 479 re.
1471 449 1603 478 Ausonius
1614 450 1780 487 symmacho
1796 450 1877 488 Epist.
1895 460 1935 488 77.
1957 461 2014 479 non
2027 451 2148 488 procula
2162 451 2217 480 fine
2227 472 2235 487 ,
2257 451 2324 481 Haec
2336 451 2372 481 ad
2385 449 2491 480 litteras

1390 494 1451 516 tuas
1461 486 1587 525 responsa
1599 488 1649 516 sint
1665 498 1672 523 ς
1697 497 1787 518 cetera
1800 498 1859 525 quae
1873 488 1987 518 noscere
1998 488 2084 518 habes
2097 511 2104 524 ‚
2126 486 2290 527 compendii
2307 489 2416 519 faciam.
2437 487 2491 518 Bu-

1392 525 1476 554 daeus.
1517 524 1568 554 Alii
1576 524 1673 561 legunt
1682 526 1941 563 Coinpendifaciam
1951 547 1959 559 .
1982 536 2037 555 una
2047 536 2125 556 voce.

1333 562 1409 593 CoM
1421 573 1434 592 Ρ
1446 573 1460 591 Ε
1469 572 1490 591 Ν
1500 572 1517 590 D
1527 573 1557 590 rr
1566 572 1582 591 A
1593 572 1610 591 c
1619 573 1627 590 i
1636 573 1653 591 o
1665 585 1672 597 ,
1693 560 1852 600 [κεςδῖάνω]
1873 565 1929 593 ere.
1951 562 2071 593 Verbum
2091 564 2167 601 apud
2187 563 2276 594 Plaut.
2298 563 2366 594 Pers.
2376 573 2403 600 4.
2413 572 2442 597 3.
2459 572 2488 594 2.

1465 600 1537 629 Nam
1549 610 1600 637 ego
1613 600 1697 630 hodie
1711 601 1920 639 compendifeci
1930 601 2000 630 duos
2011 612 2095 639 panes
2106 603 2135 631 in
2147 602 2215 631 dies.
2305 601 2386 631 Idem
2403 600 2488 632 Most.

1375 647 1399 667 1.
1414 647 1436 667 1.
1452 644 1494 675 57.
1519 638 1661 667 Orationis
1671 647 1785 675 operam
1799 639 2048 676 compendifacito.
2087 639 2122 669 al.
2144 639 2303 677 Compendi
2317 639 2385 669 face.
2425 639 2459 669 Et

1370 675 1593 742 compsen-{ffieri
1602 697 1610 711 ,
1630 677 1696 714 paff.
1718 677 1794 715 apud
1807 677 1930 706 eundem
1941 677 2013 706 Asin.
2025 687 2052 706 2.
2062 686 2088 707 2.
2103 686 2149 713 41.
2188 676 2260 707 Sunt
2271 677 2319 715 qui
2333 677 2419 707 divise
2429 677 2492 707 ubi-

1389 723 1443 750 que
1465 723 1502 743 cri
1525 720 1583 743 unt.

1334 752 1355 781 C
1365 761 1381 780 o
1391 762 1411 780 M
1421 761 1434 779 P
1445 761 1487 780 RN
1499 761 1516 780 o
1526 763 1536 780 1
1545 755 1563 781 ’ὃ
1572 761 1584 781 s
1595 762 1612 781 υ
1623 761 1635 782 s
1644 773 1652 788 ,
1673 761 1689 781 a
1700 774 1709 787 ‚
1729 761 1785 782 um.
1808 753 1976 788 [λυππλιὶς]
1998 752 2089 782 Utilis.
2111 751 2249 782 Columel.
2261 750 2309 782 lib.
2325 761 2349 782 1.
2360 763 2388 789 4.
2401 751 2489 788 Quos

1370 790 1398 855 gt
1407 798 1455 856 pFr
1464 796 1554 826 partes
1563 799 1766 828 nonnunquam
1778 790 1945 820 damnosum
1955 790 1994 820 est
2003 812 2011 826 ,
2032 791 2062 820 in
2076 789 2184 820 summa
2198 796 2292 820 tamen
2309 790 2341 821 fit
2357 796 2492 828 compen-

1392 837 1418 855 ιο
1433 836 1488 856 um.

1371 864 1609 902 Compendiosum
1617 866 1685 901 iter,
1704 865 1722 894 i.
1732 875 1757 895 e.
1778 865 1871 896 Brevis
1881 866 1932 895 via.
1955 865 2084 895 Prudent.
2096 865 2126 894 in
2135 865 2284 896 Laurentio
2293 876 2318 896 v.
2329 875 2394 903 335.
2586 898 2587 902 ,

1333 903 1355 932 C
1366 912 1383 931 o
1392 913 1411 931 M
1423 913 1436 930 a
1447 913 1461 931 a
1471 913 1491 932 Ν
1499 913 1518 932 D
1527 914 1537 932 1
1547 913 1564 932 o
1574 913 1585 933 s
1594 914 1609 932 ir
1617 925 1625 939 ‚
1647 904 1714 933 Adv.
1736 903 1868 942 Compar.
1892 903 1989 933 Sidon.
2007 914 2033 940 7.
2049 914 2090 933 ιο.
2112 904 2344 942 Compendiosius
2351 904 2489 934 intimare.
2542 934 2545 940 ζ
2586 912 2587 944 ζ

1334 941 1356 970 C
1365 950 1382 969 o
1392 951 1412 969 M
1421 951 1436 968 r
1446 950 1489 1007 asu
1499 950 1536 1008 D}
1544 951 1563 970 A
1575 953 1591 970 r.
1600 943 1612 970 ἵ
1621 951 1640 971 τ
1650 952 1689 971 isa
1698 963 1708 978 ,
1728 942 1816 972 Idem.
1842 941 1901 972 Vet.
1919 942 2034 980 Interpr.
2056 942 2155 972 Irenaei
2171 950 2196 980 3.
2211 951 2254 971 11.
2280 941 2492 980 Compendiali.

1371 980 1449 1008 ter&
1468 988 1505 1008 im
1538 980 1628 1009 Iciter.

1334 1016 1489 1046 COMPEN
1500 990 1536 1046 ξι
1547 1026 1676 1053 anius,
1697 1027 1731 1053 a,
1752 1027 1810 1048 um.
1831 1017 2002 1054 [σόνπμῶι]
2019 1018 2079 1054 Adj.
2100 1016 2216 1053 Brevis,
2236 1017 2312 1055 quod
2331 1027 2364 1047 ea
2383 1027 2443 1056 quae
2458 1018 2491 1048 ss.

1370 1054 1429 1083 mul
1440 1054 1603 1092 penduntur
1614 1077 1623 1091 ‚
1643 1054 1760 1085 celerius
1768 1056 1963 1093 expediantur.
2001 1055 2059 1085 Cic.
2070 1065 2095 1085 2.
2105 1055 2164 1085 Off.
2176 1063 2222 1092 43.
2243 1056 2411 1093 Quanquam
2421 1065 2490 1093 prae-

1370 1091 1442 1122 clare
1452 1093 1578 1123 Socrates
1586 1093 1660 1123 hanc
1670 1094 1742 1123 viam
1751 1095 1786 1123 ad
1801 1093 1918 1131 gloriam
1928 1094 2084 1131 proximam
2095 1115 2104 1129 ‚
2126 1094 2152 1123 δι
2164 1093 2236 1130 quasi
2249 1094 2489 1131 compendiariam

1369 1130 1481 1160 dicebat
1492 1126 1546 1160 effe
1556 1153 1563 1167 ,
1585 1131 1603 1160 si
1614 1131 1722 1168 quisita
1735 1139 1827 1169 ageret
1835 1153 1843 1168 ‚
1865 1137 1895 1161 ut
1906 1130 1993 1169 qualis
2003 1132 2099 1161 haberi
2108 1131 2193 1161 vellet
2203 1153 2211 1167 ,
2230 1131 2292 1161 talis
2303 1131 2378 1161 effet.

1369 1168 1615 1207 Compendiariam
1627 1191 1634 1204 ,
1655 1169 1799 1205 absolute,
1821 1179 1871 1208 pro
1882 1169 2100 1207 Compendiaria
2116 1169 2223 1200 ratione
2239 1169 2286 1199 seu
2298 1169 2343 1199 via
2360 1169 2432 1199 dixit
2440 1169 2489 1199 Se-

1387 1216 1456 1236 neca
1465 1229 1474 1242 ‚
1494 1207 1577 1245 Epist.
1589 1215 1634 1245 27.
1664 1207 1744 1237 Hanc
1757 1207 2000 1246 compendiariam
2014 1207 2192 1245 excogitavit.
2214 1208 2241 1238 δε
2257 1206 2340 1245 Epist.
2363 1217 2424 1245 119.
2443 1215 2487 1246 pr.

1388 1244 1428 1273 Ad
1439 1245 1572 1275 maximas
1581 1251 1609 1275 te
1619 1245 1730 1275 divitias
1739 1245 1949 1284 compendiaria
1959 1246 2069 1276 ducam.

1369 1281 1498 1312 Invenire
1509 1283 1748 1321 compendiariam
1760 1293 1804 1313 ma
1824 1293 1867 1313 nae
1874 1284 1948 1312 artis.
1968 1284 2076 1313 Petron.
2087 1291 2150 1321 cap.
2161 1292 2188 1313 2.

1332 1318 1567 1355 CoMPitNmARio,
1589 1322 1761 1357 [συντόμως]
1782 1323 1803 1351 A
1825 1331 1851 1351 v.
1861 1321 1907 1350 vel
1920 1321 2113 1351 subintellecto
2123 1319 2289 1355 substantivo
2299 1320 2409 1352 Itinere.
2421 1321 2487 1352 Seri.

1370 1358 1547 1396 Epist.73.Te
1556 1359 1586 1388 in
1601 1358 1702 1389 caelum
1710 1359 1923 1397 compendiario
1933 1369 2012 1390 voco,
2021 1359 2092 1396 [Nisi
2099 1359 2252 1397 legendum
2262 1358 2490 1397 Compendiaria.
2529 1394 2532 1398 ⁴

1331 1396 1354 1426 C
1362 1407 1378 1425 o
1387 1408 1407 1425 M
1417 1407 1430 1425 p
1438 1407 1452 1426 a
1460 1407 1480 1426 Ν
1488 1407 1508 1426 i>
1520 1408 1529 1425 1
1538 1407 1559 1426 A
1569 1407 1589 1426 T
1597 1408 1614 1426 u
1622 1407 1634 1427 s
1645 1419 1654 1432 ,
1675 1407 1690 1427 a
1699 1419 1708 1433 ‚
1728 1407 1787 1428 um.
1826 1394 1945 1428 Tertull.
1966 1398 2029 1429 adv.
2044 1397 2133 1428 Marc.
2147 1407 2175 1434 4.
2197 1406 2222 1428 1.
2251 1396 2492 1436 Compendiatum

1371 1435 1411 1463 est
1421 1444 1526 1465 novum
1533 1436 1738 1465 testamentum.

1369 1472 1467 1503 Sermo
1479 1473 1704 1512 compendiatus.
1725 1473 1807 1504 Idem
1816 1470 1886 1504 ibid.
1902 1483 1964 1512 cap.
1973 1484 2000 1510 9.
2058 1511 2061 1512 .

1331 1508 1379 1540 Co
1388 1522 1407 1539 M
1417 1521 1430 1539 Ρ
1440 1521 1481 1540 ΞΝ
1490 1521 1502 1541 s
1511 1521 1529 1541 o
1538 1533 1547 1547 ,
1566 1513 1582 1547 [
1589 1512 1771 1548 ἀνταμείβομοω
1783 1533 1791 1547 ,
1809 1511 2030 1547 mirmanda-opem]
2049 1514 2106 1542 are.
2127 1511 2201 1550 quasi
2215 1510 2306 1542 Simul
2313 1511 2487 1549 ponderare,

136 1561 159 1592 C
168 1571 185 1591 o
194 1572 214 1590 M
224 1571 239 1590 i>
248 1571 264 1590 u
274 1571 290 1589 i.
300 1571 311 1590 s
322 1571 339 1589 υ
349 1570 371 1595 s,
393 1559 486 1589 Partic.
507 1551 736 1594 [cvawap'<&⁴]
755 1554 813 1583 Cic.
827 1562 879 1591 pro
889 1550 1066 1587 Μαι-081113.
1082 1551 1190 1582 Omnes
1202 1552 1279 1583 enim
1368 1549 1531 1579 retribuere.
1571 1548 1630 1579 Cic.
1644 1559 1695 1587 pro
1707 1549 1818 1579 Muren.
1829 1558 1874 1586 71.
1898 1551 1986 1587 Atque
1999 1550 2059 1581 haec
2071 1560 2088 1580 a
2101 1550 2183 1580 nobis
2192 1556 2294 1588 petunt
2308 1550 2418 1579 omnia:
2439 1558 2489 1579 ne-

173 1599 218 1636 qui
231 1599 265 1628 ad
275 1597 401 1628 illaarma
411 1597 467 1627 fato
477 1595 569 1626 sumus
588 1592 681 1624 nescio
695 1602 750 1632 quo
769 1591 888 1629 Reipub.
905 1590 1005 1620 misero
1022 1589 1186 1628 funestoque
1202 1600 1279 1621 com-
1369 1597 1424 1624 que
1434 1587 1490 1617 ulla
1499 1597 1528 1617 re
1543 1586 1612 1631 aliq,
1635 1597 1695 1625 quae
1708 1598 1724 1617 a
1735 1587 1817 1617 nobis
1834 1587 2057 1633 consequuntur,
2077 1587 2128 1617 nis!
2145 1597 2231 1627 Opera
2252 1587 2301 1619 sua
2316 1585 2491 1626 compensari
2537 1611 2544 1622 1

171 1636 250 1704 {um
1368 1630 1471 1693 i&utam
1481 1624 1566 1663 po‘ffe.
1596 1635 1613 1654 i.
1625 1635 1650 1654 e.
1672 1625 1746 1662 quasi
1755 1625 1947 1656 Remunerari.

198 1675 258 1703 ahie
268 1670 432 1711 compulsus,
456 1670 530 1701 curt,
542 1674 601 1704 gg,
615 1678 642 1699 2,
1393 1673 1446 1692 ona
1456 1662 1633 1701 compensare
1641 1664 1726 1693 vitiis.
1747 1664 1815 1693 Hor.
1833 1673 1857 1692 1.
1874 1664 1961 1694 Serm.
1974 1672 1999 1700 3.
2011 1672 2058 1701 70.

1368 1701 1477 1732 Damna
1488 1701 1633 1731 dissolvere
1644 1703 1669 1731 ἃ
1678 1701 1867 1739 compensare.
1908 1702 1965 1731 Cic.
1977 1710 2002 1739 7.
2017 1702 2093 1732 Verr.
2106 1709 2151 1738 33.
2173 1701 2265 1732 Multa
2275 1703 2336 1739 ejus
2346 1702 2376 1732 in
2384 1702 2488 1740 stipen-
2574 1731 2575 1735 ,

1388 1739 1441 1806 giis
1452 1740 1553 1806 damna
1562 1740 1738 1777 proferentur
1750 1761 1759 1776 ,
1778 1749 1840 1778 quae
1850 1739 1884 1770 ab
1899 1740 1959 1778 ipso
1972 1740 2058 1784 aetatis
2068 1740 2159 1770 fructu
2176 1739 2306 1771 dissoluta
2317 1742 2344 1771 &
2353 1750 2488 1779 compen·
2542 1779 2545 1785 ,

1400 1783 1443 1808 ata
1467 1783 1526 1807 unt.

1367 1815 1507 1845 Gravitate
1514 1814 1695 1854 compensare
1704 1812 1834 1854 supplicii
1843 1815 2010 1846 tarditatem.
2016 1815 2296 1846 Valer.Max.lib.1.ca
2318 1815 2488 1854 .1.ext.3.ubi

1386 1854 1424 1882 de
1436 1853 1568 1892 Dionysio
1583 1860 1703 1892 tyranno
1714 1876 1724 1890 ‚
1744 1854 1832 1884 Lento
1844 1854 1919 1883 enim
1931 1854 2019 1892 gradu
2028 1854 2064 1884 ad
2075 1854 2228 1884 vindictam
2238 1853 2279 1884 sui
2308 1854 2382 1884 ivina
2390 1863 2489 1893 proce·

1386 1892 1431 1920 dit
1439 1891 1478 1921 ira
1489 1913 1497 1927 ‚
1518 1893 1733 1929 tarditatemque
1743 1892 1873 1931 supplicii
1884 1893 2017 1930 gravitate
2029 1891 2202 1930 compensat.

1366 1925 1535 1959 Paucitatem
1546 1930 1652 1968 pedum
1663 1930 1801 1967 gravitatis
1811 1929 1864 1960 suae
1874 1931 2004 1960 tarditate
2015 1930 2186 1969 compensat.
2213 1929 2271 1960 Cic.
2287 1929 2318 1960 in
2325 1929 2403 1960 Orat.
2418 1932 2484 1960 216.

1367 1966 1587 2005 Turpitudinem
1598 1968 1718 2006 Reipub.
1730 1968 1790 1998 otio
1800 1968 1989 2006 compensare.
2024 1968 2081 1999 Cic.
2094 1978 2120 2005 7.
2133 1969 2187 1998 Att.
2198 1976 2241 2005 17.
2263 1967 2290 1998 O
2297 1967 2441 2006 perditum
2447 1967 2487 1998 la.

1385 2011 1497 2035 tronem
1507 2028 1515 2040 ,
1536 2006 1581 2035 vix
1592 2005 1651 2034 ullo
1663 2007 1722 2035 otio
1733 2006 1968 2044 compensandam
1978 2007 2051 2037 hanc
2061 2005 2181 2044 Reipub.
2194 2005 2412 2044 turpitudinem.

1367 2043 1474 2073 Vitium
1485 2044 1664 2082 compensare
1671 2044 1716 2074 vel
1727 2044 1857 2074 facultate
1865 2067 1873 2080 ‚
1894 2043 1940 2074 vel
1949 2045 2040 2082 copia.
2066 2044 2124 2074 Cic.
2137 2044 2167 2073 in
2175 2043 2254 2074 Orat.

1365 2081 1554 2119 Compensare
1570 2092 1644 2113 curn.
1686 2082 1743 2113 Cic.
1765 2083 1794 2112 in
1812 2082 1900 2112 Pison.
1911 2093 1956 2120 75.
1994 2082 2050 2112 Sed
2064 2082 2098 2112 fit
2114 2082 2235 2112 offensus
2254 2082 2348 2119 primo
2357 2103 2367 2117 ,
2388 2089 2485 2112 nonne

1386 2119 1576 2157 compensabit
1585 2129 1649 2149 cum
1659 2130 1715 2149 uno
1725 2120 1858 2150 versiculo
1868 2126 1911 2150 tot
1921 2130 1983 2150 mea
1992 2120 2136 2150 volumina
2146 2120 2262 2150 laudum
2276 2120 2384 2149 suarum
2391 2120 2406 2149 ἱ)

1366 2156 1472 2186 Laetitia
1487 2158 1716 2196 compensabatur
1726 2169 1790 2188 cum
1800 2158 1913 2188 summis
1923 2158 2076 2188 doloribus.
2098 2158 2157 2188 Cic.
2167 2167 2194 2188 2.
2210 2158 2245 2187 de
2253 2157 2313 2187 Fin.
2323 2160 2369 2193 96.

1366 2195 1499 2225 Rationes
1509 2195 1568 2226 suas
1585 2196 1765 2234 compensare
1779 2206 1844 2227 cum
1863 2206 1893 2227 re
1909 2196 2009 2234 aliqua.
2050 2196 2108 2226 Cic.
2119 2206 2146 2229 z.
2163 2196 2199 2225 de
2210 2195 2269 2225 Fin.
2283 2201 2327 2231 98.
2351 2195 2487 2225 R⁶tioneo

1384 2238 1445 2263 tuas
1458 2241 1484 2263 te
1493 2234 1576 2263 video
1587 2234 1768 2272 compensare
1783 2244 1848 2265 cum
1858 2235 1913 2265 istIs
1923 2233 2087 2271 doloribus,
2107 2243 2167 2265 non
2185 2234 2351 2264 memoriam
2369 2213 2489 2272 ἄπρατα

1384 2278 1577 2309 perceptarum
1592 2272 1776 2310 voluptatum.
2470 2291 2471 2294 ¹

1364 2308 1543 2347 Voluptatem
1553 2319 1617 2339 cuni
1629 2311 1757 2340 maximis
1767 2310 1838 2340 curis
1848 2305 2026 2340 &laboribus
2035 2309 2222 2348 compensare.
2228 2308 2286 2339 Cic.
2293 2319 2315 2344 5.
2328 2309 2364 2339 de
2373 2309 2483 2345 Fin48.
2535 2331 2540 2343 i

1365 2347 1397 2378 In
1409 2348 1515 2376 causam
1528 2348 1640 2383 judicati
1651 2348 1832 2386 compensari.
1870 2347 1982 2386 Ulpian.
2001 2348 2032 2377 in
2044 2348 2062 2377 1.
2085 2347 2238 2385 Eleganter.
2260 2347 2282 2385 §.
2303 2347 2332 2376 Si
2342 2346 2404 2385 post
2413 2356 2482 2376 rem.

1382 2385 1416 2414 D.
1431 2385 1465 2414 de
1476 2385 1603 2415 Condidi.
1615 2386 1710 2416 indeb.
1732 2385 1860 2416 Retineri
1868 2391 1962 2415 tamen
1972 2390 2055 2422 atque
2065 2385 2240 2424 compensari
2252 2386 2283 2414 in
2296 2384 2484 2421 causamjudi-
2515 2412 2520 2419 ,
2562 2382 2563 2394 ’

1384 2424 1437 2453 cati
1452 2445 1459 2458 ,
1480 2424 1555 2460 quod
1564 2423 1600 2453 ob
1612 2423 1695 2453 talem
1706 2424 1918 2454 transactionem
1929 2423 2050 2453 solutum
2058 2423 2097 2452 est
2107 2446 2115 2459 ,
2135 2423 2235 2461 potest.

1363 2459 1452 2491 Dolus
1461 2461 1684 2499 compensandus
1693 2463 1726 2491 ab
1736 2469 1852 2500 utraque
1862 2467 1950 2500 parte.
1987 2460 2114 2497 Julianus
2129 2461 2158 2490 in
2175 2461 2194 2490 l.
2217 2461 2257 2490 Ex
2267 2460 2324 2490 hoc
2334 2460 2438 2489 edisto.
2460 2460 2484 2497 §.
2564 2487 2567 2494 .

1383 2499 1438 2528 Sed
1448 2499 1494 2527 etsi
1508 2499 1658 2537 stipulator.
1682 2500 1713 2529 D.
1732 2500 1772 2530 De
1783 2510 1816 2529 eo
1827 2509 1876 2537 per
1888 2508 1970 2535 quem
1979 2499 2084 2528 fastum
2094 2499 2166 2533 erit,
2186 2498 2214 2528 Si
2226 2500 2252 2528 ἃ
2262 2497 2404 2535 stipulator
2417 2498 2486 2527 dolo
2523 2513 2526 2516 >
2565 2514 2568 2523 i

1382 2536 1553 2575 promissoris
1564 2559 1571 2573 ,
1594 2539 1619 2566 ἃ
1632 2537 1776 2581 promissor
1786 2538 1853 2567 dolo
1869 2537 2035 2575 stipulatoris
2049 2536 2202 2575 impeditus
2218 2536 2300 2566 fuerit
2319 2545 2375 2573 quo
2390 2534 2484 2565 minus

1383 2575 1563 2609 adjudicium
1577 2582 1704 2612 veniret;
1726 2577 1816 2605 neutri
1831 2585 1931 2606 eorum
1943 2576 2043 2605 Praetor
2055 2574 2214 2605 succurrere
2223 2573 2349 2610 debebit,
2369 2573 2402 2604 ab
2414 2582 2486 2604 utra-

1383 2622 1437 2649 que
1448 2620 1524 2650 parte
1535 2613 1601 2642 dolo
1613 2613 1830 2651 compensando.

1362 2650 1563 2718 Compffngaffi.
1585 2651 1773 2718 Colntrahere.
1792 2651 1951 2682 abbreviare
1965 2672 1973 2687 ‚
1994 2656 2025 2681 ut
2033 2656 2170 2681 annotant
2184 2650 2386 2690 interpretesin
2399 2649 2486 2680 Sene*

1382 2697 1421 2718 cae
1437 2698 1446 2717 1
1471 2699 1486 2718 u
1549 2699 1556 2717 1
1601 2699 1616 2717 o
1630 2712 1636 2718 .
1654 2701 1676 2718 i.

1457 2727 1516 2756 Hac
1531 2699 1704 2765 balbppergam
1714 2748 1723 2764 ,
1745 2737 1800 2766 qua
1807 2727 1853 2757 via
1864 2726 1982 2765 longum

1455 2764 1623 2802 Compensat
1634 2767 1695 2795 iter.
2248 2777 2249 2780 ¹

1323 2801 1348 2832 C
1356 2811 1389 2869 oO
1381 2811 1402 2831 Μ
1410 2812 1425 2830 P
1434 2812 1449 2830 iz
1458 2811 1479 2831 Ν
1488 2812 1500 2832 s
1509 2813 1528 2831 A
1538 2812 1558 2831 T
1568 2813 1587 2832 υ
1596 2812 1608 2832 s
1617 2823 1625 2839 ,
1647 2813 1663 2833 a
1672 2825 1680 2839 ‚
1702 2813 1759 2834 um.
1788 2808 1839 2840 ut,
1867 2802 1988 2833 Labores
2005 2800 2178 2842 compensati
2199 2797 2296 2841 gloria.
2328 2801 2386 2833 Cic.
2400 2810 2426 2839 3.
2445 2801 2482 2832 do

1392 2845 1439 2869 rat.
1460 2850 1502 2875 14.

1362 2877 1470 2907 Damna
1484 2877 1670 2915 compensata.
1708 2877 1766 2908 Cic.
1783 2887 1808 2914 7.
1824 2878 1900 2909 Verr.
1912 2887 1955 2916 33.
1976 2878 2086 2909 Damna
2095 2879 2126 2908 in
2136 2875 2281 2917 stipendiis
2293 2877 2328 2910 ab
2341 2878 2391 2908 isto
2400 2876 2482 2908 diffu-

1379 2915 1436 2945 luta
1447 2937 1455 2950 ‚
1478 2918 1502 2946 &
1514 2916 1691 2954 compensata
1702 2917 1789 2946 aetatis
1799 2916 1900 2947 frud'tu.
2506 2918 2512 2930 “

1323 2953 1346 2982 C
1356 2963 1372 2982 o
1383 2964 1402 2982 M
1411 2964 1424 2981 P
1434 2963 1446 2982 a
1457 2963 1476 2982 N
1485 2963 1497 2982 s
1508 2964 1525 2982 A
1535 2963 1554 2983 T
1565 2964 1574 2982 i
1586 2964 1602 2983 o
1614 2976 1622 2988 ‚
1643 2955 1714 2984 onis.
1736 2954 1755 2983 f.
1791 2951 1971 2990 [abraami]
2001 2954 2039 2984 est
2071 2954 2185 2991 (inquit
2198 2953 2392 2989 Modestinus)
2412 2953 2442 2982 in
2457 2952 2478 2983 1.

1360 2991 1458 3031 prima.
1484 2991 1515 3021 D.
1535 2992 1571 3022 de
1582 2991 1859 3030 compensationibus
1868 3012 1876 3028 ‚
1898 2992 1991 3022 Debiti
2009 2994 2035 3022 &
2047 2993 2145 3021 crediti
2164 2992 2236 3022 inter
2251 2991 2278 3021 se
2296 2991 2478 3022 contributio.

169 280 287 317 Grcgem
297 278 467 317 compellere
481 278 563 308 viridi
579 274 696 306 hibisco,
718 272 792 310 Virg.
804 280 830 301 2.
842 269 901 300 Ecl.
913 277 958 306 30.
991 279 1009 298 i.
1026 276 1051 297 e.
1076 266 1118 296 Ad
1139 264 1286 295 hibiscum.

189 318 310 347 Servius.

172 355 366 392 compellere,
389 354 510 391 Cogere,
533 352 590 382 vim
605 351 704 380 facere.
725 345 921 391 Plautssacch:
934 353 965 387 4'.
975 352 1001 387 ⁴:
1018 352 1045 378 4.
1075 379 1082 387 ⁴

192 393 329 423 Callidum
338 393 430 421 senem
440 391 545 420 callidis
553 388 624 418 dolis
635 385 797 424 compuli,&
806 381 997 427 perpuli‚milii
1006 388 1101 410 omnia
1111 384 1143 409 ut
1151 379 1286 409 crederet.

174 432 214 462 Ad
230 431 333 463 belluni
349 439 400 459 nos
416 428 554 465 compulit
564 426 640 463 regni
651 424 763 462 cupido.
785 421 869 451 Ovid.
883 430 907 455 ς.
919 419 988 463 Met.
1002 428 1066 453 219-

174 470 216 501 Ad
228 469 401 498 (inditionem
413 476 475 496 com
499 465 590 495 ellere.
629 463 705 492 Curt.
718 472 743 497 9.
759 469 783 490 1.
799 469 842 496 19.
874 458 913 488 Ut
931 466 954 487 is
971 465 1082 494 quoque
1101 454 1231 485 barbaros
1251 453 1287 484 ad

194 507 367 536 deditionem
377 514 477 542 compe
490 503 566 532 leret.

175 546 216 575 Ad
226 545 410 573 defectionem
421 540 598 579 compellere.
618 537 697 567 Idem
710 545 752 580 ¹9·
766 544 848 579 ¹145·

176 583 217 612 Ad
231 583 357 618 laqueum
367 579 535 618 compellere
545 576 680 619 aliquem..
700 572 766 603 Plin.
779 573 828 602 lib.
842 573 886 610 36.
898 580 958 609 cap.
972 579 996 606 ς.

177 621 217 650 Ad
232 626 348 648 mortem
357 625 513 655 tyrannum.
534 613 652 651 Quintil.
662 611 712 641 lib.
723 621 748 648 7.
767 620 827 654 cap.
841 621 868 645 4.

176 657 218 687 Ad
229 658 335 694 rapinas
343 655 449 692 agmina
460 652 654 691 compulimus.
673 649 774 679 Lucan.
791 648 838 692 lib.
851 656 877 684 7.
887 657 933 691 99.
1083 681 1091 697 Υ

176 696 216 725 Ad
225 696 321 724 rudem
330 692 498 730 compellere
509 713 516 725 ,
537 689 611 727 apud
623 688 786 718 Ciceronem
803 695 832 714 in
843 684 925 723 Epist.
944 682 979 713 ad
993 681 1141 726 Odtavium
1150 704 1158 716 ‚
1179 680 1218 725 eli:
1230 679 1286 725 Ru-

196 733 238 761 dis
249 735 274 762 o'c
287 730 419 760 missionis
436 730 483 768 spe
497 729 660 766 gladiatores
673 733 840 762 congregare
851 745 860 758 ,
879 728 911 752 ut
927 720 1059 758 compelli
1076 730 1163 764 pecus
1183 720 1285 748 dicitur

195 770 271 808 quod
285 775 481 806 congregatur:
503 766 572 796 rude
583 771 675 794 autem
693 763 788 792 donati
806 761 971 799 gladiatores
991 759 1061 788 ferro
1075 757 1209 801 dimicare
1227 765 1284 785 non

195 807 314 845 amplius
333 806 510 843 cogebantur.
548 801 690 839 Significat
718 802 801 838 igitur
827 798 1010 828 Octavianum
1040 795 1177 840 promissa.
1193 795 1262 824 rude
1274 815 1284 829 ‚

196 846 351 875 exercitum
383 853 399 873 e
434 841 631 882 gladiatoribus
659 838 778 875 Julianis
809 835 944 874 coegisse:
985 844 1018 864 ac
1051 834 1192 878 intellegit
1203 839 1285 877 'vete-

193 893 293 917 ranos‚
315 891 383 919 quos
405 892 420 910 e
443 880 562 910 coloniis
587 876 714 907 evocavit
745 875 894 912 Augustus,
913 873 988 911 quod
1011 882 1107 902 eorum
1127 871 1211 910 aliqui
1231 871 1285 908 gia·-

194 921 313 950 diatores
333 918 441 949 fortasse
459 917 586 947 fuissent:
616 922 664 945 aut
682 915 765 944 etiam
781 913 815 942 ad
831 917 1026 949 contemptum
1041 910 1216 955 &probrum
1231 908 1286 946 gla-

193 958 312 988 diatores
321 956 488 996 appellavit,
509 956 536 986 ἃ
549 954 584 984 ad
594 953 692 983 rudem
706 953 730 982 ἃ
744 951 858 990 praemia
872 948 1029 980 convenisse
1039 948 1178 986 intelligit.
1215 948 1286 977 Tur.

173 1006 211 1064 11?
215 996 348 1067 {exsilias
358 1030 526 1070 compellere
537 1051 546 1065 7
568 1030 594 1059 ἂ
606 1027 764 1058 Stoicorum
779 1022 891 1055 dumeta
902 1025 1065 1054 orationem.
1087 1021 1146 1068 Cic.
1155 1033 1182 1059 4.
1197 1022 1282 1052 Acad.

197 1068 262 1101 112]
279 1071 374 1108 Quum
386 1070 416 1099 sit
425 1069 500 1098 enim
518 1075 632 1105 campus
644 1087 652 1100 ‚
673 1066 702 1093 in
716 1074 770 1101 quo
788 1063 911 1093 exultare
931 1063 1012 1099 possit
1030 1068 1119 1091 oratio
1134 1083 1143 1098 ,
1163 1071 1212 1091 cur
1222 1070 1283 1090 eam

194 1116 282 1139 tantas
298 1110 327 1138 in
338 1107 470 1146 angustias
480 1128 488 1141 ‚
509 1107 535 1136 81
546 1105 702 1134 Stoicorum
711 1103 824 1131 dumeta
835 1100 1050 1143 compellimus?

174 1148 205 1177 in
217 1147 309 1176 fauces
320 1153 389 1175 artas
400 1152 499 1174 terram
511 1141 686 1179 compellere.
719 1141 736 1168 i.
750 1149 774 1168 e.
795 1139 995 1176 Comprimere.
1015 1139 1091 1167 Curt.
1105 1145 1129 1172 3.
1144 1146 1167 1167 1.
1182 1144 1225 1172 13.

172 1185 203 1216 In
219 1191 323 1214 metum
339 1183 461 1213 eundem
482 1180 658 1217 compellere.
697 1177 754 1207 Liv.
770 1185 869 1211 25.29.
901 1175 1141 1206 Mercenariorum
1170 1183 1282 1213 quoque

190 1222 310 1252 militum
325 1221 427 1251 auxilia
440 1221 469 1249 in
483 1220 603 1248 eundem
615 1215 774 1259 compulere
785 1220 899 1257 metum.

171 1260 203 1291 In
216 1267 333 1290 mortem
343 1259 462 1295 aliquem
473 1255 648 1293 compellere.
671 1251 789 1296 Quintil.
804 1251 854 1281 lib.
868 1261 893 1288 7.
908 1260 969 1289 cap.
980 1259 1008 1287 4.

172 1298 204 1328 ln
220 1297 372 1327 socordiam
381 1293 522 1334 compelli.
544 1291 680 1323 Columel.
694 1290 742 1320 lib.
757 1299 799 1320 11.
809 1298 870 1327 cap.
883 1298 908 1319 1.

172 1335 281 1369 Iniuriis
291 1334 432 1373 compelli.
454 1332 511 1362 Cic.
524 1342 546 1361 r.
561 1330 634 1373 Fam.
646 1339 672 1365 9.

173 1372 348 1411 Compellare
359 1372 415 1401 sub.
435 1370 518 1400 Ovid.
533 1378 559 1406 7.
575 1367 657 1405 Epist.
671 1376 717 1410 9⁴:
898 1386 903 1391 .

264 1410 311 1440 Illa
322 1410 379 1439 dies
389 1409 485 1438 nocuit
497 1429 504 1442 ,
525 1415 578 1444 qua
586 1415 637 1434 nos
646 1403 755 1434 declive
768 1400 816 1431 sub
829 1406 940 1446 anirum

302 1447 439 1477 Caeruleus
449 1443 542 1475 subitis
552 1442 686 1480 compulit
694 1441 782 1471 imber
791 1449 878 1477 aquis.

174 1484 349 1524 compellere
359 1494 422 1514 cum
435 1483 526 1513 verbo.
548 1482 629 1511 Ovid.
642 1488 666 1516 3.
682 1479 747 1509 Fast.
759 1481 833 1522 860.-

265 1522 462 1561 Compulerant
472 1529 564 1557 regem
573 1518 638 1555 jussa
649 1517 768 1547 nefanda
777 1521 843 1553 pati.

173 1711 267 1741 Ventis
278 1709 443 1748 compulsus.
465 1709 537 1746 Virg.
553 1717 576 1737 1.
590 1707 650 1737 AEn.
665 1712 727 1742 579.
856 1735 858 1739 ,
961 1740 970 1749 ,
1051 1737 1058 1748 .
1102 1741 1109 1748 ·
1219 1746 1221 1749 ι

135 1748 158 1780 C
168 1759 184 1779 o
193 1760 213 1778 M
222 1759 236 1777 P
246 1759 263 1778 υ
274 1760 290 1777 L
298 1758 310 1778 s
319 1759 335 1777 υ
346 1757 374 1783 ε,
394 1748 436 1776 ὓς.
457 1756 494 1776 m.
516 1744 595 1783 Apul.
609 1750 634 1780 8.
648 1743 717 1774 Met.
727 1753 756 1781 p.
768 1749 832 1779 203.
853 1741 990 1773 Incendio
1008 1739 1124 1771 feritatis
1132 1738 1279 1771 ardescens

171 1787 298 1816 dentium
310 1784 453 1823 compulsu
466 1806 475 1820 ‚
494 1785 546 1814 &a
782 1817 789 1825 ·
954 1817 960 1824 ·
1026 1816 1033 1823 ι
1099 1817 1106 1823 ι
1208 1815 1215 1822 .

134 1824 157 1855 C
165 1834 182 1854 o
190 1835 210 1854 M
219 1834 234 1853 1²
245 1834 263 1853 υ
270 1835 286 1853 i.
295 1833 307 1853 s
317 1834 325 1852 i
334 1833 351 1853 ο
361 1844 369 1857 ,
389 1823 460 1852 onis.
481 1821 500 1852 f.
523 1819 672 1851 Caffiodor.
684 1827 727 1849 12.
739 1817 822 1856 Epist.
836 1827 879 1848 10.
902 1816 982 1854 Quid
991 1821 1047 1854 egit
1055 1821 1140 1847 tonus
1150 1825 1216 1847 anni
1226 1815 1279 1846 sus-

132 1860 460 1934 Cgissiicgg'gbll‚fioosis.
481 1906 517 1927 m.
539 1901 589 1931 ut,
608 1894 690 1925 Bovis
703 1891 871 1938 compulsor.
892 1891 993 1923 Pallad.
1008 1901 1034 1929 7.
1046 1900 1073 1920 2.
1238 1930 1245 1936 .

169 1936 331 1975 Compulsor
343 1958 351 1971 ,
370 1937 454 1965 etiam
464 1941 522 1965 erat
534 1934 591 1971 Qui
599 1932 698 1962 fiscalia
711 1932 805 1961 debita
816 1930 960 1975 exrgebat3
974 1929 994 1959 l.
1007 1940 1033 1967 9.
1048 1927 1078 1959 ff.
1097 1930 1133 1960 de
1145 1929 1277 1975 .EX³⁶¹¹.‘³·

186 1975 286 2004 nibus:
308 1973 472 2012 Compulsor
483 1972 564 2009 plane
574 1980 631 2000 non
642 1971 781 2005 mittatur,
801 1969 850 1997 nisi
861 1969 921 2006 post
933 1969 1008 1998 diem
1020 1976 1075 2005 quo
1085 1968 1152 1997 soIVi
1167 1968 1276 2011 debuit,

188 2014 214 2043 δι
224 2012 278 2042 hoc
288 2011 405 2050 amplius
415 2011 537 2040 mensem
545 2009 669 2038 alterum.
692 2007 726 2038 ab
736 2017 769 2037 eo
787 2015 914 2044 tempore
933 2006 1025 2044 elapso
1042 2005 1200 2044 compulsor
1213 2013 1276 2035 mit-

187 2056 275 2084 tatur.
296 2052 342 2087 qui
354 2059 410 2078 non
423 2055 528 2092 tantum
538 2047 641 2084 reliqua
653 2045 753 2089 fiscalia
762 2067 770 2081 ,
791 2044 837 2088 sed
849 2046 875 2074 &
884 2053 934 2082 pro
946 2044 1032 2073 modo
1051 2044 1141 2082 culpae
1157 2043 1275 2074 multam

168 2087 458 2162 Daasdssgiispfflsofsiffm
464 2086 598 2153 {ididia}
608 2088 924 2158 :aiafflgsgo‘iiligiillbri
932 2118 1085 2157 quidquam
1092 2118 1201 2148 dederit
1212 2141 1221 2155 ‚
1243 2123 1276 2149 ur.

188 2163 270 2192 levari
281 2162 375 2192 debito
385 2160 476 2200 possit.
510 2161 540 2190 V.
563 2159 601 2189 ibi
617 2158 702 2188 Vales.

130 2200 344 2235 ΟοΜνυιεο,
364 2203 420 2230 are.
440 2200 574 2236 frequent.
609 2202 657 2233 ut,
687 2195 744 2226 Ore
765 2194 894 2233 improbo
913 2194 1070 2232 compulsat
1091 2195 1118 2225 δι
1137 2193 1274 2224 morficat.

168 2237 246 2275 Apul.
256 2247 282 2274 7.
295 2237 363 2267 Met.
373 2248 400 2304 p.
414 2245 476 2274 197.

167 2275 261 2315 Regna
269 2284 371 2313 compu
385 2275 448 2304 sare.
470 2270 586 2304 Tertull.
601 2271 680 2310 Apol.
694 2279 754 2316 cap.
764 2279 809 2300 2:0-
1100 2307 1109 2314 Α
1142 2308 1149 2314 ι

128 2312 151 2343 C
160 2322 176 2343 o
186 2324 206 2342 M
218 2323 230 2342 r
240 2323 256 2342 υ
267 2323 304 2342 ιε
312 2323 332 2342 Α
341 2322 361 2341 τ
370 2324 379 2342 i
390 2321 407 2342 o
417 2334 425 2348 ,
446 2312 518 2342 onis.
537 2310 557 2340 s.
579 2309 697 2340 Tertull.
709 2309 777 2339 ibid.
791 2317 852 2346 cap.
865 2315 911 2338 21.
940 2307 1128 2347 Compulsatio
1140 2312 1213 2338 inter
1221 2316 1275 2339 nos

127 2350 331 2419 Cgliililciisgsla
340 2395 521 2423 ΜκΝτυΜ,
540 2386 559 2416 i.
579 2395 608 2416 ri.
630 2384 755 2423 Fulgent.
772 2383 892 2422 mythol.
910 2391 936 2421 3.
963 2383 1096 2414 Sororum
1120 2383 1274 2423 compulsa..

163 2433 258 2456 mento
291 2432 382 2456 ercita.

126 2464 173 2494 Co
181 2474 202 2493 Μ
210 2473 224 2492 i’
233 2473 250 2493 υ
261 2436 299 2493 eps
310 2473 327 2492 o
338 2473 354 2492 a
364 2473 373 2492 i
383 2466 399 2491 Κ
407 2472 440 2491 ω
448 2471 476 2497 s,
495 2470 520 2492 e.
541 2465 590 2496 ut,
609 2459 718 2490 Litterae
733 2458 957 2497 compulsorIales
972 2458 1047 2497 apud
1060 2458 1076 2495 J
1079 2459 1155 2490 Ctos.

126 2501 419 2535 CoMPsLiAEcno,
439 2492 701 2536 [συνίλζφφοάνομω]
722 2500 776 2527 ὅτε.
808 2497 889 2527 Unde
1025 2535 1030 2541 ι

125 2538 174 2568 Co
184 2539 395 2567 MPsLLuc'i‘o
406 2546 462 2572 us,
483 2546 516 2572 a,
535 2545 593 2566 um.
615 2535 699 2566 Plaut.
726 2534 794 2564 Pers.
815 2544 838 2564 1.
852 2544 877 2571 3.
892 2537 934 2564 16.
964 2534 1044 2564 Nihil
1071 2535 1110 2564 est
1128 2543 1270 2573 macrum,

162 2576 258 2606 nihile
269 2576 348 2613 nigro
360 2574 608 2612 compellucidum.
645 2572 807 2602 Emendatis
817 2573 846 2602 in
855 2573 938 2603 codd.
959 2572 1087 2602 Macrum
1101 2573 1171 2603 illud
1181 2594 1190 2610 ‚
1213 2575 1271 2612 epi.

161 2623 289 2648 crocum,
311 2612 494 2651 pellucidum.
713 2615 721 2624 ”

125 2651 146 2681 C
155 2661 200 2680 οΜ
211 2661 226 2679 ῐ»
235 2661 249 2680 13
258 2661 277 2679 N
287 2660 304 2679 o
313 2662 321 2679 i
331 2660 349 2679 u
358 2660 378 2679 M
390 2671 399 2685 .,
420 2650 438 2678 i.
459 2659 488 2678 n.
518 2646 656 2684 [im-nm),
676 2645 776 2681 ἀν’νοψις
787 2663 795 2675 ,
818 2648 961 2683 συνπμίοι]
990 2648 1164 2686 appellamus
1183 2649 1270 2686 Quod

161 2689 324 2726 parsimonia
336 2687 453 2724 quadam
465 2686 603 2716 servamus
616 2694 622 2714 :
644 2685 711 2714 sicut
724 2695 739 2714 e
755 2686 890 2714 contrario
903 2685 1083 2723 Dispendium
1097 2709 1106 2722 ‚
1128 2688 1213 2724 Quod
1226 2686 1270 2717 vei

160 2727 266 2756 incuria
277 2747 285 2760 ‚
313 2725 356 2755 vel
381 2723 566 2762 negligentia,
597 2721 643 2752 vel
662 2723 892 2752 immoderatione
912 2724 1111 2761 dispendimus.
1141 2726 1267 2756 Budaeue.

160 2763 316 2793 Columella
326 2785 334 2798 ‚
356 2762 418 2792 Hoc
427 2762 469 2799 egi
479 2759 678 2798 compendium
689 2760 822 2798 temporis
831 2759 955 2797 sequens.
999 2788 1002 2792 ,

160 2801 366 2839 Compendium
378 2821 387 2835 ‚
408 2799 483 2836 quod
503 2808 568 2828 cum
586 2798 781 2835 compenditur
799 2807 853 2827 una
876 2798 915 2828 sit.
952 2798 1033 2829 Varro
1052 2799 1087 2828 de
1097 2799 1126 2829 L.
1139 2799 1168 2830 L.
1184 2810 1210 2837 4.
1222 2804 1266 2836 36.

178 2839 276 2869 Sensus
284 2838 340 2874 est,
360 2837 407 2868 AEs
421 2837 494 2874 quod
509 2845 563 2865 una
574 2844 639 2864 cum
649 2834 703 2864 alio
716 2835 846 2872 penditur
859 2857 867 2871 ‚
888 2836 926 2866 est
936 2838 1146 2875 compendium.

159 2876 365 2915 Compendium
376 2896 384 2910 ‚
405 2873 568 2911 [ὠφέλημα]
590 2872 709 2902 Lucrum
724 2873 762 2902 est
783 2874 932 2911 temporis,
953 2876 1079 2912 pecuniae
1092 2897 1101 2911 ‚
1122 2877 1148 2906 ἃ
1164 2883 1265 2914 operae.

176 2913 244 2943 Plin.
256 2913 302 2943 lib.
318 2920 359 2949 17.
371 2922 431 2950 cap.
443 2920 487 2942 22.
509 2910 651 2941 Subtilitas
661 2910 831 2948 parsimoniae
848 2913 1158 2949 compendiaiuveriit,
1180 2924 1267 2950 quum

176 2952 256 2980 vinea
267 2951 295 2979 in
307 2950 441 2988 pastinato
450 2949 561 2984 seritur,
582 2948 673 2977 obiter
681 2947 855 2977 seminarium
868 2948 998 2979 faciendi.
1039 2951 1096 2980 Cic.
1108 2961 1159 2989 pro
1171 2951 1262 2983 Flacc.

178 2998 203 3025 7.
225 2989 250 3018 Is
259 2988 297 3018 est
306 2997 368 3018 reus
381 2988 499 3017 avaritiae
510 3008 517 3022 ,
539 2986 625 3024 quiin
634 2985 774 3015 uberrima
787 2995 815 3015 re
830 2991 911 3024 turpe
928 2989 1127 3025 compendium
1138 2989 1245 3027 effugit.

158 3026 318 3062 Quaestus&
330 3025 540 3063 compendium.
579 3023 638 3053 Cic.
650 3034 676 3057 4.
690 3022 765 3053 Verr.
776 3026 801 3066 .⁶·
818 3023 872 3066 'llla
895 3026 996 3062 partim
1012 3026 1149 3057 mercibus
1166 3027 1265 3066 suppc-

176 3064 295 3092 ditandis
306 3072 369 3092 cum
378 3062 480 3100 quaestu
494 3084 503 3097 ‚
523 3061 749 3099 compendioque
757 3061 881 3090 dimittit.

159 3101 285 3144 Nancisci
296 3100 506 3144 compendium.
545 3099 622 3142 Sue-t.
637 3098 727 3128 Vitell.
739 3108 799 3136 cap.
812 3107 838 3128 2.
868 3098 953 3135 Cujus
967 3099 1039 3130 filius
1056 3101 1223 3133 sectionibus
1237 3105 1264 3134 Sc

157 3137 921 3213 sssffifgssi't‘ssss⁸05fflptizii¹0⁸3mc¹32³ff³ffiieiffavn.
933 3183 975 3209 η.

157 3213 378 3251 Compendium,
398 3223 448 3250 pro
460 3213 559 3243 Itinere
570 3211 739 3242 abbreviato.
759 3210 829 3241 Plin·
841 3210 888 3242 lib.
902 3221 926 3248 ς.
937 3221 998 3250 cap.
1011 3222 1034 3249 ς.
1056 3213 1263 3253 Compendium

176 3251 224 3279 vire
239 3251 374 3287 quatridui
385 3249 587 3288 deprehensum
602 3249 650 3279 est.
876 3274 879 3277 ,

159 3285 257 3324 Operae
266 3288 475 3325 compendium.
516 3287 584 3317 l’lin.
592 3283 641 3316 lib.
655 3292 697 3323 17.
709 3295 770 3325 cap.
781 3294 826 3324 23.
848 3285 1003 3325 Pampinari
1012 3296 1044 3317 ea
1053 3297 1112 3318 non
1119 3290 1158 3320 est
1168 3292 1260 3322 moris:

178 3327 202 3354 ἅ
215 3325 267 3354 hoc
276 3325 474 3361 compendium
484 3334 576 3363 operae
585 3323 631 3354 est.

158 3360 176 3390 S
198 3361 274 3392 llabis
292 3361 398 3392 nullum
415 3361 613 3400 compendium
631 3361 677 3390 est.
718 3361 837 3399 Quintil.
855 3359 904 3391 lib.
916 3371 940 3390 i.
953 3369 1012 3400 cap.
1030 3372 1052 3392 1.
1079 3363 1108 3393 h.
1124 3374 1148 3394 e.
1179 3365 1263 3396 Nulla

178 3371 267 3428 brevis
278 3399 316 3429 est
332 3402 401 3429 ratio
420 3400 608 3430 discendarum
623 3399 785 3437 syllabarum
797 3420 805 3434 ,
828 3404 858 3428 ut
874 3397 1012 3437 intelligat
1032 3410 1101 3439 puer
1123 3412 1183 3440 quae
1199 3414 1263 3434 cum

181 3436 382 3472 quibuslitterae
390 3439 548 3474 jungantur.
585 3437 685 3466 Subdit
694 3438 786 3472 enim,
809 3436 995 3467 Perdiscendze
1005 3447 1114 3470 omnes.

161 3471 229 3502 Vitae
241 3473 341 3503 timidae
351 3475 525 3512 compendia.
546 3474 613 3504 Stat.
625 3483 650 3503 2.
662 3471 752 3504 Theb.
765 3478 829 3509 658.

159 3509 266 3539 Durum
277 3532 285 3545 ‚
305 3512 474 3549 arduumque
485 3512 694 3549 compendium.
717 3512 837 3549 Quintil.
851 3511 900 3541 lib.
913 3522 939 3548 4.
951 3522 1010 3550 cap.
1021 3523 1049 3546 ω.

162 3548 267 3576 Addere
278 3548 321 3577 vel
332 3559 434 3585 ponere
443 3550 546 3586 aliquid
558 3550 593 3578 ad
602 3559 665 3578 com
687 3550 811 3579 endium.
852 3550 884 3580 ln
905 3559 950 3579 At>
961 3559 978 3579 n
990 3561 1017 3580 o.

160 3583 291 3614 Conferre
305 3585 384 3615 verba
394 3587 427 3615 ad
438 3587 645 3624 compendium.
688 3587 751 3616 lant.
766 3587 826 3617 Mil.
840 3596 864 3624 3.
880 3597 903 3617 x·
920 3591 980 3621 186.

159 3621 264 3650 Dut‘tus
274 3625 440 3659 compendio
451 3625 498 3653 iter
508 3625 615 3653 deserit.
638 3624 754 3660 Quintil.
770 3624 816 3654 lib.
829 3635 854 3655 2.
868 3635 930 3662 cap.
943 3631 984 3662 13.

160 3658 258 3688 Facere
268 3661 462 3697 compendium
472 3662 560 3691 ditiis.
583 3661 666 3690 Plaut.
678 3662 756 3699 capt.
771 3673 793 3696 ς,
808 3673 833 3692 2.
848 3671 890 3692 12.

239 3696 307 3725 Satis
317 3696 466 3727 facundus:
488 3699 532 3727 sed
543 3699 600 3727 fieri
611 3699 690 3727 dictis
702 3701 900 3736 compendium
912 3699 985 3730 voio.

158 3732 268 3762 Faciam
288 3734 344 3769 iam
363 3736 520 3772 compendii
538 3736 619 3765 verba
637 3737 723 3766 multa
740 3737 800 3767 tibi.
841 3737 925 3768 Plaut.
944 3739 1042 3770 Bacch.
1055 3748 1081 3771 2.
1094 3748 1121 3771 2.
1135 3742 1161 3770 6.
1203 3740 1222 3771 i.
1234 3749 1259 3771 e.

180 3770 353 3799 Condonabo
364 3771 412 3799 tibi
424 3772 589 3802 salutationis
599 3774 733 3810 ambages.

159 3807 259 3838 Facere
271 3817 333 3836 com
356 3808 468 3836 cndium
479 3812 627 3839 errationis,
651 3811 733 3839 Plaut.
747 3811 817 3840 Rud.
833 3821 855 3841 Ι.
865 3821 949 3847 moe.

250 3845 278 3874 Si
289 3846 322 3873 ad
344 3854 424 3873 axum
435 3847 508 3882 quod
518 3848 629 3882 capellit
638 3869 646 3880 ,
667 3858 698 3876 ea
707 3849 834 3879 deorsum
845 3851 919 3879 cadit
929 3870 938 3886 ‚

251 3881 398 3911 Errationis
411 3884 505 3911 'iecerit
516 3884 722 3920 compendium.

159 3919 259 3949 Facere
269 3920 466 3956 compendium
479 3920 611 3957 pultandi.
632 3921 715 3950 l’laut.
729 3921 822 3952 Pseud.
835 3932 859 3952 2.
873 3933 898 3953 2.
916 3932 957 3954 rr.

250 3956 379 3992 Quisquis
389 3967 417 3986 es
428 3979 435 3991 ,
456 3958 671 3994 compendium,
692 3968 743 3994 ego
751 3967 778 3988 te
790 3960 878 3989 facere
889 3961 1013 3998 pulsandi
1025 3962 1100 3993 vole.

160 3993 307 4023 monstrare
320 3995 484 4030 compendia
494 3994 586 4026 brevia
597 3996 728 4026 docendi.

256 4032 259 4036 ‚
772 3996 950 4033 Quinctiis).
966 4009 1097 4038 1.cap.i.
1120 4000 1138 4031 i.
1150 4010 1174 4032 e.
1197 4001 1262 4033 Breae

176 4040 223 4061 ves
235 4040 291 4060 vias
299 4030 343 4061 seu
354 4031 508 4062 methodus.

1359 3030 1420 3095 tilio.
1434 3041 1457 3065 5·
1468 3029 1606 3096 T¹¹fscz9ffi
1637 3031 1732 3068 ltaque
1749 3029 1802 3060 hac
1818 3029 1931 3061 usurum
1946 3030 2174 3068 compensatione
2191 3030 2364 3068 sapientem,
2384 3034 2416 3060 ut
2433 3038 2482 3059 vo-

1376 3074 1498 3105 uptatem
1518 3075 1600 3105 ugiat.

1320 3104 1344 3134 C
1353 3113 1369 3133 o
1380 3116 1399 3133 M
1408 3115 1421 3134 P
1433 3115 1446 3133 ri
1457 3115 1475 3133 Ν
1486 3114 1497 3134 s
1508 3116 1527 3134 A
1540 3127 1547 3139 ,
1570 3115 1600 3135 ae.
1623 3105 1641 3135 f.
1664 3105 1753 3136 Idem.
1775 3105 1906 3137 Ruricius
1922 3105 1999 3145 apud
2012 3105 2104 3136 Barth.
2117 3106 2148 3136 in
2163 3101 2274 3136 Advers.
2286 3114 2328 3135 12.
2342 3114 2386 3141 ¹4·
2407 3103 2479 3135 Scri-

1362 3151 1506 3179 pturarum
1514 3143 1672 3181 compensa.

1321 3180 1372 3247 go
1381 3191 1400 3209 M
1411 3190 1424 3208 r
1435 3189 1448 3209 c
1459 3190 1476 3209 Ν
1487 3189 1499 3209 s
1510 3191 1528 3209 A
1537 3185 1599 3227 rrjv
1610 3192 1628 3210 υ
1637 3191 1658 3217 ε,
1668 3191 1692 3216 a,
1703 3190 1760 3226 um.
1772 3187 1812 3217 ut,
1829 3181 1957 3219 Qualitas
1966 3181 2182 3219 compensativa.
2191 3180 2326 3211 Vistorin.
2343 3190 2366 3210 1.
2378 3180 2459 3211 Rhet.

1353 3227 1469 3246 omna
1482 3228 1622 3248 nNDiNo
1635 3242 1643 3254 7

1674 3218 1890 3256 [ανκξάκκομοιι]
1917 3223 1971 3249 are.
2001 3219 2220 3253 Procrastinare.
2241 3218 2353 3249 differre
2368 3219 2398 3248 in
2418 3218 2480 3248 lon·
2512 3221 2513 3224 ’

1360 3265 1426 3284 'vum
1437 3277 1445 3291 ‚
1466 3257 1491 3285 6.-
1504 3257 1577 3286 diem
1590 3257 1626 3285 de
1640 3258 1686 3286 die
1697 3258 1807 3288 ducere.
1848 3257 1908 3287 Cic.
1921 3267 1948 3287 2.
1966 3257 2039 3287 Verr.
2052 3266 2096 3294 33.
2116 3256 2178 3288 Tua
2189 3257 2259 3286 ratio
2269 3255 2317 3290 est.
2338 3262 2370 3285 ut
2383 3256 2479 3286 secun-

1357 3277 1427 3322 dum
1438 3294 1517 3323 binos
1530 3292 1610 3323 ludos
1622 3295 1689 3324 milii
1701 3294 1869 3333 respondere
1887 3295 2020 3333 incipias:
2041 3301 2123 3331 mea,
2144 3301 2176 3325 ut
2194 3301 2258 3324 ante
2271 3295 2378 3333 primos
2396 3293 2478 3323 iudos

1357 3332 1616 3368 conipcrendinem.

1357 3368 1615 3406 Compcrendinare
1631 3379 1718 3399 reum.
1759 3371 1778 3400 i.
1791 3379 1817 3400 e.
1838 3369 1956 3400 Differre
1971 3369 2137 3400 sententiam
2151 3369 2200 3400 rei.
2236 3369 2374 3404 Budaeus‚
2395 3368 2477 3399 Com*

1376 3407 1551 3443 perendinari
1573 3409 1611 3436 rei
1635 3409 1690 3437 ilici
1711 3407 1821 3446 possunt
1840 3409 1869 3437 in
1887 3408 1972 3438 causis
1986 3408 2195 3444 criminalibus,
2216 3417 2285 3445 quos
2302 3407 2377 3437 curia
2387 3402 2477 3436 dimis—

1375 3444 1421 3473 'sos
1434 3444 1487 3473 fide
1501 3445 1546 3474 sua
1556 3445 1609 3475 esse
1624 3445 1732 3480 voluit⁷
1754 3445 1809 3475 hoc
1819 3446 1857 3474 est
1869 3455 1938 3482 quos
1958 3445 2010 3475 suae
2031 3445 2151 3484 ipsorum
2170 3446 2300 3475 custodiae
2320 3444 2475 3479 commisit,
2519 3460 2523 3477 ι,

1377 3488 1409 3511 ut
1419 3488 1466 3511 aut
1484 3482 1580 3512 urbem
1597 3484 1713 3513 carceris
1735 3478 1800 3513 loco
1817 3484 1879 3520 J'usti
1904 3483 2041 3519 habeant,
2070 3488 2119 3513 aut
2135 3484 2269 3522 privatam
2285 3483 2406 3520 aliquam
2427 3482 2476 3512 do—

1377 3529 1454 3548 mum
1470 3529 1477 3550 ;
1502 3527 1531 3549 ut
1550 3521 1579 3549 fit
1595 3522 1737 3551 interdum
1751 3531 1786 3551 ex
1803 3521 1981 3559 personarum
1994 3521 2130 3559 dignitate
2141 3543 2149 3556 .
2170 3522 2196 3551 Sc
2209 3529 2310 3558 genere
2323 3521 2472 3550 causarum.

1377 3556 1627 3595 Comperendinati
1650 3568 1743 3588 autem
1768 3560 1833 3588 ideo
1857 3559 1912 3588 dici
1943 3559 2075 3597 possunt.
2105 3559 2167 3596 quia
2183 3566 2241 3588 non
2257 3558 2340 3596 plane
2358 3557 2475 3589 absoluti

1376 3593 1456 3629 sunt,
1478 3595 1524 3624 sed
1538 3596 1622 3626 veluti
1642 3597 1805 3626 vadimonio
1824 3597 1945 3634 quodam
1963 3597 2084 3628 obstrifti
2096 3619 2104 3631 ‚
2126 3596 2170 3626 vel
2182 3597 2245 3633 quia
2257 3596 2384 3625 nondum
2400 3604 2475 3625 com-

1378 3639 1455 3670 perta
1474 3633 1534 3663 satis
1555 3634 1689 3668 crimina.
1711 3634 1756 3663 vel
1774 3635 1839 3671 quia
1860 3635 1989 3665 nondum
2012 3634 2038 3665 se
2058 3636 2223 3664 innocentes
2241 3634 2473 3671 approbaverunt.

1375 3670 1434 3699 Cic.
1447 3674 1472 3699 6.
1489 3669 1562 3700 Verr.
1577 3680 1620 3708 33.
1650 3672 1749 3702 Videte
1765 3672 1888 3702 hominis
1908 3674 2066 3702 amentiam.
2121 3670 2214 3702 Postea
2237 3682 2318 3708 quam
2340 3668 2380 3701 ‘est
2401 3679 2476 3700 com-

1376 3708 1592 3745 perendinatus,
1614 3719 1699 3748 quum
1714 3711 1770 3747 jam
1791 3720 1843 3749 pro
1866 3711 2017 3745 damnato,
2036 3715 2204 3746 mortuoque
2220 3709 2301 3743 estet,
2322 3709 2396 3739 ludis
2417 3708 2475 3751 Cir-

1377 3745 1503 3775 censibus
1521 3756 1602 3776 manc
1622 3748 1697 3786 apud
1719 3747 1861 3777 Sisennam
1879 3749 1969 3777 virum
1995 3747 2156 3786 primarium
2174 3757 2261 3785 quum
2282 3746 2369 3777 essent
2389 3744 2476 3776 tricli-

1376 3783 1522 3819 niastrata,
1544 3790 1743 3822 argentumque
1754 3785 1910 3824 expositum
1921 3807 1929 3821 ‚
1945 3786 1972 3815 δι
1981 3784 2165 3821 contemplari
2178 3785 2396 3822 unumquodque
2405 3783 2474 3812 otio-

1375 3819 1405 3849 'se
1417 3841 1425 3854 ,
1447 3822 1472 3850 Gt.
1488 3821 1661 3852 considerare
1681 3824 1774 3860 coepit.
1820 3823 1912 3853 Mirari
1931 3820 2073 3852 stultitiam
2090 3821 2155 3857 alii.
2173 3824 2225 3852 διο.
2244 3823 2291 3852 alii
2313 3822 2470 3852 amentiam.

1375 3858 1430 3887 Cui
1449 3861 1699 3896 comperendinato
1716 3870 1802 3898 quum
1821 3867 1878 3890 tam
1896 3860 1977 3890 multi
1995 3861 2075 3891 testes
2094 3859 2242 3895 dixiss‘ent,
2277 3860 2425 3896 quicquam
2441 3856 2473 3886 il-

1375 3894 1466 3925 lorum
1478 3897 1583 3926 veniret
1599 3899 1628 3927 in
1644 3899 1791 3928 mentem?
1813 3898 2098 3935 comperendinatum
2113 3897 2240 3932 Verrem,
2261 3896 2291 3926 id
2311 3897 2349 3927 est
2371 3896 2417 3933 qui
2441 3895 2472 3923 in

1376 3931 1676 3975 secundamuctionem
1697 3936 1885 3973 impetraverit
1898 3936 2034 3972 judicium
2051 3933 2174 3969 differri,
2195 3935 2294 3965 Cicero
2312 3935 2472 3975 damnatum

1374 3971 1510 4000 invidiose
1520 3971 1660 4009 appellat.
1683 3982 1795 4010 propter
1805 3973 1927 4010 ingentia
1941 3974 2057 4002 crimina
2075 3973 2287 4008 testimoniaque
2298 3977 2450 4010 prementia
2461 3988 2471 3999 ,

1372 4009 1402 4037 ὅ(
1418 4009 1578 4046 praejudicia
1597 4010 1631 4040 ab
1647 4011 1704 4049 ipso
1723 4010 1819 4043 multis
1836 4010 1918 4040 rebus
1937 4011 1973 4041 de
1993 4010 2020 4042 se
2039 4011 2128 4041 facia:
2149 4016 2248 4049 utpote
2269 4010 2314 4048 qui
2333 4007 2471 4037 accusatus

2345 4051 2473 4084 repetunt·
