2604 4222
116 117 182 152 572
551 101 580 134 C
681 98 716 133 Ο
812 98 840 132 L

153 187 243 217 Castra
254 185 396 215 collucent
404 184 522 222 fulgore.
546 182 622 212 Curt.
637 190 662 217 3.
679 190 704 218 3.
717 188 743 218 3.

154 226 236 255 Faces
247 224 400 253 collucent.
423 222 495 260 Virg.
509 233 532 257 4.
543 221 605 251 AEn.
621 223 682 256 567.

153 263 234 301 lgnes
248 262 399 291 collucent.
422 261 494 297 Virg.
509 269 533 295 9.
549 259 610 289 AEn.
626 261 687 287 166.

155 301 309 338 Lampades
321 299 445 336 undique
455 297 606 328 collucent.
628 294 712 325 Ovid.
727 302 769 328 14.
784 291 867 331 Epist.
881 299 927 327 25.

156 339 234 370 Mare
246 337 368 367 collucet
381 348 394 366 a
411 337 476 366 sole.
500 335 557 364 Cic.
571 346 597 370 4.
611 333 692 363 Acad.
711 341 773 367 105.

156 377 259 407 Omnia
269 375 411 405 collucent
422 373 583 404 luminibus.
607 372 663 401 Liv.
675 380 720 404 24.
730 379 775 398 21.

156 415 238 445 Polus
247 413 497 451 collucetigriibus.
520 411 588 440 Stat.
604 419 626 439 1.
637 408 704 438 Silv.
715 410 740 436 6.
751 412 796 442 89.
1020 440 1026 446 .

156 453 204 483 Sol
215 452 337 482 collucet
348 452 465 480 mundo.
506 449 564 478 Cic.
575 457 601 478 2.
614 448 649 476 de
659 447 721 476 Nat.
738 445 820 474 Deor.
832 452 877 478 40.
895 440 968 470 Nam
977 439 1041 470 solis
1052 438 1127 469 calor
1138 439 1164 468 &
1174 435 1278 466 candor

179 491 309 520 mustrior
322 489 359 518 est
369 511 377 524 ‚
399 498 481 523 quarn
492 486 576 516 ullius
587 486 675 524 ignis:
697 483 802 521 quippe.
811 480 857 518 qui
871 478 1006 509 immenso
1021 477 1128 507 mundo
1148 483 1205 505 tam
1218 474 1279 504 lon-

175 539 208 566 ge
221 552 227 561 .
249 529 360 564 lateque
369 526 516 556 colluceat.
853 555 855 561 y
991 554 997 560 ι
1198 551 1204 557 .

156 566 310 604 Templum
328 565 405 601 Jovis
424 563 546 594 collucet
566 567 649 598 atque
671 558 820 588 illustratur
837 553 999 586 candelabri
1019 552 1136 590 fulgore.
1173 551 1231 581 Cic.
1250 552 1277 580 6.

179 606 250 633 Verr.
287 614 308 633 i.
1249 625 1255 631 ι

158 643 227 672 Urbs
237 614 377 671 collucere
387 639 505 668 flammis
517 637 632 673 alicujus
644 635 755 668 dicitur,
777 632 848 669 Quae
857 631 942 668 longo
953 628 1053 658 ordine
1064 628 1278 672 flammarum-in

177 681 273 710 sunere
284 679 400 713 alicujus
411 677 502 714 magni
515 676 565 705 viri
578 675 651 703 lucet
661 674 795 709 undique.
835 669 867 699 In
884 669 1019 697 honorem
1037 677 1114 696 enim
1139 670 1280 703 potentio-

177 728 237 748 rum
257 718 423 750 hominum,
446 713 595 752 priesertiin
616 721 713 748 regum
725 732 733 745 ‚
756 718 819 738 cum
837 707 944 751 facibus
956 715 1005 742 per
1020 705 1119 748 urbem
1136 713 1151 733 a
1172 701 1278 740 populo

177 755 383 795 procedebatur
394 775 402 787 ,
423 751 663 790 quemadmodum
676 749 760 778 docet
769 748 879 788 SerVius
888 754 919 787 in
931 744 1002 773 illud
1013 743 1086 779 Virg.
1102 752 1126 778 5.
1138 740 1200 772 AEn.
1212 751 1240 775 4.

252 793 360 822 Moenia
377 790 535 827 respiciens,
558 799 618 826 quae
629 788 684 823 jam
695 785 813 815 infelicis
827 783 914 812 ,¹311ssae
1100 818 1105 822 ι
1246 814 1252 820 1

252 831 401 860 Collucent
410 829 537 858 flammis.
611 825 747 862 [Rectius
758 831 849 852 tamen
862 831 889 858 p.
900 830 927 858 p.
941 819 1067 863 de-R‘ogo
1080 827 1140 853 ejus
1148 818 1277 858 exponi-t.

158 870 249 900 Furtis
261 869 378 904 alicujus
389 867 483 896 omnia
500 864 647 895 collucere.
688 862 745 892 Cic.
761 871 784 897 3.
797 860 872 888 Verr.
890 864 933 892 <8-
956 857 1019 886 Vidi
1030 855 1168 898 collucere
1182 861 1279 882 omnia

177 909 255 937 furtis
270 908 324 936 tuis
339 928 347 939 ,
378 904 470 943 praeda
487 902 709 942 provinciarum,
739 898 833 938 spoliis
849 897 989 926 sociorum
1009 902 1092 932 atque
1113 899 1276 922 amicorum.

179 948 195 974 i.
208 956 233 975 e.
256 945 336 974 Furta
349 950 396 973 tua
411 941 464 972 esse
479 940 654 979 apertiisima.

121 983 143 1014 C
154 994 170 1013 o
182 995 195 1012 i.
204 995 220 1012 L
231 994 246 1013 c
256 994 272 1012 c
283 993 296 1012 0
307 992 327 1011 N
336 992 348 1010 s
360 1004 368 1017 ‚
389 981 470 1010 entis.
492 979 588 1009 Partic.
613 977 682 1014 Virg.
694 985 736 1004 10.
749 973 810 1018 AEn.
827 981 888 1009 539.
911 1009 917 1015 ι

250 1021 340 1050 Totus
353 1018 495 1048 collucens
508 1017 581 1046 veste
592 1021 674 1052 atque
685 1012 835 1050 insignibus
849 1018 942 1039 armis.

157 1060 241 1088 Faces
255 1058 436 1088 collucentes.
457 1055 534 1084 Curt.
549 1064 572 1089 3.
586 1059 611 1087 8.
624 1062 667 1082 22.
1077 1082 1084 1089 ·

122 1097 170 1126 Co
181 1108 195 1125 r.
206 1108 221 1125 L
232 1107 248 1125 u
260 1106 324 1125 011(
335 1105 353 1124 N
367 1103 459 1123 ATIO
471 1115 478 1126 .
500 1093 570 1122 onis.
592 1091 611 1120 f.
633 1088 730 1120 Claud.
745 1087 873 1117 Mamert.
889 1084 924 1114 de
941 1084 1018 1114 Statu
1035 1082 1123 1112 Anim.
1136 1088 1162 1110 2.
1176 1089 1203 1115 9.
1224 1078 1277 1109 Stl-

159 1145 223 1172 peni
236 1134 310 1163 suam
324 1133 403 1162 variis
414 1128 698 1161 collucernationibus
717 1123 876 1162 dilapidare.
907 1124 924 1151 i.
937 1133 961 1151 0.
981 1118 1233 1151 Comeli‘ationibus
1249 1118 1276 1147 &

158 1171 320 1209 spectaculis
333 1170 485 1199 noftutnis.
525 1169 597 1203 [Ari.
619 1161 924 1195 Collurcinationibus‘?
946 1170 971 1196 q.
995 1159 1025 1187 V.
1048 1158 1128 1187 infra.

120 1210 142 1240 C
151 1220 167 1239 0
177 1222 192 1238 1.
204 1222 217 1238 L
229 1214 245 1239 ῦ
256 1220 271 1238 c
281 1220 298 1238 o
308 1231 316 1244 ‚
338 1211 351 1244 [
364 1206 537 1240 κλωιοπμέω]
557 1208 612 1234 ᾗτε,
654 1203 756 1232 Ranios
770 1200 870 1229 lumini
884 1198 1039 1227 officientes
1050 1201 1202 1231 amputare.
1225 1191 1275 1221 Fe.

157 1249 210 1277 ssus
222 1249 434 1285 interpretatur.
455 1243 564 1273 Succisa
576 1243 672 1272 arbore
684 1240 777 1269 locum
789 1238 850 1266 luce
862 1235 997 1278 implere..
1031 1233 1183 1263 Sublucare
1198 1240 1274 1266 vero,

158 1286 262 1315 Ramos
279 1294 373 1314 earum
392 1283 555 1319 supputare,
589 1281 614 1310 Se
633 1278 709 1308 velut
729 1276 831 1306 Subtus
848 1274 940 1304 lucem
962 1277 1081 1301 mittere.
1123 1269 1173 1299 lllo
1188 1268 1273 1298 verbo

157 1330 271 1352 utuntur
294 1322 362 1352 Cato
381 1321 416 1350 (10
430 1320 503 1350 R.R.
527 1329 586 1357 cap.
609 1322 668 1351 148.
691 1318 717 1345 &
731 1312 869 1344 Columel.
890 1311 938 1341 lib.
954 1319 981 1340 2-
999 1319 1059 1348 cap.
1071 1317 1117 1339 22.
1139 1307 1194 1337 hoc
1209 1315 1274 1336 vero

155 1360 229 1390 Paul,
242 1361 290 1390 lib.
303 1372 325 1395 ς.
336 1360 452 1388 sentent.
465 1358 508 1387 tit.
523 1361 549 1386 6.
572 1357 645 1386 conf.
669 1365 677 1382 1
688 1364 707 1383 N
717 1363 736 1382 ’r
745 1362 759 1381 iz
767 1363 783 1380 r.
793 1362 809 1380 L
818 1361 836 1380 u
846 1361 863 1380 0
873 1360 893 1379 A
902 1359 921 1378 T
930 1360 938 1377 1
947 1358 973 1377 0.

119 1399 141 1428 C
149 1409 166 1428 0
177 1411 193 1428 L
201 1410 216 1427 L
227 1409 244 1428 υ
254 1409 271 1428 0
281 1409 296 1427 Α
309 1408 345 1426 'ri
356 1409 373 1425 0
383 1419 390 1432 ,
413 1397 484 1426 onis,
506 1395 525 1424 f.
548 1391 743 1440 fizzasvgvffu'm]
764 1390 856 1418 Varro.
907 1425 913 1431 Ι
995 1423 1002 1432 ρ
1058 1422 1063 1429 ¹

119 1436 141 1466 C
150 1447 166 1466 ο
177 1448 192 1465 1.
201 1448 215 1465 L
227 1447 244 1465 υ
253 1446 271 1465 c
280 1446 299 1464 'r
309 1446 325 1464 o
333 1446 348 1463 R
359 1457 367 1470 ‚
399 1432 598 1470 [συμπαλοαω]
629 1441 676 1459 ari.
709 1427 798 1458 Simul
816 1425 923 1456 luctari.
964 1422 1033 1453 Phn.
1046 1422 1094 1451 liba
1104 1429 1149 1458 ²7·
1171 1429 1232 1458 cap.
1243 1427 1271 1450 2.

157 1475 227 1503 Cum
238 1484 272 1503 eo
287 1473 344 1503 solo
359 1472 537 1505 colluctatur,
559 1469 636 1499 velut
647 1467 705 1506 pari
716 1468 790 1495 intus
804 1465 929 1493 invento.
1012 1499 1017 1504 ι
1062 1496 1068 1504 ,.

119 1512 141 1542 C
150 1522 166 1541 o
177 1523 192 1540 L
204 1523 219 1540 L
229 1522 245 1540 ti
256 1521 300 1540 ατ
312 1521 330 1539 A
340 1520 375 1539 Ti
387 1520 403 1539 0
414 1532 421 1544 ,
444 1509 513 1538 ὖηίε,
534 1508 552 1537 f.
578 1502 821 1543 [συμπάλοασμφ]
842 1499 980 1531 Columel.
998 1498 1047 1528 hb.
1063 1499 1089 1527 6.
1108 1507 1169 1536 cap.
1178 1505 1205 1527 2.
1227 1495 1272 1526 Ne

155 1550 184 1579 in
201 1549 400 1579 colluctatione
411 1545 564 1576 alteralteri
580 1550 689 1573 noceat.
719 1543 754 1571 de
766 1541 865 1571 Bubus.
1037 1574 1043 1580 ι

155 1587 187 1619 10
198 1587 396 1653 0011οἃ3ἷ1000
407 1585 536 1615 occidere
546 1581 677 1620 aliquem.
721 1579 832 1618 Ulpian.
844 1578 873 1607 in
890 1575 909 1607 1.
927 1585 981 1614 qua
991 1575 1110 1604 acirone.
1132 1571 1166 1602 D.
1187 1571 1222 1602 ad
1234 1568 1272 1602 le-

194 1635 238 1654 em
251 1626 268 1654 A
291 1625 316 1653 ui
330 1626 393 1653 iani.

156 1635 345 1700 ngerariqcum
353 1658 597 1691 colluctationibus
610 1656 733 1686 Veneris.
757 1653 836 1698 Apul.
851 1663 876 1689 9.
890 1650 959 1682 Met.
973 1655 1034 1689 pag.
1048 1658 1112 1684 219.
1200 1685 1207 1693 .

155 1701 226 1730 Cum
236 1700 327 1730 verbis
337 1699 518 1733 colluctatio,
538 1694 685 1726 Balbuties.
719 1691 839 1733 Quintil.
855 1700 896 1721 11.
908 1699 932 1734 3.
942 1700 971 1728 p.
986 1694 1067 1724 ¹009·
1098 1685 1143 1716 Est
1161 1682 1272 1724 quibui:-

174 1739 239 1768 dam
251 1737 398 1768 concursus
409 1737 463 1766 oris
478 1758 485 1771 ‚
507 1737 533 1766 &
546 1743 610 1764 cum
618 1732 706 1763 verbis
716 1730 768 1760 suis
779 1730 949 1759 colluctatio.
1134 1762 1141 1768 ·

119 1776 166 1806 Co
177 1787 216 1805 LL
226 1787 242 1805 υ
252 1786 269 1805 0
278 1786 296 1804 τ
307 1780 322 1805 X
332 1786 350 1804 T
359 1785 376 1803 o
385 1785 399 1802 1³
411 1796 418 1809 .
439 1774 503 1804 oris.
524 1782 561 1802 m.
583 1768 778 1807 [ἀντὶππιλῶυ]
799 1767 920 1797 Lactant.
942 1765 985 1795 De
999 1763 1079 1802 Opif.
1091 1762 1142 1792 Dei
1161 1771 1222 1800 cap.
1242 1772 1267 1792 r.

157 1814 228 1844 Nam
249 1815 274 1843 &
292 1814 338 1843 ille
351 1812 515 1842 colluetaror
525 1812 551 1840 &
561 1809 730 1839 adversarius
740 1806 831 1835 noster
840 1805 890 1834 scis
902 1813 986 1842 quam
1002 1802 1033 1832 sit
1043 1802 1154 1844 astutus.

119 1850 143 1881 C
153 1862 170 1880 o
181 1862 196 1880 L
205 1862 221 1880 L
230 1856 248 1881 ῦ
260 1862 278 1880 o
288 1862 304 1879 0
316 1873 324 1887 ,
347 1851 364 1879 si
375 1872 382 1885 ,
404 1849 462 1879 sum
473 1871 481 1884 ,
503 1844 687 1885 [συμπαλζω]
706 1846 762 1875 ere.
783 1842 872 1873 Simul
893 1842 989 1871 ludere
1001 1862 1010 1876 ‚
1030 1848 1155 1875 moveri,
1175 1839 1202 1868 &
1222 1844 1268 1868 ve-

154 1889 206 1920 luti
220 1888 429 1926 quodammodo
442 1888 513 1916 inter
523 1886 550 1915 se
560 1884 711 1915 colluctari.
733 1882 804 1925 Virg.
819 1891 842 1910 1.
859 1880 959 1917 Georg.
974 1883 1037 1916 369.

232 1927 272 1956 Sa*
277 1937 312 1964 pe
324 1926 412 1956 levem
423 1925 529 1963 paleam
539 1945 548 1959 ‚
569 1924 594 1952 δι
604 1922 717 1952 frondes
725 1919 840 1950 volitare
851 1918 971 1948 caducas
983 1939 991 1953 ‚

235 1966 287 1994 Aut
297 1964 400 1993 sumnia
412 1970 508 1992 nantes
519 1963 548 1991 in
560 1970 629 1997 aqua
638 1959 781 1990 colludere
791 1957 908 1995 plumas.

154 2002 265 2033 Paribus
276 2002 428 2031 colludere.
449 2001 515 2030 Hor.
526 2000 561 2028 de
571 2000 631 2028 Arte
640 1998 714 2027 Poet.
728 2005 790 2031 159.

156 2039 303 2070 Colludere
323 2035 592 2075 [aurumnef‘vsifiou]
612 2036 686 2074 apud
697 2031 910 2071 Jurisconsultos
923 2030 1052 2059 dicuntur
1062 2028 1134 2058 inter
1144 2027 1170 2057 se
1180 2026 1270 2065 litiga.

175 2084 262 2113 tores,
287 2087 372 2114 quum
386 2078 460 2105 actor
470 2077 496 2106 ὅ(
507 2084 569 2104 reus
587 2074 665 2103 litem
681 2071 808 2102 simulant
818 2092 827 2105 ‚
848 2071 874 2099 δι
891 2068 924 2098 ab
941 2067 1028 2098 altero
1039 2066 1118 2097 causa
1130 2066 1266 2104 proditur.

174 2115 286 2149 Ulpian.
304 2115 360 2144 inl.
379 2113 561 2150 &eleganten
582 2112 604 2150 §.
625 2111 644 2140 si
656 2110 722 2140 dolo
737 2108 812 2139 malo
823 2112 991 2145 procurator.
1013 2106 1045 2134 D.
1060 2105 1095 2133 de
1105 2103 1172 2133 dolo
1184 2103 1267 2132 malo.

156 2153 306 2183 Colludere
317 2162 380 2181 cum
395 2152 494 2188 aliquo.
535 2150 592 2179 Cic.
605 2160 633 2185 4.
645 2149 722 2178 Verr.
737 2153 780 2182 58.
802 2145 859 2175 Nili
875 2152 970 2174 tecum
985 2142 1148 2177 collusiffet‚
1169 2143 1195 2172 &
1214 2146 1269 2171 tua}

176 2192 268 2228 potius
281 2190 474 2219 existimationi
487 2187 605 2217 servisset
615 2209 623 2221 ‚
644 2195 727 2224 quain
740 2184 800 2214 suae.

119 2228 141 2258 C
151 2237 168 2257 o
181 2240 195 2256 L
206 2232 247 2257 ιῦ
258 2238 268 2257 s
279 2239 287 2256 1
297 2238 312 2256 0
322 2250 329 2262 ,
352 2228 421 2257 onis
445 2227 465 2256 f.
487 2223 704 2262 [svm-niueum]
725 2223 781 2252 Cic.
796 2233 820 2257 ς.
831 2220 908 2251 Verr.
924 2229 966 2256 53.
990 2218 1086 2255 Quum
1103 2227 1169 2247 vero
1182 2215 1269 2246 verbo

154 2266 290 2300 iudicium
303 2265 371 2294 sitin
382 2265 492 2299 edicto,
514 2273 542 2292 re
572 2263 665 2291 uidem
679 2270 743 2291 vera
764 2267 875 2288 tuorum
893 2258 1030 2288 comitum
1050 2256 1198 2285 hominum
1220 2264 1269 2283 ne-

154 2303 342 2341 quiffimorum
358 2302 470 2332 collusio
481 2311 543 2330 cum
553 2273 720 2329 Decumanis
730 2298 810 2327 sociis
830 2297 902 2332 tuis,
928 2299 1011 2333 atque
1022 2295 1092 2324 adeo
1109 2298 1270 2332 procurato-

152 2342 242 2370 ribus:
264 2349 356 2370 tamen
370 2340 454 2369 audes
466 2339 538 2368 illius
551 2338 649 2374 judicii
661 2337 834 2366 mentionem
849 2334 962 2364 facere?

151 2379 287 2415 Dete-gere
296 2378 484 2407 collusionem.
527 2375 635 2413 Ulpian.
648 2376 676 2405 in
686 2375 706 2404 1.
720 2373 892 2412 adoptivum.
916 2373 937 2409 §.
953 2378 1112 2409 patronum.
1135 2368 1170 2399 D.
1193 2368 1269 2398 dein

151 2426 257 2484 Flalffeie)
260 2417 408 2492 3110110301
419 2462 467 2491 per
478 2451 668 2481 collusionem.
706 2448 787 2479 Caius
804 2448 834 2477 in
852 2447 872 2477 l.
893 2455 916 2476 1.
935 2446 970 2476 D.
985 2446 1020 2476 de
1032 2434 1184 2476 collusione
1193 2444 1270 2474 dete.-

190 2492 271 2521 enda.

151 2501 307 2595 RierraRaw
319 2527 500 2558 collusionem
510 2526 636 2562 alicujus.
676 2524 741 2562 Uip.
760 2524 790 2553 iri
809 2523 828 2554 1.
851 2521 1041 2552 collusionem.
1062 2521 1096 2551 D.
1119 2520 1155 2549 de
1170 2517 1267 2550 collus.

193 2567 320 2601 eteitend.

151 2604 287 2634 Praetextu
299 2603 458 2633 collusionis
471 2601 636 2632 sententiam
653 2600 797 2629 retractare
809 2597 986 2637 permittitur.
1025 2595 1268 2633 Hermogeniana«.-

171 2643 198 2671 in
215 2642 232 2671 l.
246 2642 418 2671 sententiam.
442 2640 473 2669 D.
496 2640 532 2669 de
550 2638 644 2669 collus.
658 2638 748 2675 deteg.

117 2679 187 2710 Coi.
198 2691 212 2707 i,
224 2690 241 2708 u
252 2690 307 2709 siu
318 2690 338 2708 M
350 2701 358 2712 ,
379 2679 396 2707 i.
419 2687 446 2707 n.
465 2677 555 2707 Idem.
578 2675 685 2714 Ulpian.
698 2675 729 2704 in
743 2674 762 2703 1.
784 2673 802 2703 11
814 2678 1029 2710 procuratorem.
1051 2671 1074 2708 §.
1096 2670 1142 2700 sed
1153 2672 1178 2701 δι
1190 2671 1268 2709 fiper

152 2717 307 2747 collusiuni.
332 2717 363 2746 D.
384 2715 505 2745 mandat.
522 2713 565 2744 vel
581 2720 669 2744 contr.
692 2712 746 2742 Sed
763 2713 788 2741 &
812 2711 829 2740 si
848 2720 896 2749 per
915 2710 1061 2740 collusium
1079 2710 1266 2746 procuratoris

152 2755 291 2784 absolutus
306 2754 336 2783 sit
355 2752 523 2783 adversarius
535 2775 543 2788 ,
564 2748 687 2781 mandati
704 2759 768 2780 eum
787 2749 884 2778 teneri.
923 2749 970 2778 Sic
989 2746 1151 2778 Florentina
1169 2747 1266 2778 lectio.

153 2793 202 2822 Alii
217 2792 403 2822 Collusionem
412 2790 517 2828 legunt.

116 2830 358 2865 Coi.i.i'iniui.‹‚
380 2829 398 2858 i.
420 2839 447 2858 n.
468 2838 518 2866 pro
529 2825 695 2856 Collulione.
716 2825 746 2853 in
761 2820 781 2854 1.
796 2823 893 2860 siquis.
918 2823 949 2852 G.
972 2822 1008 2852 de
1031 2821 1097 2857 bon.
1120 2821 1264 2860 proscript.

151 2868 261 2898 Solinus
273 2890 280 2904 ,
302 2878 361 2905 cap.
373 2876 417 2896 22.
442 2866 521 2904 Apud
536 2863 635 2895 lassum
646 2860 743 2892 urbem
755 2861 911 2899 Babyloniae
924 2869 1041 2898 puerum
1053 2860 1206 2896 delphinus
1217 2861 1266 2889 ad-

151 2907 266 2940 amavit,
287 2915 369 2941 quem
382 2905 450 2934 dum
458 2903 518 2941 post
529 2902 630 2932 assueta
641 2900 762 2930 colludia
773 2899 949 2929 recedentem
967 2898 1157 2936 impatientius
1176 2898 1266 2936 sequi-

152 2950 195 2972 tur
205 2966 212 2978 ‚
234 2944 321 2973 arenis
331 2943 456 2972 invectus
467 2940 549 2970 haesit.
591 2939 622 2969 Et
637 2938 772 2968 Ammian.
787 2942 828 2970 18·
840 2947 866 2971 9.
889 2936 938 2965 Per
951 2935 1082 2965 colludia.

116 2981 328 3015 corrosor..
350 2981 413 3009 oris.
434 2989 471 3009 m.
493 2977 697 3014 [rosmoda-me,
719 2973 919 3009 niumagun-ilc]
941 2974 997 3010 Qui
1019 2983 1083 3003 cum
1106 2973 1161 3003 alio
1181 2973 1262 3003 ludit..

154 3019 220 3047 l’lin.
233 3029 258 3053 9.
281 3018 361 3056 Epist.
377 3026 420 3054 33.
452 3016 623 3053 Delphinum
651 3014 812 3051 gestatorem
830 3011 1050 3049 collusoremque
1069 3020 1219 3050 puerorum
1235 3012 1265 3041 in

152 3062 249 3085 terram
263 3065 371 3093 quoque
387 3055 494 3085 extrahi
508 3053 618 3083 solitum
628 3074 636 3087 ‚
656 3053 708 3081 &Q

154 3093 368 3130 Compransores
380 3094 405 3122 &
417 3091 567 3122 collusores
578 3090 703 3125 alicujus.
727 3088 785 3117 Cic.
798 3096 824 3117 2.
838 3086 957 3125 Philipp.
970 3096 1030 3116 101.
1056 3085 1139 3117 Hunc
1149 3093 1179 3117 tu
1189 3096 1265 3118 com-

173 3131 345 3168 pransoribus
357 3132 410 3159 tuis
421 3132 446 3160 δι
457 3128 640 3159 collusoribus
649 3125 800 3155 dividebas.

155 3168 295 3198 consessor
306 3170 332 3198 ἃ
343 3167 467 3197 collusor.
510 3167 569 3196 Cic.
581 3177 603 3201 ς.
616 3164 735 3202 Philipp.
749 3172 792 3199 13.
815 3162 908 3191 Homo
918 3166 1047 3198 praeterea
1059 3163 1177 3197 festivus,
1198 3169 1228 3192 ut
1238 3163 1264 3192 ei

173 3215 235 3234 cum
250 3206 288 3235 M.
297 3206 380 3235 Curio
390 3204 541 3235 consessore
553 3203 654 3234 eodem
669 3204 695 3232 δι
706 3200 842 3231 collusore
854 3199 988 3228 facillime
1003 3199 1084 3237 poffit
1101 3202 1263 3231 convenire.

154 3243 180 3272 Si
192 3244 312 3280 rapinam
324 3244 439 3273 fecerint
450 3244 521 3272 inter
531 3242 557 3271 se
568 3240 716 3271 collusores
729 3262 737 3274 ‚
760 3239 785 3268 vi
801 3238 937 3267 bonorum
951 3245 1092 3274 raptorum
1110 3247 1167 3266 non
1181 3239 1265 3267 dene-

174 3280 279 3344 gakbitur
292 3282 372 3311 actio.
386 3275 495 3319 Ulpian.
512 3281 541 3309 in
556 3279 575 3309 1.
591 3288 615 3309 1.
631 3279 652 3316 §.
665 3277 684 3306 si
698 3277 833 3315 rapinam.
855 3275 889 3305 D.
906 3275 941 3304 de
954 3274 1019 3304 aleae
1038 3275 1098 3304 lusu
1118 3277 1143 3305 δι
1163 3276 1265 3305 aleato-

176 3327 194 3345 ri
219 3327 257 3346 US.

157 3354 280 3384 Collusor
298 3356 379 3385 etiam
389 3355 466 3385 aliter
475 3355 549 3393 apud
560 3353 742 3391 Jurisperitos.
754 3352 842 3381 Cim.
854 3350 1022 3387 Philipps&
1046 3349 1185 3379 Licinium
1196 3349 1264 3379 Leri-

175 3392 285 3421 ticulam
296 3394 330 3422 de
342 3393 401 3422 alea
408 3393 626 3422 condemnatum
636 3390 800 3420 collusorem
810 3389 887 3417 suuni
899 3388 1021 3417 restituit.

122 3429 193 3458 Coi.
205 3439 356 3459 Lcsoiziiz
370 3452 379 3465 ,
401 3431 450 3466 [συ
453 3442 527 3456 aaaaa
532 3429 645 3464 ςιτικὸς]
665 3429 730 3457 Adv.
753 3426 899 3464 qualitatis.
922 3426 1032 3462 Ulpian.
1050 3425 1078 3453 in
1093 3424 1112 3453 l.
1141 3425 1157 3453 si
1175 3424 1264 3455 servus

159 3466 286 3502 plurium.
310 3467 340 3496 D.
357 3469 391 3496 de
402 3469 453 3504 leg.
468 3478 488 3496 i.
509 3468 537 3496 Si
549 3467 715 3496 haereditatis
736 3466 821 3501 judex
838 3470 933 3493 eontra
948 3463 1087 3492 liaeredem
1103 3464 1266 3499 pronuntia.

157 3505 225 3568 ilrerit
241 3514 296 3546 000
313 3513 437 3542 agentem
452 3505 577 3540 causam,
598 3503 641 3533 vel
663 3502 806 3533 collusorie
823 3508 951 3539 agentem
963 3523 971 3536 ‚
994 3500 1064 3529 niliil
1081 3500 1135 3529 hoc
1150 3501 1264 3530 nocebit

171 3548 302 3574 eigiitariis.

159 3577 272 3613 Litigare
283 3578 432 3608 collusorie.
473 3579 535 3617 Ulp.
551 3579 580 3608 in
591 3578 608 3608 1.
619 3579 637 3607 11
648 3579 738 3607 servus
755 3577 883 3615 plui-ium.
896 3577 917 3609 ξ.
932 3576 1021 3612 siquis.
1044 3575 1077 3605 D.
1089 3574 1186 3610 deleg.
1203 3585 1225 3604 1.

121 3615 181 3657 [Σο]
201 3626 213 3642 1.
226 3620 239 3642 ῖς
252 3625 337 3650 ono,
358 3616 399 3645 vel
420 3617 494 3645 Con
507 3627 545 3646 Lu
558 3626 634 3650 aizo,
655 3619 710 3645 ere.
732 3615 796 3644 Cael.
812 3613 899 3643 Aurel.
913 3614 1032 3643 Tard.2.
1045 3619 1125 3647 ⁴288.
1151 3612 1263 3641 Lac-effi-

158 3660 176 3680 ῑΙ
190 3652 346 3694 (ΞῼΗΗἈΕΜ,
366 3654 515 3689 ingemunt.
553 3654 584 3683 Et
596 3654 714 3683 Ainbros.
730 3653 764 3682 ad
788 3653 886 3687 Virgin.
906 3652 1006 3689 lapsam
1022 3652 1110 3689 princ.
1143 3651 1198 3687 Qui
1218 3660 1262 3679 ec-

157 3689 242 3718 clelia:
254 3700 270 3726 g
280 3690 354 3718 iudio
372 3692 550 3727 congaudetis
563 3713 570 3725 ,
587 3692 617 3720 ἃ
630 3692 740 3720 tristitie
752 3690 914 3727 conlugetis.

120 3727 292 3769 001100..
314 3728 330 3755 1.
352 3736 377 3755 n.
408 3729 573 3764 [πιέχηλῶη
594 3727 686 3764 mxvii«,
709 3726 782 3762 δέρη]
808 3738 823 3756 3
844 3728 933 3761 Colo,
954 3727 1039 3759 colis,
1062 3726 1152 3762 inquit
1172 3726 1262 3755 Peret-

156 3772 216 3793 tus:
243 3773 305 3806 quia
320 3764 377 3792 liaec
392 3766 526 3806 praecipue
545 3776 604 3802 pars
617 3767 738 3803 corporis
752 3765 896 3801 torquibus
917 3774 948 3793 ac
962 3763 1114 3792 monilium
1132 3763 1186 3791 coli
1203 3786 1210 3795 ,
1233 3764 1261 3792 id

154 3802 192 3830 est
204 3800 450 3829 ornurlconsuevit.
492 3802 556 3831 l'lin.
568 3803 614 3832 lib.
631 3814 640 3831 i
651 3814 671 3832 i.
685 3813 745 3840 cap.
759 3812 800 3839 37.
822 3803 926 3831 Ceteris
943 3803 1046 3831 collum
1059 3824 1068 3837 ‚
1089 3800 1188 3839 quibus
1203 3808 1262 3830 tan-

156 3845 214 3867 turn
227 3838 298 3871 gula.
339 3837 370 3866 V.
394 3849 432 3866 cu
443 3849 458 3866 a
470 3848 539 3867 vix.

153 3875 263 3905 Collum
279 3874 498 3910 gallinaceorum.
538 3876 663 3905 Columel
684 3877 730 3905 lib.
743 3883 768 3909 8.
781 3887 841 3915 cap.
854 3887 881 3906 2.
906 3877 982 3912 jubae
994 3877 1096 3907 deinde
1110 3878 1200 3911 variae,
1217 3876 1263 3907 vel

172 3923 206 3943 ex
216 3923 281 3942 auro
290 3913 364 3941 tlara:
376 3922 423 3949 per
435 3913 506 3942 coll-1
517 3913 687 3950 cervicesque
698 3916 726 3942 in
741 3916 869 3944 liumeros
880 3915 994 3944 diffuiae.

1003 1953 1123 1984 Servius.

1794 87 1823 121 C
1918 87 1954 122 O
2047 89 2075 123 L

1374 170 1499 209 Spatium
1511 168 1584 198 colli.
1607 166 1691 196 ovid.
1703 177 1728 197 2.
1744 167 1813 198 Met.
1828 171 1891 205 672.

1469 210 1499 238 Et
1509 207 1571 237 colli
1583 206 1708 243 spatium.

1375 246 1524 276 Aureolum
1535 244 1647 273 collum.
1687 243 1718 271 ln
1739 252 1757 271 A
1766 252 1783 271 u
1794 252 1809 270 R
1818 253 1837 272 U
1847 254 1877 272 M.

1376 284 1483 313 Caerula
1498 282 1638 319 serpentis.
1662 280 1732 317 Virg.
1747 290 1771 308 2.
1788 280 1847 309 ffin.
1870 287 1933 316 381.

1377 321 1500 362 Caerulea
1516 321 1595 350 tauri.
1618 319 1681 347 Seri.
1700 318 1814 355 llippol.
1830 328 1871 347 10.

1377 360 1513 388 Candida.
1536 357 1621 387 Ovid.
1635 366 1656 384 1.
1674 357 1763 385 Amor.
1783 365 1805 390 ς.
1822 363 1863 385 10.

1376 397 1591 425 Ceromaticum.
1634 393 1663 422 V.
1686 403 1702 422 c
1714 403 1751 421 aa
1762 404 1778 421 o
1787 404 1808 422 M
1820 403 1849 422 A.

1377 435 1491 464 Crinita.
1513 434 1616 462 Stat.6.
1634 430 1726 460 Theb.
1740 436 1803 465 418.
1827 431 1862 460 de
1871 432 1958 469 equis.

1374 471 1520 503 Eburnea.
1544 470 1676 499 Candida.
1700 469 1782 498 Ovid.
1802 477 1824 504 3.
1842 469 1910 498 Met.
1924 477 1989 504 422.

1376 510 1491 547 Equina.
1516 507 1633 537 Martial.
1647 507 1693 535 lib.
1712 516 1753 535 ii.
1767 511 1811 541 ες.
1836 507 1870 535 ad
1885 507 2053 536 Antiochum
2064 508 2203 538 tonsorem
2215 525 2225 544 4

1470 545 1603 582 Collaque
1616 544 1748 582 pulverea
1758 544 1847 573 nudet
1861 545 1961 581 equina
1973 545 2048 580 juba.

1376 584 1527 615 Hirsutum.
1562 583 1590 611 V.
1611 582 1693 620 paulo
1704 582 1764 620 post
1779 604 1786 616 ‚
1809 582 1921 619 spirans
1932 582 2126 619 opobalsama,
2140 584 2193 614 800.

1375 622 1490 652 Ferocia
1501 621 1573 651 colla
1583 620 1716 657 serpentis
1726 620 1856 649 resecare.
1878 621 1942 650 Seu.
1955 621 2036 650 Herc.
2048 620 2100 650 fur.
2116 629 2144 657 7.

1375 660 1493 697 insignia
1509 659 1603 687 frenis.
1625 658 1711 687 Ovid.
1725 668 1751 692 4.
1766 657 1834 687 Met.
1848 666 1894 694 24.

1375 698 1481 727 Lactca.
1505 695 1551 726 Sil.
1568 696 1616 724 lib.
1638 699 1677 724 16.
1697 705 1759 731 520.

1375 735 1474 765 Lactea
1484 734 1555 763 colla
1563 743 1629 763 auro
1639 734 1827 763 innectuntur.
1852 733 1924 771 Virg.
1937 739 1962 768 8.
1977 733 2039 764 AEn.
2053 735 2118 763 660.

1374 773 1521 841 Lssnggido
1546 771 1620 801 collo
1639 771 1747 801 trahere
1772 781 1914 801 vomerem
1926 794 1935 808 ‚
1966 772 2099 801 dicuntur
2116 770 2258 809 defatigati
2278 771 2375 803 boves.
2427 770 2497 806 Hor.

1436 821 1452 839 o
1476 833 1482 840 .
1494 820 1520 839 2.
1535 814 1580 845 64.

1415 821 1433 849 p
1468 848 1567 877 Videre
1577 846 1657 876 fessos
1668 856 1811 876 vomerem
1822 846 1961 876 inversum
1975 847 2061 877 boves

1504 885 1587 915 Collo
1598 885 1739 914 trahentes
1754 885 1896 922 languido.

1373 922 1451 954 Lasso
1463 933 1601 961 papavera
1611 922 1687 952 collo
1696 923 1848 953 demittunt
1859 928 1952 960 caput.
1985 922 2058 960 Virg.
2073 933 2099 960 9.
2111 922 2175 954 AEn.
2189 925 2254 961 436.

1373 962 1471 992 Libera
1484 961 1555 991 colla
1566 962 1642 998 jugo.
1666 960 1764 990 Claud.
1782 961 1818 991 de
1829 961 1899 991 Mul.
1914 960 1983 990 Gall.
1997 964 2023 990 6.

1466 1000 1499 1029 Et
1514 1006 1627 1035 pateant
1640 1020 1648 1033 ‚
1669 998 1738 1028 duro
1750 998 1836 1029 libera
1851 998 1923 1029 colla
1932 1000 2007 1036 iugc.

1372 1037 1470 1068 Libera
1481 1037 1552 1067 colla
1562 1036 1671 1066 servitio
1682 1036 1840 1067 assuescere.
1863 1037 1934 1074 Virg.
1948 1046 1972 1074 3.
1985 1037 2086 1075 Georg.
2098 1039 2161 1074 167.
2181 1037 2224 1068 De
2237 1037 2364 1073 juvencis
2378 1037 2495 1070 dietum.

1372 1076 1478 1106 Livida.
1502 1075 1586 1104 Ovid.
1605 1085 1627 1104 1.
1642 1076 1734 1104 Amor.
1748 1080 1773 1108 8.
1785 1081 1829 1110 98.

1466 1113 1602 1150 Factaque
1613 1112 1721 1142 lascivis
1729 1112 1813 1142 livida
1822 1112 1894 1142 colla
1905 1112 1989 1143 notis.

1371 1150 1490 1183 Lubrica
1503 1151 1642 1180 draconis.
1662 1150 1747 1180 Ovid.
1758 1161 1785 1187 4.
1801 1151 1873 1181 Met.
1887 1156 1950 1187 598.

1371 1190 1470 1220 Molle.
1511 1188 1541 1218 V.
1563 1199 1585 1217 M
1596 1199 1612 1217 0
1624 1198 1712 1218 LLis.

1371 1227 1453 1258 Molli
1465 1226 1538 1256 00110
1549 1225 1641 1256 esseda
1654 1227 1725 1256 serre
1736 1225 1837 1256 dicitur
1849 1235 1936 1265 equus
1950 1226 2082 1257 domitus.
2105 1226 2179 1265 Virg.
2192 1235 2217 1264 3.
2240 1225 2338 1265 Georg.
2350 1235 2415 1264 204.

1370 1265 1502 1296 Niveum.
1526 1264 1599 1301 Virg.
1612 1265 1641 1293 in
1652 1264 1726 1302 Cyri.

1370 1303 1483 1334 Nobile.
1504 1310 1535 1331 ut
1545 1324 1554 1337 ‚
1570 1303 1672 1339 jugum
1683 1301 1816 1332 famulare
1827 1302 1900 1332 subit
1910 1302 2000 1332 nobili
2009 1302 2094 1333 00110.
2115 1302 2219 1334 dicitur
2230 1302 2266 1333 de
2278 1302 2343 1334 Viro
2352 1301 2442 1334 nobili
2452 1311 2494 1335 re-

1388 1342 1471 1370 dacto
1485 1341 1515 1369 in
1525 1340 1691 1369 servitutem.
1712 1340 1777 1370 Sen.
1791 1340 1894 1370 Troad.
1907 1347 1934 1375 8.

1369 1379 1526 1409 Pendulum
1538 1378 1571 1407 ab
1583 1378 1688 1407 arbore.
1711 1377 1779 1408 Hor.
1793 1388 1817 1415 3.
1831 1379 1921 1408 Carm.
1934 1388 1979 1415 27.
1990 1381 2035 1409 60.

1369 1417 1516 1447 Procerum
1527 1418 1553 1445 &
1567 1422 1660 1446 tenue.
1684 1415 1740 1445 Cic.
1753 1416 1789 1445 de
1801 1415 1873 1446 Clar.
1884 1416 1963 1447 Orat.
1975 1425 2040 1453 313.

1368 1455 1508 1486 Recutita.
1534 1454 1655 1484 Martial.
1669 1453 1717 1483 lib.
1734 1464 1760 1490 9.
1776 1460 1819 1489 58.

1462 1493 1528 1523 Non
1541 1500 1629 1530 ruptae
1645 1492 1762 1521 recutita
1777 1491 1850 1522 colla
1863 1491 1957 1522 mulae.

1368 1532 1467 1562 Saucia
1477 1531 1561 1560 dente
1573 1530 1654 1560 colla.
1676 1530 1798 1560 Martial.
1808 1530 1856 1560 lib.
1874 1541 1883 1559 1
1892 1540 1916 1560 1.
1929 1539 1974 1567 71.
1985 1530 2015 1559 iri
2024 1529 2160 1561 Tuccam.

1368 1570 1456 1600 Sibila
1466 1569 1600 1606 serpentis
1609 1568 1690 1597 00113.
1714 1568 1785 1606 Virg.
1798 1577 1823 1606 3.
1836 1569 1937 1606 Georg.
1947 1577 2014 1605 421.

1368 1607 1531 1646 Splendida.
1556 1607 1620 1636 Seri.
1639 1605 1747 1644 Hippoi
1775 1610 1802 1637 6.

1368 1646 1493 1684 Superba
1501 1644 1576 1674 colla
1588 1644 1706 1674 excussis
1715 1644 1797 1680 jubis.
1820 1644 1919 1675 Claud.
1928 1652 1974 1675 20.
1988 1653 2032 1675 10.
2045 1644 2082 1675 de
2091 1653 2165 1683 equo
2176 1641 2305 1676 Honorii.

1368 1684 1459 1714 Taetra
1472 1683 1595 1713 monstri.
1617 1683 1681 1712 Seri.
1698 1682 1780 1712 Herc.
1796 1682 1849 1713 fur.
1865 1692 1890 1713 1.

1367 1721 1464 1752 Teres.
1487 1721 1571 1750 Ovid.
1584 1730 1627 1750 10.
1642 1720 1711 1750 Met.
1725 1731 1735 1749 1
1746 1729 1786 1757 ¹3·

1446 1759 1608 1789 Pendebant
1622 1759 1701 1788 tereti
1712 1764 1852 1796 gemmata
1865 1757 1984 1789 monilia
1997 1757 2083 1789 collo.

1364 1797 1531 1835 Trepidum.
1555 1797 1619 1826 Sen.
1631 1797 1713 1826 Here.
1727 1796 1820 1826 OEth.
1836 1805 1879 1826 12.

1365 1835 1526 1872 Trigernina
1538 1834 1659 1864 Cerberi.
1681 1835 1745 1864 Sen.
1759 1836 1852 1872 Agam.
1869 1844 1892 1863 r.

1364 1873 1507 1905 Acclinare
1521 1872 1625 1902 collum
1636 1893 1644 1909 ,
1667 1873 1685 1903 i.
1698 1881 1723 1902 e.
1745 1873 1902 1902 Admovere
1909 1871 2024 1902 conum.
2045 1871 2131 1903 Ovid.
2147 1880 2190 1902 10.
2201 1872 2274 1904 Met.
2287 1874 2355 1908 268.

1750 1926 1788 1931 -
1795 1910 1985 1947 acclinataque
1992 1909 2066 1939 coila

1444 1948 1579 1979 Mollibus
1592 1949 1620 1977 in
1633 1947 1735 1986 plumis
1748 1954 1882 1986 tanquam
1892 1948 1998 1978 sensura
2014 1948 2135 1986 reponit.

1363 1987 1510 2019 Adducere
1520 1986 1593 2016 colla
1603 1986 1721 2016 lacertis.
1744 1987 1763 2016 i.
1778 1997 1802 2016 e.
1827 1986 1967 2016 Attrahere
1977 1986 2011 2015 ad
2022 1986 2058 2016 se.
2080 1986 2165 2017 Ovid.
2175 1989 2201 2017 6.
2214 1986 2285 2017 Met.
2296 1988 2362 2024 625.

1444 2025 1481 2054 Ut
1489 2031 1581 2054 tamen
1599 2024 1709 2054 accessit
1720 2030 1801 2054 natus
1811 2047 1819 2059 ‚
1841 2025 1977 2062 matrique
1987 2023 2104 2055 salutem

1444 2062 1544 2092 Attulit
1556 2084 1563 2096 ,
1587 2064 1612 2092 ἃ
1627 2063 1717 2100 parvis
1729 2062 1848 2092 adduxit
1859 2062 1931 2092 colla
1942 2062 2062 2092 lacertis.

1363 2099 1502 2138 Ampledti
1515 2101 1588 2130 colla
1599 2101 1725 2136 alicujus.
1750 2101 1798 2130 Sil.
1813 2100 1859 2130 lib.
1878 2104 1995 2136 15.361.

1362 2141 1469 2206 Angelrfi
1479 2138 1550 2205 Cssffla
1560 2138 1631 2168 alicu
1634 2140 1687 2175 jus.
1709 2139 1726 2168 i.
1740 2147 1764 2169 e.
1786 2139 1827 2169 Ita
1836 2138 2022 2175 constringere
2032 2144 2063 2168 ut
2072 2136 2182 2176 spiritus
2192 2137 2404 2169 intercludatur.
2418 2137 2485 2169 stat.

1379 2188 1409 2214 4.
1470 2185 1484 2206 0
1507 2198 1514 2206 .
1528 2182 1592 2213 827.
1704 2180 1710 2185 ¹

1555 2230 1592 2235 —
1601 2214 1689 2243 rabidi
1701 2224 1786 2253 quum
1797 2214 1869 2244 colla
1881 2214 2018 2244 minantia
2028 2214 2142 2243 monstri

1456 2253 1575 2290 Angeret
1587 2274 1595 2287 ‚
1618 2254 1643 2282 Sc
1659 2253 1784 2282 tumidos
1795 2254 1917 2282 animam
1930 2252 2083 2290 angustaret
2090 2253 2121 2282 in
2130 2256 2213 2283 artus.

1361 2291 1463 2328 Aptare
1476 2291 1587 2320 vincula
1599 2290 1684 2320 00110.
1706 2290 1789 2320 Ovid.
1804 2300 1845 2320 10.
1858 2290 1928 2320 Met.
1942 2295 2005 2327 381.

1363 2329 1483 2366 Captare
1494 2328 1565 2357 colla
1577 2328 1695 2358 lacertis.
1718 2328 1803 2358 Ovid.
1817 2334 1843 2363 8.
1857 2328 1939 2366 Epist.
1952 2337 1997 2365 93.

1360 2368 1480 2403 Cingere
1491 2365 1562 2395 colla
1573 2366 1691 2396 lacertis.
1714 2366 1800 2396 Ovid.
1810 2376 1837 2396 2.
1855 2367 1889 2396 de
1901 2368 1964 2396 Arte
1976 2367 2034 2395 Am.
2046 2374 2112 2402 457.

1361 2405 1539 2433 Circumdare
1550 2405 1660 2433 brachia
1671 2404 1746 2433 collo
1758 2426 1766 2440 ,
1789 2404 1925 2442 Ampled’ti
1934 2403 2051 2434 e‘ollum.
2077 2404 2150 2442 Virg.
2159 2405 2187 2434 6.
2202 2402 2266 2435 AEn.
2275 2410 2341 2442 7οα

1360 2443 1537 2471 Circumdata
1550 2442 1622 2472 colla
1635 2443 1750 2472 catenis.
1772 2442 1819 2472 811.
1834 2445 1861 2472 6.
1875 2453 1937 2478 505.

1361 2481 1479 2509 Comere
1489 2480 1559 2509 collu
1570 2480 1717 2518 genasque.
1739 2480 1807 2509 Stat.
1822 2490 1844 2510 1.
1856 2480 1923 2510 silv.
1936 2489 1962 2510 2.
1982 2489 2044 2509 110.

1361 2518 1545 2548 Committere
1558 2518 1640 2547 alicui
1655 2517 1759 2547 collum
1771 2518 1858 2548 suum.
1898 2518 1929 2548 In
1950 2528 1967 2547 c
1976 2527 1993 2546 0
2003 2528 2023 2546 Μ
2032 2528 2054 2547 M
2064 2526 2102 2546 ιτ
2110 2526 2130 2547 Τ
2139 2527 2168 2547 c.

1360 2556 1516 2592 Complecfti
1531 2556 1601 2585 colla
1616 2556 1734 2585 lacertis.
1758 2556 1842 2586 Ovid.
1859 2565 1900 2585 10.
1916 2555 1986 2586 Met.
2001 2564 2068 2593 407.

1360 2594 1509 2629 conjicere
1520 2594 1548 2622 in
1562 2594 1677 2623 collum.
1720 2595 1750 2623 ln
1771 2604 1788 2623 c
1798 2604 1815 2623 o
1826 2604 1866 2629 NJ
1876 2605 1885 2622 1
1896 2603 1913 2623 0
1923 2605 1932 2622 1
1942 2604 1968 2623 o.

1360 2632 1494 2667 Conjecla
1505 2631 1614 2661 vincula
1626 2631 1709 2662 collo.
1732 2632 1817 2661 Ovid.
1828 2642 1853 2668 4.
1868 2631 1947 2662 Trist.
1960 2640 1984 2661 1.
1996 2636 2029 2667 83

1361 2670 1531 2699 Contrabere
1546 2670 1659 2699 collum.
1702 2670 1733 2698 In
1753 2680 1770 2698 e
1779 2680 1796 2699 0
1806 2679 1825 2698 Ν
1834 2680 1853 2699 Τ
1864 2680 1880 2699 R
1888 2679 1908 2699 A
1917 2679 1939 2699 H
1947 2679 1974 2699 ο.

1975 185 2012 190 --
2026 168 2124 200 crescit
2136 171 2161 200 &
2172 171 2228 200 oris

1318 2713 1321 2719 '
1358 2708 1484 2737 Coronat
1500 2708 1594 2745 pluma
1605 2708 1718 2737 collum.
1740 2707 1850 2737 Lucret.
1862 2718 1888 2738 2.
1898 2713 1964 2742 801.

1360 2746 1432 2775 Dare
1444 2745 1514 2774 colla
1525 2746 1644 2775 lacertis.
1668 2746 1733 2775 Stat.
1746 2755 1772 2774 2.
1787 2745 1873 2775 Achil.
1888 2754 1953 2783 270.
2358 2776 2361 2777 ⁷

1359 2783 1432 2850 Dlage
1444 2783 1514 2812 colla
1529 2784 1671 2822 triumpho
1693 2783 1811 2820 alicujus
1830 2782 2006 2822 imperatoris
2019 2804 2027 2818 ‚
2048 2780 2127 2812 Bello
2148 2780 2254 2812 vic‘tum
2274 2778 2336 2811 effe.
2357 2776 2483 2819 properi.

1391 2832 1398 2850 ι
1419 2843 1426 2851 .
1439 2831 1464 2850 2.
1481 2831 1521 2850 10.
1540 2831 1581 2854 ις.

1440 2859 1519 2888 India
1533 2860 1614 2896 quin.
1639 2859 1754 2894 Auguste
1767 2880 1776 2892 .
1797 2864 1847 2889 tuo
1856 2858 1903 2888 dat
1914 2858 1987 2888 colla
1999 2858 2082 2887 trium
2105 2856 2152 2886 ho.

1359 2896 1610 2964 Dbemergerleleoblla
1620 2897 1752 2933 humeris,
1770 2897 1923 2935 significare
1935 2897 2045 2926 viderur
2053 2917 2061 2931 ,
2113 2903 2224 2925 umeros
2234 2893 2397 2925 contrahere
2407 2892 2482 2932 apud

1392 2937 1446 2965 ‘tat.
1460 2940 1484 2964 6.
1536 2945 1562 2963 ie
1585 2959 1590 2963 .
1603 2940 1666 2972 847.

1439 2973 1576 3009 Collaque
1587 2972 1741 3002 demersere
1751 2972 1874 3003 humeris
1882 2994 1891 3007 ‚
1913 2973 1939 3002 δι
1951 2971 2064 3001 brachia
2075 2970 2131 3000 late

1440 3011 1531 3040 Curva
1543 3018 1648 3040 tenent.

1359 3048 1469 3084 Ducere
1477 3050 1542 3086 juga
1553 3048 1636 3078 collo.
1658 3048 1743 3078 Ovid.
1757 3057 1781 3085 ἵ.
1797 3048 1832 3078 de
1846 3048 1909 3077 Arte
1919 3047 1978 3077 Am.
1989 3051 2058 3080 810.

1359 3086 1449 3116 Ducta
1462 3096 1509 3124 pei·
1521 3087 1576 3116 vias
1585 3086 1657 3116 colla
1670 3096 1775 3123 regum.
1798 3086 1864 3115 Hor.
1877 3095 1903 3115 2.
1917 3085 2007 3114 carm.
2024 3093 2066 3113 12.
2081 3091 2124 3113 12.

1357 3125 1471 3162 Eripere
1482 3124 1554 3153 colla
1564 3126 1629 3160 jugo
1639 3147 1647 3160 ,
1670 3124 1880 3162 proverbialiter
1894 3124 2001 3153 distum
2012 3143 2020 3158 ,
2041 3121 2174 3160 fignificat
2193 3119 2327 3150 Libertati
2345 3116 2373 3148 se
2387 3113 2482 3149 vendi·
2536 3128 2539 3151 5

1375 3172 1446 3192 care.
1472 3162 1539 3192 Hor.
1550 3172 1575 3192 2.
1592 3163 1678 3192 Serm.
1693 3171 1717 3199 7.
1731 3172 1776 3197 92.

1631 3216 1667 3220 -
1678 3201 1753 3244 eripe
1760 3198 1838 3236 turpi

1438 3237 1517 3267 Colla
1530 3238 1603 3274 iugo.
1699 3248 1716 3267 1.
1731 3248 1755 3266 e.
1778 3237 1914 3273 Relinque
1925 3235 2095 3265 servitutem.

1356 3274 1461 3305 Fluunt
1477 3270 1570 3313 capilli
1584 3285 1632 3312 per
1643 3275 1715 3305 colla
1732 3275 1837 3305 moesta.
1877 3275 1940 3304 Seri.
1959 3272 2064 3303 Troad.
2083 3281 2111 3302 2.
2145 3272 2164 3302 i.
2177 3281 2203 3302 e.
2228 3269 2336 3301 Moestae
2353 3267 2483 3299 mulieres
2585 3288 2599 3294 υ

1377 3313 1458 3350 pallis
1471 3313 1577 3350 capillis
1589 3314 1734 3343 incedunt.

1358 3351 1462 3380 fovere
1473 3351 1554 3381 colla.
1578 3351 1649 3389 Virg.
1668 3361 1708 3380 10.
1724 3351 1785 3381 AEn.
1799 3356 1862 3387 837.

1666 3388 1770 3426 —ipse
1785 3398 1855 3425 ager
1866 3386 2000 3416 anhelans

1439 3426 1518 3455 Colla
1530 3427 1619 3460 fovet,
1641 3426 1714 3456 fusus
1726 3435 1879 3464 propexam
1892 3425 1921 3453 in
1938 3425 2050 3461 pec‘tore
2066 3421 2191 3452 barbam.

1376 3463 1461 3499 licet,
1485 3472 1516 3493 ut
1530 3465 1754 3500 inquitScrvius,
1776 3464 1802 3493 se
1819 3463 1924 3493 arboris
1937 3471 2046 3491 trunco.

1358 3501 1480 3531 Frenata.
1502 3503 1584 3531 Ovid.
1599 3506 1623 3538 7.
1635 3503 1704 3532 Met.
1721 3512 1785 3530 220.

1357 3539 1586 3569 Fumantiacoila
1595 3550 1728 3575 equorum
1741 3539 1852 3568 solvere.
1873 3537 1945 3574 Virg.
1958 3546 1984 3566 2.
1997 3536 2096 3574 Georg.
2113 3543 2175 3571 542.

1359 3578 1461 3606 Gerere
1478 3578 1550 3606 colla
1563 3579 1652 3606 vincta
1665 3578 1776 3606 eatenis.
1799 3576 1863 3606 Seri.
1876 3576 1958 3605 Herc.
1971 3575 2023 3604 fur.
2041 3584 2083 3603 12.

1359 3615 1480 3644 Horrent
1491 3615 1610 3644 Cerbero
1622 3615 1693 3644 colla
1704 3615 1835 3645 colubris.
1858 3613 1930 3651 Virg.
1941 3618 1967 3642 6.
1977 3613 2038 3642 ffin.
2047 3621 2113 3647 419.

2271 3419 2414 3450 Sustinens
2428 3416 2478 3449 sci-
2528 3404 2531 3466 ξ
2556 3400 2557 3407 ¹

1358 3652 1464 3688 ,lucrare
1477 3653 1548 3682 colla
1558 3675 1565 3686 ,
1587 3653 1719 3690 significat
1728 3652 1839 3682 Collum
1849 3658 1964 3689 repente
1974 3651 2030 3680 huc
2044 3649 2114 3678 illuc
2128 3651 2236 3677 vertere
2245 3646 2272 3676 &
2282 3644 2472 3682 circumagere.
2523 3640 2525 3672 J
2556 3658 2569 3691 ιι

1377 3690 1460 3720 Ovid.
1474 3700 1496 3727 3.
1515 3692 1583 3721 llilet.
1596 3695 1659 3726 726.

1642 3744 1679 3749 —
1689 3728 1750 3758 visis
1760 3726 1877 3757 ululavit
1891 3726 1978 3764 Agave
1988 3747 1995 3760 ,

1438 3765 1571 3801 Collaque
1582 3765 1694 3801 jactavit
1710 3788 1718 3801 ,
1740 3766 1901 3800 crinemque
1911 3773 1958 3801 per
1971 3771 2033 3792 aera
2042 3759 2140 3790 movit.

1357 3802 1502 3837 implicare
1516 3803 1628 3840 laquei&
1652 3804 1736 3833 Ovid.
1749 3813 1774 3832 2.
1793 3802 1872 3840 Epist.
1892 3811 1950 3837 ¹9²·

1358 3840 1446 3870 liiiixa
1456 3840 1529 3869 collo
1540 3841 1640 3870 mariti.
1680 3842 1697 3871 i.
1709 3852 1733 3871 e.
1756 3838 2097 3870 Tenacifl'inieinhaerens.
2118 3834 2204 3864 Ovid.
2219 3832 2414 3868 11.Met.386·
2432 3827 2474 3861 De
2582 3826 2587 3838 *¹

1381 3879 1521 3915 Halcyone
1541 3880 1565 3908 a&
1579 3880 1677 3915 Ceyce.
1720 3878 1758 3908 Al.
1783 3877 1880 3907 infusa.
2405 3904 2411 3910 .

1357 3916 1454 3947 inflata
1465 3915 1537 3946 colla
1547 3917 1713 3946 tumescunt.
1736 3916 1820 3946 Ovid.
1834 3919 1860 3945 6.
1872 3914 1941 3944 Met.
1956 3919 2019 3951 377.
2041 3910 2078 3940 de
2089 3909 2179 3948 Lyciis
2187 3909 2216 3938 iri
2227 3917 2305 3938 ranas
2314 3910 2434 3936 mutam·

2358 3942 2472 3978 Insicere
2516 3945 2517 3952 ¹
2546 3935 2558 3955 ¹¹
