2600 4177
503 103 532 139 C
622 104 658 140 O
750 105 780 141 R

126 184 262 216 Sternere.
285 184 359 222 Virg.
377 193 419 214 ια.
433 184 495 215 AEn.
508 195 554 222 97.
917 223 923 229 .
1226 223 1233 231 ι

125 224 239 253 subesse
251 223 361 260 corpori
377 223 508 252 dicunmr
518 246 525 258 ‚
547 222 639 253 Causae
660 221 822 252 morborum
838 232 898 260 quae
915 232 945 253 m
968 232 1002 253 eo
1015 223 1111 254 latent.
1134 223 1204 255 Cels.
1225 233 1256 253 m

167 262 249 290 raerkt.
262 261 308 289 lib.
323 270 345 289 1.
364 260 411 289 sub
426 261 471 289 fin.

127 271 459 334 Silperindueticorporis
469 297 586 335 speciem
598 297 728 333 adjicere.
752 297 872 335 Quintil.
885 297 933 327 lib.
952 308 976 335 ς.
994 308 1055 337 cap.
1067 304 1095 334 8.

128 336 286 365 Sustentarc
298 335 395 371 epulis.
420 334 520 364 Lucan.
538 334 585 363 lib.
599 346 626 369 4.
643 343 705 371 307.

129 372 237 409 ‘l'egere
250 382 350 410 corpus
360 371 509 401 abstrusum
521 372 603 401 densa
616 372 688 410 sepe.
710 372 774 403 Sen.
787 372 878 403 Theb.
892 382 920 403 2,

130 408 239 447 Tegere
249 417 334 444 terra,
354 409 488 446 Sepelire.
510 410 574 439 Sen.
586 409 677 439 Theb.
695 420 718 439 1.

130 442 244 477 Tenent
252 455 352 481 corpus
363 445 461 476 febres.
485 447 556 477 Cels.
571 447 619 477 lib.
635 457 659 484 3.
675 457 735 486 cap.
747 458 774 482 9.

130 484 282 514 Tentatum
295 485 404 521 frigore.
427 484 495 515 lior.
511 495 534 515 1.
545 485 631 515 Serui.
645 496 668 515 1.
681 491 725 520 80.

130 522 291 555 Tenuatum
302 531 434 551 recreare.
456 522 523 552 Hor.
533 532 559 552 2.
570 524 656 553 Serm.
667 532 692 552 2.
707 529 752 558 84.

129 557 252 597 Tingere
261 559 392 596 lymphis.
415 560 500 590 Ovid.
511 569 538 590 2.
550 560 619 591 Met.
633 571 699 597 459.
844 598 850 604 ι

209 597 295 626 Nuda
305 597 451 635 superfufis
463 599 603 636 tingamus
613 608 730 637 corpora
742 598 875 636 lymphis.

128 634 251 665 Trahere
261 642 373 671 aegrum.
396 635 468 672 Virg.
484 644 507 672 ³·
519 637 581 667 ffin.
600 646 660 672 140.

210 671 385 709 Linquebant
395 673 490 703 dulces
500 674 617 709 animas,
637 679 684 703 aut
693 683 762 712 aegra
775 673 921 704 trahebant

129 708 236 739 Velare.
259 711 342 740 Ovid.
360 719 385 747 3.
401 711 468 741 Met.
485 720 544 747 197.

129 746 278 777 verberata
287 757 404 786 corpora
412 750 562 779 nudantur.
584 748 704 786 Quintil.
720 747 770 778 lib.
781 751 807 778 6.
820 757 883 787 cap.
897 758 920 779 1.

130 784 240 814 Violare
253 786 377 816 vulnere.
400 785 472 824 Virg.
489 797 531 816 11.
549 786 610 817 AEn.
623 796 685 822 591-

130 821 215 852 Vorat
225 833 326 861 corpus
335 823 418 860 usque
430 825 465 853 ad
474 824 529 854 osl'a
537 824 645 862 herpes.
668 823 735 853 Celfi
748 823 796 853 lib.
809 835 833 860 ς.
846 834 909 863 cap.
920 828 967 859 28.
989 826 1011 863 §.
1024 834 1049 862 3.

130 859 290 891 Vulnerare.
313 862 409 891 Tibul.
426 861 473 891 lib.
487 872 510 892 1.
523 871 550 891 2.
566 871 609 896 27.

130 897 239 965 Corpps
251 899 368 966 polsirum
379 921 387 935 ,
408 909 458 937 pro
468 899 615 938 Sepultum
626 921 634 936 ,
655 898 731 938 apud
744 898 899 930 Scaevolam
910 901 939 930 in
957 901 979 939 §.
995 901 1106 931 cibaria.
1124 901 1143 932 l.
1156 901 1203 931 fin.
1222 899 1257 932 D.

149 936 184 965 de
196 946 210 966 a
225 938 270 966 im.
293 947 307 966 e
327 944 362 967 at.

130 973 240 1012 Corpus
248 947 360 1005 arbelis.
400 974 468 1004 Plin.
480 974 528 1004 lib.
540 984 582 1005 12.
592 984 655 1012 cap.
668 984 693 1010 ς.
713 973 875 1013 Superiores
893 977 962 1006 rami
978 977 1007 1005 in
1028 976 1169 1008 excelsum
1189 978 1259 1011 emi-

149 1020 231 1047 cant,
254 1013 327 1042 vasto
340 1013 433 1042 matris
443 1021 567 1050 corpore.

130 1049 241 1087 Corpus
251 1072 259 1085 ,
279 1060 330 1087 pro
345 1051 439 1088 Opere
449 1050 543 1087 aliquo
553 1050 689 1088 scripto&
702 1049 856 1080 volumine.
886 1051 944 1082 Cic.
959 1062 984 1087 ς.
996 1052 1070 1082 Fam.
1086 1062 1127 1083 12.
1151 1055 1171 1083 A
1183 1055 1259 1093 prin.

148 1088 226 1124 cipio
238 1088 315 1116 enim
326 1088 527 1124 conjurationis
537 1087 622 1125 usque
630 1088 666 1117 ad
675 1088 797 1118 reditum
806 1089 928 1119 nostrum
941 1112 949 1126 ,
971 1091 1080 1120 videtur
1091 1091 1159 1120 mihi
1168 1093 1258 1122 modi.

150 1134 217 1154 cum
228 1126 371 1162 quoddam
381 1135 483 1164 corpus
493 1126 594 1155 confici
611 1125 705 1163 posse,
726 1127 755 1154 in
767 1135 841 1162 qun,
862 1128 914 1156 &c
955 1128 1034 1158 Idem
1045 1138 1069 1157 2.
1087 1129 1123 1165 Q
1135 1129 1196 1160 frat.
1213 1140 1256 1161 12.

150 1163 206 1192 Sed
218 1170 293 1192 utros
301 1165 360 1200 ejus
368 1164 495 1193 habueris
504 1164 589 1193 libros
599 1164 669 1198 (duo
678 1164 753 1192 enim
761 1164 823 1193 sunt
831 1166 960 1202 corpora)
968 1175 1003 1195 an
1011 1166 1256 1203 utrosque,nescio.

131 1200 164 1231 In
180 1199 300 1238 speeiem
314 1202 395 1231 unius
407 1202 531 1239 corporis
540 1210 582 1231 res
596 1201 783 1230 diversissimas
795 1201 935 1240 colligere.
950 1203 1071 1240 Quintil.
1082 1204 1257 1243 lib.4.cap.1.

132 1239 227 1268 Unum
245 1248 346 1277 corpus
355 1239 532 1269 defensionis.
572 1238 630 1268 Cic.
645 1238 681 1267 de
694 1239 765 1268 Clar.
785 1240 863 1269 Orat.
877 1247 942 1275 208.
963 1241 1018 1271 Sed
1031 1242 1101 1271 nihil
1114 1244 1258 1280 vitiosius,

152 1287 235 1312 quam
244 1287 330 1314 quum
342 1286 429 1306 unum
441 1285 543 1314 corpus
553 1276 655 1305 debeat
663 1276 717 1306 esse
728 1277 897 1308 defensionis
907 1300 916 1315 ,
936 1279 1010 1309 nasci
1028 1280 1063 1310 de
1073 1280 1181 1318 integro
1195 1291 1259 1312 cau·

151 1315 207 1344 sam
218 1337 226 1349 ,
247 1324 333 1352 quum
342 1315 373 1344 sit
387 1315 421 1344 ab
431 1314 517 1344 altero
531 1321 663 1352 perorata.

131 1352 241 1392 Corpus
251 1353 383 1387 Homeri,
405 1353 423 1382 i.
434 1362 460 1381 e.
482 1351 587 1381 Omnia
597 1351 713 1382 Homeri
725 1361 818 1391 opera.
839 1353 952 1392 Ulpian.
967 1355 997 1384 in
1011 1354 1030 1385 l.
1043 1355 1185 1387 librorum.
1205 1357 1226 1395 §.
1238 1357 1260 1387 fi

152 1392 332 1420 cuicentum.
355 1390 390 1420 D.
410 1390 446 1419 de
463 1389 489 1419 le
510 1396 545 1419 at.
556 1391 650 1419 tertio.

132 1428 243 1466 Corpus
253 1429 401 1458 rationum.
422 1434 470 1463 ut,
514 1437 614 1466 orpora
623 1428 779 1463 rationum,
801 1429 827 1459 ἃ
838 1429 855 1458 si
866 1439 933 1467 quas
955 1440 996 1460 res
1015 1431 1059 1461 vel
1077 1433 1211 1470 pecunias
1223 1442 1260 1464 ex

151 1467 195 1495 his
205 1466 331 1501 detinet,
352 1463 494 1503 cogendus
505 1465 544 1495 est
555 1474 605 1504 per
622 1466 769 1496 Praetorem
785 1467 912 1498 reddere.
934 1467 999 1507 Ulp.
1012 1469 1043 1498 in
1055 1469 1111 1500 fine
1120 1470 1189 1508 legis
1201 1493 1210 1507 ,
1229 1471 1260 1501 si

150 1513 229 1533 nure.
252 1503 286 1533 D.
305 1504 342 1533 de
354 1503 558 1534 fideicommiff.
577 1503 698 1534 libertat.

132 1532 261 1578 Corpus,
282 1551 333 1579 pro
353 1541 464 1571 Parte&
475 1542 547 1571 tribu
559 1551 591 1571 ac
601 1542 784 1572 multitudine
799 1543 908 1582 populi.
949 1543 1006 1573 Liv.
1022 1554 1046 1574 ι.
1060 1553 1102 1581 17.
1113 1555 1154 1584 pr.
1185 1546 1261 1577 Inter

152 1579 266 1608 ordines
274 1579 429 1609 certabatur
442 1601 451 1615 ,
472 1580 585 1609 oriundi
600 1579 634 1609 ab
645 1579 754 1610 Sabinis
765 1602 774 1616 ,
791 1590 828 1609 ne
838 1603 846 1615 ,
868 1581 931 1619 quia
942 1582 1003 1619 post
1013 1582 1087 1613 Tatii
1096 1590 1215 1614 mortem
1225 1586 1260 1614 ab

1002 673 1135 714 Corpora.

151 1616 198 1646 fua
218 1626 296 1654 parte
316 1626 375 1646 non
394 1624 452 1646 erat
472 1623 617 1655 regnatum
629 1639 638 1653 ,
659 1618 687 1646 in
700 1617 831 1648 societate
845 1629 922 1657 aequa
936 1619 1130 1658 possessionem
1149 1623 1261 1661 imperii
1286 1630 1294 1633 “

151 1654 326 1689 amitterent,
348 1655 521 1693 suicorporis
533 1656 619 1685 creari
630 1664 721 1693 regern
731 1656 870 1686 volebant.
894 1659 912 1687 i.
927 1667 952 1687 e.
974 1658 1120 1688 Sabinum.

134 1692 243 1730 Corpus
252 1693 380 1723 civitatis.
419 1693 480 1723 Liv.
491 1696 535 1723 26.
552 1697 594 1723 16.
616 1693 724 1731 Corpus
745 1693 856 1725 nullum
873 1695 1014 1731 civitatis,
1034 1706 1088 1727 nec
1105 1698 1259 1735 Senatum,

153 1740 207 1760 nec
219 1730 308 1769 plebis
317 1731 463 1761 consilium
475 1753 483 1765 ,
505 1741 560 1761 nec
569 1731 739 1769 magistratus
751 1731 813 1761 effe.

132 1768 325 1805 Collegiorum
333 1778 445 1807 corpus.
468 1769 552 1799 Caius
561 1770 590 1798 in
602 1769 621 1798 l.
634 1777 657 1799 1.
669 1770 692 1807 ς.
706 1770 773 1799 item
780 1769 907 1808 collegia.
924 1769 959 1801 D.
973 1772 1049 1809 quod
1057 1773 1189 1811 cujusque
1200 1775 1263 1804 uni.

152 1807 284 1837 versitatis
296 1829 304 1843 ‚
325 1807 396 1837 Item
408 1806 526 1844 collegia
537 1808 633 1837 Romae
642 1814 716 1837 certa
725 1807 788 1836 sunt
797 1829 804 1843 ‚
826 1818 945 1845 quorum
963 1819 1065 1846 corpus
1075 1811 1262 1843 Senatuscon-

151 1844 230 1874 sultis
239 1867 247 1880 ,
268 1852 351 1883 atque
361 1846 606 1875 constitutionibus
618 1845 821 1883 principalibus
832 1846 1027 1888 confirmatum
1037 1849 1085 1879 est.

131 1882 305 1920 Reipublicae
313 1893 415 1921 corpus
428 1890 519 1913 totum
533 1893 637 1913 curare.
668 1883 726 1913 Cic.
743 1893 766 1913 1.
783 1883 842 1915 Off.
855 1890 902 1921 85.
923 1884 1091 1924 Metaphora
1105 1888 1146 1918 est
1164 1897 1181 1917 a
1202 1897 1263 1918 cor..

153 1922 229 1958 poris
243 1921 358 1950 humani
370 1931 434 1952 cura
447 1920 566 1959 sumpta.

133 1959 227 1988 Unum
237 1958 292 1988 esse
302 1959 380 1997 Reip.
393 1969 504 1997 corpus,
516 1966 599 1996 atque
610 1959 693 1989 unius
703 1959 798 1989 animo
807 1959 971 1998 regendum.
991 1961 1082 1992 Tacit.
1097 1972 1120 1993 1.
1133 1964 1204 1995 Ann.
1216 1973 1259 1996 η.

132 1994 228 2026 Unum
236 2003 267 2027 ut
276 2007 393 2034 corpus,
415 1999 442 2027 ἃ
451 1996 605 2027 concilium
619 1998 705 2027 totius
717 1997 899 2036 Peloponnesi
913 1999 988 2029 esset.
1005 1999 1065 2030 Liv.
1078 2009 1121 2038 39.
1135 2009 1179 2040 37.

134 2034 224 2064 Unius
235 2036 361 2073 corporis
370 2035 431 2065 effe.
453 2035 512 2065 Liv.
527 2041 570 2072 38.
583 2045 626 2072 34.
637 2046 677 2073 pr.
873 2075 878 2080 ¹
946 2075 952 2081 ι

133 2071 235 2103 Fusum
244 2073 299 2103 late
310 2083 420 2111 corpus.
440 2073 531 2103 Tacit.
547 2082 590 2109 ιζ.
602 2074 672 2103 Ann.
683 2082 728 2110 27.
739 2081 781 2117 pr.
794 2073 833 2104 de
849 2073 977 2106 Libertis.

132 2110 262 2148 Sparsum
273 2111 407 2147 Senatus,
428 2111 596 2149 Dispersum.
618 2111 720 2141 Lucan.
735 2111 784 2141 hb.
801 2121 826 2149 7.
843 2121 907 2149 293.

134 2148 271 2178 Defensor
280 2149 532 2188 corporis.Ulpian.
545 2151 573 2178 in
583 2149 798 2186 l.jusiurandum
807 2151 834 2180 δε
845 2150 1258 2191 ad.§.defensor.D.dejurejur.

133 2186 270 2217 Concessa
282 2197 408 2225 corpora.
430 2188 511 2216 Caius
524 2188 554 2216 in
567 2186 584 2216 l.
604 2197 627 2218 1.
641 2188 662 2225 §.
676 2188 781 2225 paucis.
802 2187 835 2217 D.
859 2189 934 2226 quod
952 2190 1084 2227 cuiusque
1104 2193 1265 2224 universita-

157 2226 193 2254 tis
207 2246 215 2259 ,
239 2225 332 2254 Paucis
343 2225 533 2255 admodumin
545 2225 630 2255 causis
640 2225 767 2255 concessa
776 2224 838 2255 sunt
848 2224 1004 2262 hujusmodi
1018 2237 1150 2266 corpora.

96 2264 121 2294 C
131 2273 148 2292 o
159 2272 175 2292 R
186 2264 225 2292 Ρό
235 2273 251 2291 R
260 2266 277 2292 ιῑ
287 2274 303 2291 r.
312 2274 321 2292 ι
332 2273 344 2292 s
354 2285 363 2299 ‚
385 2273 409 2293 e.
431 2260 615 2300 [νωκφπκές]
635 2271 666 2293 ut
677 2285 686 2300 ,
707 2264 869 2301 Corporalia
888 2265 962 2294 bona
979 2266 1055 2303 apud
1071 2266 1141 2297 Gell.
1155 2267 1204 2298 lib.
1218 2274 1262 2304 ιε.

133 2309 194 2338 cap.
210 2310 232 2330 1.
245 2301 263 2330 i.
274 2311 298 2330 e.
311 2301 452 2339 Corporis.
467 2301 500 2331 Et
509 2301 584 2339 apud
600 2301 720 2338 Quintil.
733 2302 811 2337 lib.5.
826 2312 887 2340 cap.
905 2312 947 2331 ιο.
960 2303 1139 2341 Incorporale
1149 2305 1262 2344 legitur.

133 2338 297 2376 Corporale,
308 2349 359 2377 pro
368 2340 520 2377 Corporeo.
531 2340 595 2369 Sen.
608 2339 691 2377 Epist.
706 2350 748 2375 59-
759 2340 885 2370 Dicimus
892 2341 1019 2377 quaedarn
1029 2343 1182 2380 corporalia
1189 2345 1243 2374 effe
1252 2368 1262 2382 ‚

152 2378 279 2413 quiedam
289 2377 483 2415 incorporalia.
495 2377 578 2413 Item,
590 2377 676 2414 Quod
685 2377 732 2413 est,
747 2384 794 2407 aut
805 2378 950 2416 corporale
957 2380 1004 2414 est,
1015 2386 1064 2409 aut
1073 2382 1261 2420 incorporale.

132 2413 261 2444 Fosseffio
272 2415 433 2453 corporalis.
446 2415 589 2454 Papinian.
601 2416 631 2444 in
641 2415 659 2444 l.
672 2415 790 2445 debitor.
804 2416 827 2450 §.
842 2416 951 2446 ultimo.
965 2416 999 2446 D.
1012 2417 1047 2447 de
1054 2419 1166 2457 pigi-ror.
1178 2422 1264 2450 actio-

153 2462 200 2482 ne.
222 2453 318 2482 Soluta
335 2453 456 2491 pecunia
467 2475 475 2488 ,
496 2454 618 2483 creditor
640 2452 836 2489 possessionem
860 2455 985 2493 pignoris
995 2477 1005 2491 ,
1026 2466 1088 2493 quae
1109 2459 1264 2497 corporalis

133 2491 426 2567 Rzelstizlgrebuorlbliusegstt:
441 2491 688 2565 dlilffglrliescbgliilll
696 2529 850 2567 loquuntur
861 2551 870 2566 ,
889 2530 962 2574 Quae
982 2532 1009 2561 δε
1029 2533 1145 2563 nomine
1160 2544 1266 2573 cogno.

152 2566 244 2602 scitur,
265 2568 290 2597 ἀ
301 2567 349 2597 sub
362 2568 468 2597 tastum
477 2589 485 2603 ,
506 2567 658 2604 oculosque
667 2569 787 2603 recidit,
809 2568 896 2598 veluti
905 2569 1019 2603 fundus,
1041 2571 1151 2607 domus,
1172 2574 1263 2610 vestis,

149 2604 257 2634 servus:
278 2604 465 2643 Incorporalis
473 2615 559 2640 vero,
581 2605 651 2642 Quae
663 2606 719 2635 sola
737 2613 832 2635 mente
844 2606 1024 2645 intelligitur,
1046 2618 1137 2646 neque
1158 2611 1207 2641 sub
1224 2619 1265 2641 ta-

153 2644 228 2672 ctum
239 2664 247 2678 ‚
269 2652 361 2680 neque
370 2643 419 2672 sub
430 2643 528 2674 oculos
539 2644 655 2679 recidit,
675 2644 714 2674 ait
724 2643 877 2682 Theophil.
890 2645 932 2674 tit.
950 2645 986 2675 de
1002 2646 1060 2677 reb.
1073 2649 1208 2686 corporal.
1232 2651 1264 2680 &

151 2681 292 2718 incorpor.
305 2681 333 2710 in
344 2682 464 2719 princip.

133 2717 189 2748 Res
203 2718 370 2756 corporales.
390 2718 501 2749 Caiusl.
513 2718 627 2749 summa.
649 2718 684 2748 D.
700 2718 736 2749 de
749 2729 801 2750 rer.
813 2719 941 2751 division.

136 2757 264 2786 Traditio
278 2757 438 2795 corporalis.
459 2756 587 2792 Jabolen.
600 2757 629 2786 in
641 2757 660 2786 l.
673 2757 781 2795 penult.
796 2757 828 2787 D.
840 2759 875 2788 de
884 2759 988 2796 acquir.
998 2760 1105 2798 possess.

94 2795 191 2826 Com>
200 2804 217 2824 o
228 2805 243 2823 R
252 2804 271 2824 A
283 2797 391 2824 LiTaR
402 2817 411 2831 ,
433 2796 501 2825 Adv.
522 2795 635 2833 Ulpian.
649 2794 679 2824 in
699 2795 717 2825 l.
732 2806 755 2826 1.
775 2796 807 2825 D.
826 2797 902 2831 quod
913 2798 1070 2835 legatorum
1082 2821 1090 2835 ‚
1112 2799 1139 2829 Si
1153 2801 1215 2838 quis
1227 2810 1265 2832 ex

134 2833 232 2863 mortis
246 2832 325 2862 causa
335 2833 489 2863 donatione
500 2834 641 2871 poffidear
652 2855 660 2869 ,
679 2835 777 2871 utique
788 2834 902 2864 ceffabit
917 2835 972 2865 hoc
980 2837 1179 2868 interdictum:
1201 2840 1266 2875 quia

134 2872 230 2909 portio
239 2871 306 2907 legis
319 2871 447 2901 Falcidiae
455 2871 530 2909 apud
542 2871 682 2901 haeredem
703 2872 761 2911 ipso
772 2873 832 2908 jure
846 2879 973 2903 remanet
984 2896 992 2911 ‚
1013 2876 1063 2905 etsi
1084 2877 1266 2914 corporaliter

134 2918 177 2938 res
196 2909 224 2938 in
235 2909 356 2938 solidum
365 2909 505 2939 translatae
515 2908 587 2939 sunt.

134 2946 438 2985 CorporaliterJ'urare,
459 2948 488 2976 in
499 2946 752 2985 plurimisCodicis
764 2947 1020 2985 constitutionibus,
1041 2950 1071 2980 in
1081 2951 1217 2988 Ethnicis,
1230 2952 1267 2983 de

150 2985 197 3014 his
210 2985 255 3021 qui
268 2986 331 3014 Aras
340 2985 368 3014 in
376 2986 497 3021 jurando
509 2985 644 3016 tenebant
654 2985 818 3023 intelligitur
830 2995 837 3014 :
859 2986 888 3015 in
901 2986 1061 3029 Christianis
1071 2999 1138 3019 vero
1149 3012 1158 3025 ,
1179 2991 1214 3020 de
1223 2991 1267 3021 his

154 3023 201 3060 qui
214 3022 356 3060 Evangelii
367 3024 507 3053 codicem.
548 3023 669 3053 Dioclet.
687 3023 706 3053 1.
719 3033 743 3060 3.
764 3024 794 3052 C.
807 3023 825 3053 si
836 3024 903 3054 min.
925 3025 952 3053 ie
972 3027 1068 3061 major.
1090 3028 1146 3057 dix.
1167 3028 1268 3064 Hujus-

153 3061 234 3090 modi
245 3066 341 3090 autem
350 3061 521 3091 sacramento
532 3061 713 3100 corporaliter
721 3062 841 3100 praestito
856 3084 863 3097 ‚
885 3062 994 3093 nullum
1007 3065 1058 3094 tibi
1071 3065 1207 3102 superesse
1220 3076 1267 3096 au.

154 3098 254 3128 xillum
266 3098 403 3136 perspicui
414 3100 481 3135 juris
490 3099 537 3129 est.
566 3099 665 3135 Justin.
679 3099 698 3128 l.
714 3109 737 3128 1.
749 3099 782 3129 C.
794 3100 829 3128 de
837 3099 950 3136 jurejur.
964 3109 1057 3141 propt.
1069 3104 1172 3133 calum.
1200 3104 1267 3134 Non

153 3136 236 3165 aliter
248 3137 432 3167 concedimus
441 3158 450 3173 ‚
471 3138 518 3174 qui
529 3137 693 3174 quaestiones
705 3137 845 3167 servorum
855 3138 1010 3176 exposcunt
1019 3162 1028 3177 ,
1049 3142 1084 3171 ad
1094 3142 1149 3171 hoc
1160 3143 1266 3179 venire,

153 3174 204 3203 nisi
216 3175 291 3212 prius
299 3175 380 3204 taetis
389 3174 567 3205 sacrosanrftis
579 3174 719 3213 scripturis
729 3175 875 3213 deponant
884 3197 893 3211 ,
910 3177 963 3206 &cu

135 3212 202 3242 Non
214 3222 259 3241 me
269 3213 450 3249 corporaliter
460 3215 563 3243 curavi.
586 3213 693 3242 Petron.
708 3223 767 3251 cap.
777 3217 823 3243 61.

98 3250 121 3279 C
132 3260 148 3279 o
159 3260 197 3279 Rp
207 3260 223 3279 o
235 3260 251 3279 R
260 3259 279 3279 A
291 3252 354 3279 ιῑτ
365 3260 383 3280 A
394 3260 406 3280 s
416 3272 424 3286 ,
444 3251 506 3281 atis.
526 3251 545 3281 f.
567 3250 686 3281 Tertull.
699 3251 734 3282 de
745 3252 833 3280 Anim.
851 3260 912 3290 cap.
924 3261 951 3288 7.

96 3289 147 3318 Co
159 3299 173 3317 R
183 3298 245 3317 Por<
257 3298 271 3317 a
281 3298 297 3317 u
308 3298 320 3317 s
332 3310 339 3323 ,
364 3299 379 3318 a
395 3310 403 3325 ‚
424 3297 482 3319 um.
503 3289 563 3324 Adj.
594 3285 785 3326 [σωκφτὺδὶς]
815 3289 902 3326 Quod
917 3290 954 3319 est
970 3300 1005 3321 ex
1021 3290 1167 3323 substantia
1181 3300 1268 3324 mate-

134 3328 229 3363 riaque
241 3327 374 3364 corporis.
414 3327 475 3357 Cic.
488 3336 514 3356 2.
528 3327 564 3356 de
572 3326 638 3357 Nat.
651 3327 733 3356 Deor.
747 3337 792 3363 27.
814 3327 918 3357 Contra
928 3328 976 3359 ille
984 3339 1145 3368 corporeus,
1166 3333 1266 3369 vitalis,

135 3366 162 3394 δι
180 3364 303 3393 salutaris
326 3364 423 3393 omnia
441 3364 603 3400 conservat,
628 3365 694 3401 alit,
723 3372 824 3403 auget,
855 3364 967 3397 sustinet
979 3387 987 3402 ,
1017 3367 1151 3406 sensuque
1171 3370 1266 3401 afficit.

134 3402 177 3431 De
188 3402 253 3440 igne
263 3402 425 3432 elementari
434 3403 567 3440 loquitur.

134 3440 309 3478 Corporeum
320 3442 346 3470 ἃ
357 3440 523 3478 aspectabile
533 3463 542 3476 ,
562 3441 686 3477 itemque
696 3441 840 3471 trastab‘ile
854 3451 940 3472 omne
951 3442 1058 3473 necesse
1073 3444 1111 3474 est
1127 3444 1181 3474 effe
1191 3446 1268 3484 quod

157 3487 256 3508 natum
266 3478 311 3507 est.
343 3478 451 3508 Cicsde
463 3478 586 3508 Univers.
602 3488 644 3508 ιι.

137 3516 217 3545 Attus
227 3517 365 3555 corporei.
388 3515 486 3546 Claud.
503 3525 527 3546 1.
538 3517 574 3546 de
586 3516 669 3555 Rapt.
679 3516 802 3555 Proserp.
821 3520 867 3547 62.

135 3552 278 3591 corporea
295 3554 420 3584 cicatrix.
458 3553 525 3584 Plin.
538 3553 586 3585 lib.
600 3564 643 3584 ιι.
661 3564 723 3592 cap.
741 3564 785 3590 ³7.
809 3555 846 3584 de
861 3554 966 3592 Capitis
985 3554 1088 3587 offibus
1102 3579 1110 3592 ‚
1131 3556 1266 3590 Perfrat‘ta

155 3601 215 3620 non
226 3598 331 3628 queunt
339 3591 468 3622 solidari:
490 3591 538 3622 sed
548 3599 678 3630 exempta
688 3592 801 3622 modice
817 3603 875 3622 non
893 3593 956 3622 sunt
974 3593 1103 3630 lethalia,
1126 3596 1156 3625 in
1175 3599 1267 3628 vicem

155 3638 253 3658 eorum
264 3629 434 3660 succedente
443 3639 577 3668 corporea
589 3631 728 3660 cicatrice.
751 3630 846 3667 [Callo
857 3632 981 3669 quodam
993 3632 1100 3671 expleri
1116 3634 1214 3665 rimam
1223 3637 1266 3666 di-

154 3668 197 3696 xit
205 3666 276 3697 Cels.
289 3672 315 3701 8.
328 3680 355 3704 4·
376 3669 423 3698 ubi
435 3670 461 3698 &
472 3668 658 3698 Carunculam
672 3674 764 3698 vocat.

137 3703 241 3742 Dapes.
263 3705 348 3735 Ovid.
367 3717 409 3742 ις.
425 3706 494 3737 Met.
512 3716 574 3743 105.

139 3743 210 3772 Vox.
234 3742 341 3773 Lucret.
355 3744 404 3774 lib.
416 3756 442 3781 4.
457 3754 520 3781 5²9·
678 3778 689 3788 u
1057 3785 1063 3790 ,

99 3782 123 3811 C
134 3791 149 3810 o
158 3791 173 3810 R
184 3791 198 3810 Ρ
209 3790 226 3809 u
235 3792 250 3808 r.
262 3790 276 3809 R
287 3790 306 3809 N
315 3791 334 3809 T
344 3792 360 3810 u
371 3792 383 3812 s
394 3804 404 3817 ,
424 3792 439 3812 a
448 3805 456 3818 ,
478 3792 536 3812 um.
557 3781 619 3818 Adj.
641 3782 658 3817 [
667 3780 813 3817 ιυσαρκῶν]
843 3780 929 3811 Obesi
952 3792 1079 3821 corporis
1101 3785 1187 3815 horno
1197 3808 1205 3822 ‚
1227 3786 1270 3816 in-

136 3820 195 3856 quit
207 3818 307 3848 Festus.
329 3818 413 3849 Plaut.
426 3819 508 3858 Epiri.
526 3830 549 3851 1.
565 3830 587 3850 ι.
601 3825 626 3854 8.
641 3819 838 3857 Corpulentior
848 3820 954 3856 videre,
963 3828 1044 3859 atque
1052 3822 1157 3860 agilior.
1171 3824 1270 3855 ALHa..

136 3858 231 3886 bitior.
273 3857 366 3893 Quem
377 3858 462 3888 Graeci
479 3858 588 3894 riimwv
601 3865 702 3887 vocant
713 3880 721 3893 ,
742 3857 797 3887 hoc
805 3857 843 3887 est
851 3857 925 3888 bene
935 3860 1089 3890 carnosum.

135 3894 342 3932 Corpulentum
353 3905 448 3933 pecus.
470 3896 609 3926 Columel.
625 3895 674 3924 lib.
686 3898 712 3924 6.
722 3905 784 3933 cap.
803 3904 828 3932 3.

136 3933 272 3970 Litigator
280 3933 470 3970 corpulentus.
493 3933 614 3970 Quintil.
625 3933 673 3962 lib.
689 3937 714 3962 6.
733 3943 793 3971 cap.
810 3943 834 3963 r.

100 3971 122 4002 C
131 3981 148 4002 o
158 3981 174 4001 R
184 3981 197 4000 r
209 3980 227 4000 υ
237 3981 252 3999 ι,
262 3980 277 4000 ε
288 3980 309 4000 N
318 3980 336 4000 r
344 3982 353 4000 ι
361 3981 378 4000 Α
388 3992 397 4008 ,
420 3981 450 4003 ae.
472 3972 491 4002 f.
512 3971 679 4010 [lomenia]
701 3970 899 4002 Carnositatem
913 3971 1054 4010 fignificat.
1075 3972 1143 4006 Plin.
1161 3974 1209 4007 Lib.
1226 3984 1237 4006 ι
1245 3985 1270 4007 r.

1754 110 1783 145 C
1883 109 1917 146 O
2015 115 2045 150 R
2404 136 2472 175 '703

1349 197 1411 226 cap.
1427 196 1469 224 53.
1491 188 1598 219 Somno
1609 199 1802 228 concoquere,
1823 194 2005 230 corpulentiae
2016 217 2024 230 ,
2047 207 2128 233 quam
2143 199 2264 231 firmitati
2280 202 2384 233 utilius.

1313 225 1335 254 C
1345 236 1361 253 o
1371 237 1384 253 R
1395 237 1407 253 ι»
1417 236 1433 253 o
1445 237 1458 255 R
1470 231 1486 255 δ
1496 238 1507 255 s
1521 238 1536 256 u
1546 238 1568 261 S,
1580 238 1604 262 a,
1618 240 1674 259 um.
1691 231 1749 266 Adj.
1764 230 1923 268 [εὗσωμῖὸι]
1942 232 2025 262 Gloff.
2036 235 2142 265 Gr.Lat.
2157 239 2221 267 ezel.
2235 242 2326 271 Aurel.
2340 244 2416 273 Acut.
2432 253 2475 280 ιζ.

1355 273 1396 298 ¹7·
1421 265 1740 302 Corporosainduclura.

1315 299 1337 328 C
1346 310 1362 328 o
1373 311 1386 328 R
1396 311 1409 329 r·
1419 312 1436 329 u
1445 312 1457 330 s
1467 314 1483 331 c
1494 305 1511 331 ῠ
1521 314 1535 331 1.
1545 313 1562 331 υ
1575 315 1604 336 Μ,
1627 306 1644 334 i.
1667 316 1694 334 n.
1718 306 1816 336 dimin.
1837 305 1988 343 [ommino]
2009 310 2086 339 unde
2097 310 2229 347 Atomos,
2252 314 2421 353 Corpuscula
2432 328 2480 348 vo-

1352 345 1395 367 cat
1414 340 1472 369 Cic.
1490 352 1511 369 ι.
1532 342 1613 371 Acad.
1627 343 1693 372 item
1710 344 1757 372 lib.
1769 356 1796 380 4.

1352 375 1467 406 Parvum
1477 379 1683 415 corpusculum.
1705 381 1774 411 Plin.
1787 382 1834 411 lib.
1848 393 1890 412 10.
1903 392 1966 421 cap.
1975 393 2020 419 29.

1351 413 1506 444 Hominum
1515 418 1686 453 corpuscula.
1713 419 1812 453 Juven.
1829 430 1871 450 lo.
1884 421 1938 450 Sat.
1956 431 2018 458 172.

1429 453 1571 488 Quantula
1581 455 1631 484 lint
1641 456 1787 486 hominum
1795 458 1965 496 corpuscula.

1313 487 1337 516 C
1345 497 1362 515 o
1371 498 1386 516 R
1394 499 1407 517 ι’
1417 491 1434 519 ὅ
1444 500 1459 518 R
1469 500 1486 519 0
1495 500 1510 519 R
1521 513 1528 525 ,
1551 492 1746 529 [metonomia
1761 496 1938 531 ωρῳετὲθαι]
1958 498 2006 526 ῑιιὶ.
2029 507 2082 535 pro
2090 498 2197 537 Corpus
2206 501 2288 532 effici.
2311 502 2379 534 Plin.
2392 504 2438 535 lib.
2448 515 2475 544 Τ.

1351 535 1410 563 cap.
1425 537 1468 563 ις.
1490 528 1664 564 Quibusdam
1676 541 1740 561 vero
1753 532 1851 570 saepius
1871 534 1983 569 mense,
2005 535 2073 565 licut
2095 537 2231 575 aliquibus
2253 550 2410 578 nunquam:
2434 545 2482 575 sed

1351 564 1418 607 tales
1427 575 1483 594 non
1494 567 1631 603 gignunt,
1652 571 1764 604 quando
1775 571 1834 600 haec
1849 572 1886 600 est
1897 575 2058 609 generando
2074 574 2181 606 homini
2195 579 2308 608 materia
2318 601 2327 614 ,
2348 579 2452 611 semine
2465 591 2482 611 e

1349 602 1472 644 ‘maribus
1483 605 1590 641 coaguli
1601 607 1686 635 modo
1696 608 1751 637 hoc
1760 609 1787 637 in
1800 608 1853 638 sese
1863 608 2034 646 glomerante
2045 633 2053 647 ,
2077 614 2152 649 quod
2165 615 2269 645 deinde
2282 623 2410 655 tempore
2423 619 2483 656 ipso

1351 647 1506 675 animatur,
1527 650 1755 681 corporaturque.
1797 646 1824 675 h.
1839 656 1862 675 e.
1886 647 1916 676 ln
1933 658 2021 678 unum
2031 659 2133 688 corpus
2144 652 2201 689 ipsa
2220 655 2335 684 materia
2355 657 2485 687 animalis

1351 678 1491 713 coalescit,
1511 681 1537 709 ὁὶ
1548 680 1666 711 formam
1676 684 1787 720 accipit.
1810 683 1934 715 Lat‘tant.
1947 695 1973 715 2.
1989 697 2014 722 9.
2039 687 2098 718 Nec
2108 689 2209 720 humor
2218 694 2309 729 potest
2321 702 2482 732 corporate,

1351 723 1405 743 nec
1414 725 1515 754 corpus
1527 718 1659 748 animare.
1702 721 1737 749 al.
1761 721 1918 759 Corporari.

1351 752 1523 790 Corporare,
1544 757 1620 792 apud
1633 758 1762 794 antiquos
1775 758 1893 796 legimus
1904 771 1956 798 pro
1976 761 2153 801 interficere,
2175 766 2202 796 ἀ
2219 767 2291 803 quasi
2313 767 2423 807 Corpus
2443 770 2484 800 so·

1372 789 1429 819 lum
1449 791 1506 821 sine
1517 794 1609 822 anima
1626 795 1790 832 relinquere.
1831 797 1937 828 Ennius
1953 801 2028 837 apud
2045 801 2170 832 Nonium
2185 813 2208 833 ι.
2221 814 2265 841 73.
2289 806 2398 845 Corpus
2416 818 2486 838 con-

1367 829 1519 866 templatur
1530 852 1538 865 ‚
1558 832 1635 860 uncle
1653 839 1813 871 corporaret
1827 835 1951 866 vulnere.
1992 839 2092 869 Accius
2104 861 2112 876 ,
2135 840 2288 880 Corporare
2299 845 2346 874 abs
2357 852 2435 884 tergo
2443 847 2484 877 est

1371 866 1459 896 ausus.
1501 868 1582 897 Conf.
1606 869 1684 899 Idem
1700 881 1723 900 1.
1742 876 1803 906 ¹68-

1315 900 1338 931 C
1347 912 1363 930 ο
1374 912 1412 931 Rv
1421 914 1437 933 o
1448 914 1463 933 R
1473 908 1489 934 ιῑ
1498 915 1518 933 τ
1527 916 1546 934 υ
1555 915 1567 935 s
1578 928 1586 941 ,
1607 916 1621 936 a
1631 929 1639 942 ,
1660 917 1718 937 um.
1752 909 1847 940 Partic.
1869 912 2078 950 [may-inscie]
2113 915 2172 946 Cic.
2194 917 2230 947 de
2248 918 2374 950 Univers.
2396 933 2422 958 4.
2448 923 2486 953 de

1352 943 1480 977 mundo,
1502 943 1741 982 Quandoquidem
1752 949 1891 984 cernitur,
1912 951 2086 988 &tangitur,
2109 956 2134 983 F<
2154 955 2192 984 est
2210 956 2336 994 undique
2354 968 2486 998 corpora..

1353 984 1405 1008 tus.
1448 980 1617 1012 Firmic.lib.
1630 994 1656 1018 4.
1667 993 1728 1022 cap.
1745 994 1786 1021 ¹3·
1810 985 1887 1016 Luna
1908 988 1973 1017 sacit
1989 989 2118 1020 homines
2142 1002 2256 1030 magnos
2277 1005 2412 1033 corpore,
2434 999 2484 1029 sed

1353 1022 1449 1046 tamen
1461 1028 1561 1056 corpus
1574 1019 1634 1050 satis
1645 1024 1889 1059 proportionatum
1900 1035 1950 1062 pro
1961 1026 2000 1055 sui
2014 1028 2146 1063 qualitate
2161 1030 2296 1062 decernit.
2320 1036 2386 1064 facit
2403 1038 2484 1068 enim

1353 1063 1530 1123 firgpopatolss,
1553 1057 1599 1087 sed
1617 1069 1686 1095 quos
1704 1060 1817 1092 honesta
1831 1064 1959 1101 eorporis
1975 1064 2158 1101 pulchritudo
2176 1070 2310 1101 venustet.
2334 1072 2366 1102 V.
2389 1074 2482 1105 Barth.

1398 1102 1443 1121 ver
1458 1116 1463 1122 .
1477 1105 1489 1129 ς
1515 1117 1519 1123 .
1540 1106 1580 1131 17.

1351 1130 1517 1168 Corporati,
1537 1133 1677 1170 Collegae,
1699 1136 1746 1171 qui
1769 1137 1894 1173 ejusdem
1913 1141 2038 1176 corporis
2059 1142 2085 1171 ἅ
2101 1142 2239 1174 societatis
2256 1145 2327 1177 sunt.
2348 1148 2440 1187 lmpp.
2461 1151 2484 1181 1.

1371 1177 1430 1197 non
1446 1169 1550 1207 plures.
1573 1171 1604 1201 C.
1625 1173 1660 1202 de
1673 1173 1769 1204 sacros.
1788 1176 1889 1205 eccles.
1914 1177 1990 1206 Nulli
2012 1178 2058 1208 alii
2075 1188 2306 1219 corporatorum,
2329 1196 2427 1222 praeter
2443 1190 2486 1218 di-

1371 1208 1446 1236 ctum
1457 1217 1607 1239 numerum
1620 1220 1669 1247 per
1681 1215 1835 1247 patrocinia
1847 1214 2023 1244 immunitate
2033 1218 2168 1250 concessa.
2192 1221 2220 1249 in
2240 1222 2257 1251 l.
2278 1224 2325 1260 qui
2346 1224 2402 1255 sub.
2417 1228 2485 1257 eod.

1371 1246 1414 1273 tit.
1437 1245 1605 1283 Collegiatos
1612 1248 1725 1279 eosdem
1735 1251 1887 1288 appellant.
1911 1253 2095 1285 Hotomanus.

1314 1281 1337 1311 C
1347 1291 1388 1311 oi<
1398 1292 1461 1326 ⁹9⁸
1472 1287 1489 1313 ῑι
1500 1293 1520 1312 T
1530 1295 1537 1312 1
1547 1295 1565 1314 o
1576 1307 1584 1319 ,
1606 1287 1676 1316 (inis.
1699 1288 1718 1318 f.
1740 1288 1929 1325 [nami-mm]
1952 1292 2090 1323 Columel.
2112 1294 2160 1324 lib.
2175 1298 2202 1326 6.
2225 1306 2286 1335 cap.
2300 1307 2326 1328 2.
2349 1299 2420 1330 Item
2438 1312 2485 1332 cu-

1352 1320 1532 1351 stodiendum
1543 1323 1580 1352 est
1592 1325 1667 1353 nein
1681 1329 1892 1363 corporatione.
1915 1328 1957 1358 vel
1977 1330 2094 1365 statura,
2115 1333 2158 1362 vel
2181 1334 2285 1365 viribus
2306 1337 2396 1374 impar
2418 1350 2485 1371 cunr

1353 1358 1654 1402 valentiorejungatur.
1697 1363 1814 1394 Tertull.
1833 1366 1868 1395 de
1880 1365 1970 1396 Carne
1989 1367 2089 1398 Christi
2101 1391 2109 1404 ,
2132 1380 2191 1408 cap.
2214 1383 2240 1408 4.
2274 1374 2371 1412 Neque
2386 1384 2415 1406 ut
2433 1379 2486 1408 im-

1353 1397 1511 1433 possrbilem
1520 1408 1611 1436 neque
1621 1403 1845 1438 utpericulosam
1857 1404 1916 1433 Deo
1927 1407 2056 1442 repudias
2064 1411 2298 1445 corporationem.

1315 1433 1412 1478 Coap
1422 1445 1439 1464 o
1450 1445 1495 1464 RA
1506 1439 1552 1465 τῦ
1562 1447 1578 1465 R
1588 1448 1607 1466 A
1619 1460 1626 1472 ,
1648 1449 1679 1469 ae.
1697 1440 1716 1468 f.
1739 1439 1934 1477 [madum-¹5]
1967 1443 2105 1474 Columel.
2123 1446 2171 1476 lib.
2187 1451 2212 1477 6.
2237 1459 2298 1487 cap.
2314 1460 2339 1480 2.
2363 1451 2487 1484 Humili:

1354 1481 1430 1502 emm
1444 1475 1470 1503 δι
1481 1475 1593 1504 modica
1605 1484 1783 1515 corporatura
1794 1480 1905 1517 pecoris
1919 1483 2040 1517 operarii
2052 1483 2139 1514 debet
2148 1486 2212 1521 effe,
2234 1489 2414 1526 nervisque&
2428 1501 2489 1522 mu.

1354 1509 1436 1540 sculis
1448 1511 1557 1542 robusta
1569 1535 1576 1548 ,
1600 1523 1657 1543 non
1669 1515 1798 1552 adipibus
1813 1517 1904 1547 obesa.
1938 1519 2041 1549 Vit-ruv.
2056 1520 2103 1550 lib.
2116 1526 2141 1552 6.
2165 1534 2186 1552 1.
2211 1524 2267 1554 Sed
2279 1536 2311 1555 ex
2326 1528 2394 1557 caelo
2406 1529 2490 1560 rosci-

1355 1549 1408 1578 dus
1421 1559 1466 1578 aer
1480 1550 1509 1578 in
1522 1559 1640 1589 corpora
1650 1553 1771 1584 fundens
1785 1554 1933 1586 humorem
1946 1578 1954 1591 ,
1975 1558 2124 1596 ampliores
2134 1561 2218 1591 efficit
2228 1572 2427 1601 corporaturas.

1315 1585 1338 1614 C
1347 1596 1364 1615 o
1373 1596 1412 1615 Rp
1421 1597 1438 1616 ο
1447 1597 1463 1615 R
1473 1597 1492 1616 A
1502 1591 1566 1618 τῑν
1574 1599 1592 1618 u
1601 1599 1624 1623 s.
1633 1600 1658 1622 a.
1669 1601 1724 1621 um.
1740 1592 2056 1629 Adj.Cael.Aurel.Tard.
2071 1608 2093 1627 1.
2105 1602 2131 1628 6.
2144 1599 2325 1639 Corporativa
2337 1604 2487 1640 adjutoria.

1316 1623 1391 1652 Coa
1401 1634 1415 1653 P
1427 1635 1443 1654 o
1454 1635 1471 1654 R
1481 1634 1501 1654 Α
1511 1635 1523 1655 s
1533 1636 1578 1656 co
1588 1649 1596 1662 ,
1619 1630 1678 1658 ete.
1704 1629 1803 1660 Claud.
1815 1631 1944 1662 Mamert‚
1960 1642 1982 1662 1.
1996 1643 2040 1668 ¹4-

1315 1661 1339 1691 C
1350 1671 1366 1690 o
1376 1672 1391 1691 R
1402 1672 1416 1690 p
1425 1673 1442 1691 o
1451 1673 1467 1691 R
1476 1673 1491 1691 a
1500 1673 1517 1692 c
1528 1674 1547 1692 u
1556 1674 1568 1694 s
1576 1674 1596 1693 T
1606 1675 1623 1694 o
1633 1676 1645 1695 s
1656 1688 1664 1699 .
1684 1667 1879 1706 pro'Corporis
1889 1671 1987 1700 custos.
2011 1671 2136 1711 inscript.
2154 1675 2229 1711 apud
2246 1676 2322 1708 Grut.
2335 1689 2364 1718 p.
2378 1684 2443 1711 oco.
2455 1685 2492 1714 n.'

1358 1709 1399 1729 12.
1420 1701 1547 1731 BASSVS
1571 1703 1733 1736 NERONlS
1754 1706 1922 1737 CAESARIS
1943 1709 2272 1745 CORPORECVSTOS.

1317 1736 1365 1766 Co
1377 1747 1438 1767 Rr‘o
1449 1749 1464 1768 R
1474 1744 1603 1778 rcioA.
1624 1752 1656 1771 ιε.
1678 1744 1873 1780 [ammi-ms]
1893 1746 1979 1777 Gloss.
1993 1747 2039 1778 Gr.
2052 1748 2109 1779 Lat.

1317 1776 1365 1805 Co
1378 1778 1514 1813 salino,
1538 1779 1557 1807 fi
1569 1800 1577 1814 ‚
1599 1778 1676 1815 sum,
1707 1782 1890 1818 [συναφειιςῶ]
1911 1786 1965 1814 ere.
1997 1785 2103 1816 Totum
2122 1788 2235 1820 radere,
2258 1791 2386 1832 auferre,
2408 1795 2490 1827 colli.

1355 1823 1428 1850 gere.
1469 1814 1534 1845 Ter.
1549 1816 1627 1847 Adel.
1644 1827 1670 1847 2.
1680 1827 1706 1847 2.
1721 1828 1763 1855 34.
1786 1820 1879 1851 Minas
1887 1822 1987 1853 decem
1995 1826 2275 1859 corradetalicunde.

1354 1852 1507 1883 Corradere
1516 1853 1621 1892 aliquid
1632 1855 1910 1889 alicuiffenphorm.
1918 1871 1940 1890 ι.
1948 1862 2036 1892 ι.6.Εἰ
2044 1865 2130 1892 credo
2139 1874 2240 1895 munus
2253 1868 2308 1898 hoc
2319 1871 2486 1904 corraditur.

1355 1889 1506 1934 Corradere
1516 1891 1702 1924 fidemdicris.
1723 1895 1742 1924 i.
1753 1905 1778 1926 e.
1798 1896 1966 1934 Conciliare,
1977 1909 2156 1938 comparare,
2177 1907 2351 1942 conquirere.
2374 1909 2486 1942 Lucrer.

1376 1928 1425 1958 lib.
1441 1939 1463 1959 ι.
1476 1939 1542 1966 401.
1563 1932 1603 1962 Ita
1614 1932 1690 1961 enim
1700 1933 1739 1962 est
1749 1933 1919 1972 legendum,
1941 1945 2039 1967 nonut
2055 1940 2190 1970 hactenus
2201 1942 2389 1979 Contradere.
2408 1950 2486 1985 quod

1374 1966 1491 1998 verbum
1503 1978 1560 1997 non
1571 1969 1609 1998 est
1619 1969 1758 2001 Latinum.
1805 1973 1818 2009 [
1832 1973 1889 2011 Ego
1901 1984 1967 2004 vero
1981 1985 2039 2005 non
2057 1978 2144 2015 magis
2159 1979 2232 2009 hanc
2240 1981 2347 2018 phrafin
2358 1983 2486 2018 Latinam

1384 2011 1454 2044 puto
1465 2027 1472 2041 ‚
1494 2015 1579 2043 quam
1593 2007 1634 2037 illi
1649 2007 1857 2040 substituerunt.
1879 2011 1952 2042 Vide
1963 2013 1992 2042 in
2002 2024 2037 2044 eo
2045 2016 2132 2045 verbo
2149 2026 2209 2053 quae
2220 2021 2325 2050 notavi.

1352 2042 1511 2073 Corradere
1521 2066 1529 2080 ,
1549 2045 1588 2074 est
1597 2045 1669 2075 Cum
1679 2046 1844 2078 difficultate
1853 2049 1988 2081 summam
1999 2052 2120 2090 aliquam
2131 2064 2166 2084 ex
2178 2058 2343 2088 venditione
2351 2061 2493 2098 redigere.

1377 2081 1487 2119 Ulpian.
1501 2081 1518 2111 1.
1533 2093 1557 2117 ς.
1575 2083 1657 2113 ude
1668 2085 1773 2115 admin.
1790 2092 1842 2117 tut.
1865 2086 1907 2118 lta
1919 2094 2014 2119 autem
2031 2091 2200 2129 depositioni
2216 2097 2399 2131 pecuniarum
2409 2099 2492 2131 locus

1373 2120 1415 2187 ἕξ
1424 2141 1432 2154 ,
1453 2119 1472 2149 si
1482 2129 1514 2149 ea
1522 2119 1628 2152 summa
1638 2122 1748 2152 corradi
1759 2145 1768 2159 ,
1788 2124 1818 2154 id
1830 2125 1869 2154 est
1880 2126 1975 2164 colligi
1990 2127 2088 2166 possit,
2110 2136 2141 2159 ut
2154 2134 2308 2170 comparari
2319 2144 2383 2173 ager
2394 2138 2490 2175 possit.

1391 2164 1560 2188 ⁴otomanus.

1316 2195 1342 2225 C
1352 2205 1368 2225 0
1379 2206 1395 2224 R
1404 2205 1420 2224 R
1431 2199 1448 2224 ῑ.
1458 2205 1476 2224 G
1486 2205 1503 2224 o
1513 2218 1523 2231 ,
1539 2197 1603 2226 inis.
1625 2197 1644 2226 f.
1665 2197 1759 2228 Herba
1770 2199 1807 2229 fic
1821 2200 1905 2231 dista.
1920 2201 2000 2240 Apul.
2012 2203 2049 2234 de
2059 2203 2145 2235 Herb.
2161 2215 2222 2246 cap.
2236 2218 2283 2245 41.
2306 2210 2348 2241 Al.
2360 2211 2490 2249 Borrarzo.

1320 2233 1571 2270 CORRECTOR‚
1593 2234 1829 2268 CoRRscrro.
1872 2239 1902 2269 V.
1926 2249 2105 2271 commeo.
2446 2249 2455 2252 ”

1321 2271 1343 2301 C
1355 2282 1373 2300 o
1382 2282 1398 2300 R
1407 2274 1447 2300 RE
1457 2281 1497 2300 1³0
1508 2293 1516 2308 ,
1541 2272 1579 2309 psi
1589 2294 1597 2308 ,
1620 2279 1718 2311 ptum,
1739 2275 1843 2312 [ἕρπω]
1863 2278 1918 2307 ὅτε.
1938 2277 2020 2308 ¹Idem
2031 2280 2109 2317 quod
2119 2281 2236 2320 Repere.
2260 2284 2317 2315 Cic.
2334 2296 2358 2317 1.
2372 2288 2407 2318 de
2424 2290 2487 2321 Nar.

1357 2310 1442 2377 figor.
1458 2312 1503 2343 68.
1534 2310 1620 2347 Quod
1635 2321 1721 2349 quum
1741 2313 1852 2345 efficere
1873 2315 1958 2345 vultis
1968 2338 1977 2352 ,
2007 2318 2037 2346 in
2056 2318 2170 2349 dumeta
2190 2324 2347 2360 correpitis.
2376 2327 2489 2358 Lucret.

1368 2348 1377 2377 L
1401 2370 1407 2377 .
1423 2358 1449 2383 ς.
1464 2352 1545 2381 1218.
1593 2381 1596 2385 ,

1513 2401 1550 2406 -
1560 2386 1605 2416 cui
1614 2396 1672 2416 non
1682 2394 1834 2427 correpunt
1846 2389 1973 2421 membra
1983 2401 2084 2429 pavore
2093 2394 2107 2423 ‘3

1358 2432 1478 2461 corpore
1492 2422 1622 2462 prolapso
1633 2447 1640 2460 ,
1662 2435 1740 2456 more
1749 2428 1902 2464 reptilium.

1356 2461 1510 2499 Correpere
1526 2462 1598 2491 intra
1618 2470 1739 2494 murum.
1780 2465 1864 2495 Varro
1883 2467 1913 2496 in
1927 2469 2105 2505 prooem-lib.
2119 2479 2145 2501 2.
2158 2472 2194 2502 de
2205 2472 2237 2503 R.
2253 2473 2285 2505 R.
2309 2476 2396 2514 Igitur
2413 2481 2490 2517 quod

1375 2509 1453 2529 nunc
1463 2499 1535 2529 intra
1545 2509 1656 2530 murum
1667 2501 1724 2531 fere
1735 2508 1828 2540 patres
1837 2504 1950 2535 familiae
1960 2507 2155 2545 correpserunt
2169 2532 2177 2545 ,
2200 2511 2302 2543 relictis
2314 2515 2384 2546 falce
2398 2518 2424 2547 Gr
2434 2529 2492 2547 ara.

1374 2543 1418 2566 tro
1429 2559 1438 2572 ,
1459 2539 1486 2567 δι
1497 2547 1597 2567 manus
1605 2548 1720 2569 movere
1731 2541 1891 2572 maluerunt
1899 2543 1929 2573 in
1940 2543 2048 2574 theatro
2058 2567 2067 2582 ,
2091 2556 2124 2577 ac
2134 2549 2211 2578 circo

1372 2575 1438 2604 bus.
1478 2575 1528 2605 Per
1538 2576 1759 2608 translationem.

1357 2613 1511 2651 Correpere
1522 2614 1551 2642 in
1561 2623 1671 2646 navem.
1712 2615 1771 2647 Cic.
1785 2627 1828 2648 10.
1844 2617 1898 2649 Att.
1912 2628 1956 2651 12.
1976 2619 2063 2659 Igitur
2073 2623 2100 2652 Sc
2116 2624 2229 2655 occulte
2239 2626 2269 2656 in
2279 2627 2402 2665 aliquam
2423 2641 2491 2662 one-

1378 2651 1477 2680 rariam
1487 2653 1703 2690 corrependum.

1320 2689 1396 2719 CoR
1408 2699 1565 2726 Rarrus,
1587 2690 1616 2719 V.
1638 2700 1827 2723 CORRIPIO.

1322 2727 1370 2757 Co
1380 2737 1395 2756 R
1405 2737 1421 2755 R
1431 2737 1445 2756 ιι
1454 2737 1474 2756 u
1484 2737 1496 2757 s
1506 2749 1514 2763 ,
1535 2728 1552 2757 i.
1575 2737 1612 2757 m.
1633 2729 1768 2766 Quicum
1779 2731 1836 2762 alio
1846 2742 1908 2763 reus
1919 2734 1966 2764 est.
1988 2734 2126 2774 Ulpianus
2148 2738 2176 2768 in
2192 2738 2212 2769 l.
2239 2739 2443 2776 liberationem.
2464 2748 2488 2785 ξ.

1358 2774 1445 2795 nunc.
1465 2764 1500 2795 D.
1511 2766 1546 2796 de
1557 2765 1722 2810 liberatione
1734 2768 1822 2806 legata
1835 2792 1843 2805 ‚
1864 2771 1893 2801 Si
1908 2782 1972 2802 cum
1990 2774 2045 2803 alio
2065 2774 2123 2805 sum
2135 2776 2247 2807 debitor
2266 2780 2356 2816 (puta
2373 2784 2431 2813 duo
2452 2786 2493 2815 rei

1359 2803 1463 2832 fuimus
1473 2805 1682 2842 pr0m1ttendi)
1703 2807 1729 2836 δι
1738 2808 1808 2836 mihi
1819 2807 1870 2838 soli
1880 2810 1992 2840 testator
2005 2812 2162 2843 consultum
2175 2815 2281 2847 voluit:
2303 2821 2413 2853 agendo
2425 2833 2494 2852 con.

1359 2841 1472 2877 sequar,
1494 2851 1552 2871 non
1562 2848 1594 2872 ut
1604 2850 1722 2882 accepto
1734 2844 1852 2881 liberer,
1876 2857 1912 2877 ne
1923 2850 2007 2878 etiam
2027 2859 2138 2881 correus
2157 2862 2235 2883 meus
2251 2854 2380 2887 liberetur
2391 2869 2493 2892 contra

1360 2879 1496 2909 testatoris
1503 2880 1697 2912 voluntatem:
1718 2882 1765 2912 sed
1779 2886 1862 2921 pacto
1873 2885 2021 2916 liberabor.
2060 2888 2115 2918 Sed
2124 2890 2191 2927 quid
2201 2891 2217 2919 si
2227 2891 2291 2921 socii
2308 2894 2435 2927 fuimus?
2455 2900 2497 2928 vi.

1361 2917 1491 2961 deamus,
1513 2927 1549 2947 ne
1558 2928 1608 2956 per
1619 2920 1867 2964 acceptilationem
1880 2924 2001 2955 debeam
2012 2925 2132 2956 liberari.
2152 2928 2278 2967 alioquin
2291 2931 2359 2964 dum
2370 2944 2385 2965 a
2395 2945 2492 2967 correo

1362 2964 1426 2984 meo
1433 2961 1539 2992 petitur
1550 2978 1557 2992 ‚
1578 2966 1630 2994 ego
1638 2964 1788 2995 mquletor.

1324 2992 1346 3023 C
1356 3004 1372 3024 o
1382 3003 1399 3022 R
1409 2996 1446 3022 R?
1454 3003 1472 3022 ι)
1482 3003 1521 3023 so
1532 3016 1540 3029 ,
1561 2994 1606 3023 rifi
1616 3017 1624 3030 ,
1646 2996 1809 3032 [συκίέλοίω]
1829 3000 1884 3028 ὅτε.
1908 2999 1997 3029 Simul
2010 3001 2109 3033 ridere.
2132 3003 2239 3035 Lucret.
2256 3005 2304 3038 lib.
2314 3019 2338 3045 4.
2351 3015 2395 3044 81.

1443 3031 1548 3062 Omnia
1558 3033 1701 3063 corrident
1709 3042 1849 3073 concepta
1859 3036 1922 3066 luce
1930 3037 1995 3068 diei.

1324 3069 1347 3099 C
1357 3079 1373 3099 o
1382 3079 1398 3098 R
1408 3078 1422 3097 R
1431 3070 1468 3098 ic
1479 3080 1488 3099 1
1498 3079 1517 3099 A
1528 3092 1536 3105 ‚
1557 3080 1588 3100 ae.
1611 3071 1630 3100 f.
1653 3071 1761 3108 [imis]
1783 3083 1797 3102 a
1808 3074 1923 3111 Corrigo
1934 3075 2087 3107 deductum
2100 3087 2204 3109 nomen
2215 3081 2268 3111 esse
2279 3084 2399 3121 videtur,
2416 3089 2441 3117 Sc
2455 3089 2493 3119 est

1362 3107 1464 3137 Lorum
1474 3117 1529 3145 quo
1539 3108 1756 3140 verberabantur
1766 3110 1834 3140 servi
1844 3133 1853 3147 ,
1874 3118 1905 3141 ut
1923 3115 2126 3152 corrigerentur
2137 3118 2163 3146 Sc
2176 3121 2401 3154 emendarentur.
2423 3126 2495 3163 Qui-

1363 3145 1428 3175 dam
1440 3145 1585 3176 deducunt
1596 3157 1610 3176 a
1620 3147 1705 3177 Corio
1717 3169 1726 3183 ,
1746 3149 1823 3186 quod
1837 3150 1964 3188 corrigiae
1976 3162 1991 3181 e
2002 3153 2078 3182 corio
2088 3153 2207 3191 fierent3
2231 3164 2278 3192 ut,
2300 3160 2360 3190 lszd.
2377 3172 2418 3198 ¹9·
2432 3173 2478 3201 μ,

1362 3184 1487 3221 Corrigia
1496 3185 1608 3215 canina.
1632 3185 1698 3215 Plin.
1710 3185 1757 3216 lib.
1772 3195 1816 3223 30.
1838 3196 1901 3225 cap.
1913 3200 1938 3222 4-
1959 3189 1978 3218 i.
1995 3200 2017 3219 e.
2042 3191 2143 3221 Lorum
2153 3202 2187 3222 ex
2198 3195 2270 3230 pelle
2282 3199 2364 3228 canin

1365 3221 1634 3260 Corrigiaeabruptio
1646 3245 1654 3258 ,
1676 3223 1986 3257 Calceamentiscilicet.
2011 3228 2069 3258 Cic.
2081 3239 2107 3259 2.
2119 3230 2155 3260 de
2167 3231 2312 3269 Divin.84.

1325 3259 1347 3289 C
1357 3269 1375 3288 ο
1385 3269 1402 3287 R
1410 3269 1425 3287 R
1435 3261 1474 3288 fc.
1482 3270 1511 3295 o,
1523 3262 1603 3296 rexi,
1623 3262 1740 3297 redium.
1761 3260 1886 3299 [orffa
1897 3263 2015 3301 ἰα’ἵςῷὅν,
2027 3264 2133 3303 ἐυθῦνω]
2155 3270 2210 3298 ere.
2231 3280 2266 3300 ex
2279 3273 2350 3309 Con,
2363 3276 2387 3305 8:
2397 3276 2474 3315 Rege
2483 3290 2492 3296 ·

1362 3296 1496 3335 fignificat
1507 3299 1619 3337 proprie
1630 3299 1799 3329 Tortuosum
1809 3301 1852 3330 vel
1866 3301 2031 3333 inclinatum
2043 3305 2172 3342 dirigere.
2197 3307 2262 3337 Plin.
2277 3310 2323 3340 lib.
2339 3321 2364 3347 7.
2376 3323 2436 3353 cap.
2447 3302 2494 3347 20‘.

1363 3335 1556 3366 Crotoniatam
1569 3336 1706 3366 Milonem
1721 3338 1854 3367 athletam
1864 3361 1872 3374 ‚
1895 3350 1980 3377 quum
1991 3342 2153 3373 constitisset
2166 3366 2174 3380 ,

1363 3373 1463 3403 ceba't:
1486 3374 1591 3404 malum
1604 3375 1711 3404 tenenti
1727 3385 1811 3405 nemo
1823 3377 1941 3414 digitum
1954 3380 2116 3417 corrigebat.

1363 3411 1510 3477 Cgrrigere
1520 3434 1528 3448 ,
1556 3422 1607 3450 per
1627 3412 1837 3444 translationem
1846 3437 1856 3450 ,
1885 3425 1938 3453 pro
1962 3417 2126 3449 Emendare.
2159 3419 2224 3451 Ter.
2238 3422 2356 3463 Adelph.
2369 3438 2398 3464 4.
2411 3437 2435 3466 7.
2448 3439 2494 3467 23,

1408 3471 1414 3479 .
1441 3459 1459 3479 c
1467 3460 1485 3479 ο
1496 3460 1512 3478 R
1522 3459 1538 3478 a
1550 3460 1563 3479 a
1572 3460 1589 3479 c
1598 3461 1618 3479 τ
1627 3460 1643 3479 0
1654 3461 1678 3480 R.

1363 3487 1490 3525 Aliquem
1505 3488 1644 3525 corrigere
1652 3489 1764 3526 potius,
1785 3499 1867 3526 quam
1877 3489 1977 3521 leviter
1989 3493 2139 3524 inflectere.
2161 3495 2222 3526 Cic.
2233 3508 2285 3535 pro
2299 3499 2408 3533 Muren.
2422 3508 2468 3535 60,

1363 3525 1508 3562 Coi-rigere
1519 3527 1545 3555 ἂ
1557 3535 1686 3555 coercere
1700 3526 1843 3564 praesentia
1855 3531 1994 3560 exercitus
2006 3531 2170 3562 defecrores.
2193 3535 2251 3564 Cic.
2267 3546 2307 3567 ιο.
2323 3539 2398 3570 Fam.
2415 3553 2456 3577 ις.

1363 3562 1508 3599 Corrigere
1518 3563 1716 3607 &Depravare
1727 3586 1734 3597 .
1757 3567 1880 3610 opponit
1896 3567 1954 3596 Cic.
1971 3578 1992 3597 1.
2007 3569 2043 3598 de
2055 3570 2114 3600 Fin.
2133 3579 2175 3607 17.
2199 3571 2234 3602 Ut
2245 3584 2276 3604 ea
2287 3585 2347 3612 quae
2359 3581 2496 3618 corrigere

1383 3600 1444 3630 vult
1458 3623 1466 3635 ,
1488 3601 1558 3630 mihi
1571 3602 1683 3638 quidern
1693 3602 1844 3639 depravare
1853 3606 1990 3634 videatur.

1360 3638 1505 3675 Corrigere
1513 3645 1597 3676 atque
1608 3639 1772 3669 Emendare.
1795 3641 1853 3670 Cic.
1867 3652 1891 3671 1.
1909 3643 1991 3672 Acad.
2009 3652 2050 3680 13.

1363 3677 1470 3712 Corrigi
1478 3686 1535 3705 non
1542 3676 1619 3715 posse
1630 3687 1721 3714 neque
1735 3678 1828 3707 doceri
1840 3679 1875 3708 ab
1885 3680 1989 3717 aliquo.
2012 3682 2071 3711 Cic.
2092 3682 2128 3712 de
2143 3683 2215 3714 Clar.
2226 3685 2303 3717 Orat.
2318 3698 2381 3724 3¹0.

1362 3713 1520 3751 Ferspicere
1532 3736 1541 3748 ,
1561 3715 1715 3759 corrigere,
1738 3722 1797 3744 tum
1806 3717 1929 3754 denique
1939 3719 2022 3749 edere
2032 3720 2169 3757 epistolas
2193 3723 2251 3753 Cic.
2269 3730 2310 3756 16.
2327 3730 2378 3758 Att.
2394 3739 2417 3763 ς.

1364 3752 1507 3789 Corrigere
1516 3751 1646 3789 aliquem.
1667 3753 1723 3781 ser.
1736 3754 1803 3782 And.
1812 3763 1864 3790 3.4.
1874 3765 1915 3790 ¹7·
1928 3756 2071 3794 Corrigere
2081 3758 2149 3788 mihi
2160 3768 2274 3797 gnatum
2287 3775 2369 3802 porro
2378 3767 2493 3798 enitere,

1365 3790 1510 3826 Corrigere
1519 3789 1642 3827 aliquem
1654 3791 1688 3819 ad
1700 3791 1817 3827 frugem.
1838 3791 1926 3822 Plaut.
1940 3794 2019 3824 Trin.
2036 3806 2058 3825 1.
2070 3806 2095 3825 2.
2111 3802 2156 3829 81·

1445 3827 1522 3864 Quin
1535 3837 1598 3857 eum
1609 3829 1727 3857 restituis
1736 3829 1749 3856 ²?
1770 3829 1837 3864 quin
1845 3831 1879 3858 ad
1888 3830 1993 3868 frugem
2006 3835 2141 3871 corrigis?

1364 3863 1642 3939 Dgigentss-aljcnjus
1652 3866 1727 3903 quod
1736 3867 1830 3896 minus
1849 3867 1986 3906 sapienter
2003 3872 2036 3901 ab
2048 3872 2104 3901 alio
2115 3873 2257 3910 provisum
2269 3876 2307 3905 est
2316 3898 2323 3912 ,
2345 3878 2492 3916 corrigere.

1408 3913 1441 3932 1c.
1459 3913 1481 3932 1.
1526 3926 1531 3931 .
1555 3910 1603 3932 rat.
1617 3914 1639 3932 ι.

1365 3940 1478 3970 Librum
1495 3942 1641 3978 corrigere.
1683 3941 1715 3969 V.
1737 3953 1798 3971 LIB
1809 3953 1857 3975 ιιι.

1364 3978 1505 4010 Mendum
1515 3978 1597 4010 litura
1607 3980 1754 4018 corrigere.
1777 3981 1836 4013 Cic.
1845 3994 1872 4020 ς.
1885 3982 1961 4013 Verr.
1976 3992 2037 4019 ¹04,

2098 434 2210 455 *mors
2219 424 2275 456 sola
2289 428 2388 459 fatetur

2238 2398 2258 2429 i.
2273 2408 2298 2429 e.
2321 2400 2492 2434 Sternuntur

2221 2571 2230 2586 ,
2250 2561 2334 2588 quani
2352 2554 2381 2583 in
2390 2555 2490 2593 segeti-

2367 3209 2392 3230 a.

2197 3355 2280 3377 nemo
2294 3350 2409 3389 vestigio
2426 3355 2496 3384 edu.

2399 4028 2495 4061 Mores
