2604 4222
155 160 224 199 408
647 146 676 180 C
778 146 803 179 A
904 142 942 177 M

197 233 350 270 gustaverit.
375 231 501 262 Budaeus.
530 228 689 259 Haloander
700 225 876 255 &Pandedtae
886 219 1052 251 Florentinse
1067 216 1169 247 habent
1179 238 1186 252 7
1214 215 1312 245 Arcam

239 282 247 286 ⁷
256 279 273 299 n
315 293 321 300 .

162 280 409 340 Ctifsidiiliriirio,
431 307 501 335 onis.
524 305 541 333 f.
564 302 672 333 Fornix.
695 300 853 337 Spartianus
874 298 902 325 in
922 293 1052 325 Caracall.
1065 303 1125 330 cap.
1141 303 1166 327 9.
1189 291 1224 320 de
1243 289 1313 319 cella

200 346 287 374 foliani
300 344 416 373 mirabili
429 343 611 372 Thermarum
620 340 700 374 hujus
715 340 781 374 imp.
795 337 911 372 loquens
922 356 929 367 7
952 334 1022 362 Nam
1033 333 1058 361 ἃ
1069 340 1104 359 ex
1114 340 1165 359 aere
1174 329 1217 372 vel
1226 337 1312 365 cupro

200 383 315 412 cancelli
328 381 487 420 superposui
498 380 551 409 else
559 379 689 406 dicuntur
698 397 706 409 7
728 374 827 411 quibus
836 371 985 401 cameratio
993 376 1052 399 tota
1063 367 1224 398 concredita
1233 366 1279 395 est.

163 419 212 450 CA
223 432 242 449 Μ
255 426 359 450 exus,
382 430 413 453 a,
434 427 489 446 um.
511 417 679 447 Obtortum7
700 413 790 448 inquit
803 411 929 439 Nonius:
951 408 1028 437 unde
1048 408 1075 437 δι
1094 406 1238 440 Camerae,
1259 402 1315 433 Te-

202 460 246 488 <aa
258 459 285 487 in
297 457 461 487 curvitatem
473 456 596 483 formata.
620 452 690 487 Virg.
706 459 729 485 3.
747 450 846 484 Georg.
864 458 906 481 ςς.
1186 481 1190 486 .

355 495 425 523 -Sc
435 493 550 522 cameris
564 491 639 518 lurae
647 488 695 517 sub
707 487 836 516 cornibus
847 493 934 514 aures.
1017 482 1091 512 Serv.
1109 483 1135 511 Sc
1145 479 1260 517 Philarg.
1277 478 1314 508 le-

203 539 270 570 gunt
283 532 415 561 Cainuris.
439 540 463 567 q.
478 530 513 568 V.
786 561 792 567 ι
960 559 966 565 ι
1074 557 1080 563 .
1196 556 1200 562 Ι

166 571 288 600 ΟΛΜΕκ
301 574 316 598 A
328 579 400 597 cuM
412 590 420 601 7
437 567 481 596 vel
498 567 574 595 CAM
586 574 626 592 AR
638 571 740 591 AcuM
756 571 802 595 71.
819 571 846 589 n.
869 559 940 588 Urbs
958 568 987 587 in
1006 557 1115 595 Belgica
1131 556 1236 589 Gallia,
1258 564 1316 583 me-

202 614 307 637 morata
318 607 446 635 Antonin.
460 605 548 632 itiner.
563 604 588 631 Sc
603 600 672 630 Tab.
683 599 806 636 Peuting.
830 597 917 634 Vulgo
933 598 1081 625 Cammerik.
1098 594 1167 625 Gall.
1182 592 1314 628 Cambray.

165 645 188 675 C
199 654 215 672 A
227 656 246 674 Μ
256 655 269 673 Ε
279 655 311 672 ni
322 654 339 672 A
351 666 359 677 7
384 653 414 671 fc.
445 642 462 670 f.
487 641 529 669 vel
549 639 596 668 CA
606 648 674 667 MER
685 647 721 665 1U
731 648 752 665 M
765 659 773 672 7
793 637 810 664 i.
829 646 856 664 n.
880 634 963 664 ltaliae
982 633 1120 672 oppidum
1137 633 1215 668 juxta
1226 629 1317 660 Colla-

202 684 269 711 tiam
281 682 355 718 apud
366 680 434 709 Plin.
447 678 494 707 lib.
509 688 531 713 3.
549 687 609 714 cap.
623 687 647 711 5.
659 675 749 704 Tacit.
767 685 776 702 1
786 684 808 702 1.
824 676 892 702 Ann.
906 683 950 708 ²4·
1177 707 1182 713 ⁸

166 720 188 749 C
199 731 247 748 AM
258 730 269 747 a
281 729 294 747 a
304 723 315 747 ῑ
326 728 369 746 NU
381 728 400 745 M
416 739 424 752 7
447 717 463 745 i.
479 726 505 744 n.
527 713 706 750 [xmo-qivai]
729 712 820 741 Piceni
833 712 896 740 urbs
909 709 1055 748 praeclara,
1077 718 1092 737 a
1107 712 1241 737 curvitate
1254 705 1317 734 situs

201 759 238 787 ita
250 755 393 793 appellata.
432 753 512 791 Apud
525 752 611 781 Strab.
624 753 650 780 &
662 750 776 779 Ptolem.
791 749 838 778 lib.
851 759 874 785 3.
891 758 951 785 cap.
970 758 992 777 1.
1014 747 1113 784 legitur
1127 745 1314 775 Camarinum.

201 794 252 824 Alii
265 794 381 822 Umbriae
395 790 559 820 adscribunt.
602 788 687 824 Vulgo
704 789 846 817 casnm-im.
881 787 956 815 Hinc

166 832 187 861 C
196 836 210 861 Ᾰ
222 843 241 859 Μ
253 834 267 860 ᾗ
278 841 290 858 ῑ-“.
301 834 339 859 rs
350 840 367 858 υ
378 839 390 858 s
400 851 408 864 7
426 839 440 858 a
449 850 457 862 7
473 838 529 857 um.
547 828 607 862 Adj.
625 825 728 863 gentile
741 827 766 855 Sc
777 824 882 863 possess.
895 832 925 852 ut
937 846 945 858 7
967 825 1035 861 Ager
1047 821 1218 851 Camerinus.
1234 819 1318 848 Fron·

201 870 252 898 tin.
267 870 302 896 de
317 867 416 896 Colon.
439 865 590 895 Conditum
609 864 789 893 Camerinum
801 885 808 898 7
831 863 909 899 cujus
927 862 991 891 loco
1011 860 1205 890 absinthiatuin
1218 857 1318 886 Roma-

201 916 268 935 num
279 904 457 934 commendat
470 904 579 940 Apicius
594 912 616 931 1.
630 911 654 938 3.

202 944 362 973 Camerinus
372 964 379 977 7
402 942 544 979 Proprium
556 941 645 969 Poetae
656 962 664 975 7
686 939 764 974 cujus
782 937 911 967 meminit
928 937 1011 967 Ovid.
1023 946 1050 972 4.
1072 935 1107 965 de
1118 935 1196 964 Pont.
1211 936 1252 962 16.
1273 941 1315 967 19.

281 980 393 1016 Quique
402 986 478 1008 canit
488 979 596 1007 domito
604 977 765 1006 Camerinus
777 977 810 1005 ab
821 976 942 1005 Heaore
955 974 1079 1009 Troiam.

221 1018 360 1047 Camerini
377 1018 449 1046 inter
465 1016 618 1045 nobiliores
638 1015 713 1053 apud
726 1014 860 1051 ,iuven-J.
874 1015 929 1042 Sat.
943 1023 987 1048 90.
1002 1014 1027 1041 &
1043 1018 1068 1042 S.
1085 1016 1128 1044 28.
1152 1009 1318 1046 Cognomen

220 1056 273 1084 fuit
282 1056 371 1093 gentis
383 1054 512 1091 Sulpicia*
523 1077 530 1089 7
553 1055 587 1082 de
599 1054 676 1089 cuius
689 1052 834 1081 nobilitate
855 1050 884 1080 V.
906 1051 982 1080 Suet.
998 1051 1027 1078 in
1036 1048 1131 1077 Galba.

164 1093 186 1122 C
195 1103 213 1122 A
222 1104 241 1121 M
251 1104 264 1122 r.
273 1103 308 1122 Rs
319 1115 326 1127 7
348 1094 390 1121 tis.
413 1093 450 1130 pl.
478 1093 499 1121 C
511 1105 529 1120 A
541 1103 559 1119 Μ
572 1102 583 1118 π.
595 1101 609 1118 1².
619 1101 638 1119 'r
649 1101 663 1119 E
672 1100 684 1119 s
694 1112 702 1125 7
725 1089 900 1125 [Κάμηςπς]
921 1088 1020 1126 Populi
1041 1087 1126 1115 iidem
1140 1085 1185 1121 qui
1199 1084 1320 1127 Cameri-

201 1131 240 1160 ni.
277 1130 456 1160 Collocantur
466 1130 495 1158 in
507 1129 649 1159 montibus
664 1150 672 1163 7
694 1129 740 1165 qui
758 1127 879 1156 Umbros
893 1136 908 1155 a
928 1126 1033 1155 Picenis
1049 1124 1187 1153 dividunt.
1209 1121 1316 1152 Sith.

200 1174 226 1203 8.
259 1173 303 1203 63.
692 1182 729 1186 —
740 1166 766 1194 ἃ
780 1165 860 1193 arinis

239 1179 305 1234 4Vel
327 1205 418 1235 castris
438 1204 578 1235 laudande
600 1203 719 1233 Camers.
811 1200 963 1238 Singularis
982 1209 1114 1230 numerus
1134 1208 1186 1237 pro
1208 1197 1318 1236 plurali.

201 1244 310 1273 Horum
328 1244 457 1273 meminit
479 1242 576 1272 Strabo
599 1242 646 1270 lib.
660 1252 682 1277 5.
705 1241 739 1270 Et
758 1239 825 1268 Plin.
847 1239 895 1268 lib.
909 1248 933 1274 3.
952 1248 1013 1275 cap.
1027 1248 1069 1273 14.
1093 1238 1151 1266 Cic.
1165 1247 1216 1274 pro
1232 1236 1318 1265 Corn.

201 1281 277 1310 Balb.
289 1290 333 1316 47.
355 1281 453 1318 Neque
464 1280 649 1317 fulginatium
660 1301 667 1313 7
690 1288 780 1315 neque
795 1277 966 1306 Camertium
975 1276 1082 1305 foedere
1093 1274 1147 1304 effe
1158 1280 1318 1313 exceptum.

202 1320 228 1349 δι
242 1329 285 1351 <0-
309 1318 443 1348 Cohortes
454 1319 521 1348 duas
534 1317 672 1347 universas
685 1316 864 1345 Camertium.

165 1356 186 1387 C
198 1367 217 1385 A
227 1368 246 1424 »ἲ
257 1366 296 1423 EGR
306 1366 338 1423 lsi?
360 1357 420 1392 Adi.
447 1356 590 1393 [Κοίμκςς]
611 1355 668 1384 Cic.
690 1364 740 1392 pro
751 1352 818 1390 Syll.
832 1362 874 1388 53.
904 1352 937 1382 In
954 1360 1018 1388 agro
1036 1350 1174 1384 Camerti,
1196 1349 1298 1378 Piceno
1311 1370 1320 1384 7

176 1422 184 1427 s
201 1405 234 1423 ve
288 1405 302 1423 a
327 1404 378 1424 ico.

165 1432 187 1461 C
197 1442 216 1461 A
226 1443 246 1460 Μ
255 1442 270 1461 iz
279 1442 295 1461 a
305 1442 324 1460 T
332 1436 345 1461 ῑ
353 1442 373 1461 N
381 1442 419 1461 us
427 1453 436 1465 7
455 1441 470 1460 a
480 1453 487 1466 7
509 1440 566 1460 um.
589 1429 665 1459 aliud
686 1428 746 1464 Adj.
770 1426 959 1465 [καμηξπνὶς]
980 1432 1012 1456 ut
1021 1448 1028 1461 7
1052 1425 1245 1455 Camertinum
1271 1424 1322 1453 foe-

202 1470 262 1499 dus.
284 1470 342 1499 Cic.
354 1480 403 1508 pro
415 1469 500 1498 Corn.
512 1468 587 1497 Balb.
599 1470 644 1503 46.

164 1507 187 1537 C
196 1517 244 1536 AM
254 1517 267 1536 iz
278 1517 289 1536 s
298 1517 312 1536 a
321 1517 333 1537 s
345 1530 353 1543 7
374 1506 491 1537 Consors
499 1506 572 1542 jani.
609 1505 651 1535 De
662 1514 717 1542 quo
733 1503 767 1533 sic
778 1503 904 1532 Perottus
916 1524 923 1538 7
947 1501 982 1530 de
991 1501 1061 1536 Jano
1076 1500 1195 1538 loquens
1208 1522 1215 1535 7
1237 1499 1321 1529 Hunc

201 1546 345 1582 regionem
354 1546 429 1574 istam
440 1566 447 1579 7
468 1554 528 1581 quae
540 1552 614 1572 nunc
625 1548 739 1572 vocatur
755 1541 832 1571 Italia
845 1563 853 1576 7
874 1550 960 1577 regno
972 1538 1121 1568 obtinuisse
1131 1560 1139 1573 7
1161 1541 1187 1568 Sc
1198 1548 1263 1567 cum
1271 1538 1322 1566 Ca-

202 1583 276 1612 mese
286 1605 294 1619 7
315 1584 362 1620 qui
375 1582 453 1612 simili
464 1582 549 1611 niodo
560 1581 691 1618 indigena
699 1587 774 1614 erat,
796 1580 833 1609 ita
845 1579 1010 1617 participata
1022 1577 1149 1615 potentia
1159 1575 1321 1614 possedisse7

201 1627 233 1650 ut
243 1622 318 1658 imno
332 1620 499 1653 Camesene:
526 1620 662 1657 oppidum
671 1617 831 1654 Janiculum
844 1624 997 1646 vocaretur.
1231 1629 1236 1635 ·

165 1658 314 1688 CAMILL
326 1669 344 1687 A
358 1681 366 1693 7
388 1669 418 1688 ae.
440 1659 459 1687 f.
481 1657 639 1693 [Kapamn]
662 1655 757 1685 Volsca
775 1656 887 1692 virago,
919 1664 980 1691 quse
1000 1652 1079 1683 venit
1098 1651 1202 1681 auxilio
1222 1650 1321 1681 Turno

203 1704 300 1726 contra
310 1696 422 1726 Latinos
432 1698 457 1725 ἂ
467 1696 583 1725 AEneam
593 1716 602 1730 7
624 1695 654 1723 in
673 1703 729 1731 quo
743 1693 817 1723 bello
839 1694 923 1722 etiam
939 1691 1080 1722 occubuit.
1104 1690 1171 1720 Eam
1187 1689 1260 1727 Virg.
1274 1688 1322 1718 de-

200 1734 294 1764 scribit
309 1743 334 1771 7.
347 1734 409 1764 }En.
425 1739 488 1770 803.

296 1772 353 1802 Hos
364 1772 442 1810 super
456 1770 567 1800 advenit
576 1769 674 1799 Volsca
685 1769 721 1799 de
732 1774 815 1807 gente
826 1767 943 1798 Camilla
955 1789 963 1803 7
985 1768 1038 1797 διο.

201 1809 255 1839 Dia
269 1810 394 1839 Camilla.
417 1809 491 1846 Virg.
507 1819 517 1837 1
526 1818 549 1837 1.
562 1807 624 1837 AEn.
636 1811 700 1842 657.

201 1847 358 1877 Pharetrata
367 1847 491 1877 Camilla.
512 1845 584 1883 Virg.
601 1855 642 1875 11.
657 1839 721 1875 AEn.
738 1848 802 1881 649·

166 1885 188 1915 C
198 1895 216 1914 A
226 1896 265 1914 Mi
275 1897 291 1914 1.
300 1897 316 1914 L
326 1895 365 1914 us
375 1907 384 1920 7
405 1885 422 1914 i.
440 1895 476 1914 m.
500 1884 682 1920 [mamea]
704 1883 869 1921 Cognomen
880 1882 971 1920 gentis
981 1880 1069 1911 Furiae
1079 1902 1087 1916 7
1112 1889 1146 1909 ex
1154 1888 1208 1916 qua
1216 1876 1322 1907 familia

201 1923 287 1960 longe
297 1922 480 1952 nobilissimus
491 1922 543 1951 fuit
553 1921 593 1951 M.
608 1920 705 1950 Furius
716 1920 850 1950 Camillus
860 1942 867 1956 7
890 1920 937 1957 qui
951 1919 1033 1948 Veios
1044 1917 1192 1947 decennali
1203 1916 1323 1946 obsidio-

201 1971 238 1990 ne
249 1962 376 1996 domuit,
398 1961 489 1997 deque
509 1960 552 1989 his
570 1959 760 1997 triumphavit.
800 1958 893 1988 Postea
912 1957 1025 1987 crimini
1041 1957 1138 1985 datum
1157 1955 1233 1992 quod
1251 1954 1322 1983 albis

202 2000 279 2036 equis
292 1998 483 2035 triumphasset
493 2020 500 2033 7
522 1999 548 2026 ἃ
559 1997 680 2034 praedam
693 1997 788 2034 inique
800 1995 927 2026 divififfet
942 2005 948 2025 :
971 1995 1018 2024 die
1029 1994 1126 2024 didtaa
1141 1992 1168 2022 L.
1184 1992 1321 2030 Appuleio

201 2036 351 2066 Saturnino
361 2036 490 2066 Tribuno
510 2035 615 2073 plebis,
637 2035 802 2070 damnatus,
823 2035 941 2064 Ardeam
959 2032 1104 2062 concessit.
1145 2030 1215 2060 Mox
1235 2039 1322 2068 quum

203 2074 274 2104 Galli
287 2074 412 2104 Senones
424 2074 520 2103 urbem
531 2072 722 2110 diripuissent,
743 2071 839 2101 absens
857 2072 980 2101 Dictator
990 2071 1078 2100 fastus
1088 2092 1096 2105 ,
1119 2068 1244 2098 collectis
1259 2068 1322 2097 reli-

202 2113 249 2149 qui
254 2114 274 2141 is
288 2111 383 2141 Gallos
391 2112 503 2141 adortus
514 2112 642 2140 incautos
651 2109 792 2148 oppressit.
831 2109 970 2147 Populum
984 2108 1102 2138 Romam
1113 2107 1228 2144 migrare
1236 2105 1322 2135 Veios

201 2149 344 2180 volentem
356 2150 475 2187 eleganti
488 2150 562 2186 apud
572 2149 679 2177 Livium
690 2148 739 2177 lib.
746 2148 985 2183 5.extr.concione
994 2145 1151 2180 retinuit7in
1160 2153 1212 2181 qua
1221 2153 1321 2173 omnes

201 2188 276 2217 urbis
288 2188 377 2223 dotes7
390 2186 538 2224 laudesque
548 2186 614 2215 licet
623 2185 887 2223 agnoscere.Adjicit
899 2182 1196 2223 quoqueLiviuS.quod
1206 2183 1319 2211 tertium

201 2225 327 2255 Dit‘tator
338 2225 428 2255 distus
439 2247 448 2260 7
471 2232 567 2254 contra
580 2225 689 2253 Latinos
699 2224 733 2252 ad
744 2224 880 2253 Satricum
892 2223 1054 2255 contendit,
1071 2229 1101 2250 ut
1112 2221 1213 2250 sociam
1224 2221 1322 2249 urbem

201 2263 269 2301 Pop.
284 2263 364 2293 Rom.
376 2273 391 2292 a
402 2262 507 2292 Latinis
518 2269 709 2299 oppugnatam
721 2268 852 2291 tueretur.
894 2260 1034 2297 Quartum
1045 2259 1170 2288 Dictator
1181 2258 1216 2287 ad
1228 2257 1322 2287 sedan-

203 2301 269 2330 dam
284 2300 383 2339 populi
398 2301 563 2330 seditionem
578 2300 683 2334 fastus,
703 2298 894 2328 valetudinem
918 2298 1058 2328 excusavit
1069 2319 1077 2331 7
1098 2306 1133 2325 ex
1146 2306 1200 2332 quo
1216 2295 1284 2324 alter
1296 2296 1322 2324 ei

202 2339 362 2377 subrogatus
373 2338 419 2368 est.
460 2338 598 2375 Quintum
610 2337 733 2366 Dictator
743 2359 751 2372 7
775 2336 869 2366 Gallos
881 2337 981 2365 iterum
1000 2335 1118 2364 Romam
1129 2340 1256 2372 petentes
1268 2356 1275 2368 7
1296 2335 1323 2362 δε

204 2377 240 2406 ad
250 2377 355 2406 flumen
367 2377 503 2405 Anienem
517 2376 720 2404 castrametatos
730 2397 737 2410 7
758 2374 905 2412 superavit.
946 2374 1084 2403 Postremo
1096 2372 1192 2401 Romae
1213 2373 1323 2408 ot‘toge·

202 2415 295 2444 narius
307 2413 459 2451 pestilentia
470 2414 583 2442 interiit.
607 2414 740 2442 Auctores
755 2411 814 2441 Liv.
829 2412 876 2441 lib.
893 2423 917 2447 ς.
928 2415 953 2441 6.
968 2413 993 2441 δι
1005 2421 1032 2447 7.
1047 2412 1073 2440 ἃ
1085 2409 1220 2439 Plutarch.

205 2452 338 2481 Camillos
349 2454 374 2482 Sc
384 2451 514 2480 Camillas
524 2452 552 2479 in
564 2450 644 2480 sacris
660 2450 798 2480 vocabant
810 2450 950 2479 Ministros
961 2451 987 2479 Sc
996 2448 1133 2478 Ministras
1144 2446 1303 2485 impuberes
1314 2468 1322 2481 7

223 2490 323 2526 quibus
333 2489 446 2519 laftucae
456 2489 515 2518 esus
525 2488 633 2517 fortasse
645 2487 877 2526 praescribebatur.
900 2487 974 2517 Hinc
991 2488 1016 2516 Sc
1028 2485 1143 2515 Camilla
1153 2486 1234 2514 dicta.
1258 2485 1324 2514 Haec

222 2528 341 2557 Servius.
382 2527 433 2556 Alii
442 2527 540 2556 dicunt
550 2526 658 2555 Omnes
669 2535 769 2563 pueros
779 2526 813 2555 ab
826 2526 947 2562 antiquis
956 2524 1089 2554 Camillos
1099 2523 1254 2562 appellatos
1264 2545 1272 2557 7
1294 2523 1326 2551 si-

222 2572 270 2595 cut
284 2564 400 2594 habetur
411 2566 439 2594 in
448 2566 563 2601 antiquo
579 2565 703 2593 carmine
712 2586 720 2598 7
743 2573 829 2601 quum
851 2571 927 2600 pater
938 2563 995 2591 filio
1005 2563 1041 2593 de
1051 2561 1219 2599 agricultura
1229 2562 1325 2599 praeci-

222 2610 312 2641 peret,
325 2603 448 2632 Hiberno
459 2603 581 2641 pulvere7
590 2611 676 2631 verno
690 2601 751 2630 luto
766 2602 878 2638 grandia
889 2601 966 2635 sarra7
979 2600 1090 2629 camille
1100 2622 1107 2634 7
1133 2607 1230 2628 metes.
1254 2599 1323 2628 Fest.

221 2651 247 2671 v.
261 2641 421 2671 Flaminius.
442 2651 465 2678 q.
483 2640 513 2669 V.
546 2641 572 2670 ἃ
587 2640 616 2669 ἰη
630 2639 773 2669 Camillus.
796 2640 867 2669 Add.
892 2639 930 2668 ibi
947 2638 1046 2676 Scalig.
1066 2639 1092 2667 Sc
1107 2637 1206 2667 Dacer.
1219 2643 1278 2666 not.
1298 2638 1325 2666 Sc

220 2679 297 2709 Serv.
314 2679 349 2708 ad
359 2678 419 2708 AEn.
434 2688 475 2708 11.
488 2687 550 2714 543.

168 2717 190 2748 C
200 2726 219 2746 A
229 2728 249 2745 M
258 2728 267 2745 r
277 2728 293 2745 L
302 2728 318 2745 i.
327 2726 344 2745 υ
356 2727 396 2751 M,
418 2716 436 2746 i.
457 2726 484 2746 n.
508 2716 586 2745 Idem
597 2714 651 2745 esse
660 2715 771 2745 videtur
781 2715 857 2753 quod
868 2713 998 2744 Camella.
1020 2713 1124 2743 Vitruv.
1140 2723 1182 2742 10.
1197 2723 1238 2747 15.
1252 2712 1327 2741 Cras-

204 2755 294 2784 situdo
313 2753 456 2789 bucculae7
477 2764 537 2790 quae
555 2753 691 2791 affigitur,
711 2762 826 2782 vocatur
844 2752 993 2782 Camillum
1005 2773 1014 2787 7
1036 2751 1082 2781 seu
1093 2751 1325 2780 loculamentum.

204 2792 338 2822 Catillum
348 2792 428 2821 innui
439 2792 539 2821 Baldus
554 2791 738 2829 suspicaturin
751 2791 814 2820 Lex.
829 2791 932 2819 Vitruv.

168 2831 190 2860 C
199 2840 218 2860 A
229 2842 250 2860 M
259 2833 272 2860 ῑ
281 2840 302 2859 N
312 2840 330 2859 u
341 2840 352 2859 s
366 2852 374 2865 7
396 2831 414 2858 i.
426 2839 468 2858 .m.
490 2826 651 2866 [κιέμινῶυ]
674 2829 801 2859 Graecum
813 2828 979 2858 vocabulum
989 2827 1036 2857 est.
1057 2826 1156 2856 Latine
1169 2826 1278 2856 Fornax
1286 2825 1327 2855 di-

204 2869 276 2898 citur
287 2890 295 2904 7
316 2869 429 2898 auctore
443 2867 549 2897 Servio.
573 2867 643 2904 Virg.
656 2875 680 2903 3.
695 2867 757 2898 ffin.
770 2872 832 2902 580·

397 2920 435 2926 —-
447 2905 536 2943 ruptis
549 2905 693 2934 flammam
703 2906 828 2943 expirare
842 2903 967 2933 caminis.

205 2943 336 2973 Caminus
346 2965 354 2978 7
376 2943 516 2973 Strudtura
528 2952 588 2980 quae
597 2943 705 2972 sunium
714 2943 827 2980 excipit.
849 2942 924 2971 Suet.
932 2942 962 2970 in
972 2939 1053 2970 Vitel.
1070 2950 1132 2978 cap.
1145 2945 1171 2974 8.
1193 2939 1255 2969 Nec
1263 2946 1327 2969 ante

222 2982 252 3010 in
262 2981 421 3010 Praetorium
432 2981 515 3010 rediit
527 3003 535 3016 7
556 2990 638 3018 quarn
649 2981 781 3018 flagrante
793 2979 916 3010 triclinio
928 2989 963 3008 ex
973 2986 1115 3017 conceptu
1131 2979 1243 3007 camini.
1265 2978 1324 3007 Cic.

224 3028 250 3055 7.
264 3020 338 3048 Fam.
353 3028 396 3048 10.
415 3019 570 3049 Luculento
581 3020 692 3048 camino
701 3018 837 3047 utendum
846 3016 955 3047 censeo,

205 3057 313 3086 Addere
324 3056 417 3086 oleum
432 3057 553 3086 camino.
575 3057 641 3086 Hor.
654 3066 681 3086 2.
691 3056 777 3086 Serm.
790 3064 815 3092 3.
832 3064 893 3092 321.
924 3055 942 3084 i.
957 3063 982 3083 e.
1005 3054 1113 3083 Addere
1131 3054 1242 3089 majoris
1257 3053 1327 3082 insu-

224 3095 276 3123 niae
288 3095 441 3124 materiam.
462 3094 643 3124 Proverbialis
651 3094 791 3132 loquutio7
805 3093 841 3122 de
849 3103 902 3130 qua
911 3091 1022 3121 abunde
1033 3091 1156 3121 Erasinus
1165 3092 1194 3120 in
1204 3091 1326 3121 Chiliad.

205 3132 351 3174 Anhelans.
375 3132 444 3163 Pers.
456 3143 479 3167 ς.
492 3133 548 3162 Sat.
565 3142 606 3162 10.
646 3132 759 3168 [Immo
769 3132 803 3160 ad
814 3139 914 3160 vocem
927 3129 982 3167 seq.
1011 3129 1087 3159 Folle
1106 3129 1160 3159 hoc
1176 3130 1326 3167 epitheton

224 3173 350 3200 retertur.
371 3170 448 3207 Quin
458 3170 577 3208 suspicor
589 3170 671 3199 unius
681 3169 767 3199 litera:
775 3169 934 3204 adjectione
944 3167 1111 3205 legendum:

297 3207 342 3236 Tu
354 3217 444 3245 neque
453 3208 629 3244 anhelantis,
651 3208 780 3244 coquitur
791 3207 859 3235 dum
870 3204 953 3235 massa
962 3206 1073 3234 camino
1085 3227 1093 3240 7

297 3244 376 3274 Folle
388 3247 491 3283 premis
506 3252 621 3281 ventos,
642 3247 695 3275 διο.
790 3244 827 3273 Ut
841 3244 872 3274 sit
882 3243 1052 3273 Anhelantes
1067 3247 1165 3272 ventos
1180 3263 1189 3277 7
1209 3252 1261 3279 pro
1271 3251 1326 3278 quo

226 3279 321 3324 Horat.
338 3282 422 3313 Serm.
440 3293 463 3313 1.
477 3294 504 3319 4.
518 3293 560 3319 19.
583 3285 666 3313 Auras
676 3282 760 3320 usque
775 3281 931 3311 laborantes
947 3281 1037 3316 dixit,
1057 3289 1141 3318 quem
1161 3279 1217 3309 fine
1239 3279 1326 3309 dubio

227 3327 382 3355 exprimere
395 3321 496 3350 studuit
506 3321 609 3351 Persius
621 3343 628 3357 ,
651 3327 682 3350 ut
691 3321 746 3357 jam
758 3320 880 3358 interpp.
898 3325 1080 3348 monuerunt.

208 3355 312 3398 Ardeiis
323 3356 436 3395 semper.
456 3359 555 3394 Juven.
571 3369 614 3395 14.
626 3359 682 3388 Sat.
700 3363 762 3392 118.

208 3391 301 3422 Lentis
310 3396 424 3437 caminis
434 3396 499 3426 dare
509 3396 619 3426 viscera.
641 3397 704 3426 Sen.
717 3396 747 3425 in
756 3395 868 3432 Thyest.
882 3396 948 3432 766.

208 3429 349 3466 Perpetuis
359 3433 473 3463 caminis
486 3433 633 3470 desudare,
655 3433 794 3464 Vulcanus
807 3433 911 3463 dicitur
921 3455 929 3468 ,
951 3432 1019 3463 Stat.
1033 3439 1057 3468 3.
1076 3429 1167 3460 Theb.
1180 3438 1245 3467 277.

209 3466 368 3533 Ugrqsntqum
393 3470 465 3500 foliis
481 3481 572 3501 ramos
592 3477 690 3502 urente
708 3472 831 3501 camino.
862 3470 930 3501 Hor.
944 3480 968 3500 1.
990 3469 1077 3499 Serm.
1090 3480 1113 3504 ς.
1128 3474 1172 3503 81.
1198 3467 1327 3506 preigne

173 3540 196 3570 C
204 3551 222 3570 Α
232 3552 252 3570 Μ
261 3545 274 3569 ἶ
282 3551 304 3584 Ν,
312 3552 328 3570 0
339 3564 347 3577 a
369 3544 518 3586 [mffivo'w]
538 3549 593 3576 are.
614 3546 647 3576 In
659 3547 776 3576 modum
787 3545 907 3576 fornacis
916 3545 1016 3576 facere.
1033 3544 1102 3574 Plin.
1115 3543 1165 3573 lib.
1179 3546 1221 3573 16.
1233 3545 1325 3581 cap.6.

211 3580 307 3608 Acervr
317 3580 448 3610 confertis
459 3582 536 3612 taleis
548 3584 706 3614 recentibus
717 3584 776 3614 luto
793 3584 979 3614 caminantur.

173 3615 223 3662 Cf
233 3627 252 3645 Μ
262 3625 329 3661 {NA
339 3625 358 3644 T
368 3627 404 3660 U,S
416 3639 423 3652 ³
443 3629 459 3647 a
469 3640 477 3654 7
498 3630 554 3650 um.
577 3628 624 3657 ut7
646 3621 756 3651 Fossura
779 3622 926 3653 caminata.
947 3621 1017 3654 Plin.
1028 3619 1076 3650 lib.
1091 3628 1132 3656 17.
1151 3629 1214 3657 cap.
1226 3629 1269 3649 rr.

172 3653 195 3682 C
206 3663 224 3682 Α
234 3664 254 3682 Μ
265 3664 274 3682 1
284 3662 345 3682 Rus
357 3675 366 3689 a
387 3665 404 3683 1.
427 3665 463 3685 m.
486 3656 546 3687 Una
557 3669 590 3687 ex
604 3659 692 3689 urbib.
704 3660 796 3689 Rhodi
810 3658 913 3689 insulae.
955 3657 1052 3689 Strabo
1064 3680 1072 3694 7
1094 3658 1172 3694 Quas
1181 3657 1260 3686 urbes
1272 3656 1328 3686 Ho-

211 3699 302 3720 merus
315 3700 523 3736 commemora&
544 3695 653 3726 Lindon
665 3718 673 3731 7
693 3696 804 3735 Jalyson
819 3719 828 3732 7
850 3697 990 3727 Camiron.
1012 3696 1081 3726 Plin.
1099 3695 1148 3724 lib.
1164 3705 1188 3731 ς.
1204 3705 1264 3732 cap.
1282 3704 1325 3729 31.

173 3726 196 3757 C
204 3737 222 3756 Α
233 3737 288 3757 ΜΙΞ
296 3737 310 3756 1³
321 3738 340 3756 N
348 3737 367 3756 Α
378 3750 386 3763 a
406 3739 437 3759 ae·
454 3730 472 3759 f·
496 3733 671 3775 [Κρμῗισ-ηνό]
693 3734 780 3772 Regio
791 3735 829 3764 est
838 3735 906 3764 olim
917 3735 1068 3764 Medorum
1079 3733 1182 3763 ditioni
1193 3732 1326 3771 subjecta,

208 3771 387 3831 aupezzutem
396 3766 443 3795 sub
456 3767 557 3798 Parthis
565 3779 671 3806 vivens,
695 3773 734 3801 ait
747 3772 845 3802 Strabo
857 3772 907 3802 lib.
922 3783 934 3803 1
943 3782 965 3802 1.
986 3771 1052 3802 Aliis
1064 3770 1223 3802 Cominiine
1234 3771 1259 3801 ὃ(
1275 3770 1328 3799 Co-

172 3839 357 3875 CAM¹S¹Ai
378 3849 409 3869 ae·
431 3841 449 3870 f.
472 3852 555 3886 quam
567 3843 736 3874 Subuculam
748 3846 802 3876 esse
821 3846 891 3876 dicit
907 3847 982 3877 Sext.
1000 3847 1149 3885 Pompeius
1170 3846 1217 3876 lib.
1234 3853 1275 3882 17.
1298 3845 1328 3875 in

208 3877 292 3906 verbo
304 3877 463 3915 Supparus:
485 3881 511 3909 δι
524 3889 568 3909 vix
579 3891 641 3910 eam
652 3882 868 3919 appellationem
880 3885 944 3915 alibi
955 3894 984 3914 re
1007 3885 1076 3916 erias
1092 3885 1167 3922 apud
1188 3884 1326 3920 antiquos.

208 3914 268 3944 NOS
280 3924 409 3944 VOCamUS
420 3916 537 3951 chemise·
580 3918 689 3961 Putatur
703 3926 795 3950 autem
810 3931 825 3949 a
839 3922 986 3951 Macedoni
1009 3932 1041 3952 us
1060 3923 1184 3960 primum
1201 3920 1328 3952 introdu-

209 3953 260 3982 aa.
284 3952 375 3982 Isidor.
388 3961 430 3988 19.
444 3962 488 3983 21.
501 3955 527 3984 Sc
543 3963 586 3984 22.
610 3955 759 3987 &Hierum
771 3957 852 3995 Epist.
866 3959 900 3988 ad
914 3959 977 3989 Fab.

1876 130 1903 163 C
2004 130 2029 163 A
2127 127 2166 162 M

1368 212 1390 242 C
1401 221 1446 240 AM
1457 222 1477 239 M
1488 220 1505 239 A
1520 232 1528 244 7
1548 209 1659 239 Nobilis
1672 211 1797 247 quaedam
1812 210 1915 239 femina
1936 220 1950 239 e
1965 209 2070 239 Galatia
2085 209 2203 238 oriunda
2214 231 2221 243 7
2242 208 2293 238 viri
2310 207 2348 238 sui
2366 214 2480 241 mortem
2495 221 2510 242 a
2560 223 2561 228 ¹
2596 231 2600 239 .

1407 248 1643 286 Sinorigeillatam
1655 249 1793 284 aegerrime
1803 248 1894 277 fereris
1906 270 1913 282 7
1934 257 2020 284 quum
2031 247 2106 285 apud
2127 246 2233 276 Galatas
2249 247 2276 275 in
2295 256 2371 276 inore
2381 247 2463 283 esset,
2484 256 2512 279 ut

2559 244 2604 276 ὲ.

1408 288 1453 323 qui
1466 287 1564 314 ineunt
1579 285 1712 323 sponsalia
1723 308 1729 315 .
1752 287 1790 313 vir
1803 285 1906 315 scilicet
1917 287 1941 314 S<
1954 295 2039 318 uxor,
2061 285 2096 313 de
2107 285 2207 313 eodem
2218 284 2320 322 poculo
2333 281 2447 320 bibant,
2465 286 2512 316 dis.
2559 285 2562 299 ⁷

1408 324 1533 353 simulato
1544 323 1639 352 dolore
1650 323 1781 360 sponsalia
1790 333 1853 352 cuni
1865 333 1899 352 eo
1912 324 1959 352 in}1
1968 335 1980 350 a:
1991 322 2071 350 linxit
2081 344 2088 355 7
2110 330 2334 356 venenatumque
2346 322 2474 359 poculum
2485 324 2513 354 il.
2560 323 2561 334 ¹

1407 362 1425 391 li
1438 362 1612 400 propinavit:
1637 370 1691 396 quo
1701 361 1795 389 hausto
1806 361 1916 390 Sinorix
1928 383 1935 395 ,
1958 362 1982 389 ἃ
1993 360 2065 396 ipsa,
2088 359 2149 388 laeta
2163 360 2238 396 quod
2259 361 2346 388 vii-um
2364 360 2422 397 ulta¹
2433 360 2512 398 esset,

1407 399 1660 465 morteuil-obivere.
1701 398 1767 442 l-laep
1779 397 1855 427 Alex.
1866 398 1900 427 ab
1910 398 1987 428 Alex.
1999 398 2046 427 lib.
2058 407 2082 427 2.
2096 407 2156 435 cap.
2169 408 2192 433 ς.
2216 397 2255 426 Ex
2266 398 2411 427 Plutarcho
2420 398 2455 428 de
2465 399 2515 429 vir-

1410 445 1460 466 [Us.
1471 447 1518 466 nlll
1533 446 1580 465 ler-

1372 475 1394 504 C
1403 486 1420 504 A
1433 486 1452 503 Μ
1462 486 1482 503 Μ
1494 485 1510 503 A
1522 484 1535 502 a
1547 484 1563 502 o
1574 483 1594 502 N
1607 496 1614 508 7
1636 470 1814 509 [mistuwoi]
1834 472 1988 502 Herbarum
2003 471 2210 501 venenosissima
2226 493 2234 506 7
2265 481 2325 508 quae
2348 472 2456 502 notiore
2469 482 2515 503 no.

1410 514 1486 541 mine
1499 513 1646 541 Aconitum
1658 510 1820 548 appellatur.
1861 510 2027 540 Cammaron
2038 516 2131 539 autem
2142 510 2248 538 dietum
2258 510 2415 540 existimant
2425 531 2434 545 7
2452 520 2468 541 a
2480 521 2517 542 ra-

1410 551 1480 579 dicis
1489 551 1593 579 flexura
1604 572 1612 584 7
1634 558 1716 585 quam
1730 548 1903 577 Dioscorides
1916 557 1979 585 4²7·
2003 548 2163 584 Scorpionis
2172 547 2266 576 caudae
2278 547 2412 578 assimilat.

1411 589 1558 617 Aconitum
1568 588 1634 616 item
1647 587 1761 615 herbam
1774 585 2078 615 nonnulliCammaron
2088 584 2271 622 appellarunt.
2293 585 2325 614 V.
2348 584 2516 625 Plin.lib.27'.

1430 636 1489 662 cap.
1505 635 1528 660 3.

1375 664 1396 693 C
1407 674 1424 692 A
1436 675 1455 692 Μ
1467 675 1485 691 Μ
1497 665 1513 692 A
1522 673 1537 691 a
1546 672 1585 691 us
1595 684 1603 697 7
1624 662 1641 690 i.
1657 671 1694 691 m.
1717 663 1731 697 [
1743 659 1912 697 ωᾶμυαξῶι]
1933 660 2014 690 Piscis
2028 660 2151 690 marinus
2162 683 2170 695 7
2192 671 2226 690 ex
2245 660 2337 699 specie
2356 660 2520 694 malacostra.
2570 661 2587 670 '¹

1413 711 1508 730 corum
1518 722 1526 736 7
1547 701 1601 729 hoc
1615 700 1653 729 est
1664 700 1709 737 qui
1720 699 1876 729 molliorem
1885 699 1985 728 testam
1993 708 2042 735 pro
2055 704 2118 727 cute
2129 698 2242 728 haberit.
2283 698 2420 728 Columel.
2435 699 2481 730 lib.
2492 706 2518 735 8.
2560 725 2561 729 ,

1413 749 1473 775 cap.
1491 748 1532 773 ¹5-
1555 737 1725 774 Aquatilibus
1740 744 1833 766 autem
1843 737 1926 771 cibis,
1949 736 1965 765 si
1976 736 2005 765 sit
2015 735 2129 766 facultas
2141 758 2149 772 7
2170 736 2251 766 datur
2266 746 2418 767 cammarus
2428 759 2436 774 7
2456 733 2521 769 8(ῐῖ-

1413 777 1479 805 valis
1490 775 1606 805 alecula.
1647 775 1713 805 Aliis
1728 775 1888 804 Gammarus
1900 775 2009 804 dicitur.
2032 783 2057 810 q.
2069 773 2099 803 V.

1377 815 1398 844 C
1409 825 1426 843 A
1438 826 1456 843 Μ
1468 825 1486 842 Μ
1498 824 1515 842 A
1525 815 1563 842 τῑ
1574 824 1591 841 r>
1603 822 1617 841 Β
1627 823 1638 842 s
1650 835 1657 847 7
1680 823 1736 842 um.
1758 813 1775 842 f.
1797 813 1835 850 pl.
1857 808 2060 848 [νεφμμιιτὶἓεε]
2082 811 2158 841 Folia
2173 811 2258 847 lauri,
2278 821 2343 841 cum
2357 811 2455 850 quibus
2469 823 2521 845 una

1414 851 1602 881 comedebant
1613 851 1724 880 bellaria
1739 851 1784 880 seu
1796 856 1953 887 tragemata.
1976 849 2041 880 Cael.
2056 849 2148 879 Rhod.
2163 859 2204 885 14.
2221 859 2264 884 50.

1377 890 1399 919 C
1409 901 1425 918 A
1438 901 1456 918 Μ
1465 900 1492 918 oe
1502 899 1521 918 N
1530 900 1553 917 ιε
1562 911 1569 923 7
1591 899 1675 918 aruin.
1698 889 1716 918 f.
1740 889 1779 926 pl.
1805 889 1848 917 vel
1871 889 1892 918 C
1903 898 1922 916 A
1932 899 1951 916 Μ
1963 896 2006 915 aN
2015 898 2039 916 τε
2049 909 2058 922 7
2088 887 2145 918 fine
2166 887 2361 926 diphthongo,
2391 887 2522 926 [Mirm]

1414 927 1517 956 Musae:
1539 927 1638 966 quibus
1661 936 1676 956 a
1700 927 1790 956 Cantu
1809 926 1931 956 inditum
1953 925 1992 954 est
2011 935 2126 955 nomen.
2146 920 2198 956 'V.
2221 925 2293 955 Voss.
2310 926 2399 963 Etym.
2420 935 2448 963 p.
2463 928 2521 958 102.
2561 957 2563 967 .

1413 965 1485 1002 Virg.
1500 974 1524 1001 3.
1538 964 1595 994 Ecl.
1611 975 1654 1000 59.

1507 1002 1626 1031 Alternis
1637 1003 1737 1031 dicetis
1748 1024 1755 1037 7
1777 1007 1872 1032 amant
1884 1001 1990 1031 alterna
2001 1000 2152 1031 Camoenae.
2247 1001 2366 1031 Servius.
2517 1031 2522 1038 X

1413 1041 1544 1070 Camenae
1559 1039 1644 1069 Musae
1659 1051 1674 1069 a
1685 1040 1860 1070 Carminibus
1880 1040 1942 1069 sunt
1959 1039 2058 1073 dictae7
2079 1039 2124 1069 vel
2140 1038 2214 1076 quod
2231 1047 2336 1069 canunt
2353 1038 2529 1076 antiquarunt

1432 1079 1528 1108 laudes
1537 1100 1545 1112 7
1565 1078 1609 1107 vel
1621 1079 1696 1116 quod
1709 1078 1761 1107 sint
1772 1078 1850 1107 casta:
1862 1078 1965 1107 mentis
1975 1077 2099 1115 praesides
2112 1099 2120 1112 7
2142 1077 2233 1115 inquit
2245 1077 2346 1108 Festus.
2370 1076 2419 1106 ubi
2433 1077 2463 1107 V.
2475 1078 2525 1108 Da.

1433 1126 1488 1146 cer.
1511 1116 1577 1146 Plin.
1591 1116 1638 1145 lib.
1653 1125 1694 1151 34.
1708 1126 1767 1154 cap.
1783 1127 1806 1151 ς.
1830 1116 1938 1145 Actium
1952 1123 2064 1153 poetam
2077 1116 2107 1144 in
2117 1114 2314 1145 Camoenarum
2328 1115 2388 1144 aede
2406 1116 2524 1148 maxima

1434 1155 1523 1183 forma
1535 1154 1648 1183 statuam
1660 1154 1708 1183 sibi
1718 1153 1836 1192 posuisse
1845 1175 1853 1189 7
1876 1163 1961 1191 quum
1974 1153 2064 1184 brevis
2075 1153 2228 1183 admodum
2239 1152 2339 1182 fuisset.

1416 1192 1570 1227 Camoena,
1591 1192 1675 1221 etiam
1687 1201 1804 1221 numero
1816 1190 1942 1229 singulari
1954 1191 2083 1221 dicimus.
2105 1191 2174 1222 Pers.
2187 1201 2211 1228 5.
2224 1191 2278 1221 Sat.
2290 1199 2336 1221 21.

1610 1245 1647 1249 ——
1659 1230 1710 1259 tibi
1720 1240 1796 1259 nunc
1806 1251 1816 1266 7
1836 1230 1964 1258 hortante
1975 1229 2110 1258 Camoena
2122 1251 2131 1265 7

1508 1267 1684 1297 Excutienda
1695 1268 1792 1297 damus
1801 1268 1963 1305 praecordia.

1415 1306 1520 1336 Dulces
1530 1306 1679 1335 Camoenae.
1711 1306 1777 1336 Hor.
1793 1316 1816 1335 i.
1834 1305 1917 1343 Epist.
1932 1315 1974 1342 19.
1987 1315 2010 1341 ς.

1510 1343 1579 1373 Vina
1588 1344 1644 1373 fere
1655 1343 1751 1373 dulces
1761 1343 1891 1373 oluerunt
1902 1353 1984 1372 mane
1997 1343 2146 1372 Camoenae.

1415 1382 1577 1412 Gaudentes
1589 1390 1661 1411 rure.
1684 1382 1750 1411 Hor.
1766 1392 1789 1411 1.
1805 1382 1892 1411 Serm.
1911 1392 1951 1410 10.
1964 1392 2010 1417 45.

1534 1456 1540 1462 .
1609 1436 1647 1440 -
1656 1420 1741 1449 ἀυὲἲιι
1754 1419 1839 1448 molle
1849 1418 1931 1456 atq'ue
1942 1420 2065 1448 facetum

1509 1456 1623 1494 Virgilio
1638 1464 1798 1487 annuerunt
1806 1457 1958 1495 gaudentes
1970 1467 2032 1487 rure
2043 1457 2195 1487 Camoenae.

1417 1495 1506 1526 Graia.
1528 1494 1597 1524 Hor.
1607 1505 1633 1525 2.
1649 1496 1740 1525 Carm.
1758 1499 1801 1525 16.
1817 1500 1860 1532 38.

1417 1534 1580 1563 inhumana.
1602 1534 1670 1563 Hor.
1685 1544 1709 1563 r.
1722 1534 1805 1572 Epist.
1821 1539 1863 1567 18·
1875 1542 1921 1571 47.

1417 1571 1541 1609 Insignis.
1562 1571 1630 1601 Hor.
1647 1581 1670 1601 1.
1686 1571 1776 1601 Carm‘.
1791 1581 1832 1601 12.
1844 1581 1887 1609 39.

1416 1609 1542 1647 Tragica.
1565 1609 1631 1639 Hor.
1644 1609 1679 1639 de
1695 1613 1758 1639 Arte
1768 1610 1842 1640 Poet.
1856 1618 1921 1646 275.

1506 1647 1640 1690 ignotum
1650 1647 1775 1685 Tragicae
1786 1657 1874 1686 genus
1885 1645 2020 1676 invenisse
2030 1646 2179 1676 Camoenae.

1417 1685 1535 1715 Vocalis.
1557 1685 1621 1715 Seu.
1633 1686 1662 1715 in
1672 1686 1750 1717 Med.
1762 1691 1788 1720 8.
1810 1686 1827 1715 i.
1839 1695 1864 1716 e.
1887 1684 2016 1722 Calliope
2026 1685 2144 1715 dulciter
2156 1693 2268 1714 canens.

2560 755 2567 771 .,

2561 777 2563 810 ,
2584 781 2591 811 3

2560 897 2563 937 ἰ

2561 1137 2564 1150 l

1416 1724 1533 1754 Senium
1553 1723 1695 1754 Camoenae
1713 1724 1866 1762 deponere.
1890 1723 1957 1752 Hor.
1971 1732 1995 1751 1.
2017 1723 2099 1761 Epist.
2120 1728 2163 1758 18.
2181 1731 2226 1760 47.
2262 1722 2280 1752 i.
2295 1730 2319 1750 e.
2341 1718 2529 1753 Severitatem}
2564 1750 2565 1758 ,
2597 1721 2604 1739 ”

1437 1761 1505 1798 [vul
1515 1761 1610 1799 potius
1617 1762 1768 1800 segnitiem
1778 1785 1786 1797 7
1807 1761 1956 1792 Desidiam.

1380 1801 1402 1830 C
1414 1810 1433 1829 A
1443 1810 1463 1828 Μ
1473 1809 1490 1828 o
1501 1808 1544 1828 ΞΝ
1553 1809 1635 1829 Aris
1646 1821 1655 1835 7
1677 1810 1701 1830 e.
1726 1800 1785 1833 Adi.
1807 1799 1882 1837 apud
1892 1799 2071 1828 recentiores.

1380 1838 1403 1868 C
1414 1848 1433 1867 A
1442 1849 1462 1866 Μ
1471 1847 1486 1866 P
1495 1846 1515 1866 A
1524 1846 1543 1865 o
1554 1847 1572 1865 υ
1583 1847 1594 1866 s
1603 1859 1612 1872 7
1633 1838 1650 1867 i.
1665 1848 1703 1867 m.
1723 1838 1799 1874 Julio
1810 1837 1969 1875 Capitolino
1982 1837 2012 1866 in
2028 1835 2177 1866 Maximin.
2188 1835 2252 1871 Jun.
2264 1845 2325 1873 cap.
2338 1843 2365 1865 2.
2385 1834 2529 1866 barbarum
2564 1832 2568 1840 ’

1419 1876 1456 1905 est
1465 1874 1648 1904 Calciamenti
1659 1885 1782 1911 nomen,
1803 1876 1873 1905 ficut
1882 1875 2014 1913 Anaxyris
2029 1875 2098 1904 item
2109 1874 2202 1903 Calcei
2213 1874 2266 1903 fuit
2282 1883 2369 1911 genus
2379 1895 2388 1909 7
2408 1879 2440 1903 ut
2454 1879 2529 1904 notat
2560 1886 2565 1902 -:

1419 1913 1538 1951 Rhodig.
1554 1913 1602 1943 lib.
1623 1919 1665 1948 ig.
1679 1922 1740 1952 cap.
1752 1923 1798 1944 21.

1381 1951 1403 1981 C
1415 1961 1488 1982 AMP
1499 1961 1518 1980 A
1529 1960 1581 1980 NA
1595 1973 1603 1987 7
1624 1962 1654 1981 ae.
1673 1951 1692 1982 f.
1714 1953 1747 1988 [b
1761 1943 1864 1986 κώέὶυ]
1885 1950 2028 1980 Onomast.
2040 1955 2095 1979 vet.
2111 1949 2263 1988 Campana,
2280 1941 2367 1979 κώᾶὶαν.
2388 1948 2432 1978 Est
2442 1954 2531 1979 autem
2558 1964 2559 1967 =
2593 1936 2604 1966 '3¹

1420 1998 1619 2027 campanarum
1633 1989 1696 2019 usus
1710 1990 1859 2026 antiquus7
1881 1990 1908 2019 &
1927 1989 2018 2018 varius
2038 1988 2068 2017 in
2088 1987 2167 2017 sacris
2184 1987 2352 2026 &profanis
2393 1987 2447 2016 Sed
2460 1995 2530 2022 vox,
2564 1996 2566 2006 ν

1419 2034 1503 2065 prout
1512 2027 1596 2056 hodie
1607 2027 1739 2063 sumitur,
1760 2026 2064 2064 veteribusincognita.
2105 2026 2137 2056 V.
2159 2025 2298 2061 Adr.Jun.
2312 2025 2529 2062 Animadv.3.11.
2564 2028 2580 2055 ἦ»
2603 2032 2604 2035 ’

1420 2065 1545 2096 Turneb.
1556 2065 1665 2095 Advers.
1677 2074 1721 2103 23.
1733 2070 1759 2095 6.
1782 2065 1867 2102 Cang.
1879 2064 1962 2094 Gloss.
1977 2064 2084 2094 &infra
2103 2073 2123 2092 τ
2134 2074 2143 2092 1
2154 2073 2250 2092 NT1N
2261 2073 2282 2092 N
2293 2073 2366 2092 Anu
2375 2073 2391 2091 L
2401 2072 2458 2092 uM.

1384 2104 1405 2133 C
1416 2114 1434 2133 A
1444 2115 1466 2139 Μ
1474 2113 1489 2131 P
1499 2113 1518 2131 A
1527 2113 1547 2132 N
1556 2105 1575 2132 ῠ
1584 2115 1599 2132 ι.
1608 2113 1628 2132 A
1641 2125 1648 2138 7
1669 2113 1700 2133 ae.
1722 2103 1741 2133 f.
1762 2103 1861 2133 dimin.
1882 2102 1999 2132 Hieron.
2014 2103 2050 2131 ad
2058 2101 2187 2131 Eustoch.

1421 2141 1514 2171 Herba
1524 2142 1609 2170 etiam
1623 2141 1662 2171 est
1672 2163 1681 2177 7
1703 2140 1876 2179 Campanula
1887 2140 2020 2170 silvestris.

1384 2180 1729 2215 CAMPANAR1us7i.
1747 2189 1785 2208 m.
1857 2180 1861 2184 '

1421 2255 1549 2292 Qualiter
1562 2255 1721 2293 Campaniae
1732 2265 1780 2284 ora
1787 2264 1838 2293 per
1848 2254 1885 2289 se,
1898 2254 2020 2291 felixque
2033 2253 2080 2282 illa
2091 2263 2122 2283 ac
2133 2254 2212 2282 beata
2222 2253 2368 2283 amoenitas
2378 2253 2477 2282 narrari
2485 2251 2533 2281 de-

1420 2293 1491 2323 bet‘?
1511 2299 1541 2323 ut
1551 2293 1642 2330 palam
1654 2293 1701 2329 sit,
1722 2303 1780 2323 uno
1800 2294 1830 2322 in
1840 2292 1903 2322 loco
1919 2292 2065 2329 gaudentis
2081 2301 2151 2329 opus
2167 2290 2223 2321 effe
2240 2297 2353 2320 naturae.

1421 2337 1480 2361 tota
1492 2342 1524 2361 ea
1533 2331 1641 2366 vitalis7
1663 2341 1694 2360 ac
1712 2331 1844 2369 perennis
1862 2330 2025 2360 salubritatis
2042 2329 2102 2359 caeli
2116 2330 2266 2367 temperies
2285 2329 2340 2364 est,
2361 2333 2417 2357 tam
2434 2326 2533 2359 fertiles

1421 2371 1529 2407 campi,
1551 2375 1607 2398 tam
1617 2370 1703 2407 aprici
1716 2369 1818 2403 colles,
1840 2375 1896 2397 tam
1909 2369 2017 2397 innoxii
2032 2367 2133 2403 saltus,
2154 2374 2212 2397 tam
2230 2377 2319 2405 opaca
2337 2375 2466 2402 nemora,
2482 2366 2532 2396 διο.
2564 2396 2565 2405 7

1421 2408 1535 2437 Nomen
1548 2408 1650 2437 retinet
1661 2428 1669 2439 7
1692 2409 1717 2436 Sc
1730 2407 1768 2436 est
1778 2407 1888 2436 initium
1898 2407 1975 2444 regni
1990 2405 2176 2444 Neapolitani.

1422 2445 1545 2484 Pinguis.
1569 2444 1690 2483 Propert.
1704 2445 1751 2474 lib.
1768 2453 1792 2481 3.
1805 2455 1829 2478 ς.
1845 2455 1868 2480 5.

1422 2483 1573 2522 Campania
1583 2489 1663 2513 terra.
1685 2482 1779 2513 Tibul.
1790 2482 1840 2511 lib.
1858 2492 1880 2511 i.
1893 2492 1919 2516 9-
1932 2490 1975 2518 33.
1998 2480 2035 2510 Ut
2043 2480 2131 2510 Terra
2143 2480 2246 2510 Graecia
2256 2502 2264 2513 7
2286 2478 2375 2510 Gallia
2385 2480 2437 2509 &c.

1385 2521 1408 2551 C
1417 2532 1437 2551 A
1448 2533 1468 2551 M
1477 2532 1491 2551 1>
1499 2525 1515 2551 A
1527 2531 1547 2550 N
1558 2532 1577 2550 u
1588 2531 1611 2556 s,
1623 2531 1648 2556 a,
1660 2531 1714 2550 uni.
1729 2516 1902 2556 [prmm‘or]
1914 2520 2017 2555 Adj.ut‚
2026 2519 2097 2549 Urbs
2107 2519 2259 2556 Campana.
2272 2518 2344 2555 Virg.
2352 2528 2393 2547 10.
2406 2516 2532 2552 ffin.1'45.

1517 2559 1638 2588 Affuit&
1650 2559 1828 2594 Mnestheus,
1850 2567 1933 2595 quem
1949 2557 2016 2594 pulli
2029 2579 2036 2593 7
2056 2559 2110 2587 διο.

1516 2597 1548 2626 Et
1558 2597 1663 2634 Capvs:
1691 2597 1758 2626 hinc
1777 2606 1881 2625 nomen
1894 2595 2042 2632 Campanae
2055 2595 2167 2624 ducitur
2179 2593 2248 2623 urbi.
2345 2592 2400 2622 Ubi
2412 2591 2532 2626 Servius,

1422 2634 1472 2665 Iste
1487 2636 1600 2672 quidem
1611 2629 1704 2664 dicita
1715 2635 1792 2672 Capy
1803 2634 1908 2663 dictam
1923 2633 1977 2662 csse
1993 2632 2125 2670 Capuam.
2164 2632 2220 2661 Sed
2239 2631 2333 2661 Livius
2351 2630 2411 2660 vult
2425 2640 2441 2660 a
2458 2629 2533 2659 Locis
2564 2646 2572 2672 ¹r

1422 2674 1621 2710 campestribus
1633 2674 1737 2702 dictam
1749 2694 1757 2707 7
1779 2674 1808 2701 in
1822 2672 1922 2709 quibus
1939 2672 1984 2700 sita
1996 2672 2042 2701 est.
2083 2670 2198 2700 Constat
2210 2676 2305 2699 tamen
2326 2678 2388 2698 eam
2408 2678 2423 2698 a
2440 2667 2533 2698 Tuscis

1423 2712 1569 2740 conditam
1578 2711 1613 2740 de
1624 2711 1680 2739 viso
1690 2710 1807 2740 falconis
1818 2710 1933 2747 augurio
1942 2731 1950 2744 7
1972 2710 2019 2746 qui
2029 2708 2118 2738 Tusca
2129 2707 2223 2745 lingua
2235 2711 2312 2745 Capys
2323 2707 2440 2736 dicitur:
2461 2705 2532 2734 unde

1423 2750 1461 2778 est
1472 2748 1566 2787 Capua
1577 2750 1729 2778 nominata.
1764 2747 1870 2777 Tuscos
1880 2753 1974 2776 autem
1986 2756 2099 2776 omnem
2113 2755 2193 2784 paene
2204 2745 2311 2775 ltaliam
2322 2741 2471 2781 subjugasse
2482 2750 2533 2781 rna-
2564 2742 2573 2786 ἰ

1422 2787 1551 2816 nisestum
1561 2787 1608 2816 est.
1639 2787 1670 2816 V.
1692 2786 1771 2824 plura
1782 2786 1851 2816 ibid.
1866 2786 1891 2816 Sc
1902 2785 1976 2814 cons.
1994 2791 2170 2813 CAMi’i-‹srssis
2181 2805 2190 2819 7
2211 2792 2407 2819 CAMPANiius7
2428 2789 2532 2816 CAPUA,-

1422 2826 1582 2862 Arrogantia
1593 2824 1742 2862 Campana.
1764 2823 1822 2854 Cic.
1832 2832 1859 2852 2.
1871 2830 1969 2852 contra
1978 2821 2054 2853 Rull.
2072 2831 2116 2859 75.

1423 2862 1500 2892 Litus
1512 2863 1697 2900 Campanum.
1720 2862 1787 2891 Stat.
1798 2870 1823 2898 3.
1838 2860 1904 2891 Silv.
1919 2869 1943 2897 3.
1958 2864 2019 2890 162.

1423 2901 1543 2930 Luxuria
1559 2901 1708 2938 Campana.
1733 2899 1789 2929 Liv.
1799 2908 1844 2935 23.
1857 2909 1903 2934 45.

1381 2977 1383 2981 ι
1422 2939 1540 2969 Morbus
1552 2939 1718 2976 Campanus.
1759 2938 1827 2966 Hor.
1843 2946 1865 2966 1.
1879 2937 1966 2966 Serm.
1979 2938 2058 2969 462.
2080 2935 2098 2964 i.
2119 2944 2144 2964 e.
2166 2934 2230 2963 Oris
2240 2933 2350 2963 foeditas
2363 2937 2534 2970 autarrogan·
2568 2927 2571 2953 ἶ

1440 2978 1487 3006 tia.
1511 2986 1577 3006 nam
1589 2974 2045 3013 CampaniquiOscidicebantur7
2067 2982 2115 3002 ore
2133 2973 2271 3001 immundi
2283 2974 2473 3008 &arrogantes
2491 2968 2533 2999 ha-

1441 3015 1491 3044 biti
1503 3014 1582 3044 sunt:
1606 3015 1681 3043 unde
1697 3013 1784 3043 Oscos
1801 3013 1891 3042 didos
1906 3019 2020 3050 putant,
2042 3010 2113 3048 quali
2130 3009 2294 3040 Obscoenos.
2317 3016 2364 3039 aut
2382 3018 2447 3038 vero
2466 3007 2533 3037 dixit
2569 3010 2579 3045 {-

1441 3054 1614 3091 Campanum
1626 3051 1755 3081 morbum
1765 3073 1773 3085 7
1793 3051 1858 3088 quia
1868 3050 2002 3086 Campani
2018 3049 2147 3077 morbum
2157 3048 2310 3077 dicacitatis
2322 3047 2469 3085 patiuntur.
2494 3043 2533 3074 Ex
2570 3051 2571 3057 ¹

1442 3093 1549 3121 Acrone
1559 3092 1585 3119 δι
1594 3089 1791 3126 Porphyrione.
1832 3087 1915 3124 [Nec
1925 3087 2030 3116 saniora
2040 3086 2213 3123 Cruquianus
2224 3085 2303 3115 assert
2313 3086 2448 3122 interpres
2457 3104 2465 3119 7
2489 3080 2535 3120 qui

1441 3128 1549 3167 prorsus
1561 3127 1737 3156 incredibilia
1755 3127 1792 3156 de
1813 3125 1914 3155 Morbo
1928 3125 1977 3154 isto
1998 3125 2141 3162 Campano
2155 3130 2301 3152 memorat.
2340 3122 2428 3152 Miror
2445 3125 2533 3150 autem
2568 3139 2571 3142 -

1442 3176 1494 3196 nec
1504 3176 1539 3196 ex
1547 3165 1704 3202 ⁴iunioribus
1714 3162 1927 3202 interpretibus,
1950 3162 2160 3199 editoribusque
2173 3161 2281 3190 Horatii
2297 3168 2456 3198 quenquam
2469 3157 2533 3199 exti-

1442 3204 1502 3234 title
1516 3226 1524 3239 7
1546 3204 1592 3240 qui
1604 3213 1662 3232 non
1674 3203 1702 3231 in
1714 3202 1814 3232 eodem
1829 3201 1889 3230 luto
1907 3201 2007 3237 pariter
2019 3199 2133 3229 haeserit.
2173 3199 2361 3228 Scribendum
2379 3197 2532 3229 enimvero,
2584 3228 2589 3233 .

1443 3242 1591 3272 commatis
1603 3247 1711 3270 tantum
1721 3246 1788 3269 nota
1798 3238 1974 3276 interpolita:

1503 3279 1676 3316 Campanum
1686 3300 1694 3313 7
1716 3279 1745 3307 in
1764 3277 1906 3309 morbum,
1929 3276 1956 3304 in
1968 3275 2067 3305 faciem
2078 3274 2213 3312 permulta
2223 3273 2331 3310 jocatus
2342 3294 2351 3308 7

1504 3317 1637 3346 Pastorem
1659 3316 1767 3345 saltaret
1785 3315 1826 3344 uti
1847 3313 1989 3351 Cyclopa,
2018 3313 2139 3350 rogabat.

1442 3399 1637 3430 terponuntur.
1664 3392 1726 3429 Legi
1735 3391 1817 3420 etiam
1825 3389 1913 3428 posset
1924 3389 1955 3418 ln
1969 3389 2096 3418 morbum
2108 3388 2137 3416 in
2146 3387 2225 3421 facie,
2239 3386 2343 3415 sublata
2354 3384 2533 3415 distinctione.

1440 3431 1496 3460 Sed
1506 3430 1591 3460 altera
1601 3435 1713 3467 eproque
1725 3428 1809 3458 leftio
1821 3427 1971 3457 commoda
1982 3427 2043 3455 satis
2053 3426 2173 3455 videtur.
2216 3424 2345 3453 Morbum
2365 3432 2447 3460 quem
2458 3417 2535 3451 intel·

1439 3467 1617 3505 iigatpoe'ta7
1639 3469 1665 3497 Sc
1677 3477 1760 3504 quem
1773 3467 1841 3495 item
1860 3464 2035 3502 Campanum
2048 3486 2055 3499 7
2077 3463 2139 3492 satis
2152 3461 2209 3500 ipse
2217 3461 2359 3498 explicuit.
2516 3492 2522 3500 ι

1420 3506 1553 3543 Supellex
1566 3507 1715 3543 Campana.
1741 3504 1804 3533 Hor.
1819 3513 1841 3532 1.
1854 3503 1941 3531 Serm.
1956 3506 1982 3531 6.
1997 3512 2006 3530 i
2017 3507 2058 3536 ¹8·
2080 3502 2099 3530 i.
2115 3511 2140 3530 e.
2166 3502 2216 3536 (iit
2232 3499 2350 3536 exponit
2370 3495 2478 3528 Acron)
2496 3493 2534 3527 F¹-.

1441 3544 1530 3579 erilis,
1553 3543 1620 3579 (vel
1637 3543 1794 3578 viminea7)
1815 3540 1879 3578 quia
1895 3540 1925 3569 in
1947 3539 2098 3577 Campania
2119 3545 2196 3568 erant
2214 3537 2323 3575 figlinae.
2363 3536 2394 3566 V.
2415 3531 2532 3564 Tui-neb.

1443 3583 1511 3612 Adv.
1522 3591 1566 3616 2³-
1579 3585 1604 3611 6.

1421 3619 1608 3658 Supercilium
1620 3619 1804 3654 Campanum.
1828 3615 1886 3645 Cic.
1901 3625 1924 3644 r.
1937 3621 2034 3644 contra
2045 3614 2119 3644 Rull.
2133 3624 2159 3643 2.

1385 3660 1435 3688 CA
1448 3670 1466 3686 Μ
1479 3668 1492 3686 ι»
1502 3668 1521 3686 A
1531 3667 1550 3686 N
1561 3667 1579 3686 u
1590 3667 1601 3687 s
1613 3679 1621 3692 7
1643 3658 1660 3686 i.
1683 3655 1762 3685 subst.
1784 3654 1822 3692 pl.
1837 3653 1859 3683 C
1870 3663 1889 3681 A
1900 3664 1919 3682 Μ
1928 3663 1942 3681 1¹
1954 3663 1971 3681 A
1981 3663 2001 3681 N
2012 3663 2021 3681 i
2032 3674 2039 3687 7
2062 3661 2150 3682 oruin.
2172 3651 2275 3688 capum
2292 3651 2318 3679 ἃ
2332 3646 2485 3686 Campaniae
2496 3642 2535 3674 inn'

1806 2179 1863 2215 Qui
1873 2187 2022 2216 campanas
2036 2177 2140 2207 conflat
2151 2187 2186 2207 ex
2197 2187 2249 2207 aere
2262 2199 2270 2211 7
2291 2175 2336 2206 vel
2350 2176 2407 2213 Qui
2417 2175 2511 2214 pulsat.
2528 2167 2530 2171 ⁵
2564 2186 2567 2208 ι

1383 2218 1432 2247 CA
1443 2226 1594 2246 Mi²AN1A
1607 2239 1616 2252 7
1637 2217 1820 2253 [Koipmm'a]
1841 2216 1925 2246 Italiae
1944 2217 2039 2253 regio,
2061 2216 2097 2245 de
2118 2226 2172 2252 qua
2191 2215 2226 2244 sic
2246 2215 2314 2245 Plin.
2332 2213 2382 2244 lib.
2395 2223 2419 2251 3.
2436 2223 2493 2251 cap.
2504 2220 2528 2250 ς.
2564 2237 2565 2248 7

2391 2289 2451 2326 Jam
2469 2297 2531 2319 vero
2560 2307 2561 2312 =

2313 3308 2349 3337 Τὲ
2368 3310 2434 3340 Cam
2455 3314 2534 3338 arium
2583 3325 2589 3332 .

1441 3355 1639 3384 substantivum
1647 3353 1750 3391 gentile
1761 3353 1808 3387 est,
1822 3352 1888 3382 &ad
1900 3350 2055 3387 v.Rogabat
2063 3350 2178 3379 refertur
2189 3359 2195 3379 :
2208 3347 2311 3383 reliqua
2323 3319 2488 3381 πρεθιτὲιές
2497 3343 2534 3373 ἰη-
2586 3351 2592 3357 “

2563 3341 2604 3443 p

2564 3450 2604 3499 ι.

2564 3514 2565 3543 l

2565 3586 2567 3640 ι

2567 3263 2569 3265 “
2583 3268 2592 3285 κ

1422 3696 1498 3726 colae.
1540 3695 1600 3724 Cic.
1612 3704 1638 3724 2.
1650 3701 1749 3724 contra
1762 3691 1836 3722 Rull.
1846 3702 1891 3726 ος.
1925 3690 2061 3728 Campani
2075 3689 2182 3728 semper
2197 3687 2305 3726 superbi
2324 3686 2448 3716 bonitate
2463 3690 2533 3720 agro-
2565 3687 2567 3697 ¹
2584 3699 2587 3707 κ

1422 3743 1501 3768 runi,
1524 3733 1699 3763 &fructuum
1712 3729 1913 3768 magnitudine,
1931 3729 1984 3757 &e
2007 3730 2033 3758 ἃ
2054 3738 2076 3758 1.
2092 3734 2188 3757 contra
2199 3724 2274 3755 Rull.
2287 3734 2331 3754 20.
2351 3722 2534 3763 Superbiana-
2565 3727 2567 3756 j

1422 3779 1449 3801 ta
1460 3780 1495 3800 cx
1504 3770 1708 3808 Campanorum
1717 3769 1835 3798 fastidio.
1873 3765 1902 3795 V.
1924 3765 1953 3794 in
1964 3765 2102 3804 superiore
2111 3765 2235 3795 dictione
2244 3770 2347 3792 notata.

1385 3809 1408 3840 C
1417 3819 1435 3838 A
1446 3820 1465 3837 M
1475 3819 1488 3837 ν
1499 3818 1517 3836 A
1528 3817 1548 3836 N
1559 3819 1567 3836 1
1580 3819 1597 3837 c
1607 3818 1622 3837 u
1634 3818 1656 3843 s,
1678 3818 1704 3842 a,
1725 3816 1782 3836 um.
1805 3812 1845 3842 ut,
1867 3803 2054 3833 Periitromata
2064 3804 2137 3841 pieta
2149 3802 2328 3840 Campanica.
2346 3798 2431 3829 Plaut.
2444 3791 2533 3826 Pseud.

1385 3884 1407 3913 C
1419 3857 1436 3913 A¹
1444 3856 1489 3912 M21²
1500 3855 1561 3917 ἐξ,
1581 3882 1640 3911 atis.
1667 3891 1692 3911 0.
1710 3890 1733 3919 g.
1757 3890 1807 3919 pro
1824 3880 1976 3917 Campano.
2002 3878 2088 3909 Plaut.
2105 3878 2184 3909 Trin.
2198 3885 2224 3907 2.
2236 3886 2263 3912 4.
2275 3885 2337 3912 144.
2360 3873 2475 3911 Campas
2493 3876 2534 3906 ὅθ·

1423 3931 1485 3951 nus.
1506 3920 1615 3950 Nonius
1628 3926 1652 3954 8.
1668 3927 1713 3955 23.
1736 3919 1804 3957 legit
1815 3918 1962 3954 Campans.

1384 3958 1637 3993 CAMi’Aaius,
1672 3957 1702 3986 V.
1724 3964 1886 3986 εΛΜΡυε.

2444 3981 2534 4013 ΒΑΜ-

2565 3865 2567 3911 l
