2600 4177
402 132 427 166 A
518 126 550 166 U
642 131 675 165 D

23 214 161 246 Ultionem
172 211 248 242 ansus
262 212 355 242 dubiis
365 212 455 242 rebus.
477 212 567 241 Tacit.
578 222 603 241 2.
628 213 695 240 Ann.
706 215 750 241 62.

27 255 85 283 Vim
98 252 125 279 in
136 251 264 287 aliquem.
304 250 394 279 Tacit.
411 260 453 279 12.
471 250 539 279 Ann.
557 261 598 284 ςς.
621 250 682 278 Vim
699 250 851 281 cultoribus
877 261 908 282 ac
925 252 1090 291 oppidanis,
1111 260 1144 281 ac

42 289 197 327 plerunque
206 289 234 316 in
247 290 450 322 mercatores&
462 288 644 316 navicularios
654 287 801 318 audebant.

23 326 161 359 Licentius
173 325 276 361 aliquid
287 335 335 354 aut
347 325 444 354 laetius.
466 325 584 361 Quintil.
598 324 643 353 lib.
660 334 686 353 2.
701 334 761 361 cap.
775 338 800 360 4.

24 363 187 396 Audendum
199 363 236 392 est
248 385 255 396 ,
278 362 361 392 fortes
373 362 484 398 adjuvat
497 362 552 399 ipsa
566 362 666 391 Venus.
689 361 782 392 Tibul.
803 374 824 392 1.
838 373 862 393 2.
880 369 922 395 16.

25 401 187 434 Audendum
200 401 304 429 dextra.
346 400 418 437 Virg.
432 411 457 435 9.
472 400 534 430 ΖΕΗ.
547 410 608 435 320.
632 399 706 435 Quia
716 401 849 431 audemus
859 404 884 431 Sc
894 402 980 432 cursu.
1003 403 1122 433 Servius.

19 439 128 471 -Author
143 438 264 466 audendi
278 460 285 472 ,
307 438 364 474 Qui
381 438 416 467 ad
436 438 651 475 perpetrandum
668 437 774 467 facinus
788 439 900 476 aliquod
920 441 1045 470 hortatur
1059 441 1137 471 alios.

28 476 333 508 rvir.12.ffin.1<0.

27 486 150 546 Audegndi
163 514 265 545 maiora
277 513 360 541 fidem
371 513 461 541 fecere
476 511 617 541 immensae
627 513 708 541 vires.
749 512 852 543 Lucan.
867 515 914 544 lib.
931 526 953 544 1.
968 520 1032 551 462.

27 550 172 589 Quidlibet
180 551 303 579 audendi
316 550 443 588 potestas.
471 549 537 579 Hor.
555 551 583 579 in
594 552 656 579 Arte
675 550 748 579 Poet.
764 561 790 585 9.

21 601 38 620 u
47 599 85 656 οξ
95 599 111 617 o
123 599 136 616 a
147 610 154 622 ,
175 588 239 626 pais.
260 587 319 617 Liv.
333 588 435 617 Decad.
446 599 472 623 4.
490 587 539 617 lib.
557 597 583 623 9.
624 587 716 617 Multa
727 588 794 616 dolo
806 611 814 624 ,
836 589 965 627 pleraque
977 600 1026 629 per
1037 591 1093 620 vim
1103 601 1150 621 au⁴

30 628 63 657 de
83 632 171 655 antur.

21 675 64 696 un
74 673 115 693 EN
125 673 136 692 s
146 686 153 696 ,
179 663 274 692 Partic.
297 663 416 692 Minime
429 663 552 692 timidus.
575 661 649 700 Virg.
670 673 713 692 10.
729 663 791 693 AEn.
804 668 867 700 283.

108 701 247 730 Audentes
259 701 370 729 fortuna
379 701 464 736 juvat.

28 739 165 770 Audentes
174 739 284 775 forsque
299 738 444 775 Venusque
455 739 537 773 juvat.
577 738 660 768 Ovid.
670 748 696 768 2.
710 738 776 767 Fast.
789 743 852 775 782.
873 739 945 777 Virg.
960 744 986 771 6.
999 741 1060 771 AEn.
1071 751 1115 777 95.

104 776 148 806 Tu
168 786 204 804 ne
217 776 288 805 cede
302 776 381 805 malis
393 798 401 808 ,
423 775 470 804 sed
483 782 580 805 contra
596 776 746 805 audentior
757 777 805 805 ito.

22 824 66 844 UD
77 824 118 843 EN
128 825 145 842 D
155 824 172 842 u
184 824 206 847 s,
228 814 323 842 Partic.
336 813 401 851 pais.
425 811 612 849 [πλμηπῖῑζθε]
634 813 772 849 Liv.21.4.
784 820 852 843 extr.
874 815 909 844 de
922 816 1066 850 Annibale,
1079 815 1150 846 Nul-

30 852 55 882 la
67 861 110 887 re,
132 861 191 888 quae
201 851 307 888 agenda
315 851 499 888 audendaque
508 861 609 888 magno
620 852 712 881 futuro
725 851 790 881 duci
803 852 870 882 ess‘et
880 875 887 888 ,
908 854 1093 890 praetermissa.
1113 853 1150 884 aJ.

32 889 169 924 Videnda,
191 890 300 919 rectius.
324 889 397 918 conf.
414 898 457 924 35.
471 898 512 925 35.

28 938 70 958 un
80 937 93 956 E
104 937 168 956 NTx
181 937 198 955 A
209 949 216 961 ,
239 937 268 956 (ε.
291 927 310 956 f.
343 926 433 956 Tacit.
445 926 480 956 de
489 926 618 956 German.
633 935 676 963 34.
705 926 775 956 Rara
787 928 813 956 δι
827 928 931 965 privata
950 930 1084 967 cujusque
1104 939 1152 959 au-

29 965 127 995 dentia.
167 964 235 994 Plin.
252 964 300 993 lib.
313 970 338 998 8.
365 964 449 1002 Epist.
470 975 495 998 4.
526 965 554 993 Si
576 965 657 994 datur
668 965 794 994 Homero
811 966 944 995 vocabula
967 968 1150 1002 contrahere,

32 1002 179 1041 extendere
190 1025 198 1037 ,
219 1003 375 1032 inflectere:
397 1012 446 1031 cur
461 1002 513 1031 tibi
527 1002 621 1032 fimilis
637 1003 768 1033 audentia
779 1025 787 1038 ,
810 1004 959 1040 praesertim
977 1015 1035 1034 non
1050 1006 1153 1035 delica-

31 1047 74 1076 ta,
94 1040 141 1069 sed
155 1039 301 1069 necessaria
318 1040 454 1077 negetur?

24 1088 84 1108 uos
95 1088 190 1107 NTER
202 1100 209 1112 ,
234 1078 300 1107 Adv.
324 1076 509 1113 [ffugi-malm]
528 1077 618 1108 Tacit.
640 1088 667 1114 4.
690 1079 762 1108 Ann.
778 1088 824 1116 47.
862 1079 986 1116 Quidam
1003 1081 1154 1110 audentius

31 1116 128 1154 apertis
139 1116 166 1144 in
179 1115 296 1145 collibus
306 1114 470 1144 visebantur.

32 1153 185 1220 Audienter,
209 1153 327 1183 Temere
338 1175 346 1189 ,
368 1153 557 1191 impudenter.
596 1152 705 1191 Ulpian.
716 1153 774 1183 inl.
788 1163 811 1183 1.
823 1155 843 1192 §.
857 1165 880 1190 ς.
913 1154 947 1184 D.
974 1156 1003 1185 Si
1019 1166 1081 1194 pars
1098 1156 1154 1185 hae-

50 1201 76 1221 re
99 1214 104 1221 .
147 1198 210 1220 etat.

27 1238 111 1259 usus
122 1201 144 1264 ,p
152 1229 248 1258 Partic.
270 1229 365 1258 ac'tivae
378 1228 595 1265 fignificationis.
625 1229 825 1266 [ππλμηκῶς]
855 1229 914 1259 Liv.
934 1230 1037 1261 Exules
1048 1253 1057 1266 ‚
1078 1230 1154 1260 obae-

32 1267 97 1302 rati,
118 1266 173 1296 ausi
184 1266 311 1305 capitalia
326 1266 460 1303 plerique.

35 1304 265 1371 Aulsudsinfaciem.
306 1305 396 1334 Tacit.
416 1313 458 1334 12.
477 1304 603 1338 Ann.28.
627 1304 720 1334 Obvio
732 1305 802 1335 hosti
814 1307 840 1335 &⁷
860 1307 890 1335 in
905 1307 995 1336 aciem
1014 1306 1079 1336 auso
1089 1306 1154 1344 plus

52 1352 67 1372 c
79 1353 92 1371 a
115 1352 136 1372 1s
163 1350 266 1372 ac1unt.

35 1380 99 1411 Ausa
108 1387 189 1418 atque
201 1381 295 1410 ausura
309 1379 396 1409 multa
405 1380 524 1410 nefanda
537 1389 630 1409 manu.
661 1380 744 1410 Ovid.
758 1390 779 1416 3.
795 1381 875 1410 Trist.
887 1392 911 1417 9.
927 1392 937 1410 1
946 1393 970 1417 ς.

35 1417 116 1449 Ausus
127 1428 228 1455 rogare.
269 1418 327 1448 Cic.
342 1422 367 1448 6.
384 1419 474 1447 Att.2.
498 1418 556 1447 Ain’
568 1418 682 1447 tandem
695 1419 782 1447 Attice
801 1419 928 1448 laudator
945 1418 1111 1457 integritatis
1128 1420 1155 1449 Sc

51 1455 192 1493 elegantiae
202 1456 297 1485 nostrae
309 1479 316 1491 ,
337 1456 416 1485 ausus
427 1466 455 1485 es
471 1456 524 1485 hoc
536 1466 571 1484 ex
587 1466 634 1485 ore
657 1463 724 1490 tuo,
746 1457 838 1493 inquit
855 1458 980 1494 Ennius,
1002 1465 1033 1487 ut
1048 1457 1156 1496 equites

55 1494 166 1531 Scaptio
179 1494 212 1523 ad
225 1495 374 1532 pecuniam
386 1494 541 1531 cogendam
557 1493 651 1522 darem
660 1516 668 1528 ,
691 1503 736 1523 me
748 1504 841 1531 rogare
853 1497 866 1524 ἰ)

0 1543 2 1553 ·
35 1531 161 1562 Codicilli
173 1532 235 1562 ausi.
277 1532 368 1562 Tacit.
379 1541 403 1569 3.
421 1533 490 1561 Ann.
506 1536 551 1566 67.
576 1532 649 1560 Aulis
660 1532 695 1560 ad
706 1531 838 1561 Caesarem
848 1533 994 1564 codicillis.

1 1593 3 1598 .
18 1579 140 1605 rusuM,
162 1571 180 1598 i.
202 1581 228 1599 n.
257 1566 422 1607 [π’λμηκφ]
443 1575 488 1605 ut,
508 1569 694 1600 Memoranda
705 1569 775 1600 ausa.
798 1571 846 1601 Sil.
858 1571 907 1601 lib.
922 1575 948 1602 6.

0 1633 2 1638 ,
37 1607 270 1638 Concordiaausa.
292 1608 339 1638 Sil.
352 1607 400 1636 lib.
414 1618 438 1642 ς.

20 1645 171 1675 'crudelia
195 1647 281 1675 Ovid.
299 1656 341 1681 14.
361 1645 442 1683 Epist.
456 1656 503 1682 49.

39 1683 132 1713 Fortia.
157 1683 227 1721 Virg.
242 1695 267 1719 9.
289 1684 350 1714 AEn.
365 1693 428 1720 217.

37 1721 160 1752 Furialia.
181 1722 264 1751 Ovid.
280 1732 321 1751 11.
339 1721 407 1751 Met.
425 1731 467 1757 14.

0 1774 2 1778 ·
39 1759 190 1789 Immania.'
203 1760 269 1789 Stat.
284 1769 308 1795 3.
325 1759 488 1796 Theb.237.

39 1797 149 1834 Magna.
171 1798 255 1827 Ovid.
271 1808 296 1827 2.
315 1797 383 1827 Met.
397 1803 459 1834 3²8-

39 1834 172 1865 Excidere
180 1836 249 1865 ausis
259 1836 393 1871 dicimur,
413 1836 510 1872 Quum
518 1840 633 1864 conatus
641 1835 725 1864 nostri
735 1836 765 1864 in
776 1835 858 1866 rebus
868 1836 988 1866 nimium
998 1835 1090 1866 arduis
1099 1834 1161 1865 suc-

58 1873 131 1902 ceil‘u
142 1882 242 1903 carent.
267 1874 350 1904 Ovid.
365 1883 389 1902 2.
406 1873 477 1903 Met.
495 1878 555 1907 328.

8 1931 9 1935 ,
39 1910 186 1948 Indulgere
197 1912 272 1941 ausis.
293 1912 378 1941 Ovid.
393 1921 416 1940 1.
433 1912 467 1940 de
479 1911 540 1940 Arte
553 1910 611 1939 Am.
625 1919 686 1946 379.

0 1961 9 1976 π
40 1948 145 1979 Potitus
156 1949 228 1979 auso.
251 1950 334 1979 Ovid.
348 1959 389 1979 11.
403 1949 471 1978 Met.
485 1958 549 1984 242.
571 1948 642 1986 Virg.
657 1952 683 1978 6.
697 1948 758 1978 AEn.
773 1951 837 1985 624.

119 1987 178 2016 Aufi
194 1997 290 2017 omnes
304 1988 426 2017 immane
440 1987 532 2020 nefas,
553 1986 672 2023 ausoque
686 1987 779 2025 potiti.

42 2024 156 2054 Ausurus
168 2026 289 2062 grandia.
312 2025 395 2055 Ovid.
409 2035 434 2054 2.
454 2026 543 2054 Amor.
560 2030 602 2057 18.
615 2036 642 2060 4.

118 2063 153 2092 Et
162 2070 240 2092 tener
252 2063 363 2093 ausuros
402 2063 495 2092 randia
509 2062 611 2099 frangit
632 2072 718 2092 amor.

25 2109 139 2137 ,usus‚
162 2102 202 2130 us.
224 2111 259 2130 m.
283 2102 357 2139 apud
379 2101 469 2131 ctos.

25 2147 55 2166 .u
64 2148 82 2166 r>
91 2147 108 2166 A
119 2148 135 2167 c
145 2149 153 2167 1
162 2149 180 2168 a
191 2161 199 2173 ,
221 2149 251 2168 ae.
274 2139 291 2167 f.
315 2135 422 2175 [τέλμφ
433 2161 441 2174 ,
455 2137 570 2174 hirceo,
585 2134 724 2173 θρασύτης]
745 2138 782 2167 est
791 2137 907 2167 Fiducia
917 2139 943 2168 &
952 2137 1091 2173 securitas,
1108 2148 1162 2176 qua

0 2188 11 2201 κ
44 2176 102 2212 quis
119 2175 222 2213 aliquid
234 2177 339 2212 audet,
359 2177 443 2206 etiam
454 2185 518 2205 cum
530 2175 664 2213 periculo.
706 2176 765 2205 Cic.
782 2186 804 2205 1.
824 2175 881 2205 Off.
894 2180 938 2212 63.
963 2177 1077 2206 Animus
1086 2186 1164 2214 para-

44 2214 126 2243 tusad
136 2214 307 2252 periculum,
329 2215 346 2243 si
358 2215 403 2244 sua
418 2213 589 2252 cupiditate,
612 2223 670 2242 non
690 2213 812 2243 utilitate
827 2216 973 2244 communi
990 2215 1161 2252 impellitur,

45 2252 164 2282 audaciae
174 2253 267 2290 potius
277 2263 381 2282 nomen
392 2252 490 2281 habeat
503 2261 585 2288 quam
595 2251 777 2280 fortitudinis.

0 2291 7 2304 ‘
46 2289 196 2320 Audacia&
208 2291 345 2320 Audentia
356 2290 411 2319 hoc
422 2289 571 2318 differunt:
592 2290 667 2326 quod
679 2289 832 2324 Audentia,
853 2290 1025 2320 fortitudinis
1042 2290 1088 2319 s1t:
1113 2290 1165 2319 Au-

64 2328 154 2363 dacia,
173 2329 345 2358 temeritatis.
375 2328 482 2358 Sallust.
496 2328 525 2356 in
534 2327 614 2356 Catil.
626 2337 651 2356 c.
667 2333 708 2363 ς8.
732 2328 853 2357 Audacia
866 2338 916 2366 pro
935 2338 1014 2357 muro
1034 2327 1160 2358 habetur.

62 2365 178 2404 Etapud
188 2373 293 2396 veteres
306 2366 376 2404 saepe
385 2366 429 2395 sic.
459 2360 583 2394 Nonius.

46 2403 193 2434 Audaciam
203 2404 236 2433 ab
245 2405 329 2434 Avide
341 2426 349 2439 ,
369 2405 387 2434 i.
399 2414 424 2433 e.
450 2403 559 2441 Cupide
568 2403 677 2440 agendo
687 2425 695 2439 ‚
717 2403 820 2432 dietam
832 2402 886 2432 esse
896 2404 981 2433 tradit
988 2403 1090 2433 Festus.

49 2442 182 2476 Audacia,
203 2442 405 2471 consuetudine
415 2441 570 2471 Temeritas
582 2442 684 2470 dicitur
693 2463 701 2476 ,
723 2442 815 2477 inquit
827 2442 942 2471 Nonius.

48 2480 374 2510 Audaciaadcolendum.
413 2479 482 2509 Plin.
496 2480 524 2507 in
536 2479 639 2517 praefat.
651 2478 699 2508 lib.
710 2489 736 2509 2.
758 2479 847 2509 Nobis
860 2480 894 2509 ad
908 2479 1061 2509 colendum
1079 2485 1108 2509 te
1126 2479 1165 2509 sa-

64 2517 194 2547 miliarius
206 2518 320 2547 audacia
329 2518 386 2547 sola
394 2517 521 2556 superest.

46 2555 140 2585 Fretus
151 2556 325 2594 impudentia
334 2562 417 2594 atque
427 2555 549 2584 audacia.
572 2555 630 2584 Cic.
642 2565 692 2592 pro
705 2554 793 2585 Flacc.
811 2564 836 2592 3.

48 2593 197 2623 Temeritas
215 2595 240 2623 Sc
260 2594 375 2623 audacia
386 2593 530 2623 stultorum
542 2594 568 2622 St
582 2593 783 2630 improborum.
824 2593 883 2623 Cic.
901 2602 924 2622 1.
944 2593 979 2621 de
996 2593 1105 2622 Invent.
1120 2603 1163 2628 ςς.

47 2630 170 2661 Licentia
183 2634 208 2661 ὃς
220 2633 346 2661 audacia.
386 2631 443 2661 Cic.
458 2641 510 2667 pro
531 2630 621 2668 Ligar.
634 2641 679 2666 25.
713 2631 782 2661 Vide
795 2632 864 2669 quid
877 2631 999 2660 licentiae
1014 2630 1102 2660 Caesar
1115 2641 1166 2660 no-

67 2669 108 2698 bis
118 2669 324 2699 tualiberalitas
335 2670 401 2703 det,
423 2669 468 2698 vel
482 2669 574 2706 potius
589 2669 721 2698 audaciae.

0 2717 2 2723 ·
25 2724 27 2727 .
49 2706 81 2737 In
92 2708 170 2737 vultu
180 2708 218 2737 est
230 2708 346 2737 audacia
360 2707 438 2736 mista
449 2707 558 2745 pudori.
581 2707 666 2736 Ovid.
679 2718 704 2743 9.
721 2707 793 2737 Met.
807 2711 871 2743 926.
1160 2735 1162 2739 ,

0 2763 7 2773 ι.
26 2741 27 2746 ’
49 2745 166 2775 Audacia
177 2755 235 2774 non
244 2746 355 2774 videtur
365 2745 433 2775 sumi
448 2745 557 2781 semper
568 2745 596 2773 in
610 2744 710 2773 malam
724 2752 832 2782 partem
844 2767 851 2779 ,
874 2750 905 2773 ut
915 2754 1001 2782 quum
1013 2743 1113 2774 Cicero
1125 2744 1167 2774 di-

65 2783 103 2813 cit
116 2784 146 2813 in
161 2784 266 2813 Praefat.
282 2784 311 2812 in
321 2783 480 2850 ParadoxaA,
500 2783 528 2848 qe
540 2783 672 2826 audacius
687 2783 782 2813 fecisse
794 2805 802 2819 ,
825 2793 908 2820 quam
923 2782 1072 2812 Catonem.

410 2836 448 2841 -—
483 2831 512 2850 u<
523 2830 582 2849 acia
593 2828 670 2849 certe
690 2837 694 2839 >

124 2858 195 2888 Laus
207 2859 270 2894 erit,
281 2859 310 2887 in
322 2860 430 2896 magnis
442 2860 468 2888 Sc
478 2858 594 2887 voluiss'e
607 2858 647 2887 sat
665 2858 712 2887 est.
794 2857 829 2887 H.
845 2858 885 2887 St.
918 2857 975 2894 [V.
998 2857 1070 2887 infra
1088 2858 1124 2887 ad
1138 2857 1168 2887 fi-

67 2906 139 2926 nem.
181 2897 226 2926 Sic
237 2898 263 2926 &
274 2896 394 2926 Sallustii
408 2897 488 2926 locus
503 2896 686 2934 accipiendus
699 2896 737 2925 est
748 2918 756 2928 ,
777 2905 863 2933 quem
882 2896 912 2925 in
927 2897 1099 2926 contrarium
1108 2896 1169 2926 sen-

3 2946 5 2961 1
67 2933 124 2963 sum
136 2934 243 2963 Nonius
255 2934 380 2964 adduxit.
404 2935 487 2963 Conf.
501 2934 576 2963 Cort.
592 2942 651 2964 not.
669 2934 705 2964 ad
717 2933 800 2963 Catil.
814 2944 839 2969 9.
855 2943 880 2971 3.

4 2991 5 2996 ,
51 2970 154 3001 Callida
163 2972 288 3001 audacia.
312 2972 370 3001 Cic.
385 2983 435 3010 pro
447 2972 559 3002 Cluent.
572 2978 634 3009 ¹83-

4 3031 6 3035 >
51 3009 136 3039 Felix.
158 3010 243 3039 Ovid.
260 3019 300 3047 17.
316 3010 399 3048 Epist.
416 3020 477 3046 195.

5 3062 8 3073 1
51 3047 146 3077 Fortis.
167 3047 324 3078 Tibul.lib.
340 3058 362 3077 1.
375 3059 400 3084 4.
416 3057 457 3084 13.

50 3084 197 3115 Herculea.
218 3085 316 3121 Justin.
333 3086 361 3114 in
378 3085 475 3115 exord.

4 3133 7 3137 ·
51 3122 181 3153 immanis
193 3124 228 3152 ad
239 3133 323 3153 omne
333 3124 449 3153 facinus.
471 3123 530 3153 Cic.
547 3131 589 3159 13.
604 3122 724 3161 Philipp.
740 3132 782 3153 10.

51 3159 209 3199 impudens.
250 3162 282 3191 In
303 3171 364 3190 1111Σ
374 3172 392 3190 u
404 3172 420 3190 D
430 3171 445 3191 E
455 3171 476 3190 N
485 3171 507 3191 s,

0 3209 11 3231 »1
52 3197 159 3236 Ingens.
182 3199 265 3228 Ovid.
283 3208 306 3235 3.
318 3199 398 3229 Trist.
410 3209 436 3234 9.
448 3209 490 3237 17.

0 3257 2 3263 ,
53 3235 204 3266 Muliebris.
242 3236 273 3266 ln
304 3247 457 3267 Mutina.

53 3273 132 3303 Nova
142 3282 224 3312 atque
236 3275 352 3312 integra.
393 3274 425 3304 In
449 3286 459 3303 1
470 3284 492 3304 N
501 3283 521 3303 T
530 3284 544 3303 Ε
553 3284 572 3303 c
581 3283 595 3303 Ε
604 3284 630 3304 R.

6 3345 10 3353 ²
52 3311 179 3379 Pfffflans
191 3313 306 3342 audacia
321 3335 329 3348 ,
357 3311 458 3342 Libido
481 3313 610 3350 quaedam
631 3320 738 3342 temere
757 3311 890 3342 audendi.
914 3310 1013 3341 Claud.
1033 3311 1064 3340 in
1079 3311 1167 3351 Nupt.

4 3358 9 3363 ·
95 3357 176 3379 ‘onon
189 3356 233 3384 83.

0 3398 2 3401 ·
54 3386 174 3426 Praeceps
185 3388 301 3417 audacia
311 3387 399 3417 vultu.
421 3387 519 3417 Claud.
536 3398 557 3418 1.
570 3388 599 3417 in
610 3386 684 3417 Ruff.
699 3396 742 3424 34.

52 3423 199 3455 Provestus
210 3425 334 3455 audacia.
359 3426 479 3462 Quintil.
493 3426 541 3455 lib.
557 3436 578 3455 1.
593 3436 654 3463 cap.
669 3435 692 3461 3.
702 3435 742 3463 pr.
760 3424 797 3454 Hi
809 3424 872 3454 sunt
885 3424 932 3461 qui
944 3433 1028 3461 parva
1036 3424 1119 3455 facile
1130 3426 1170 3456 fa-

71 3463 164 3493 ciunt:
188 3465 214 3493 ἀ
225 3464 342 3492 audacia
353 3465 497 3500 provecti.
518 3463 652 3501 quicquid
665 3463 723 3492 illic
734 3463 862 3501 possunt,
882 3463 975 3492 statim
986 3463 1148 3494 ostendunt.

11 3511 13 3516 ’
48 3500 313 3538 8111811111τὶ11111111611
325 3501 421 3530 homo.
444 3501 509 3530 Caes.
524 3505 549 3531 6.
568 3501 634 3531 Bell.
645 3501 716 3530 Gall.
728 3512 752 3535 ς.

53 3537 198 3568 Titubans.
219 3540 236 3567 i.
252 3548 275 3567 e.
297 3547 329 3568 ut
343 3539 378 3568 fic
390 3540 501 3574 dicam,
524 3540 646 3569 Audacia
668 3537 767 3568 timida
779 3560 787 3573 ,
812 3537 861 3567 ubi
879 3547 1015 3574 magnum
1034 3538 1170 3575 quiddam

17 3586 19 3588 ’
71 3577 261 3643 {egg‘ediqmm’
281 3575 328 3606 sed
342 3578 434 3606 vereri
447 3578 575 3615 cogimur
583 3577 697 3607 interim
708 3587 745 3606 ne
755 3576 828 3605 male
848 3585 891 3605 res
907 3575 1000 3605 cedat.
1025 3576 1123 3607 Claud.
1140 3579 1170 3609 in

101 3622 157 3652 upt.
198 3624 243 3643 on.
258 3620 302 3648 81.

0 3652 1 3661 ¹
57 3650 200 3681 Abundare
212 3652 339 3681 audacia.
379 3651 412 3681 V.
435 3662 456 3681 A
464 3662 480 3681 B
490 3662 509 3681 υ
517 3661 538 3681 N
548 3661 565 3680 D
575 3662 601 3681 o.

3 3700 5 3707 ¹
56 3689 190 3719 Adhibere
201 3690 354 3719 audaciam.
393 3689 426 3719 In
450 3700 469 3719 A
479 3701 497 3719 D
506 3699 528 3718 Η
538 3701 548 3718 1
559 3700 573 3718 R
583 3700 597 3718 13
606 3700 633 3719 o.

12 3741 13 3746 ¹
56 3726 178 3757 Armatus
189 3728 312 3756 audacia.
354 3727 384 3756 ln
406 3738 424 3756 A
435 3738 451 3756 R
460 3739 482 3756 M
493 3738 512 3756 A
520 3738 540 3756 T
551 3737 569 3756 u
578 3737 598 3757 s.

0 3773 2 3776 ’
56 3763 162 3794 Cedere
176 3766 298 3794 audaciae
309 3765 436 3801 alicujus.
477 3765 536 3794 Cic.
549 3775 600 3803 pro
615 3765 717 3794 Caecin.
731 3774 757 3794 2.
780 3765 864 3802 Quali
881 3774 948 3794 vero
962 3771 1011 3794 aut
1021 3765 1050 3794 ih
1060 3765 1170 3802 judicio

73 3802 154 3840 poffit
173 3803 249 3832 idem
268 3803 431 3837 improbitas
442 3826 450 3837 ,
474 3803 550 3840 quod
563 3804 592 3832 in
610 3804 637 3832 vi
648 3825 656 3836 .
678 3803 852 3833 confidentia
864 3813 870 3832 ε
894 3810 942 3832 aut
961 3813 1019 3831 non
1035 3813 1069 3832 eo
1082 3804 1174 3834 liben-

74 3841 127 3870 tius
147 3848 208 3870 tum
225 3841 347 3870 audaciae
365 3840 541 3877 cesserimus,
569 3851 624 3879 quo
638 3851 714 3870 nunc
731 3841 916 3880 impudentias
935 3840 1044 3871 facilius
1061 3841 1173 3873 obsiste-

75 3887 172 3907 remus.

55 3914 247 3953 comprimere
258 3915 413 3946 audaciam.
454 3916 487 3946 In
507 3926 524 3946 c
533 3926 550 3945 o
560 3927 581 3944 M
590 3926 628 3944 PR
639 3927 648 3944 1
658 3927 677 3945 M
688 3927 714 3946 o.

0 3957 2 3977 ἓ
57 3952 235 3984 contundere
245 3954 401 3984 audaciam.
441 3953 474 3984 In
504 3963 546 3984 co
556 3963 577 3984 N
586 3964 606 3982 T
617 3964 635 3983 u
646 3963 666 3983 N
676 3965 695 3984 n
704 3964 732 3984 o.

1647 142 1674 177 A
1773 143 1806 177 U
1905 146 1938 180 D

1235 215 1460 248 crevitaudacia.
1483 219 1566 250 ovid.
1581 227 1606 256 3.
1625 204 1693 252 niet.
1709 229 1753 258 82.

1235 254 1360 290 Expertae
1373 257 1495 300 audaciae
1506 258 1600 289 homo.
1638 260 1695 290 Liv.
1709 273 1735 296 4.
1751 262 1816 292 Dec.
1829 263 1875 292 lib.
1893 269 1918 297 8.
1951 264 2032 295 Mille
2043 267 2077 295 ad
2092 276 2152 297 earn
2162 278 2220 299 rem
2231 279 2266 300 ex
2279 273 2357 302 omni

1254 301 1371 321 numero
1384 295 1506 324 audamae
1517 304 1638 331 expertae
1649 299 1812 336 delegerunt
1824 302 1938 337 equites.

1236 328 1369 371 Frangere
1381 331 1524 361 audaciam
1538 335 1662 370 alicujus.
1685 337 1803 373 Quintil.
1819 338 1866 367 lib.
1884 349 1907 368 2.
1923 349 1983 376 cap.
1998 344 2040 370 16.

1236 365 1361 395 imitatur
1378 368 1569 400 fortitudinem
1581 373 1706 403 audacia.
1727 375 1784 404 Cic.
1800 377 1827 404 in
1844 376 1933 405 Partit.
1945 383 1989 411 81.

1237 402 1368 432 Increscit
1382 406 1512 436 audaciae.
1558 409 1586 437 in
1607 421 1615 438 1
1626 420 1644 439 N
1655 421 1670 439 c
1682 422 1696 439 R
1708 422 1721 440 11
1730 422 1741 441 s
1751 423 1768 442 c
1778 423 1804 442 ο.

1236 440 1349 469 Sumere
1358 443 1510 473 audaciam.
1543 446 1609 475 Stat.
1624 459 1663 477 10.
1676 449 1767 479 Theb.
1781 456 1845 486 824.

1236 477 1379 507 Interdum
1392 480 1419 507 in
1431 479 1537 525 bonam
1544 492 1649 520 partem
1657 485 1773 517 sumitur
1785 511 1792 522 ,
1815 495 1845 517 ut
1856 488 1977 527 Propert.
1991 498 2017 520 2.
2030 499 2071 520 ιο.
2085 501 2109 528 ς.

1317 516 1403 552 Quod
1422 518 1439 545 11
1457 518 1587 549 dehcmnt
1601 523 1687 557 vires,
1711 526 1825 554 audacia
1840 534 1913 556 certe

1354 553 1424 583 Laus
1437 556 1488 583 erit
1498 579 1506 590 ,
1526 558 1553 600 in
1563 562 1670 603 magnis
1681 563 1705 590 8<
1718 563 1832 592 voluisse
1846 563 1884 593 sut
1894 564 1940 594 est.
2023 565 2079 602 Et,
2099 566 2205 597 Sallust.
2227 568 2295 599 Bell.
2312 569 2360 606 Ju-

1257 589 1346 625 gurth.
1359 600 1403 624 99.
1446 592 1550 623 Ceter1s
1559 597 1701 627 audacuim
1713 600 1822 630 addere.

1236 627 1376 670 Audacias¹
1386 628 1527 671 pluraliter
1543 633 1678 664 Catonem
1692 637 1788 666 dixiss'e
1803 638 1913 668 testatur
1925 639 2025 669 Festus.
2050 639 2107 670 Cic.
2119 651 2144 671 2.
2165 643 2194 671 in
2213 643 2292 673 Catil.
2314 655 2356 675 10.

1256 664 1321 692 Non
1332 674 1407 694 emm
1419 676 1473 701 Jam
1485 667 1547 697 sunt
1557 671 1711 702 mediocres
1727 675 1874 705 hominum
1895 675 2043 711 libidines,
2064 688 2121 707 non
2136 679 2293 711 inhumanat·
2311 692 2361 712 au-

1257 701 1764 782 paatcgzH'agttqlgigngiaedmlssumanae
1778 713 1805 741 in
1819 715 1950 743 emendd.
1970 716 2053 745 codd.
2077 718 2219 753 quomodo
2232 721 2362 756 conjece-

1202 776 1223 805 A
1233 786 1250 804 U
1262 787 1279 805 D
1289 786 1306 805 Α
1316 786 1333 805 X
1345 799 1354 812 ‚
1374 778 1440 808 5018.
1470 780 1528 815 Adj.
1552 783 1703 820 [wffimebffi
1718 785 1849 819 τολμητῖοις
1860 810 1867 823 ,
1894 788 2038 826 symmac,
2066 790 2151 826 Jpoed:
2162 793 2192 827 ‚]
2212 793 2360 825 Fidentem

1238 814 1388 851 fignificat,
1410 822 1458 859 aut
1467 816 1667 850 Temerarium.
1708 821 1772 852 Ter.
1787 824 1854 854 Eun.
1873 837 1899 862 4.
1910 837 1935 861 4.
1948 837 1993 862 41.
2031 828 2056 858 O
2068 829 2209 860 scelestum
2221 839 2304 870 atque
2314 844 2361 864 au-

1239 853 1339 881 dacem
1351 852 1496 883 hommem
1509 857 1514 884 !

1238 890 1533 934 Audach’fconfidens.
1574 894 1660 924 Plaut.
1675 895 1772 934 Amph.
1787 907 1808 927 1.
1824 908 1847 928 1.
1863 909 1886 928 1.
1916 900 1973 937 Qui
1989 911 2034 932 me
2056 903 2124 933 alter
2148 906 2185 934 est
2207 907 2360 937 audacior*⁷

1258 934 1362 965 autqu1
1378 938 1424 958 me
1437 930 1646 961 confidentior?
2351 933 2357 938 ⁶

1240 966 1353 1001 Audax,
1377 969 1479 997 Amens
1494 990 1502 1004 ,
1522 969 1681 1007 impudens.
1725 970 1784 1001 Cic.
1798 983 1848 1010 pro
1864 972 1954 1004 Flacc.
1977 986 2037 1012 105.
2073 978 2172 1008 Verum
2189 983 2270 1010 etiam
2285 984 2362 1019 quod

1259 1013 1515 1071 Epgriitoacgtgttssglquam
1530 1013 1588 1037 tam
1606 1008 1740 1038 audacem
1750 1032 1758 1046 ,
1779 1017 1836 1040 tam
1850 1019 2006 1049 amentem,
2025 1021 2081 1044 tam
2097 1018 2289 1055 impudentem
2303 1021 2362 1051 fore

1240 1078 1368 1108 Petulans
1383 1080 1409 1108 &
1426 1081 1516 1110 audax
1530 1081 1625 1126 homo.
1666 1083 1725 1113 Cic.
1737 1093 1763 1113 2.
1774 1085 1810 1122 Q.
1822 1087 1880 1116 frat.
1894 1098 1920 1123 4.
1950 1088 2026 1125 Quid
2046 1092 2142 1126 qiueris
2153 1094 2166 1121 ἶ)
2188 1094 2271 1124 homo
2285 1102 2364 1132 petu-

1260 1116 1320 1146 lans
1331 1118 1357 1146 Sc
1373 1118 1464 1160 audax
1478 1119 1602 1150 Vat1n1us
1615 1120 1726 1164 &valde
1743 1124 1933 1160 perturbatus,
1956 1127 2170 1166 debilitatusque
2183 1133 2294 1162 discedi¹
2311 1135 2323 1162 ’ἲ

1242 1154 1417 1184 Temeranus
1428 1157 1454 1185 δε
1465 1157 1564 1187 audax.
1606 1158 1663 1188 C1c.
1680 1169 1704 1189 1.
1716 1160 1752 1189 de
1764 1161 1873 1192 Invent.
1883 1174 1909 1197 4.
1933 1163 2028 1199 Quum
2040 1167 2073 1194 ad
2084 1167 2269 1203 gubernacula
2282 1172 2361 1210 lieip.

1261 1193 1400 1259 εειῃὲτεῐξί
1415 1196 1643 1262 fatguetaudaces
1662 1197 1792 1229 homines
1812 1200 2002 1238 accesserunt,
2026 1206 2146 1234 maxima
2162 1216 2193 1235 ac
2213 1208 2364 1239 miserrima

1263 1240 1317 1259 nau
1332 1240 1403 1267 tagra
1434 1242 1449 1260 e
1471 1242 1505 1261 an
1520 1256 1526 1262 .

1243 1268 1367 1298 Audaces
1379 1270 1544 1306 &protervi.
1584 1272 1642 1302 Cic.
1660 1283 1682 1302 1.
1701 1274 1737 1303 de
1745 1273 1805 1303 Fin.
1817 1277 1862 1304 61.
1893 1275 1944 1305 Alii
1961 1277 2135 1315 petulantes,
2159 1280 2204 1309 alii
2227 1284 2362 1319 audaces,

1265 1306 1409 1374 protgaie}
1426 1308 1512 1338 iidem
1528 1310 1745 1348 intemperantes
1765 1313 1792 1342 <Sc
1808 1313 1919 1350 ignavi,
1942 1324 2084 1353 nunquam
2100 1318 2130 1347 in
2151 1318 2286 1350 sententia
2306 1332 2366 1360 pet-

1263 1355 1328 1373 man
1411 1368 1417 1373 .

1245 1382 1337 1412 Animi
1348 1383 1448 1413 audaX.
1470 1382 1567 1414 Claud.
1580 1395 1607 1415 2.
1621 1385 1657 1415 de
1671 1386 1753 1425 Rapt.
1769 1386 1890 1426 Proserp.
1900 1399 1928 1423 4.

1244 1421 1342 1450 Audax
1352 1421 1451 1450 animis
1462 1421 1595 1459 Spartana
1603 1424 1740 1459 juventus
1762 1425 1830 1455 Stat.
1845 1436 1888 1456 10.
1907 1427 1997 1458 Theb.
2009 1439 2075 1465 459.

1245 1458 1344 1488 Audax
1355 1459 1470 1496 ingenii.
1492 1460 1559 1490 Stat.
1574 1471 1600 1497 3.
1614 1461 1688 1498 Sylv.
1702 1471 1729 1492 2.
1741 1466 1787 1499 64.

1246 1497 1343 1526 Audax
1354 1496 1466 1526 viribus.
1490 1497 1563 1535 Virg.
1578 1510 1600 1534 ς.
1611 1500 1672 1529 AEn.
1683 1504 1728 1536 67.

1327 1534 1440 1571 Quique
1450 1535 1554 1573 pedum
1565 1536 1643 1566 cursu
1653 1538 1741 1573 valet,
1762 1539 1789 1568 &
1801 1540 1848 1577 qui
1861 1540 1965 1571 viribus
1974 1542 2074 1573 audax.

1246 1572 1345 1601 Audax
1354 1573 1449 1602 omnia
1457 1575 1574 1611 perpeti.
1598 1575 1665 1604 Hor.
1681 1586 1704 1605 1.
1717 1576 1807 1606 earm.
1820 1586 1843 1614 3.
1858 1587 1903 1614 25.

1247 1609 1339 1648 Caput
1347 1610 1446 1640 audax.
1486 1611 1551 1641 Sen.
1566 1613 1659 1649 Agam.
1669 1624 1733 1650 953.

1329 1647 1420 1691 Hostis
1431 1650 1571 1694 parentis,
1591 1651 1712 1689 impium
1723 1658 1805 1689 atque
1816 1653 1907 1684 audax
1919 1660 2012 1693 caput.
2090 1656 2299 1695 Clytemnestrae
2311 1670 2369 1690 ver-

1267 1685 1302 1714 ba
1313 1685 1398 1715 fil1am
1408 1686 1589 1724 oblurganns.

1248 1723 1349 1761 Coepta
1357 1724 1481 1754 audacia.
1521 1725 1593 1763 Virg.
1610 1736 1633 1756 1.
1650 1726 1750 1765 Georg.
1764 1738 1809 1763 40.

1330 1761 1372 1790 Da
1386 1761 1496 1792 facilem
1508 1763 1616 1793 cursum
1625 1786 1634 1799 ,
1654 1772 1736 1801 atque
1747 1766 1899 1796 audacibus
1911 1777 2003 1797 annue
2017 1770 2127 1807 coeptis.

1247 1798 1373 1829 Facinus.
1390 1799 1454 1829 Ter.
1466 1800 1535 1830 Eun.
1553 1813 1581 1836 4.
1595 1811 1620 1838 3.
1630 1811 1656 1832 2.
1674 1803 1801 1833 Hoccine
1811 1811 1869 1834 tam
1876 1806 1967 1835 audax
1976 1806 2083 1839 facinus
2090 1808 2180 1839 facere
2189 1809 2243 1840 effe
2251 1811 2345 1842 ausum
2354 1813 2370 1843 ’ἓ

1249 1836 1374 1866 Fanum.
1397 1837 1469 1875 Virg.
1486 1849 1527 1868 11.
1544 1839 1605 1869 AEn.
1621 1846 1686 1874 812.

1248 1874 1372 1904 Fiducia.
1394 1875 1460 1906 Stat.
1473 1881 1498 1906 6.
1512 1877 1604 1907 Theb.
1617 1888 1677 1915 393.

1249 1912 1345 1942 Homo
1358 1913 1449 1942 audax
1457 1915 1548 1944 venali
1558 1915 1663 1953 lingua.
1684 1916 1789 1946 Lucan.
1803 1916 1854 1947 lib.
1870 1927 1893 1947 1.

1249 1950 1394 1980 Industria.
1420 1951 1518 1982 Claud.

1250 1988 1362 2018 Manus.
1385 1989 1468 2018 Ovid.
1485 2000 1528 2020 11.
1541 1990 1623 2029 Epist.
1639 2002 1685 2028 40.

1250 2026 1336 2056 Mars.
1359 2026 1452 2056 Tibul.
1465 2039 1492 2063 4.
1511 2039 1533 2058 1.
1547 2034 1592 2063 98.

1250 2064 1360 2093 Orator.
1383 2065 1466 2094 Ovid.
1479 2075 1520 2102 13.
1537 2067 1608 2096 Met.
1621 2071 1683 2103 196.

1250 2101 1406 2139 Paupertas.
1428 2102 1493 2133 Hor.
1505 2114 1531 2133 2.
1548 2104 1630 2143 Epist.
1640 2115 1668 2136 2.
1682 2115 1726 2143 ςῐ.

1250 2140 1328 2177 Spes.
1351 2140 1419 2169 Plin.
1432 2141 1479 2170 lib.
1491 2147 1536 2177 28.
1548 2151 1608 2209 cag.
1620 2154 1647 2179 4.

1253 2178 1352 2208 Facere
1364 2178 1515 2214 audacem,
1536 2180 1574 2209 Ad
1598 2190 1642 2210 ere
1653 2182 1789 2212 animum.
1809 2181 1894 2213 Ovidt
1905 2193 1932 2218 4.
1945 2182 2016 2213 Met.
2031 2186 2077 2219 96.

1253 2216 1384 2253 Compar.
1405 2223 1453 2252 ut,
1474 2218 1610 2248 Audacior
1620 2219 1654 2248 ad
1663 2219 1780 2250 facinus.
1806 2221 1865 2250 Cic.
1876 2230 1900 2250 2.
1910 2221 1939 2249 in
1951 2221 2032 2251 Catil.
2046 2233 2071 2258 9.

1254 2253 1361 2297 Superl.
1385 2254 1476 2291 Cic.3.
1490 2256 1542 2285 Art.
1564 2256 1650 2293 Quod
1662 2259 1687 2287 &
1698 2258 1798 2288 Achaia
1810 2268 1898 2297 prope
1912 2259 1949 2288 est
1963 2281 1971 2294 ,
1993 2261 2020 2290 &
2035 2260 2121 2299 plena
2135 2261 2377 2297 audaeissimorum

1272 2302 1462 2322 1n1m1corum.
1484 2294 1502 2322 i.
1516 2303 1541 2323 e.
1562 2294 1795 2326 Temerariorum.

1217 2331 1239 2360 A
1248 2340 1294 2359 un
1305 2340 1324 2358 A
1335 2333 1376 2359 cu
1387 2342 1402 2359 1.
1411 2340 1448 2360 us
1460 2353 1468 2365 ,
1489 2329 1715 2368 [τσλκηεέσκΘ]
1737 2334 1798 2369 Adj.
1822 2334 1920 2363 dimin.
1954 2335 2070 2365 authore
2081 2336 2168 2368 Festo.
2202 2339 2273 2369 Gell.
2292 2351 2315 2377 5.
2329 2351 2374 2372 21.

1256 2368 1356 2397 Aderat
1366 2368 1547 2407 reprehensor
1558 2370 1709 2400 audaculus
1722 2372 1878 2402 verborum.

1217 2406 1239 2436 A
1250 2416 1268 2435 u
1280 2416 1298 2448 ¹?
1309 2416 1354 2449 A.C
1362 2408 1374 2435 ἶ
1383 2416 1402 2435 τ
1412 2417 1425 2436 E
1434 2416 1451 2449 a
1460 2429 1468 2442 ,
1500 2408 1567 2437 Adv.
1598 2409 1767 2445 [τολμηρῶς]
1797 2420 1813 2439 a
1833 2420 1889 2448 quo
1902 2410 2049 2440 =Auda8ter
2058 2434 2067 2446 ,
2088 2413 2260 2444 detractione
2281 2415 2376 2447 literae.

1255 2443 1407 2488 Priscianus
1423 2444 1471 2474 hb.
1489 2455 1531 2481 15.
1548 2455 1608 2484 cap.
1629 2446 1664 2476 de
1683 2447 1842 2482 AdverbiO,
1879 2448 1939 2477 Alia
1952 2457 2018 2478 vero
2032 2449 2171 2481 assumunt
2187 2453 2297 2487 dativo,
2318 2462 2378 2490 ter,

1256 2481 1414 2519 penultima
1424 2489 1566 2520 correpta:
1588 2490 1637 2520 ut,
1661 2484 1748 2514 Fortis
1761 2507 1769 2521 ,
1786 2485 1869 2521 forti,
1888 2485 2008 2516 fortiter:
2031 2487 2130 2523 Utilis,
2151 2490 2233 2525 utili,
2254 2492 2378 2522 utiliter:

1256 2519 1354 2563 Felix,
1374 2520 1470 2555 felici,
1491 2520 1624 2551 feliciter:
1647 2523 1744 2553 Audax
1758 2545 1767 2558 ,
1787 2524 1906 2559 audaci,
1927 2524 2076 2555 audaciter.
2111 2526 2158 2556 sed
2173 2538 2223 2566 per
2238 2528 2379 2567 syncopen

1258 2568 1288 2587 111
1306 2557 1355 2587 usu
1370 2558 1409 2587 est
1428 2558 1616 2595 frequentiore
1629 2560 1773 2590 Audacter.
1814 2561 1956 2591 Sallustius
1971 2569 2065 2593 tamen
2089 2564 2156 2595 Hist.
2170 2576 2196 2596 2.
2233 2568 2380 2597 Audaciter

1257 2595 1375 2634 protulit
1385 2595 1538 2625 secundum
1549 2597 1713 2635 analogiam.
1736 2630 1743 2642 Ι
1754 2599 1788 2628 Et
1801 2598 1858 2628 Cic.
1872 2609 1922 2636 pro
1934 2599 2013 2630 Rosc.
2026 2602 2114 2632 Amet.
2130 2613 2173 2637 31.
2197 2605 2288 2635 Multa
2299 2605 2381 2635 scele-

1258 2642 1316 2662 rate
1327 2656 1335 2669 ,
1356 2633 1443 2663 multa
1453 2634 1593 2664 audaciter
1605 2657 1613 2671 ,
1635 2636 1722 2665 multa
1734 2637 1861 2674 1mprobe
1872 2637 1967 2667 fecisti.
2008 2639 2075 2669 Haec
2085 2641 2244 2672 Priscianus.

1259 2671 1360 2701 Fabius
1369 2678 1463 2701 tamen
1471 2673 1611 2710 improbat
1623 2674 1768 2704 Audaciter
1777 2674 1826 2704 lib.
1840 2685 1863 2705 1.
1879 2685 1904 2705 c.
1916 2678 1943 2705 6.
1960 2675 2008 2705 ubi
2018 2677 2054 2706 de
2064 2679 2196 2718 Analogia
2205 2681 2270 2718 agit.
2311 2680 2382 2710 Vide

1278 2710 1396 2748 Append
1409 2709 1445 2739 ad
1453 2710 1525 2740 Varr.
1539 2720 1598 2749 cap.
1609 2721 1654 2741 21.
1676 2712 1710 2741 H.
1722 2712 1758 2742 St.
1770 2723 1798 2751 p.
1811 2718 1872 2747 108.
1885 2714 1952 2742 edit.
1965 2715 2044 2752 posti.

1221 2748 1243 2778 A
1253 2758 1271 2776 u
1281 2758 1299 2776 D
1309 2758 1328 2776 A
1337 2757 1382 2776 CT
1391 2757 1428 2776 ER
1439 2769 1447 2782 ,
1470 2748 1537 2778 Adv.
1560 2759 1610 2786 per
1626 2750 1776 2788 Syncopen
1793 2761 1844 2789 pro
1864 2751 2012 2782 Audaciter
2023 2776 2031 2788 ,
2053 2756 2080 2784 &
2091 2764 2125 2784 eo
2140 2755 2229 2785 multo
2246 2756 2379 2786 usitatius.

1259 2787 1276 2821 [
1282 2783 1381 2829 fjpaeoz'ws
1391 2785 1406 2820 ]
1428 2785 1513 2815 Plaut.
1525 2786 1590 2816 Mil.
1604 2796 1628 2823 3.
1641 2797 1667 2817 2.
1680 2797 1722 2824 33.
1763 2788 1798 2819 Et
1808 2789 1901 2818 minus
1912 2791 2042 2822 audacter
2050 2792 2161 2823 scelesta
2169 2793 2291 2824 facerent
2300 2794 2379 2826 faeta.

1259 2825 1306 2854 S1c
1317 2823 1452 2853 Audacter
1463 2823 1573 2854 laedere.
1597 2825 1662 2855 Ter.
1675 2826 1705 2855 in
1714 2826 1786 2864 prol.
1799 2826 1909 2857 Phorm.
1925 2838 1966 2857 11.

1260 2861 1384 2891 Blandiri
1394 2862 1533 2892 audacter.
1556 2862 1642 2893 Ovid.
1659 2873 1705 2893 21.
1724 2864 1809 2902 Epist.
1828 2875 1851 2894 1.
1868 2875 1915 2900 95.

1259 2899 1353 2936 Magis
1363 2899 1493 2929 audacter
1503 2910 1586 2937 quam
1594 2908 1689 2939 parate
1699 2902 1830 2932 veniebat
1839 2903 1876 2932 ad
1885 2903 2046 2935 dicendum.
2061 2905 2380 2943 Cic.deClar.Orat.241-

1261 2937 1358 2967 Minus
1372 2937 1462 2966 multo
1475 2938 1614 2968 audacter.
1657 2939 1686 2969 V.
1709 2951 1731 2969 M
1741 2951 1751 2969 1
1760 2950 1781 2969 N
1790 2950 1807 2969 o
1817 2951 1842 2970 R.

1259 2975 1420 3004 Defendere
1433 2976 1563 3005 audacter
1576 2975 1623 3006 sua
1636 2977 1757 3008 decreta.
1779 2978 1837 3008 Cic.
1851 2988 1877 3008 2.
1890 2979 1926 3009 de
1937 2979 1998 3011 Fin.
2012 2986 2057 3015 28.

1260 3013 1397 3042 Audacter
1407 3014 1482 3050 quod
1493 3013 1594 3044 scimus
1603 3015 1711 3045 deferre
1721 3017 1756 3046 ad
1763 3016 1893 3053 aliquem.
1915 3017 1974 3048 Cic.
1989 3029 1998 3047 1
2006 3021 2029 3054 ζ.
2042 3019 2114 3049 Fam.
2124 3028 2151 3050 2.

1261 3050 1397 3080 Audacter
1405 3052 1431 3080 &
1443 3051 1531 3081 libere
1541 3052 1642 3082 dicere.
1665 3053 1724 3084 Cic.
1734 3065 1785 3092 pro
1796 3054 1875 3084 Rosc.
1890 3057 1977 3085 Amet.
1990 3065 2034 3092 31.

1261 3088 1398 3118 Audacter
1410 3090 1437 3118 &
1448 3095 1542 3126 aperte
1550 3090 1651 3121 dicere.
1673 3091 1732 3122 Cic.
1744 3102 1796 3131 pro
1806 3092 1886 3123 Rosc.
1896 3094 1985 3123 Amet.
1999 3103 2042 3130 31.

1261 3125 1357 3161 Jurare
1369 3127 1508 3156 audacter.
1529 3127 1615 3158 Plaut.
1628 3130 1726 3168 Amph.
1742 3140 1769 3160 2.
1782 3140 1808 3160 2.
1820 3135 1885 3160 206.

1261 3164 1352 3200 Loqui
1360 3165 1490 3194 audaster
1498 3172 1546 3195 aut
1554 3166 1729 3203 respondere.
1750 3168 1836 3198 Plaut.
1849 3169 1928 3206 Capt.
1940 3177 1965 3205 3.
1976 3178 2003 3204 4.
2017 3173 2062 3203 98.

1261 3202 1519 3233 Audadtermonere
1529 3226 1537 3239 ‚
1555 3205 1581 3234 ἃ
1590 3205 1769 3236 familiariter.
1791 3206 1855 3235 Ter.
1865 3206 1964 3235 Heaut.
1981 3216 2003 3235 1.
2015 3216 2038 3234 1.
2051 3207 2078 3235 6.

2287 155 2355 201 2'95

1200 3258 1207 3264 -
1262 3239 1393 3277 Compar.
1423 3248 1470 3277 ut,
1493 3241 1624 3272 Exultare
1635 3244 1776 3273 audacius.
1797 3243 1855 3273 Cic.
1866 3245 1896 3272 in
1910 3244 1985 3273 Orat.
1998 3247 2043 3272 26.

1262 3278 1401 3307 Audacius
1408 3279 1577 3309 transferunt
1585 3280 1666 3310 verba
1676 3288 1775 3319 poetae.
1798 3281 1856 3310 Cic.
1868 3282 1898 3310 in
1907 3282 1981 3310 Orat.
1996 3290 2059 3310 202.

1263 3315 1372 3353 Superl.
1395 3323 1439 3352 ut,
1463 3317 1645 3347 Audaciffime
1656 3328 1846 3357 prorumpere.
1870 3318 1934 3348 Caes.
1952 3329 1975 3353 5.
1991 3317 2057 3347 Bell.
2069 3317 2140 3348 Gall.
2156 3327 2198 3354 15.

1225 3353 1364 3390 Aunro,
1384 3355 1441 3390 ivi,
1459 3358 1549 3391 itum,
1570 3356 1687 3392 [ἐκφύῃ
1708 3357 1821 3392 aquia,
1843 3353 2017 3391 πωῖιένομοα]
2037 3358 2087 3385 ire.
2110 3357 2227 3387 Auribus
2243 3360 2380 3398 accipere.

1264 3391 1349 3421 Varro
1361 3392 1396 3421 de
1413 3392 1442 3422 L.
1454 3392 1483 3422 L.
1501 3393 1581 3429 lib.5.
1621 3393 1662 3423 Ab
1673 3394 1783 3423 auribus
1799 3394 1926 3424 videntur
1939 3393 2012 3422 dicta
2033 3392 2108 3429 [ἕως
2118 3395 2216 3430 duaa]
2238 3398 2319 3427 verba
2333 3400 2383 3428 Au.

1263 3429 1313 3458 dio
1325 3431 1351 3459 ἃ
1362 3430 1498 3460 Ausculto.
1541 3431 1632 3460 Audio
1647 3432 1680 3460 ab
1691 3433 1764 3460 Aveo
1777 3453 1784 3466 ,
1806 3432 1882 3468 quod
1891 3431 2002 3460 auribus
2017 3441 2130 3461 avemus
2142 3432 2246 3463 discere
2264 3435 2381 3474 semper.

1263 3468 1340 3504 quod
1351 3467 1458 3498 Ennius
1470 3469 1582 3498 videtur
1595 3476 1710 3506 etymon
1728 3469 1872 3498 ostendere
1891 3468 1962 3498 velle
1977 3470 2005 3497 in
2020 3469 2177 3499 Alexandro
2187 3493 2194 3506 ,
2217 3482 2302 3508 quum
2323 3475 2381 3511 ait,

1262 3505 1434 3541 jamdudum
1444 3507 1478 3535 ab
1490 3507 1563 3536 ludis
1578 3507 1686 3536 animus
1697 3513 1778 3543 atque
1799 3516 1876 3535 aures
1895 3512 1996 3540 avent,
2017 3508 2097 3536 avide
2118 3510 2297 3546 expectantes
2310 3522 2383 3541 nun-

1263 3544 1345 3572 tium.
1385 3544 1498 3582 Propter
1507 3545 1579 3573 hanc
1590 3545 1697 3573 aurium
1708 3544 1868 3573 aviditatem
1878 3543 1985 3573 theatra
1995 3545 2148 3582 replentur.
2189 3547 2227 3576 Ab
2240 3550 2382 3579 audiendo

1262 3582 1348 3610 etiam
1359 3581 1514 3611 Auscultare
1527 3582 1715 3610 declinamus:
1737 3581 1813 3618 quod
1831 3582 1861 3610 hi
1881 3581 2032 3611 auscultare
2049 3583 2199 3619 dicuntur,
2220 3588 2267 3623 qui
2282 3588 2383 3617 auditis

1264 3626 1381 3657 parent:
1403 3630 1418 3649 a
1428 3630 1483 3657 quo
1494 3621 1600 3648 dictum
1609 3626 1699 3655 poetae
1709 3619 1792 3647 audio
1803 3641 1811 3653 ,
1833 3628 1880 3648 aut
1898 3619 2022 3649 ausculto
2033 3642 2041 3654 ,
2060 3621 2149 3651 literae
2161 3627 2382 3656 commutatione

1264 3653 1378 3686 dicitur.
1401 3658 1542 3687 Hactenus
1553 3657 1644 3685 Varro.
1685 3656 1749 3685 Ter.
1763 3657 1831 3686 And.
1847 3668 1870 3693 5.
1883 3669 1911 3693 4.
1924 3667 1965 3695 17.
1988 3658 2016 3687 Si
2030 3659 2100 3688 mihi
2111 3661 2219 3698 pergit,
2240 3673 2299 3700 quae
2314 3664 2382 3699 vult,

1263 3695 1358 3724 dicere
1370 3717 1379 3730 ,
1399 3705 1432 3724 ea
1443 3705 1503 3732 quae
1514 3704 1571 3723 non
1585 3693 1663 3728 vult,
1684 3694 1788 3723 audiet.

1263 3734 1392 3768 Attente,
1423 3733 1553 3768 bonaque
1579 3741 1644 3760 cum
1658 3732 1741 3760 venia
1761 3731 1856 3762 audire
1882 3732 1965 3762 verba
1991 3732 2118 3770 alicujus.
2152 3735 2213 3766 Cic.
2232 3747 2284 3775 pro
2303 3737 2383 3770 Rosc.

1285 3772 1374 3800 Amer.
1387 3780 1414 3806 9.

1265 3807 1395 3838 Breviter.
1419 3807 1490 3843 Virg.
1501 3816 1526 3835 2.
1544 3806 1606 3836 ffin.
1621 3815 1662 3835 11.

1266 3845 1427 3875 Clariffime.
1450 3844 1519 3873 Plin.
1532 3843 1580 3872 lib.
1595 3854 1636 3873 10.
1651 3853 1713 3882 cap.
1725 3853 1771 3881 70.

1267 3883 1298 3913 111
1309 3884 1396 3917 majus
1411 3882 1508 3910 audiri.
1550 3881 1639 3911 Tacit.
1650 3893 1677 3917 4.
1694 3883 1764 3911 Ann.
1780 3890 1826 3920 23.
1850 3882 1938 3913 Miffis
1948 3883 2057 3915 levibus
2070 3885 2179 3924 copiis.
2200 3896 2262 3924 quae
2279 3898 2313 3918 ex
2326 3888 2388 3918 lon-

1287 3921 1391 3957 ginquo
1407 3921 1436 3948 in
1449 3920 1538 3953 maius
1552 3919 1745 3949 audiebantur.

1268 3957 1361 3987 Latius
1372 3957 1470 3987 audiri.
1490 3957 1581 3987 Tacit.
1595 3967 1618 3988 1.
1634 3957 1701 3987 ffist.
1715 3960 1759 3992 86.

2259 4000 2390 4034 Libenter
