2600 4177
23 3979 32 4079 μω,

71 2259 405 2299 consequammi,
427 2262 666 2296 CONSEQUME.

70 2299 250 2336 Consequ
262 2310 322 2335 011,
343 2299 473 2337 sequutus
483 2299 562 2335 sum,
583 2300 751 2336 [amin-epaon,
773 2299 959 2337 συιοιυλεῖέω]
984 2302 1072 2339 sequi.
1097 2303 1233 2335 Cominus

508 174 537 209 C
637 175 671 210 O
767 175 803 211 N

107 249 196 295 Fafftae
206 254 408 286 consensiones.
448 256 507 285 Cic.
520 255 633 292 7.Verr.
667 280 672 286 .
694 257 772 293 Quid
790 257 894 292 igitur‘?
918 259 1024 288 nulline
1039 266 1132 289 motus
1154 260 1180 289 in
1191 260 1232 290 Si-

126 289 191 332 cilia
202 292 341 323 servorum
352 294 433 323 Verre
446 293 561 323 Praetore
570 295 583 322 ⁶!
596 294 643 323 nul
660 305 717 324 :ene
729 295 921 325 consensiones
930 298 1007 326 factm
1020 298 1073 327 esse
1084 298 1230 327 dicuntur?

110 323 200 371 Firma
211 331 362 360 consensio.
400 332 459 361 Cic.
477 341 497 359 1.
515 332 550 360 de
566 332 627 360 ilat.
647 333 730 362 Deor.
749 344 795 367 44.
819 333 913 369 Quum
936 336 1011 364 enim
1031 345 1088 364 non
1106 336 1230 365 instituto

128 364 224 402 aliquo
236 390 244 402 ,
265 375 312 398 aut
322 378 414 401 more.
436 375 483 397 aut
497 369 558 406 lege
569 369 704 406 sitopinio
715 371 861 399 constitura
871 394 877 401 .
900 380 1067 409 maneatque
1084 375 1119 403 ad
1142 382 1230 403 unum

130 405 257 434 omnium
266 405 342 435 firma
354 405 496 435 consensio
508 429 515 440 ‚
538 407 655 444 intelligi
670 408 781 446 necesse·
793 409 829 437 est
845 408 898 438 esse
911 410 988 439 deos.

110 438 255 472 Sceleratae
265 443 452 473 consenfionis
465 444 620 480 aliquorum
631 445 699 475 sides
713 456 767 483 quo
780 449 903 483 eruperit
914 449 998 477 vides.
1022 449 1130 478 Cic.10.
1145 449 1230 482 Att.4.

73 473 398 516 ΟοΝεΒΝτᾸΝΒυε,
420 481 489 525 Adix-
503 481 654 518 [εὔλογζῷυ]
676 484 863 512 Conveniens.
882 486 1017 521 Cic.5.de
1030 486 1232 516 Finib.6o.lta-

111 524 165 550 que
176 518 267 547 omnis
275 518 367 548 honos
379 540 387 553 ‚
413 529 504 548 omnis
514 521 660 550 admiratio
675 544 683 556 ‚
703 531 787 550 omne
798 522 918 551 studium
934 523 969 552 ad
984 524 1116 554 virtutem
1128 545 1136 558 ‚
1158 525 1183 553 8.-
1196 523 1233 553 ad

110 561 158 582 eas
168 556 292 584 essiones
304 577 311 588 .
333 566 392 593 quae
405 557 501 586 virtuti
512 557 573 588 sunt
583 559 774 588 consentaneae
791 561 914 590 refertur.

110 590 242 636 Actiones
250 592 451 624 consentaneas
464 596 585 625 motibus
595 597 768 631 voluntariis,
790 597 937 628 conatibus
947 621 955 634 ,
978 600 1004 628 Sc
1013 597 1234 636 appetitionibus

131 630 229 658 mundi
241 630 356 660 adhibet
367 640 470 662 natura.
493 633 553 663 Cic.
566 644 591 663 2.
602 635 637 664 de
649 635 712 664 Nat.
724 634 808 664 Deor.
823 641 865 669 58.

110 666 278 710 Argumenta
285 669 472 700 consentanea
483 673 508 701 &
520 671 700 702 dissentanea.
724 672 782 702 Cic.
799 673 828 701 in
841 673 930 702 Partit.
944 681 970 709 7.

109 701 215 733 Divisio
225 706 419 737 consentanea.
444 709 563 745 Quintil.
576 710 625 739 lib.
640 714 665 740 6.
678 719 740 747 cap.
755 719 779 746 3.

110 740 207 772 Genus
217 743 435 776 consentaneum
445 747 488 777 his
499 747 844 786 temporibuslitterarum.
868 748 927 778 Cic.
941 759 969 784 4.
983 748 1057 778 Fam.
1076 757 1119 786 13.

109 778 197 817 Leges
207 781 271 810 dare
279 783 487 814 consentaneas.
510 786 568 814 Cic.
581 795 607 815 2.
620 787 655 815 de
667 785 759 822 Legib.
773 795 817 821 23.

111 816 182 852 Quae
193 817 328 850 sententia
339 822 450 852 utilitati
464 833 555 853 rerum
564 823 746 853 consentanea
758 824 804 852 est.
826 822 890 861 Ulp.
910 823 929 853 l.
946 823 964 853 si
979 824 1182 854 remunerandi.
1204 824 1236 854 in

129 854 195 885 sine.
217 856 251 887 D.
273 860 396 890 mandat.
422 860 467 889 vel
486 868 576 890 contr.

109 892 321 926 Consentaneus
331 897 388 928 sibi.
427 898 486 928 Cic.
500 909 523 928 1.
537 898 594 929 Off.
607 903 633 928 6.
656 898 706 928 Hae
717 897 871 935 disciplinae
891 899 975 937 igitur
995 900 1012 929 si
1026 899 1074 929 sibi
1091 898 1236 929 consenta-

128 933 289 975 neza-velint
298 934 354 964 esse
366 958 374 970 ‚
396 936 431 965 de
444 936 538 966 officio
551 937 621 966 nihil
636 942 738 974 queant
749 935 852 966 dicere.

110 967 159 998 Vir
170 978 225 1000 Vita
234 981 265 1001 ac
278 980 368 1003 morte
377 973 589 1004 consentaneus.
630 974 733 1003 Patere.
748 973 798 1003 lib.
812 984 837 1003 2.
852 978 897 1009 63.
920 973 977 1004 Sub
998 975 1110 1004 Antonii
1133 973 1235 1013 ingres-

128 1006 189 1036 sum
200 1009 230 1038 in
244 1010 343 1045 castra,
366 1013 509 1050 Juventius
527 1011 695 1047 Laterensis,
716 1011 757 1040 vir
771 1013 827 1041 vita
848 1022 880 1042 ac
899 1018 989 1043 morte
1009 1012 1234 1049 consentaneus,

129 1054 216 1081 quum
239 1049 360 1078 acerime
378 1049 496 1079 suasisset
509 1050 615 1088 Lepido
626 1071 634 1085 ‚
656 1059 692 1079 ne
702 1049 728 1078 se
739 1059 804 1078 cum
817 1050 939 1080 Antonio
952 1050 1029 1081 hoste
1039 1051 1162 1087 iudicato
1172 1053 1236 1089 jun-

130 1091 207 1119 geret
218 1105 225 1117 ,
250 1086 341 1116 irritus
353 1087 459 1116 consilii
469 1110 477 1123 ‚
501 1088 593 1123 gladio
605 1088 632 1117 se
644 1087 701 1125 ipse
710 1087 853 1117 transfixit.

108 1119 289 1164 Excellentiae
303 1124 428 1155 hominis
441 1118 678 1159 consentaneum,
699 1125 728 1154 in
740 1135 795 1160 eo,
817 1135 871 1162 quo
892 1132 988 1155 natura
1007 1128 1068 1162 ejus
1089 1136 1104 1155 a
1122 1126 1236 1164 reliquis

127 1161 316 1191 animantibus
328 1163 439 1198 differt,
461 1164 490 1193 id
501 1165 636 1193 decorum
649 1163 696 1192 est.
719 1163 778 1192 Cic.
794 1173 817 1192 1.
834 1163 892 1194 Off.
905 1168 950 1199 96.
972 1164 1108 1193 Definitio
1121 1164 1230 1195 Decori.

109 1195 247 1263 Mfiijeslati
259 1200 376 1230 deorum
390 1201 503 1232 obscura
518 1202 626 1231 somnia
644 1201 761 1231 minime
780 1201 965 1232 consentanea
984 1201 1056 1232 sunt.
1080 1202 1138 1232 Cic.
1151 1213 1177 1233 2.
1199 1203 1235 1233 de

159 1244 223 1264 ivm.
244 1246 304 1273 134.

64 1273 68 1275 ’
108 1272 222 1303 Naturae
231 1276 460 1306 consentaneum.
482 1277 540 1306 Cic.
552 1286 575 1305 1.
589 1275 647 1306 Off.
660 1279 706 1310 68.

108 1309 245 1349 Temperi
260 1315 286 1343 ἃ
296 1314 420 1351 personae
429 1322 525 1352 aptum
536 1313 589 1344 csse
599 1314 881 1352 consentaneumque.
907 1314 966 1345 Cic.
978 1316 1008 1346 in
1020 1315 1099 1346 Orat.
1113 1325 1158 1354 74.
1181 1316 1237 1347 De-

130 1347 222 1378 finitio
233 1351 272 1379 est
281 1352 357 1381 verbi
368 1352 481 1382 Decere.

108 1385 181 1416 Vitae
192 1386 358 1419 sanctissime
372 1391 438 1419 aciae
448 1399 523 1419 mors
536 1389 731 1419 consentanea.
754 1389 813 1420 Cic.
823 1401 849 1426 9.
860 1389 982 1430 Philipp,
996 1401 1007 1421 1
1015 1401 1040 1428 ς.

109 1424 183 1454 Cum
196 1436 224 1455 re
235 1427 325 1464 aliqua
336 1427 564 1457 consentaneum.
591 1428 650 1457 Cic.
667 1436 690 1463 3.
712 1428 787 1458 Fam.
801 1431 827 1458 6.

109 1462 335 1495 Consentaneum
349 1467 448 1503 cuique
459 1468 486 1496 &
497 1466 670 1503 consequens
681 1466 748 1503 quid
766 1466 807 1500 sit,
820 1466 983 1505 perspicere.
1009 1467 1066 1497 Cic.
1078 1476 1104 1496 2.
1116 1466 1174 1497 Off.
1189 1472 1232 1502 18.

109 1500 304 1532 Consentanea
316 1505 341 1533 δι
351 1503 557 1540 consequentia.
599 1504 658 1534 Cic.
675 1513 698 1539 3.
714 1505 749 1533 de
762 1504 852 1533 Finib.
866 1512 912 1539 48.
934 1505 990 1535 Sed
1010 1515 1096 1542 quum
1106 1512 1183 1535 certe
1195 1506 1237 1535 su-

128 1539 239 1576 periora
250 1540 327 1570 firma
339 1550 372 1570 ac
384 1551 448 1571 vera
457 1541 508 1571 sint
518 1564 526 1577 ‚
544 1541 587 1571 his
598 1549 692 1572 autem
701 1551 732 1572 ea
741 1542 945 1573 consentanea:
968 1553 1005 1573 ne
1019 1544 1055 1573 de
1066 1553 1164 1573 eorum
1175 1544 1236 1581 qui-

129 1577 245 1606 dem'est
258 1580 372 1609 veritate
381 1579 578 1610 dubitandum.

107 1614 151 1645 Ex
167 1615 361 1647 consentaneis
370 1639 379 1653 ‚
400 1619 426 1647 ἃ
448 1617 680 1655 praecurrentibus
690 1639 698 1654 ,
720 1618 747 1648 &
765 1618 985 1656 repugnantibus
1001 1625 1164 1657 argumenta
1185 1619 1236 1649 du-

128 1660 240 1683 cuntur.
264 1654 321 1684 Cic.
332 1665 358 1685 2.
371 1655 406 1684 de
418 1655 496 1685 Orat.
511 1665 571 1693 170.

108 1689 336 1723 Consentaneum
345 1694 384 1723 est
395 1715 404 1729 ‚
425 1693 558 1723 absolute.
600 1693 658 1723 Cic.
673 1703 698 1723 2.
713 1693 749 1723 de
759 1693 823 1723 Nat.
837 1694 920 1724 Deor.
931 1704 978 1730 42.
1000 1694 1095 1731 Quare
1108 1704 1194 1732 quum
1204 1695 1234 1725 in

127 1729 312 1798 fftlgfirtqaffiira
323 1732 486 1769 gignantur,
506 1731 725 1761 consentaneum
744 1731 782 1761 est
804 1733 833 1761 in
845 1731 888 1762 his
899 1732 1006 1762 sensum
1018 1732 1104 1762 inesse
1117 1734 1142 1763 ἃ
1153 1733 1235 1763 intel·

107 1776 176 1872 Νέη
186 1806 215 1834 id
223 1792 404 1874 spegandum
412 1807 450 1837 est
460 1786 527 1845 quid
538 1808 630 1843 dicat,
649 1806 698 1837 sed
710 1806 778 1844 quid
798 1807 1019 1839 consentaneum
1033 1808 1065 1838 sit
1082 1809 1107 1839 ei
1129 1809 1233 1840 dicere.

107 1845 468 1917 Noliicest'gnselilgiieum
489 1883 535 1920 qui
549 1889 626 1912 metu
635 1884 691 1911 riori
699 1883 841 1921 frangatur
856 1906 865 1919 ,
887 1894 952 1914 eum
962 1884 1048 1923 frangi
1058 1885 1232 1923 cupiditate:

128 1929 182 1949 nec
190 1921 236 1957 qui
247 1922 382 1951 invisitum
396 1921 423 1950 se
434 1931 448 1950 a
459 1920 554 1950 labore
563 1921 726 1959 praestiterit,
739 1922 814 1951 vinci
830 1931 845 1951 a
856 1922 1008 1959 voluptate.
1030 1922 1233 1958 Cie.i.Off.⁶3.

69 1955 95 1986 C
104 1967 121 1985 o
132 1967 150 1986 N
161 1968 174 1987 s
184 1961 200 1987 ῑς
210 1968 224 1986 i>
234 1969 244 1987 1
253 1969 270 1988 o
282 1981 290 1994 ,
311 1959 377 1997 sepsi
388 1981 396 1995 ‚
418 1959 526 1996 septum
536 1981 545 1993 .
575 1957 747 1995 [avumqj-Hw
755 1956 774 1994 J
797 1959 895 1997 sepire.
929 1960 1007 1989 ldem
1027 1961 1103 1998 quod
1127 1962 1233 1999 Sepire.

108 1995 169 2025 Cic.
186 1996 222 2025 de
233 1997 344 2027 Senec‘t.
360 2008 402 2032 59.
426 1996 532 2026 Ceteris
546 1997 574 2026 in
587 1997 670 2026 rebus
679 2007 790 2026 comem
808 2007 871 2035 erga
890 1997 1061 2035 Lysandrum
1081 2007 1163 2037 atque
1185 2001 1236 2029 hu.

107 2034 330 2101 mgnugjslsuisse,
351 2037 378 2065 &
393 2036 418 2065 ei
433 2035 574 2072 quendam
588 2034 753 2073 conseptum
771 2045 867 2073 agrum
881 2037 907 2066 ἃ
929 2036 1078 2074 diligenter
1095 2037 1234 2069 consitum

109 2082 126 2100 0
152 2081 186 2101 en
209 2082 217 2101 1
242 2083 265 2102 e.

69 2109 319 2146 Consanum,
339 2110 358 2139 i.
380 2119 408 2139 n.
443 2109 604 2147 [φρρέγμψ,
626 2108 824 2146 εἷὲέφρρογηα]
858 2111 997 2142 Columel.
1019 2112 1068 2142 lib.
1084 2122 1106 2142 1.
1131 2123 1192 2150 cap.
1203 2123 1230 2150 4.
1252 2144 1257 2155 s

111 2147 273 2177 Difficiliora
292 2148 368 2177 enim
380 2148 513 2186 consepta
525 2169 533 2183 ‚
554 2157 614 2177 non
630 2148 720 2177 solum
736 2148 823 2187 pluris
840 2149 1058 2187 aedfflcabimus,
1079 2150 1128 2181 sed
1147 2151 1234 2182 etiam

108 2185 242 2223 impensis
256 2186 407 2230 majoribus
418 2187 569 2230 tuebimur.
586 2186 663 2230 ibid.
674 2196 735 2230 cap.
748 2191 772 2216 ⁶.
784 2197 827 2225 pr.

109 2223 282 2262 Conseptum
296 2231 379 2253 etiam
389 2224 441 2253 furi
453 2225 525 2254 dixit
536 2224 656 2261 Quintil.
669 2224 715 2253 lib.
728 2230 754 2258 8.
769 2234 811 2254 12.
824 2235 873 2262 pro
885 2225 947 2263 ipsis
959 2226 1097 2257 Cancellis

710 2262 739 2292 V.
763 2263 791 2292 in
812 2273 1043 2300 cousequoa.

108 2337 206 2375 sequi,
228 2338 304 2375 quod
322 2338 428 2367 barbari
445 2338 562 2373 dicunt,
584 2340 604 2366 A
625 2347 723 2375 prope.
764 2338 829 2368 Caes.
843 2344 869 2374 8.
886 2339 1042 2370 ucis-Gall.
1054 2349 1099 2379 27.
1132 2342 1234 2374 Conse-

107 2382 231 2411 quuntur
240 2376 348 2412 equites
365 2376 449 2405 nostri
463 2398 470 2412 ‚
492 2382 523 2405 ut
533 2382 590 2405 erat
602 2382 784 2413 praeceptum.

107 2413 180 2444 Rem
191 2423 233 2443 res
241 2414 429 2452 consequitur.
469 2413 527 2444 Cic.
543 2414 579 2443 de
590 2414 657 2443 Fato
669 2424 694 2448 9.

106 2451 164 2481 Res
173 2452 281 2481 causam
294 2452 458 2489 plerumque
474 2451 661 2489 consequitur.
682 2451 741 2480 Cic.
757 2460 780 2481 1.
798 2451 833 2482 de
848 2452 942 2484 Divin.

107 2489 252 2519 Continuo
262 2489 404 2527 consequi.
427 2490 513 2519 Plaut.
528 2489 626 2527 Amph.
640 2498 663 2526 3.
684 2499 706 2519 1.
720 2499 765 2518 20.

200 2528 371 2557 Mercurium
381 2527 443 2564 jussi
455 2538 500 2557 nie
508 2529 645 2557 continuo
657 2527 798 2565 consequi.

105 2564 245 2602 Consequi
256 2575 354 2604 prope.
376 2566 462 2595 Plaut.
476 2566 550 2596 Rud.
561 2577 587 2602 4.
604 2575 684 2602 3.11.
950 2596 956 2604 ,

199 2603 337 2641 Eloquere
347 2625 355 2638 ‚
376 2604 443 2641 quid
458 2604 487 2633 id
497 2604 554 2633 est?
576 2613 605 2634 T.
628 2603 694 2633 vide
705 2601 831 2641 nuspiam
842 2602 1020 2643 consequitur
1028 2614 1118 2645 prope
1129 2617 1191 2638 nos.

104 2641 244 2679 Consequi
255 2664 264 2677 ‚
285 2642 525 2677 dativojunctum.
548 2641 634 2671 Plaut.
647 2642 746 2679 Amph.
759 2652 784 2671 2.
797 2652 823 2671 2.
837 2652 861 2677 ς.

122 2718 147 2747 v
168 2718 177 2748 l
198 2680 239 2710 Ita
250 2680 294 2709 dis
308 2679 460 2718 placitum,
481 2679 619 2718 voluptati
631 2686 662 2709 ut
681 2689 780 2709 maeror
798 2690 894 2710 comes
914 2680 1104 2719 consequatur.
1186 2683 1229 2714 Al.

148 2729 165 2748 o
179 2729 196 2748 u
219 2725 314 2748 tatem.

106 2729 329 2793 AEtatezliquem
339 2755 481 2792 consequi.
522 2755 582 2785 Cic.
594 2754 631 2785 de
639 2755 711 2785 Clar.
722 2755 801 2785 Orat.
817 2759 862 2786 61.
885 2756 969 2786 Hunc
980 2757 1063 2798 igitur
1073 2758 1231 2797 Cethegum

124 2795 313 2832 consequutus
323 2794 361 2823 est
370 2802 451 2824 aetate
462 2794 532 2823 Cato
542 2804 549 2823 z
572 2794 618 2831 qui
629 2794 710 2823 annis
729 2804 738 2822 1
748 2803 766 2823 x
783 2795 844 2832 post
855 2804 920 2828 eum
932 2796 985 2824 fuit
1006 2806 1023 2825 c
1033 2805 1050 2824 o
1060 2806 1082 2826 s.

104 2832 137 2864 ln
148 2832 219 2862 libro
240 2831 288 2862 suo
309 2832 439 2869 aliquem.
481 2831 538 2861 Cio.
558 2841 581 2861 1.
600 2832 635 2861 de
645 2832 709 2861 Nat.
724 2832 864 2867 Deor.4i.
898 2833 953 2862 Nisi
979 2833 1105 2865 absolute
1121 2834 1230 2865 dictum

126 2871 220 2908 Quem
235 2870 406 2907 consequens
420 2892 429 2905 ,
450 2870 479 2898 111
490 2880 524 2899 00
538 2869 610 2899 libro
630 2871 681 2900 &c
700 2869 848 2900 subaudito
858 2871 958 2901 ffitate.

106 2904 201 2939 Gradu
212 2908 341 2946 consequi
352 2918 459 2937 vocem.
485 2908 569 2937 Plaut.
581 2908 654 2937 Rud.
670 2918 693 2937 1.
707 2919 734 2943 4.
748 2918 793 2938 21.

198 2946 406 2984 Consequamur
415 2945 503 2984 gradu
514 2955 629 2978 vocem.
651 2946 699 2975 ubi
709 2956 739 2975 es
750 2947 763 2975 ?
793 2956 816 2976 Ρ.
839 2955 905 2975 ecce
917 2955 972 2976 me.

103 2984 244 3022 Consequi
258 2986 380 3022 aliquem
394 3006 402 3018 ‚
424 2994 476 3022 pro
501 2993 535 3013 eo
555 2984 631 3021 quod
650 2984 705 3019 est,
736 2983 910 3021 insequendo
929 2985 963 3013 ad
985 2993 1050 3014 eum
1070 2987 1227 3023 pervenire.

122 3023 181 3053 Cic.
195 3032 220 3059 3.
237 3023 291 3052 Ait.
302 3033 329 3057 4.
350 3021 540 3059 Quamobrem
550 3029 578 3051 te
586 3032 636 3051 oro
645 3022 694 3051 des
706 3032 820 3060 operam
836 3031 866 3051 ut
882 3032 927 3051 me
945 3023 1034 3052 statim
1047 3025 1225 3061 consequare.

121 3061 202 3092 Idem
216 3071 241 3091 2.
260 3062 289 3090 in
301 3061 383 3090 Catil.
396 3063 422 3089 6.
446 3060 552 3090 Aurelia
563 3061 607 3099 via
622 3059 764 3098 profectus
774 3061 829 3090 est:
856 3060 874 3089 si
891 3060 1045 3092 accelerare
1056 3064 1171 3099 volent,
1191 3063 1227 3093 ad

121 3100 270 3137 vesperum
282 3098 494 3135 consequentur.
537 3097 574 3127 iil.
599 3098 756 3136 Vesperam.

102 3137 189 3167 Cursu
201 3138 272 3167 feras
282 3135 424 3172 consequi.
445 3136 509 3165 Sen.
523 3135 640 3174 Hippol.
657 3146 683 3165 2.

102 3175 205 3206 Itinere
219 3174 350 3211 consequi
369 3173 498 3211 aliquem.
537 3174 594 3204 Cic.
609 3180 635 3209 8.
652 3175 707 3203 Att.
723 3182 764 3210 17.
798 3173 862 3203 Non
882 3174 922 3203 est
946 3173 1029 3205 nobis
1047 3176 1241 3206 committen.

122 3214 190 3243 dum
200 3235 207 3248 ‚
229 3220 261 3242 ut
273 3213 308 3241 ad
317 3212 366 3242 has
380 3221 415 3240 xi
425 3222 434 3240 1
445 3222 454 3240 1
463 3223 472 3241 1
495 3212 626 3241 cohortes
639 3233 648 3248 ‚
669 3221 738 3249 quas
748 3211 835 3241 dubio
845 3212 939 3242 animo
948 3213 1040 3243 habeo
1050 3235 1059 3249 ‚
1079 3214 1165 3245 hostis
1182 3225 1227 3245 ac-

120 3253 222 3281 cedere
232 3273 240 3286 ,
262 3251 347 3280 autin
357 3250 456 3279 itinere
466 3259 511 3279 me
522 3250 654 3288 consequi
665 3250 758 3288 possit.

100 3288 223 3320 Pedibus
236 3288 365 3325 aliquem.
389 3287 474 3317 Ovid.
486 3298 511 3323 9.
524 3288 593 3318 Met.
607 3292 668 3317 126.

100 3328 241 3365 Consequi
253 3326 414 3363 aliquem'in
426 3326 549 3356 Praetura.
591 3326 659 3355 Plin.
677 3335 702 3362 7.
717 3324 800 3362 Epist.
817 3335 857 3359 ις.
882 3325 933 3355 llle
949 3335 995 3355 me
1012 3325 1041 3356 iri
1049 3326 1224 3365 Tribunatu,

121 3366 274 3395 liberorum
285 3366 345 3399 jure
355 3363 491 3402 praecessit
507 3374 514 3393 :
537 3373 589 3401 ego
601 3364 682 3393 illuni
694 3365 721 3393 in
735 3364 851 3404 Prietura
864 3363 923 3393 sum
932 3364 1129 3402 consequutus.

100 3403 228 3441 Aliquem
240 3402 393 3433 certamine
408 3424 415 3437 ,
437 3402 454 3430 i.
468 3411 492 3431 e.
514 3401 640 3431 Vincere.
664 3402 737 3439 Virg.
754 3413 777 3437 5.
795 3402 855 3431 AEn.
869 3410 933 3437 493.

100 3441 243 3479 Consequi
259 3440 382 3477 aliquem
401 3449 458 3468 non
479 3439 574 3477 posse,
597 3440 636 3469 Ad
655 3440 713 3475 ejus
728 3439 910 3477 praestantiam
930 3439 1073 3476 attingere.
1115 3441 1174 3472 Cic.
1187 3443 1224 3473 de

118 3480 191 3510 Clar.
202 3480 279 3509 Orat.
289 3483 354 3512 228.
375 3476 593 3515 interiectusque
602 3477 674 3507 inter
684 3478 751 3506 duas
764 3483 857 3506 aetates
866 3499 873 3512 ‚
900 3477 1077 3509 Hortensii&
1086 3479 1223 3518 Sulpicii,

120 3527 174 3547 nec
185 3518 319 3553 majorem
333 3516 464 3551 consequi
475 3521 584 3552 poterat
595 3517 621 3545 ἃ
632 3516 734 3544 minori
747 3514 854 3544 necesse
864 3522 922 3544 erat
933 3515 1042 3545 cedere.

101 3555 257 3592 Consequi,
276 3552 445 3591 [ducasve-i]
465 3554 567 3590 Sequi,
588 3554 607 3583 i.
619 3563 644 3583 e.
664 3552 783 3583 Evenire
802 3555 828 3583 St
849 3553 1013 3590 procedere.
1034 3553 1100 3585 Ter.
1119 3555 1220 3587 Heaut.

123 3603 147 3623 1.
159 3602 210 3625 ιι
234 3615 240 3622 .

193 3604 295 3660 vgrum
306 3629 354 3660 ubi
369 3630 479 3659 animus
489 3628 574 3658 semel
583 3626 609 3657 se
618 3628 771 3665 cupiditate
780 3628 906 3658 devinxit
917 3627 990 3658 mala
1000 3650 1009 3666 ‚

192 3667 310 3698 Necesse
326 3668 382 3703 est,
404 3667 530 3705 Clitipho
541 3689 549 3702 ‚
571 3666 684 3696 consilia
697 3665 827 3703 consequi
846 3667 1011 3697 consimilia.

98 3706 243 3744 Quoniam
254 3706 314 3736 satis
324 3705 469 3735 ostendisse
477 3705 625 3740 videmur,
647 3706 698 3734 &c
721 3705 853 3742 consequi
868 3705 996 3741 videtur,
1016 3711 1047 3735 ut
1056 3706 1219 3746 doceamus,

117 3747 170 3775 &c.
194 3745 295 3773 Auctor
304 3744 338 3772 ad
352 3744 453 3773 Heren.
466 3743 516 3772 lib.
530 3753 557 3772 2.
569 3752 613 3778 27.

96 3784 193 3814 Annus
203 3783 250 3819 qui
263 3781 448 3818 consequitur.
486 3782 545 3811 Cic.
558 3790 608 3818 pro
621 3780 785 3815 Μαι-01180
808 3780 836 3809 81
857 3779 916 3823 haec
936 3780 1027 3819 elapsa
1042 3782 1078 3812 de
1089 3784 1218 3814 manibus

115 3821 213 3851 nostris
224 3821 253 3848 in
265 3828 329 3848 eum
340 3829 454 3855 annum,
475 3820 521 3856 qui
532 3818 709 3854 consequitur
719 3840 728 3853 ‚
749 3817 943 3847 redundarint.

95 3859 247 3893 Proximo,
266 3856 353 3886 altero
368 3878 377 3893 ‚
398 3858 497 3893 tertio,
519 3857 643 3895 denique
659 3856 773 3893 reliquis
791 3856 969 3894 consequutis
988 3856 1097 3888 diebus.
1119 3859 1176 3889 Cic.
1191 3869 1216 3890 1.

115 3897 183 3927 Phili
229 3918 235 3925 .
267 3905 293 3925 2.

93 3907 225 3966 Βο101Ξερ
223 3905 315 3971 miigni
326 3932 534 3998 cgnsequuntur
541 3942 590 3962 eos
600 3954 608 3968 ‚
629 3931 792 3969 quitatione
804 3930 980 3970 yoluptatem
991 3932 1067 3971 sequi
1077 3934 1216 3966 nesciunt.

113 3973 173 4003 Cic.
194 3983 214 4001 1.
235 3971 339 4000 defini
365 3993 369 3999 .
388 3976 433 4003 48-

93 4009 265 4042 Libertatem
274 4019 330 4047 pax
338 4007 569 4046 consequebatur.
593 4007 650 4040 cie.
666 4017 689 4038 i.
702 4006 820 4045 Philipp.
836 4015 879 4046 μ.

1687 180 1716 216 C
1815 182 1850 217 O
1948 183 1983 217 N
2380 194 2448 234 655

1322 257 1400 289 Mors
1411 262 1579 300 consequuta
1591 263 1628 292 est
1638 270 1755 293 matrem
1767 273 1800 293 ex
1813 263 1989 301 aegritudine.
2013 263 2077 292 Ter.
2089 263 2198 293 Phorm.
2213 275 2236 299 ς.
2252 276 2274 296 1.
2292 277 2337 304 ²3-

1328 296 1467 329 Slentium
1481 301 1682 344 consequuQm
1699 302 1856 331 orationem
1873 302 1999 334 alicuius.
2041 302 2100 330 Cic.
2117 311 2138 330 1.
2160 302 2195 331 de
2207 304 2283 334 Orat.
2301 313 2360 340 280.
2384 307 2451 337 Haec

1342 344 1426 370 quum
1440 338 1546 368 Crassus
1561 339 1672 367 dixisset
1683 362 1689 374 ‚
1714 339 1854 368 silentium
1868 340 1904 368 est
1915 340 2128 376 consequutum.

1322 372 1464 415 Tempora
1484 376 1662 413 consequuta.
1706 378 1764 407 Cic.
1780 387 1800 406 1.
1815 377 1889 406 Fam.
1904 388 1926 411 ς.
1960 377 2068 406 Tamen
2083 377 2189 406 afficior
2207 377 2314 409 summo
2335 381 2450 420 dolore,

1344 412 1479 445 ejusmodi
1493 421 1620 451 tempora
1633 415 1692 450 post
1705 421 1780 444 tuam
1794 415 1996 452 profectionem
2007 414 2176 449 consequuta
2188 416 2251 446 csse.

1323 446 1354 477 ln
1367 451 1489 480 tabulam
1502 453 1594 488 magni
1608 452 1673 480 risus
1683 452 1932 489 consequebantur.
1956 453 2015 482 Cic.
2029 463 2054 482 2.
2069 453 2106 489 Q.
2122 453 2182 482 frat.
2200 465 2223 489 5.
2247 455 2323 484 ldem
2338 467 2360 489 ς.
2375 457 2449 487 Fam.

1343 495 1368 514 2.
1394 488 1546 517 Mediocris
1557 490 1670 525 quidam
1684 491 1720 519 est
1732 491 1797 519 risus
1810 489 1996 528 consequutus
2009 513 2016 525 ,
2038 491 2134 519 nonin
2146 499 2173 520 te
2184 514 2191 527 ‚
2213 491 2259 522 sed
2272 494 2358 530 magis
2370 495 2396 524 in
2410 506 2452 525 er.

1343 533 1432 555 rorem
1447 536 1551 555 meum.
1585 527 1622 555 Al.
1649 527 1808 557 Maerorem.

1324 561 1463 600 Consequi
1476 586 1483 599 ‚
1507 564 1668 601 Exprimere
1678 587 1685 599 ,
1714 565 1837 595 definire.
1876 565 1935 594 Cic.
1955 566 1989 594 ad
2014 565 2109 596 Caesar.
2140 567 2271 598 Extrema
2304 578 2369 598 vero
2400 580 2452 600 nec

1345 607 1464 635 quanta,
1487 611 1539 630 nec
1551 601 1641 638 qualia
1652 602 1731 637 sunt,
1754 603 1845 633 verbis
1857 603 1987 640 consequi
2000 604 2118 641 possum.
2141 604 2261 635 Nonius.

1325 636 1491 676 investigare
1504 641 1528 669 81
1540 638 1671 675 consequi
1683 640 1840 678 aliquorum
1852 649 1978 670 conatus.
2019 641 2077 671 Cic,
2089 653 2114 671 2.
2129 643 2203 672 Verr.
2219 649 2264 679 48.
2296 643 2394 674 Habeo
2407 656 2455 675 :iu-

1345 682 1402 705 tem
1413 685 1516 706 certam
1527 677 1597 705 viani
1610 686 1692 713 atque
1703 679 1839 708 rationem
1853 700 1861 714 ‚
1882 688 1935 716 qua
1947 689 2045 708 omnes
2057 680 2170 710 illorum
2182 689 2299 712 conatus
2310 684 2454 722 investiga-

1345 722 1373 741 re
1386 716 1410 742 ἃ
1421 714 1550 749 consequi
1564 714 1672 751 poffim.

1325 750 1431 817 Ngtura
1456 751 1634 819 tqonFseqig’itur
1645 775 1652 787 ,
1688 760 1718 782 ut
1741 763 1922 783 communem
1944 754 2091 784 utilitatem
2113 756 2211 785 nostrae
2234 763 2448 796 anteponamus.

1373 798 1403 817 ic.
1420 799 1442 824 3.
1476 800 1490 818 e
1525 791 1562 818 ini
1587 794 1652 823 .64.

1326 825 1428 856 Animo
1444 827 1550 864 aliquid
1562 827 1703 864 consequi.
1726 827 1785 857 Cic.
1800 828 1836 857 de
1851 827 1974 857 Univers.
1989 832 2014 858 6.

1326 863 1502 897 Coniectura.
1525 865 1584 894 Cic.
1596 875 1621 894 2.
1633 865 1668 901 Q.
1682 865 1742 894 frat.
1758 876 1784 901 7.
1806 866 1953 902 Quantum
1964 875 2056 896 autem
2071 868 2230 904 conjectura
2245 870 2451 909 consequebar‚

1344 901 1373 930 id
1382 909 1440 931 erat
1454 902 1613 938 hujusmodi
1624 924 1631 938 ,
1654 910 1685 931 ut
1693 904 1779 939 magis
1795 904 1952 941 optandum
1962 926 1969 937 .
1992 915 2074 941 quam
2085 905 2250 942 sperandum
2263 916 2397 946 putarem.

1325 938 1455 970 Dicendo
1473 940 1614 977 consequi.
1655 940 1715 969 Cic.
1729 950 1779 977 pro
1793 940 1865 978 Lege
1876 941 1973 970 Manil.
1991 951 2016 971 2.
2042 943 2075 972 Et
2094 943 2112 972 si
2134 945 2201 981 quid
2221 948 2304 975 etiam
2328 948 2452 978 dicendo

1343 977 1476 1014 consequi
1488 977 1596 1015 possum
1609 999 1617 1012 ‚
1639 978 1672 1007 iis
1685 978 1827 1007 ostendam
1860 978 2010 1009 otissimum
2021 1001 2029 1016 ‚
2051 981 2099 1018 qui
2119 982 2145 1010 ei
2160 991 2271 1021 quoque
2281 986 2320 1014 rei
2330 986 2453 1016 fructum

1346 1014 1394 1044 suo
1404 1016 1511 1052 judicio
1521 1015 1702 1046 tribuendum
1712 1015 1766 1045 esse
1774 1025 1827 1045 cen
1842 1024 1950 1046 uerunt.

1325 1052 1416 1082 Dictis
1430 1054 1533 1083 omnia.
1558 1054 1642 1084 Ovid.
1661 1063 1703 1089 ις.
1720 1054 1865 1090 Menan).

1325 1090 1487 1128 Diligentia.
1528 1091 1588 1121 Cic.
1601 1101 1623 1121 1.
1635 1091 1709 1120 Verr.
1725 1101 1768 1127 39.
1800 1091 1910 1122 Tamen
1931 1090 1998 1120 esset
2017 1101 2149 1131 magnum
2161 1117 2168 1129 ‚
2189 1101 2295 1126 tantam
2314 1098 2452 1138 caussam,

1345 1136 1403 1157 tam
1420 1129 1606 1167 exspedtatam
1619 1151 1627 1165 ‚
1648 1131 1674 1159 &
1685 1128 1830 1167 diligentia
1840 1129 1988 1167 consequi,
2011 1131 2037 1160 ἃ
2047 1133 2181 1162 memoria
2191 1135 2351 1172 complecti.

1325 1165 1484 1197 Intelleitu.
1527 1167 1557 1196 V.
1584 1177 1623 1196 111
1632 1177 1651 1196 T
1661 1178 1673 1196 s
1684 1179 1700 1196 L
1710 1179 1725 1196 L
1736 1179 1744 1196 1
1755 1177 1772 1196 0
1782 1177 1810 1197 o.

1325 1205 1466 1235 Memoria
1478 1204 1592 1242 aliquid.
1634 1206 1692 1234 Cic.
1704 1209 1729 1234 6.
1743 1205 1817 1235 Verr.
1833 1214 1876 1242 57.
1899 1204 1986 1235 Nullo
1994 1206 2082 1235 modo
2093 1206 2201 1244 possum
2213 1211 2308 1240 omnia
2322 1212 2398 1241 istius
2415 1213 2453 1243 fa-

1344 1244 1389 1272 eta
1400 1250 1447 1272 aut
1459 1244 1594 1272 memoria
1611 1242 1763 1281 consequi,
1785 1249 1834 1273 aut
1850 1243 1977 1273 oratione
1994 1245 2154 1282 complecti.
2196 1249 2271 1278 conf.
2294 1248 2453 1281 Consetffari

1344 1280 1468 1318 singula,
1497 1281 1525 1310 in
1548 1290 1787 1311 consecroa.

1324 1318 1553 1356 magnitudinem
1566 1341 1574 1354 ‚
1596 1319 1863 1356 multitudinemque
1873 1318 2075 1350 beneficiorum
2083 1319 2200 1357 alicuius
2213 1332 2385 1362 enumerare,
2407 1333 2454 1357 aut

1344 1357 1478 1394 consequi
1491 1367 1549 1386 non
1560 1355 1644 1394 posse.
1668 1357 1726 1386 Cic.
1740 1357 1799 1387 Post
1811 1357 1889 1387 redit.
1904 1358 1938 1386 ad
1952 1358 2032 1394 Quir.
2045 1370 2072 1394 4.

1325 1393 1437 1425 Merita.
1460 1401 1506 1429 ut,
1530 1395 1622 1425 Gratia
1632 1405 1689 1424 non
1700 1395 1786 1425 modo
1797 1395 1943 1425 referenda
1954 1418 1961 1429 ,
1983 1396 2010 1425 se
2025 1406 2061 1425 ne
2071 1397 2219 1433 cogitanda
2232 1399 2346 1434 quidem
2361 1423 2368 1436 ,
2390 1401 2454 1431 nul.

1344 1431 1401 1462 lam
1417 1440 1525 1471 partem
1537 1440 1652 1462 tuorum
1665 1434 1828 1463 meritorum
1838 1432 1970 1469 consequi
1982 1433 2100 1472 possum.
2124 1436 2180 1465 Cic.
2199 1446 2220 1465 1.
2237 1437 2310 1466 Fam.
2325 1444 2350 1471 8.

1325 1470 1465 1507 Consequi
1480 1493 1488 1506 ,
1521 1471 1665 1507 [τυγχάνω
1677 1494 1684 1505 ,
1715 1468 1890 1507 ἐπττυῐῑοὲνειν]
1919 1481 1968 1509 per
1996 1472 2206 1503 translationem
2218 1496 2224 1508 ‚
2258 1475 2377 1513 Adipisci
2394 1498 2401 1513 ‚
2424 1479 2451 1507 &

1342 1509 1490 1538 conficere.
1532 1509 1591 1539 Cic.
1610 1519 1631 1537 i.
1652 1509 1726 1538 Fam.
1738 1519 1764 1539 2.
1786 1509 1872 1544 Quod
1882 1509 1917 1538 ad
1930 1510 2094 1547 popularem
2106 1512 2247 1541 rationem
2259 1514 2358 1544 attinet
2368 1537 2375 1550 ‚
2397 1516 2453 1545 hoc

1344 1547 1474 1576 videmur
1484 1547 1538 1576 esse
1546 1546 1711 1583 consequuti
1723 1569 1730 1583 ,
1752 1554 1784 1576 ut
1793 1557 1829 1576 ne
1840 1547 1907 1584 quid
1923 1549 1965 1584 agi
1976 1558 2041 1577 cum
2054 1549 2162 1586 populo
2173 1572 2181 1585 ,
2203 1558 2251 1579 aut
2267 1551 2346 1582 salvis
2363 1553 2454 1592 auspi-

1345 1585 1398 1614 ciis
1410 1607 1417 1620 ,
1440 1592 1487 1614 aut
1496 1584 1576 1614 salvis
1586 1585 1694 1621 legibus
1705 1607 1713 1618 .
1735 1593 1783 1615 aut
1793 1586 1914 1622 denique
1927 1586 1983 1615 sine
1995 1587 2020 1615 vi
2032 1586 2123 1623 possit.

1325 1622 1398 1652 Cum
1410 1622 1504 1660 aliquo
1514 1646 1522 1659 ‚
1544 1623 1588 1652 vel
1601 1624 1666 1652 Sine
1677 1622 1770 1660 aliquo
1782 1623 1915 1660 consequi
1929 1623 2043 1660 aliquid.
2070 1624 2129 1655 Cic.
2146 1634 2170 1655 1.
2183 1625 2292 1663 Offi59.

1325 1660 1376 1689 Per
1389 1661 1509 1698 aliquem
1520 1661 1625 1698 aliquid
1637 1660 1780 1697 consequi.
1803 1661 1862 1690 Cic.
1881 1673 1901 1690 i.
1921 1661 1994 1690 Fam.
2012 1669 2118 1698 7.extr.

1326 1697 1405 1728 Nutu
1416 1699 1522 1736 aliquid
1530 1699 1661 1736 consequi
1671 1699 1706 1728 ab
1718 1699 1821 1736 aliquo.
1844 1698 1903 1728 Cic.
1919 1709 1961 1735 ¹3·
1974 1699 2050 1729 Fam.
2068 1709 2093 1730 1.

1326 1736 1427 1766 Studio
1436 1737 1551 1775 aliquid.
1574 1736 1753 1773 Quintil.lib.
1771 1748 1794 1767 1.
1812 1747 1872 1775 cap.
1890 1747 1913 1765 1.

1325 1774 1517 1804 Commodum
1526 1776 1731 1804 exercitatione
1742 1778 1867 1814 corporis
1878 1774 2021 1805 laboriosa.
2043 1775 2103 1806 Cic.
2119 1784 2144 1806 1.
2158 1775 2194 1806 de
2208 1776 2296 1808 Finib.
2314 1787 2360 1816 35.

1326 1812 1498 1850 Dignitatem
1510 1813 1671 1850 &gloriam
1698 1813 1757 1844 Cic.
1772 1824 1795 1843 1.
1811 1813 1887 1843 Fam.
1900 1824 1924 1850 ς.

1327 1850 1451 1881 Famam.
1474 1851 1532 1880 Cic.
1544 1861 1570 1879 2.
1582 1851 1656 1880 Fam.
1675 1861 1717 1880 10.

1326 1888 1439 1920 Famam
1448 1889 1639 1927 malignitatis.
1679 1888 1748 1919 Plin.
1760 1899 1786 1925 9.
1801 1889 1884 1927 Epist.
1894 1892 1919 1918 6.
1943 1888 2067 1927 Plerique
2079 1895 2171 1920 autem
2190 1891 2256 1920 dum
2273 1898 2402 1922 verentur
2418 1902 2455 1923 ne

1344 1928 1437 1964 gnatiae
1447 1928 1606 1965 potentium
1615 1927 1733 1956 nimium
1747 1928 1890 1965 impertire
1900 1927 2048 1958 videantur
2058 1949 2067 1964 ,
2089 1928 2266 1959 sinisteritatis
2278 1938 2361 1968 atque
2370 1932 2456 1961 etiarn

1345 1965 1527 2002 malignitatis
1538 1966 1639 1994 famam
1652 1965 1867 2003 consequuntur.

1328 2001 1459 2032 Frudlum
1469 2003 1678 2040 amplissimum.
1701 2003 1760 2032 Cic.
1773 2013 1823 2041 pro
1837 2003 1909 2041 Lege
1923 2003 2021 2033 Mai-iil.
2035 2012 2062 2033 2.

1325 2040 1442 2071 Fruftus
1457 2041 1599 2078 consequi.
1638 2041 1701 2079 Ulp.
1717 2042 1746 2070 in
1766 2041 1783 2070 l.
1807 2041 1942 2079 Idemque
1959 2043 1993 2072 Sc.
2016 2042 2038 2079 §.
2062 2041 2080 2070 fi
2099 2050 2134 2071 ex
2150 2040 2248 2072 fundo.
2271 2041 2305 2072 D.
2326 2044 2451 2074 mandat.

1345 2079 1390 2108 vel
1401 2086 1478 2109 cont.
1501 2080 1530 2108 Si
1545 2089 1580 2108 ex
1589 2080 1696 2115 fundo,
1717 2088 1801 2116 quem
1814 2080 1882 2108 mihi
1894 2079 1980 2114 emit,
2001 2086 2165 2118 procurator
2179 2081 2286 2110 fructus
2303 2082 2458 2120 consequu-

1344 2123 1388 2146 tus
1398 2118 1436 2146 est
1449 2140 1457 2152 ‚
1479 2117 1530 2146 hos
1540 2127 1652 2154 quoque
1665 2116 1758 2147 officio
1769 2117 1870 2157 judicis
1880 2118 2006 2155 praestare
2016 2127 2081 2147 eum
2091 2124 2211 2156 oportet.

1325 2154 1449 2184 Gloriam
1459 2156 1538 2184 omni
1551 2157 1651 2185 cura&
1661 2155 1802 2184 industria.
1824 2156 1881 2184 Cic.
1896 2165 1918 2184 1.
1938 2155 2010 2184 Fam.
2023 2165 2049 2192 7.

1326 2192 1459 2222 Gratiam.
1501 2193 1559 2222 Cic.
1574 2202 1600 2222 2.
1614 2191 1672 2222 Off.
1686 2202 1729 2229 79.
1748 2194 1836 2230 Atque
1850 2194 1880 2222 in
1897 2193 1950 2222 hac
1967 2193 2093 2230 pernicie
2105 2193 2226 2232 Reipub.
2247 2204 2284 2224 ne
2302 2195 2379 2225 illam
2396 2197 2456 2234 qui-

1345 2231 1411 2260 dem
1426 2230 1656 2268 consequuntur,
1677 2240 1761 2267 quam
1777 2238 1878 2269 putant
1891 2253 1899 2267 ‚
1920 2232 2045 2269 gratiam.
2183 2234 2186 2235 ’

1325 2268 1557 2298 Incommodum.
1582 2268 1703 2305 Quintil.
1718 2268 1767 2298 lib.
1780 2279 1806 2306 7.
1824 2279 1886 2307 cap.
1898 2278 1924 2306 3.
1946 2268 1986 2299 Ex
1997 2279 2082 2307 poena
2093 2269 2186 2299 minus
2197 2270 2373 2301 incommodi
2388 2281 2456 2302 con-

1344 2306 1508 2343 sequuturus
1519 2329 1527 2341 ,
1549 2317 1632 2344 quam
1644 2316 1679 2336 ex
1689 2328 1697 2342 ‚
1720 2308 1772 2336 &e-

1324 2343 1460 2374 Laudem.
1491 2345 1550 2374 Cic.
1562 2354 1588 2374 2.
1601 2343 1659 2374 Off.
1674 2355 1718 2379 4<-
1741 2343 1953 2381 Consequebare
1966 2353 2094 2382 magnam
2105 2344 2219 2375 laudem
2237 2356 2252 2375 a
2264 2346 2370 2376 summo
2383 2348 2454 2377 viro.

1325 2381 1450 2412 Laudem
1460 2382 1600 2421 sapientiae
1611 2384 1636 2413 Sc
1648 2382 1818 2420 eloquentiae
1826 2382 1882 2412 sine
1892 2382 1999 2412 summo
2010 2383 2103 2412 studio
2115 2405 2123 2419 ‚
2146 2384 2171 2413 8<
2184 2383 2278 2413 labore
2290 2386 2315 2414 ἃ
2325 2384 2455 2416 (1061111111

1345 2420 1488 2458 consequi.
1511 2421 1570 2450 Cic.
1583 2430 1609 2450 2.
1625 2420 1662 2450 de
1671 2420 1749 2450 Orat.
1765 2431 1806 2456 ις.

1324 2457 1518 2496 magistratum
1536 2458 1668 2495 aliquem.
1710 2459 1769 2488 Cic.
1789 2467 1840 2497 pro
1854 2457 1945 2487 Plane.
1962 2461 2007 2488 60.
2038 2457 2187 2488 Honorum
2228 2459 2306 2497 opuli
2333 2459 2394 2490 finis
2416 2462 2455 2492 est

1345 2495 1511 2526 Consulatus
1521 2518 1529 2532 ‚
1551 2506 1635 2534 quem
1644 2496 1830 2533 magistratum
1839 2495 1897 2532 jam
1909 2497 2065 2533 octingenti
2075 2497 2133 2527 fere
2143 2507 2197 2528 con
2212 2499 2308 2536 equuti
2318 2498 2389 2529 sunt.

1325 2534 1404 2572 Opes
1418 2535 1637 2571 quammaximas
1646 2535 1789 2572 consequi.
1813 2534 1872 2564 Cic.
1888 2543 1912 2564 1.
1922 2533 1979 2564 Off.
1991 2538 2036 2569 86.
2349 2546 2355 2554 ·

1325 2572 1492 2602 Potentiam.
1515 2573 1572 2602 Cic.
1589 2581 1613 2608 3.
1632 2572 1690 2601 Off.
1703 2578 1748 2607 8²-

1327 2611 1472 2640 Praemium
1481 2611 1595 2648 aliquod
1608 2610 1708 2640 studio.
1730 2610 1815 2640 Ovid.
1830 2620 1854 2644 ς.
1865 2609 1946 2640 Trist.
1961 2619 1985 2647 7.
2000 2613 2046 2644 68.

1324 2648 1509 2678 Praestantiam
1524 2649 1631 2678 virtutis
1642 2670 1650 2683 ‚
1673 2649 1798 2686 ingenii,
1819 2648 1947 2678 fortunae.
1972 2647 2031 2677 Cic.
2044 2647 2081 2677 de
2094 2647 2201 2678 Amicit.
2213 2657 2259 2687 72.

1324 2687 1477 2724 Quaestum.
1519 2686 1577 2716 Cic.
1588 2696 1638 2724 pro
1648 2684 1720 2724 Lege
1729 2686 1827 2716 Manil.
1842 2696 1885 2722 34.
1912 2686 1983 2723 Quis
1991 2687 2067 2715 enim
2079 2696 2201 2724 unquam
2213 2693 2260 2716 aut
2271 2687 2395 2717 obeundi
2404 2697 2453 2719 ne-

1344 2725 1430 2762 gorii,
1453 2730 1501 2754 aut
1511 2724 1826 2761 consequendiquaestus
1840 2724 1931 2754 studio
1942 2746 1950 2759 ‚
1971 2731 2030 2754 tam
2041 2723 2118 2754 brevi
2129 2732 2256 2764 tempore
2266 2747 2273 2761 ,
2295 2727 2347 2756 &a

1324 2762 1477 2792 Scientiam
1489 2762 1690 2800 consequutum
1699 2762 1762 2792 esse.
1780 2763 1839 2792 Cic.
1854 2772 1905 2800 pro
1919 2762 2011 2791 Domo
2026 2771 2085 2798 117.

1323 2800 1456 2868 SItTudium
1475 2800 1592 2837 alicujus
1609 2809 1674 2839 erga
1693 2799 1739 2836 se,
1761 2800 1874 2830 alterius
1896 2800 2145 2830 commendatione
2162 2799 2304 2838 consequi.
2327 2801 2385 2831 Cic.
2405 2810 2448 2838 13.

1365 2849 1418 2868 am.
1439 2849 1449 2868 1
1472 2861 1480 2868 .

1323 2847 1474 2907 Victoriarii
1485 2873 1631 2914 gloriosam
1641 2885 1676 2905 ex
1688 2875 1767 2914 Reip.
1780 2875 1861 2906 causa
1872 2875 2068 2914 consequutus.
2090 2876 2148 2905 Cic.
2158 2886 2207 2914 pro
2220 2876 2290 2906 Coei.
2307 2882 2347 2911 ¹8-

1323 2913 1439 2944 Vitium.
1481 2914 1603 2951 Quintil.
1616 2914 1664 2943 lib.
1675 2920 1700 2947 8.
1711 2923 1772 2952 cap.
1785 2924 1811 2944 2.
1832 2914 1955 2951 Quidam
1970 2915 2102 2945 emutatis
2118 2915 2147 2943 in
2168 2914 2326 2952 perversum
2346 2915 2448 2951 distis,

1344 2954 1380 2982 de
1395 2953 1489 2991 figuris
1500 2953 1687 2982 idemvitium
1697 2951 1913 2990 consequuntur.

1321 2990 1496 3029 Voluptates.
1519 2991 1578 3020 Cic.
1593 3000 1615 3020 1.
1627 2991 1662 3020 de
1676 2990 1764 3020 Finib.
1779 2999 1822 3026 33.

1321 3027 1429 3059 Usuras.
1453 3028 1563 3066 Ulpian.
1575 3028 1633 3058 inl.
1649 3029 1781 3066 idemque
1800 3030 1835 3058 &.
1855 3029 1877 3066 §.
1899 3027 1916 3057 si
1936 3032 2106 3066 procurator.
2128 3026 2161 3057 D.
2178 3027 2302 3058 mandat.
2323 3028 2449 3059 velcon.

1340 3075 1391 3097 tra.

1319 3106 1478 3137 Institutum
1492 3104 1579 3134 suum.
1622 3104 1681 3134 Cic.
1698 3114 1720 3136 1.
1741 3103 1798 3134 Off.
1814 3107 1873 3133 116.
1896 3103 1940 3133 Fit
1958 3109 2051 3133 autem
2071 3103 2232 3139 interdum,
2256 3110 2286 3133 ut
2305 3105 2446 3141 nonnulli,

1338 3142 1437 3173 omissa
1447 3143 1604 3172 imitatione
1613 3143 1752 3178 majorum
1764 3165 1770 3176 ,
1792 3141 1870 3171 suum
1883 3142 2025 3179 quoddam
2038 3141 2192 3170 institutum
2205 3141 2417 3180 consequantur.

1319 3181 1432 3212 Morem
1444 3181 1574 3218 aliquem.
1616 3181 1672 3209 Cic.
1688 3192 1713 3209 2.
1724 3181 1759 3209 de
1770 3179 1864 3218 Legib.
1880 3185 1923 3213 18.
1945 3179 2016 3209 Eum
2032 3188 2139 3208 morem
2150 3180 2233 3216 igitur
2244 3201 2251 3215 ‚
2273 3190 2341 3230 cuig
2357 3180 2448 3211 brevi-

1341 3227 1398 3248 tate
1419 3219 1460 3254 (si
1474 3218 1614 3257 potuero)
1635 3218 1796 3255 consequar.

1320 3257 1479 3294 Consequi,
1502 3256 1676 3290 Perdiscere,
1698 3256 1850 3294 percipere.
1877 3254 1948 3284 ‘Cic.
1963 3265 1988 3283 2.
2001 3255 2036 3283 ad
2055 3254 2177 3283 Herenn.
2191 3264 2234 3289 50.
2264 3255 2332 3285 Haec
2352 3256 2387 3292 si,
2413 3264 2446 3287 ut

1338 3295 1492 3332 conquisiie
1511 3294 1740 3332 conscripsimus,
1765 3294 1802 3322 ita
1821 3301 1852 3322 tu
1877 3293 2028 3330 diiigenter
2046 3292 2130 3321 fueris
2147 3291 2344 3329 consequutus.
2384 3295 2401 3324 i.
2416 3305 2442 3326 e.

1338 3333 1540 3368 Perdidiceris‚
1562 3333 1729 3370 perceperis,
1751 3332 1825 3368 quod
1841 3332 1935 3360 Graece
1949 3330 2135 3368 mefwaxiffiv
2149 3330 2206 3358 dici
2216 3330 2294 3360 solet.
2333 3332 2372 3361 Ad
2382 3343 2443 3370 per-

1337 3372 1500 3409 ceptionem
1510 3372 1586 3400 enirn
1602 3371 1693 3400 referri
1714 3379 1747 3398 ex
1761 3379 1796 3398 eo
1815 3376 1912 3407 patet,
1934 3369 1999 3406 quia
2013 3378 2080 3397 mox
2094 3366 2204 3402 subiicit
2215 3391 2223 3403 ‚
2245 3369 2362 3406 'suaque
2383 3381 2443 3408 per-

1338 3410 1469 3448 ceptione
1482 3407 1626 3438 laetaberis.
1656 3416 1686 3437 tu
1695 3407 1824 3437 scientior
1833 3407 1886 3436 eris
1901 3412 2103 3444 praeceptorum
2116 3406 2233 3435 artificio
2245 3429 2252 3442 ,
2275 3417 2326 3436 nos
2337 3410 2390 3437 620.

1281 3447 1558 3482 Consequens,
1579 3445 1792 3481 [ii-viawzffi'li]
1814 3445 1909 3474 Partic.
1952 3445 2010 3473 Cic.
2024 3446 2059 3472 de
2069 3445 2178 3473 senen.
2195 3454 2236 3479 19.
2259 3445 2315 3475 Sed
2333 3455 2442 3477 memo·

1320 3487 1390 3516 riam
1401 3486 1475 3514 illius
1490 3485 1541 3514 viri
1556 3485 1699 3521 excipient
1713 3492 1810 3512 omncs
1821 3482 2105 3520 anniconsequentes.

1316 3525 1373 3563 Spe
1383 3525 1525 3561 eriguntur
1536 3522 1731 3558 consequentis
1743 3530 1775 3550 ac
1791 3520 1891 3557 posteri
1901 3520 2043 3558 temporis.
2082 3520 2139 3549 Cic.
2158 3529 2182 3563 ¹:
2194 3519 2229 3549 de
2242 3519 2329 3549 Finib.
2347 3532 2391 3557 50.
2413 3524 2440 3553 &

1337 3572 1364 3591 2.
1378 3562 1413 3591 de
1427 3562 1502 3590 Orat.
1518 3569 1578 3595 325.
1602 3560 1770 3589 Connexuni
1781 3559 1810 3586 sit
1821 3559 1992 3596 principium
2004 3557 2181 3594 consequenti
2194 3559 2323 3587 orationi.

1317 3599 1422 3630 Rerum
1431 3597 1660 3635 consequentium
1670 3596 1897 3634 fignit‘icationem
1909 3605 2038 3633 quaerere.
2062 3595 2120 3625 Cic.
2133 3605 2157 3623 2.
2170 3596 2205 3624 de
2218 3595 2311 3625 Divin.
2326 3607 2373 3632 44.

1317 3637 1495 3673 Consequens
1508 3636 1582 3673 apud
1602 3635 1660 3664 Cic.
1674 3636 1702 3663 in
1714 3634 1802 3663 Partit.
1817 3639 1858 3667 18-
1880 3644 1931 3672 pro
1952 3634 1991 3663 Eo
2009 3634 2085 3670 quod
2111 3633 2182 3662 bene
2197 3634 2321 3663 cohaeret
2333 3657 2340 3668 ,
2363 3634 2398 3664 Ut
2413 3637 2441 3665 in

1335 3675 1505 3712 simplicibus
1516 3673 1605 3702 verbis
1615 3695 1622 3707 ‚
1645 3672 1719 3709 quod
1731 3682 1788 3700 non
1799 3672 1836 3701 est
1847 3671 1989 3701 Latinum:
2012 3674 2048 3701 iic
2058 3673 2086 3700 in
2099 3672 2256 3706 conjunctis
2265 3692 2273 3708 ‚
2296 3673 2372 3709 quod
2382 3684 2441 3703 non

1335 3714 1373 3742 est
1383 3713 1555 3748 consequeris
1565 3732 1573 3745 ,
1594 3710 1810 3748 vituperandum
1822 3710 1870 3738 est.

1315 3748 1360 3781 Est
1368 3749 1547 3786 consequens.
1589 3747 1654 3785 Ulp.
1665 3747 1719 3776 inl.
1732 3747 1798 3776 huic
1807 3747 1954 3785 scripturae.
1976 3745 2011 3775 D.
2024 3745 2059 3774 ad
2071 3745 2173 3784 Legem
2185 3747 2323 3785 Aquiliam
2336 3770 2344 3784 ,
2366 3749 2439 3779 Huic

1331 3789 1475 3826 >scripturae
1487 3785 1659 3823 consequens
1670 3785 1707 3814 est
1719 3786 1812 3813 dicere
1823 3806 1830 3817 ,
1852 3792 1884 3814 ut
1894 3785 1911 3813 si
1923 3791 1987 3813 ante
1996 3806 2004 3819 ‚
2021 3786 2072 3813 810.

1314 3826 1379 3856 Hoc
1390 3825 1523 3863 pmbato‚
1545 3823 1716 3860 consequens
1728 3823 1783 3858 est,
1805 3823 1857 3852 &c
1881 3822 1940 3852 Cic.
1955 3832 1978 3857 ς.
2002 3821 2084 3851 Tusc.
2100 3827 2140 3856 ¹8.
2183 3822 2229 3852 Sic

1315 3865 1460 3899 Quoniam
1472 3862 1603 3899 scriptum
1613 3864 1709 3889 estate
1721 3861 1756 3889 de
1764 3862 1872 3898 optimo
1888 3861 1968 3898 Reip.
1987 3860 2055 3889 statu
2067 3882 2076 3895 ‚
2097 3860 2271 3898 consequens
2288 3860 2342 3890 esse
2361 3861 2437 3890 vide-

1334 3910 1397 3936 tur,
1418 3909 1449 3930 ut
1461 3900 1560 3929 scribas
1569 3906 1598 3928 tu
1610 3899 1685 3928 idem
1694 3899 1729 3927 de
1739 3896 1855 3935 legibus.
1878 3898 1936 3927 Cic.
1953 3908 1975 3927 1.
1992 3899 2027 3926 (10
2041 3897 2135 3936 Legib.
2154 3909 2195 3934 ¹5·

1314 3939 1512 3976 Consequens,
1533 3937 1667 3966 absolute.
1710 3936 1768 3965 Cic.
1785 3948 1804 3965 i.
1823 3935 1880 3965 Off.
1900 3946 1941 3965 11.
1965 3936 2059 3965 Homo
2081 3944 2173 3966 autem
2193 3937 2240 3973 qui
2262 3935 2375 3965 rationis
2397 3936 2436 3966 est

1335 3976 1473 4014 particeps
1483 3998 1490 4009 ‚
1513 3985 1560 4012 per
1570 3985 1651 4011 quam
1668 3974 1865 4011 consequentia
1875 3975 1973 4003 cernit.

1314 4015 1523 4052 Consequentia
1535 4014 1559 4044 ἃ
1571 4013 1767 4044 consentanea.
1790 4012 1848 4042 Cic.
1859 4021 1881 4049 3.
1895 4012 1931 4041 de
1942 4011 2030 4041 Finib.
2041 4016 2087 4047 48.
2107 4011 2203 4047 Quum
2213 4016 2288 4039 certe
2297 4010 2433 4077 supegiora

2378 4060 2434 4078 11113
