2604 4222
138 90 206 125 574
609 75 896 112 coi.

176 161 205 188 in
234 158 434 190 sorbitiuncula
466 159 632 198 plerumque
656 158 793 189 elitamus.
855 158 886 189 V.
926 157 1052 188 Turneb.
1092 157 1198 188 Advers.
1220 167 1247 193 4.
1272 165 1297 187 1.

180 198 254 227 Hinc

143 235 190 264 Co
203 238 363 264 ttvaieu
376 244 406 269 S,
426 245 442 264 a
458 257 466 270 ,
490 245 547 264 um.
572 234 629 267 Adi.
652 241 701 268 ut,
723 234 772 270 Jus
787 233 958 271 collyricum.
982 233 1067 263 Plaut.
1080 231 1148 262 Pers.
1164 242 1186 261 1.
1200 241 1224 269 3.
1241 242 1282 268 ¹5-

274 273 348 302 Tum
360 274 407 301 nisi
420 283 544 303 cremore
556 273 639 301 crasso
651 274 688 301 elt
705 274 747 307 jus
762 271 937 309 collyricum.

145 310 168 341 C
177 320 194 340 o
203 322 218 339 i.
230 322 244 339 r.
253 321 270 340 Y
281 322 297 339 R
308 322 315 339 1
326 321 348 345 s,
360 311 421 340 idis.
433 312 451 340 f.
464 311 628 340 Tertulliani.
639 311 667 339 iri
682 310 728 338 lib.
741 311 775 338 de
786 309 868 338 Cultu
876 307 1131 345 r'emin.cap.7.Vos
1141 306 1224 345 plane
1237 307 1305 342 adji-

185 350 247 378 citis
257 350 291 377 ad
307 348 416 386 pondus
432 371 439 382 ,
461 348 609 386 collyridas
625 348 762 384 quasdam.
804 348 895 383 Quem
920 348 948 374 in
972 345 1067 375 locum
1083 345 1119 374 sic
1141 346 1179 374 ait
1198 345 1306 374 Rhena-

185 397 253 416 nus:
276 387 419 424 Collyrisa
432 387 542 423 Collyra
555 396 603 423 per
616 386 833 415 diminutionem
846 385 1006 414 deductum.
1048 384 1146 412 Parvus
1168 383 1246 420 panis
1267 382 1305 411 est

185 424 221 453 de
236 425 320 453 farina
334 426 452 461 puriore.
495 425 617 460 Quidam
637 424 741 452 frixam
759 424 874 452 farinam
894 422 947 451 effe
968 427 1075 458 putant.
1108 420 1146 450 Al.
1169 420 1305 450 Colluras.

187 463 378 491 Nominantur
399 462 553 499 Collyrides
571 462 683 490 Levitici
696 465 720 490 6.
733 463 757 490 ἃ
768 471 792 496 7.
808 463 867 494 618.
881 470 940 497 cap.
955 459 1001 488 lib.
1014 468 1038 487 2.
1056 460 1170 496 Regum.

189 500 308 538 Collyris
317 500 401 529 etiam
412 501 494 529 herba
505 522 513 534 ,
534 500 599 529 alias
611 499 702 528 Malva
712 500 834 527 erratica.
857 499 937 536 Apul.
948 498 983 526 de
995 496 1086 526 Herba
1098 506 1158 534 cap.
1172 506 1217 531 40.
1280 533 1285 539 Ι

148 537 221 567 CoL
232 549 272 566 ιγ
287 549 298 567 a
312 549 319 566 1
331 548 364 566 ui
377 548 393 566 A
407 548 425 566 N
436 550 442 565 1
455 560 462 572 ,
484 548 572 566 orum.
596 547 632 566 tn.
658 535 695 574 pi.
721 536 848 565 Haeretici
870 546 884 564 a
910 535 1044 566 sacrificio
1063 534 1198 571 collyride
1220 533 1286 563 did'ti
1297 554 1306 568 ,

190 586 245 613 quo
258 576 386 605 mulieres
399 577 426 604 in
440 574 575 604 honorem
592 576 676 604 beatae
690 575 822 611 Virginis,
843 581 975 611 tanquam
996 574 1060 602 Deae
1076 574 1233 601 utebantur.
1276 571 1307 600 V.

190 614 326 651 Epiphan.
342 614 440 642 Haeres.
453 619 487 649 78
508 615 533 642 ἃ
544 623 587 649 79.
602 623 628 650 p.
645 623 704 648 342.
718 614 772 649 leq.

151 649 199 681 Co
210 663 250 680 !.L
260 655 276 680 i*
288 662 301 679 R
313 663 320 679 i
334 661 349 680 υ
362 662 398 685 M,
421 653 437 680 i.
461 662 487 680 n.
510 648 682 686 [wadan]
704 650 955 682 Medicamentum,
977 649 1052 686 quod
1063 647 1232 685 potissimum
1243 656 1310 675 ocu-

191 690 225 718 lis
240 690 353 718 inditur.
396 687 464 718 Cels.
477 689 524 717 lib.
535 693 559 717 6.
575 698 633 726 cap.
648 693 671 717 6.
695 688 730 717 de
744 688 894 717 Caesariano
906 687 1021 724 collyrio
1032 709 1039 721 ‚
1060 685 1182 723 Satisque
1193 686 1308 726 constat,

189 728 244 756 hoc
255 726 400 764 collyrium
414 726 540 755 adversus
552 736 636 755 omne
645 736 731 763 genus
744 726 891 755 oculurum
907 725 1073 754 valetudinis
1092 724 1225 752 idoneum
1242 723 1305 751 esle.

188 765 220 795 ln
233 775 287 802 quo
302 767 392 802 capite
405 764 498 794 Celsus
511 764 630 801 amplius
643 764 803 800 quindecim
818 764 903 793 varias
914 762 1093 800 collyriorum
1110 762 1145 790 ad
1163 761 1260 790 oculos
1271 760 1310 789 fa-

190 805 325 832 cientium
338 800 553 840 compositiones
567 801 697 831 recenset.
738 801 769 831 V.
792 801 861 831 Plin.
874 805 919 831 26.
935 810 976 830 12.
994 802 1020 830 &
1031 809 1074 838 27.
1088 810 1114 836 9.

190 841 274 874 Nigra
292 841 415 877 collyria.
441 841 507 869 lior.
524 850 546 869 1.
560 840 646 870 Serni.
665 851 688 874 ς.
705 849 747 875 30.

191 878 314 915 Collyris
325 877 596 915 iiniplieiterprolata
610 878 743 907 dicuntur
759 899 766 912 ‚
789 877 859 913 Quae
872 877 900 905 iri
915 876 1064 918 oblongam
1078 875 1193 918 formam
1213 875 1309 903 coat‘la

210 916 386 953 effinguntur.
430 917 526 945 Etnon
538 915 626 945 solum
641 916 769 945 Ocularia
781 916 927 952 pharmaca
939 915 966 942 in
977 914 1111 948 eiulmodi
1124 912 1241 941 formam
1253 911 1309 954 col:

208 954 280 984 lefta
290 964 321 983 ac
334 956 429 983 coatia
439 977 446 988 ,
469 954 589 991 Collyria
603 961 754 987 vocantur,
776 953 822 982 sed
838 956 862 982 ὅ(
875 951 1019 982 Glandulae
1030 961 1090 988 quae
1103 960 1155 979 ano
1165 972 1173 985 ,
1196 952 1222 979 dc
1242 950 1306 978 Pelii

209 993 255 1028 qui
266 991 354 1021 vulvae
364 991 516 1021 subduntur
527 1014 534 1025 ,
556 993 582 1021 ἃ*
595 1002 654 1028 quae
670 991 781 1020 naribus
791 990 941 1024 induntur,
964 989 1083 1026 Collyria
1094 988 1209 1017 subinde
1222 987 1309 1016 medi-

209 1031 248 1059 cis
261 1038 402 1064 vocantur,
424 1036 505 1066 atque
518 1029 572 1058 hoc
582 1035 695 1066 propter
705 1029 855 1065 oblongam
866 1028 1014 1064 effingendi
1027 1027 1154 1055 formam.
1195 1028 1227 1054 At
1243 1033 1306 1054 vero

211 1067 342 1097 Oculatis
353 1068 443 1104 aliqua
460 1068 730 1096 medicamentanon
742 1071 836 1095 coacta
849 1067 881 1094 ad
894 1065 1028 1101 ejusmodi
1040 1065 1168 1098 formam,
1189 1063 1306 1092 sedtum

210 1105 316 1142 liquida
332 1127 338 1140 ,
360 1115 420 1134 tum
432 1106 506 1134 arida
523 1127 529 1139 ,
554 1106 621 1133 item
634 1104 755 1141 Collyria
772 1104 967 1147 nominantur,
989 1102 1034 1132 sed
1054 1111 1118 1131 cum
1136 1101 1307 1145 appositione

209 1143 375 1210 liquitlllitatis
390 1151 436 1173 aut
448 1144 590 1172 ariditatis.
632 1142 732 1172 Graecis
744 1143 820 1171 enim
834 1142 1006 1177 ξηςοκςῆουεμι
1025 1145 1108 1177 atque
1129 1139 1306 1174 ὑγεωωλλυενω

212 1191 226 1211 a
271 1191 284 1210 e
308 1188 398 1211 antur.

190 1192 351 1250 Filiiiiumm
363 1218 486 1256 collyria.
527 1216 594 1248 Cels.
609 1216 657 1246 lib.
674 1228 696 1252 ς.
717 1227 778 1254 cap.
788 1215 837 1256 ult.
860 1215 895 1244 de
914 1214 1008 1244 fistulis
1020 1237 1028 1250 ,
1049 1216 1075 1245 ἃ
1092 1224 1186 1244 earum
1202 1214 1308 1251 generi-

211 1257 261 1286 bus
273 1280 280 1289 ,
304 1258 341 1286 Ex
352 1267 402 1291 eo,
425 1257 531 1293 inquit,
553 1255 698 1293 collyrium
710 1255 768 1284 fieri
780 1254 866 1283 debet
878 1252 963 1282 altera
981 1260 1057 1290 parte
1072 1253 1183 1281 tenuius
1195 1274 1202 1287 ,
1222 1252 1306 1281 altera

209 1295 294 1333 paulo
310 1293 427 1332 plenius.
468 1295 553 1328 idque
563 1303 594 1323 ea
606 1300 682 1331 parte
695 1303 747 1329 qua
757 1291 868 1321 tenuius
882 1292 929 1325 est.
951 1291 1036 1320 altera
1049 1291 1243 1322 antecedente,
1258 1290 1306 1318 de-

209 1333 282 1362 mitti
298 1338 409 1369 oportet
419 1333 446 1360 in
458 1331 589 1365 fistulam,
611 1331 702 1359 donec
715 1330 820 1367 sanguis
832 1339 917 1367 purus
933 1328 959 1358 se
970 1329 1104 1358 ostendat.
1127 1328 1228 1364 quaein
1248 1338 1307 1356 om-

211 1370 293 1399 nibus
306 1369 452 1399 fistularum
464 1370 585 1406 collyriis
597 1375 728 1405 perpetua
738 1368 806 1397 sunt.
850 1367 930 1396 Paulo
943 1367 1021 1404 post.
1042 1366 1186 1401 Satiusque
1205 1366 1244 1395 est
1262 1365 1306 1394 vel

208 1418 344 1446 papyrum
356 1408 486 1437 intortam
497 1429 504 1441 ,
527 1406 568 1435 vel
579 1407 680 1443 aliquid
692 1415 724 1434 ex
735 1404 866 1443 penicillo
883 1406 911 1433 in
923 1404 1037 1433 modum
1047 1404 1154 1441 collyrii
1167 1403 1306 1433 astrictum

210 1455 244 1475 eo
264 1446 379 1476 illinere.
418 1445 535 1479 Rursus,
556 1444 653 1480 Neque
677 1444 774 1481 ignoro
796 1442 890 1471 multis
910 1442 1056 1480 placuisse,
1074 1442 1259 1471 linamentum
1277 1442 1306 1469 iri

209 1484 327 1512 modum
341 1483 449 1521 collyrii
461 1482 643 1519 compulitum
654 1504 662 1518 ,
682 1482 801 1510 tinclum
815 1480 898 1510 melle
909 1480 1028 1510 demitti.
1069 1479 1235 1515 Huiusmodi
1249 1478 1307 1508 col-

209 1521 275 1558 lyria
288 1521 371 1558 vulgo
381 1529 462 1548 tentas
477 1526 584 1550 vocant.

190 1558 360 1595 Collyrium,
383 1559 622 1588 Medicamentum
634 1556 716 1586 etiam
729 1555 804 1594 quod
817 1555 880 1586 alvo
894 1554 1036 1589 subiicitur
1047 1555 1074 1583 in
1090 1564 1155 1583 cura
1170 1563 1306 1591 equorum

211 1599 237 1627 ἃ
251 1597 345 1626 boum.
386 1596 521 1625 Columel.
536 1596 581 1625 lib.
593 1599 617 1624 6.
631 1604 690 1631 cap.
703 1599 728 1623 6.
748 1594 829 1623 infin.
852 1593 920 1623 Salis
933 1593 1039 1622 sextans
1050 1614 1057 1627 ,
1076 1602 1139 1621 cuni
1151 1592 1249 1622 decem
1261 1602 1306 1622 ce-

211 1635 253 1672 pis
267 1635 418 1663 conteritur
434 1657 441 1669 ,
462 1636 487 1664 ὃ(
501 1633 616 1662 admisto
627 1632 710 1662 melle
730 1633 864 1666 decot‘to,
885 1631 998 1669 collyria
1014 1631 1202 1673 immittuntur
1221 1630 1284 1660 alvo
1295 1652 1304 1665 ‚

211 1679 295 1708 atque
314 1672 349 1700 ita
360 1672 460 1701 citatus
480 1672 529 1700 bos
543 1671 637 1708 agitur.
680 1670 742 1699 Hoc
762 1671 845 1699 etiam
862 1671 977 1698 nomine
997 1668 1174 1707 peculiariter
1192 1675 1306 1697 vocatur

212 1710 352 1746 quoddam
367 1716 443 1739 terrae
458 1709 555 1738 Samiae
565 1718 665 1745 genus.
687 1707 823 1737 diversum
836 1707 870 1737 ab
883 1708 951 1736 astro
960 1707 1061 1738 Samio.
1074 1712 1221 1744 propterea
1230 1706 1305 1743 quod

210 1748 430 1785 praecipuusejus
441 1746 502 1777 usus
512 1747 578 1776 sitin
589 1745 718 1783 collyriis.
759 1745 790 1776 V.
812 1745 934 1775 Dioscor.
947 1744 994 1775 lib.
1007 1756 1030 1781 ς.
1052 1744 1128 1774 conf.
1148 1744 1260 1775 Salmas.
1270 1744 1306 1774 ad

210 1785 295 1814 Solin.
307 1796 333 1823 p.
347 1791 406 1819 182.
421 1787 445 1815 8(
460 1789 522 1820 926.

153 1823 303 1854 corrixi<
315 1834 323 1850 1
335 1824 451 1858 orum,
473 1824 490 1852 i.
513 1833 540 1852 n.
563 1822 660 1852 dimin.
683 1821 787 1852 Macer.
800 1830 826 1857 4.
843 1830 885 1851 12.

284 1860 333 1889 Vel
345 1860 519 1898 collyriolum
532 1860 548 1889 si
558 1860 725 1898 supponatur
734 1860 864 1888 inanum.

154 1899 271 1933 (3620,
293 1896 393 1934 [θέω]
414 1901 467 1927 are.
489 1897 662 1927 pauxillatim
682 1898 818 1935 liquorem
830 1897 951 1933 aliquem
963 1918 971 1932 ‚
992 1895 1168 1934 stillatimque
1186 1905 1238 1933 per
1256 1895 1307 1925 aii-

210 1937 266 1966 uod
277 1945 323 1965 vas
335 1936 377 1965 vel
388 1935 534 1965 linteolum
548 1935 711 1973 exprimere.
752 1934 888 1964 Columel.
904 1934 951 1963 lib.
969 1944 1010 1964 12.
1024 1944 1084 1972 cap.
1101 1945 1111 1963 1
1121 1944 1142 1965 1.
1172 1933 1305 1973 Expressa

191 1947 293 2003 deinde
302 1983 370 2011 aqua
383 1974 488 2003 coletur
497 1996 505 2009 ,
527 1975 551 2003 81
567 1974 594 2002 in
608 1983 653 2003 vas
664 1972 826 2010 plumbeum
836 1972 928 2002 defusa
938 1973 1118 2010 decoquatur.

191 2011 288 2042 Colare
301 2021 394 2041 amnes
404 2012 513 2041 retibus.
535 2011 632 2041 Manil.
645 2012 692 2040 lib.
704 2022 727 2045 ς.
741 2019 801 2046 193.

272 2049 304 2078 Et
314 2049 403 2078 colare
413 2059 495 2087 vagos
507 2050 626 2079 induetis
635 2049 738 2078 retibus
751 2057 855 2077 amnes.
950 2047 1068 2077 Venuste
1086 2053 1178 2077 autem
1196 2057 1244 2077 eos
1257 2048 1305 2085 qui

211 2087 241 2116 in
251 2088 377 2116 amnibus
388 2087 540 2124 piscantur,
562 2088 684 2124 retiaque
694 2088 812 2115 tendunt
823 2085 953 2123 piscibus,
970 2086 1007 2115 ait
1021 2085 1118 2115 Colare
1129 2085 1236 2115 retibus
1250 2095 1306 2115 am-

211 2134 271 2160 nes,
284 2125 357 2161 quod
370 2135 418 2162 per
429 2134 498 2154 raras
508 2125 606 2153 retium
622 2124 742 2154 maculas
753 2126 778 2154 &
789 2123 898 2161 plagas,
920 2130 1051 2160 tanquam
1069 2123 1176 2153 colatus
1187 2124 1305 2159 fluvius,

210 2164 410 2191 transmittatur
423 2164 446 2192 8ae
457 2162 606 2191 transiiuat.
647 2162 671 2192 N
676 2162 766 2191 ovitiae
780 2169 874 2191 tamen
891 2161 1029 2192 editiones
1037 2161 1172 2191 exhibent
1184 2161 1284 2191 Caelare
1294 2183 1304 2197 ,

211 2199 257 2229 sed
269 2199 414 2229 Turnebus
427 2200 522 2229 Col-are
531 2206 631 2229 tuetur.

155 2237 339 2268 Corfirus
353 2259 360 2272 ,
382 2248 414 2272 a,
436 2248 491 2266 um.
514 2244 560 2271 ut,
580 2237 638 2266 Mel
651 2236 780 2266 colatum.
805 2235 873 2265 Piin.
894 2245 935 2273 13.
956 2245 982 2266 2.

190 2275 337 2305 Somnium
349 2275 481 2304 colatum.
503 2274 663 2304 Tertull.de
677 2275 839 2311 Animacap.
854 2279 900 2309 48.
940 2273 972 2303 ln
988 2273 1144 2304 emendatis
1165 2273 1248 2304 codd.
1266 2273 1305 2304 le-

210 2315 281 2349 gitur
294 2334 301 2346 ,
323 2313 445 2341 Certiora
461 2314 484 2342 St
502 2313 634 2341 colatiora
645 2311 771 2340 somniari
783 2311 927 2341 affirmarit.

190 2350 272 2380 Nitor
281 2350 394 2380 colatus.
436 2350 512 2379 ldem
523 2350 558 2378 de
570 2351 662 2379 ilnima
675 2359 735 2387 cap.
748 2360 773 2386 9.
796 2350 856 2379 Nec
869 2348 977 2386 beryllis
995 2349 1061 2378 ideo
1081 2349 1180 2386 aquosa
1190 2350 1305 2379 materia

211 2389 249 2417 est
259 2410 280 2454 ,d
290 2388 365 2425 quod
374 2387 612 2424 fluctuent-colato
625 2388 724 2418 nitore.
765 2387 805 2424 [i.
815 2397 838 2417 e.
861 2387 939 2417 Puro.
981 2387 1036 2417 Sed
1046 2387 1117 2417 forte
1127 2387 1305 2417 Coloratole-

227 2436 260 2454 eri
283 2435 339 2456 um.

153 2435 251 2494 ΟΟΞΛ
262 2473 281 2492 T
292 2473 308 2491 o
318 2474 333 2492 a
344 2474 352 2492 i
365 2473 383 2491 υ
393 2471 404 2491 s
417 2484 424 2497 ,
445 2473 460 2493 a
473 2485 481 2499 ,
502 2472 559 2493 um.
584 2462 727 2493 Tolutario
750 2463 834 2499 gradu
852 2462 1002 2492 incedens:
1022 2468 1071 2498 ut,
1094 2461 1164 2500 Equi
1179 2462 1305 2492 colatorii

191 2501 306 2537 Vegetio
318 2502 480 2537 memorati,
503 2511 570 2538 quos
585 2501 671 2530 Graeci
690 2498 809 2529 σακκιςεὶς
822 2500 866 2529 vel
885 2500 1025 2527 στικκιεπκὲς
1044 2507 1153 2530 vocant.
1195 2501 1227 2530 V.
1254 2500 1305 2530 Ve-

192 2546 245 2575 get.
258 2538 375 2568 Mulom.
389 2550 414 2573 4.
428 2543 453 2568 6.
470 2546 537 2568 extr.
562 2538 672 2568 Salmas.
685 2539 719 2567 ad
730 2538 848 2575 Capitol.
859 2539 887 2567 iti
898 2538 1044 2567 maximin.
1062 2548 1122 2575 cap.
1137 2548 1161 2574 3.
1174 2549 1200 2576 p.
1218 2542 1282 2573 246.

152 2576 175 2605 C
186 2586 201 2604 o
212 2587 227 2604 1.
238 2586 256 2605 Α
265 2586 284 2604 'r
295 2586 311 2604 υ
324 2586 338 2604 κ
347 2586 377 2610 A,
390 2585 419 2605 ae.
432 2576 450 2605 f.
461 2575 524 2605 Cael.
541 2576 629 2605 Aurel.
642 2576 923 2611 Tard.5.3.Colaturae
934 2576 1046 2613 liquidae
1058 2576 1179 2605 colorem
1191 2576 1302 2614 fingere.

150 2614 198 2643 Co
209 2625 223 2642 ι.
236 2624 253 2642 Λ
263 2624 282 2641 M
292 2623 306 2642 it
315 2623 332 2642 Ν
342 2623 361 2642 Τ
370 2623 388 2642 u
397 2624 427 2648 M,
448 2614 464 2642 i.
486 2623 512 2642 n.
536 2614 674 2643 Constant.
697 2613 766 2643 Afer.
779 2623 804 2651 7.
818 2623 841 2643 1.
865 2613 947 2643 Urina
957 2616 982 2643 ἅ
994 2613 1101 2651 sanguis
1112 2615 1301 2644 colamentum

190 2651 221 2679 sit
235 2658 389 2680 ceterorum
408 2651 564 2680 humorum.

152 2688 201 2719 Cf>
211 2699 267 2724 Lo,
289 2689 315 2718 ui
327 2710 335 2722 ,
357 2688 476 2721 cultum.
499 2687 624 2724 [πῗέομοιι
635 2708 644 2723 ,
668 2687 792 2723 martem,
813 2687 961 2724 θερφπσῐίω]
982 2690 1035 2718 erc.
1065 2688 1194 2719 Venerari
1204 2711 1213 2725 ,
1235 2689 1302 2719 ado.

188 2736 255 2756 rare.
278 2727 391 2764 proprie
403 2727 437 2755 de
459 2726 569 2755 Honore
582 2726 633 2754 diis
645 2725 740 2754 habito
752 2726 862 2756 dicitur.
903 2726 967 2756 Caes.
979 2732 1004 2756 ⁶.
1016 2726 1082 2756 Bell.
1095 2727 1165 2757 Gall.
1178 2737 1240 2766 cap.
1255 2730 1298 2757 16.

186 2764 278 2794 Deum
287 2764 407 2793 maxime
423 2763 591 2793 Mercurium
602 2762 706 2792 colunt.

185 2801 388 2831 Sanetiilimum
405 2801 505 2831 colere.
543 2801 600 2830 cic.
615 2810 639 2836 3.
660 2801 696 2830 de
707 2800 770 2831 Nat.
786 2800 866 2831 neor.
879 2811 925 2838 45.
957 2801 1092 2831 Achillem
1111 2801 1300 2840 Astypalenses

205 2838 320 2867 insulani
332 2838 526 2868 sanclillimum
536 2838 652 2868 colunt.-

187 2876 218 2907 1n
230 2877 346 2905 deorum
364 2886 481 2906 numero
500 2877 623 2906 venerari
637 2877 661 2906 ἂ
672 2875 737 2905 coli.
777 2876 835 2906 Cic.
851 2885 876 2905 2.
897 2876 932 2905 de
946 2875 1017 2914 Lege
1027 2879 1086 2915 Agr.
1100 2888 1145 2913 95.
1177 2877 1299 2913 Majores

205 2915 310 2943 nostros
321 2914 393 2948 dico,
406 2913 530 2950 Quirites
543 2935 551 2949 ,
573 2923 630 2943 non
642 2923 689 2942 eos
705 2915 733 2942 in
748 2913 862 2943 deorum
878 2914 1076 2945 immortalium
1088 2925 1204 2946 numero
1216 2925 1298 2946 vene-

206 2953 308 2980 randos
320 2961 333 2980 a
342 2951 422 2980 nobis
434 2953 459 2981 ὀὶ
472 2951 606 2981 colendos
616 2952 719 2988 putatis
729 2952 743 2980 ‘2

186 2987 236 3018 Per
247 2999 303 3018 aras
315 2988 378 3018 coli.
400 2989 483 3019 Ovid.
497 2993 520 3018 6.
533 2989 602 3018 Met.
619 2997 680 3025 171.

266 3027 335 3063 Quis
346 3026 420 3056 furor
431 3025 540 3056 auditos
553 3048 560 3061 ,
581 3027 672 3063 iuquit
681 3048 688 3061 ‚
712 3035 873 3064 praeponere
882 3026 944 3057 visis

265 3064 412 3093 Caelestes?
433 3071 539 3094 auteur
547 3064 648 3094 colitur
660 3063 763 3093 Latona
774 3074 821 3102 per
832 3066 909 3094 aras‘?

187 3101 243 3130 Aris
255 3102 417 3131 colebantur
427 3102 482 3131 divi
492 3102 556 3131 faeti
568 3124 575 3137 ‚
597 3101 795 3138 pulvinaribus.
816 3102 936 3133 flamine.
956 3103 1026 3134 Plin.
1036 3103 1064 3133 in
1073 3103 1172 3143 Paneg.
1184 3113 1293 3144 σειραὶ.

186 3137 345 3168 Honoribus
358 3140 458 3169 divinis
471 3140 572 3171 colere.
596 3140 671 3169 Curt.
683 3150 710 3175 4.
720 3149 744 3176 7.
762 3145 806 3173 28.

185 3174 288 3204 Pietate
299 3177 375 3205 hilari
385 3177 512 3206 coluntur
523 3177 575 3206 Dii.
603 3177 688 3206 Ovid.
700 3187 726 3206 2.
738 3177 773 3206 de
785 3177 862 3206 Pont.
878 3186 900 3207 1.
914 3187 940 3213 9.

186 3211 328 3249 Religione
339 3214 441 3244 summa
452 3215 552 3244 colere.
577 3214 633 3244 Cic.
645 3215 679 3244 de
690 3214 781 3253 Arusp.
793 3214 873 3252 Resp.
891 3221 936 3248 28.

187 3249 315 3280 Secubitu
327 3252 380 3280 coli
394 3253 494 3281 dicitur
504 3252 625 3282 deusille
639 3253 681 3282 vel
692 3253 743 3282 dea
753 3274 761 3287 ,
783 3253 811 3281 in
829 3253 908 3287 cujus
923 3252 1056 3282 honorem
1074 3254 1115 3283 vir
1131 3254 1166 3284 ab
1186 3259 1273 3286 nitore
1284 3277 1293 3292 ,

206 3287 351 3355 vzlarBang
359 3290 393 3318 ab
406 3290 507 3325 amica,
527 3290 656 3320 nostibus
672 3290 776 3327 aliquot
787 3290 834 3320 sibi
845 3297 990 3328 temperat.
1011 3290 1095 3321 Ovid.
1109 3300 1134 3329 3.
1147 3294 1236 3323 Amor.
1249 3303 1294 3324 ιο.

208 3333 220 3352 1
245 3347 250 3353 .
308 3338 321 3354 e
355 3337 444 3362 erere,

268 3363 345 3393 Hine
356 3365 495 3401 quisquam
507 3365 635 3403 lacrymis
643 3365 726 3394 laetari
736 3365 833 3395 credat
847 3371 990 3395 amantum
1000 3366 1015 3395 2

303 3400 333 3429 Et
343 3402 412 3431 bene
424 3404 568 3432 tormentis
579 3425 586 3437 ‚
608 3402 786 3440 secubituque
797 3402 876 3432 coli?

187 3433 444 3475 Templis&eiligie
463 3441 607 3469 numinum
627 3441 745 3477 aliquem
765 3441 866 3470 colere.
905 3439 995 3470 Tacit.
1012 3450 1034 3471 1.
1057 3441 1124 3489 fin.
1139 3451 1181 3471 ω.
1216 3442 1294 3473 Nihil

206 3473 319 3516 deorum
332 3476 480 3506 honoribus
491 3477 615 3507 relictum
626 3499 634 3512 ,
656 3488 740 3515 quum
756 3478 781 3507 se
793 3477 906 3516 templis
915 3500 923 3513 ,
946 3480 971 3507 ἃ
982 3478 1072 3517 effigie
1085 3480 1233 3510 numinum
1243 3491 1292 3519 per

208 3509 342 3553 flamines
353 3515 376 3541 δι
388 3514 547 3544 Sacerdotes
559 3515 614 3543 coli
628 3515 718 3545 vellet.
758 3515 800 3545 De
810 3517 885 3546 Livia
897 3516 1026 3553 loquitur.

187 3545 312 3584 Templis
323 3550 384 3578 coli.
407 3552 487 3581 Ovid.
504 3562 544 3586 ις.
560 3553 625 3581 Met.
643 3558 706 3587 8¹8-

280 3585 312 3613 Ut
323 3587 388 3628 deus
396 3590 507 3618 accedat
518 3590 585 3618 caelo
597 3612 604 3623 ,
625 3590 785 3627 templisque
799 3590 914 3620 colatur.

185 3619 278 3664 Tholo
289 3623 340 3650 coli
353 3624 478 3654 dicuntur
486 3627 542 3655 divi
554 3649 562 3661 ,
586 3628 711 3663 Quorum
722 3629 855 3665 imagines
865 3628 949 3658 tholis
961 3628 1103 3668 insculpta:
1115 3639 1164 3668 pro
1175 3630 1240 3668 ipfis
1250 3630 1293 3660 di-

206 3668 247 3688 vis
259 3668 427 3690 venerantur.
449 3664 511 3692 Stat.
527 3673 548 3695 3.
565 3664 628 3693 Siiv.
645 3674 666 3693 1.
682 3675 705 3699 ι.
717 3666 750 3694 ad
764 3666 927 3701 llerculem,

242 3695 326 3732 Quod
337 3698 431 3726 coleris
442 3702 542 3732 maiore
552 3701 628 3730 rholo
639 3724 646 3736 ,
670 3711 720 3731 nec
731 3702 809 3732 litora
829 3714 925 3741 iauper

242 3733 322 3775 Nuda
331 3740 436 3768 tenens.
446 3742 600 3775 tectumque
612 3741 685 3777 vagis
699 3741 819 3770 habitabi
831 3751 847 3770 e
858 3742 958 3771 nautis.

205 3769 315 3807 Templi
330 3773 442 3800 remulo.

185 3806 272 3837 Votis.
300 3808 414 3836 Martini.
432 3809 476 3838 lib.
490 3820 512 3843 ᾳ.
527 3816 571 3841 66.

276 3845 344 3873 Ante
355 3845 485 3874 colebatis
496 3850 581 3882 votis,
605 3852 629 3878 Sc
640 3850 768 3888 sanguine
779 3852 856 3890 largo

314 3882 448 3917 Majorem
465 3883 590 3916 Alciden.
605 3889 655 3915 διε.

183 3919 256 3951 Deos
268 3918 368 3948 colere.
391 3920 473 3949 ovid.
489 3931 510 3950 i.
524 3924 557 3951 de
569 3924 644 3953 l'ont.
661 3934 686 3959 9.
702 3930 744 3960 36.

1051 3741 1157 3779 [lnimo
1171 3741 1289 3779 Tholus.

1805 73 1835 109 C
1935 77 1969 112 Ο
2068 78 2096 115 L

1396 153 1603 220 Fqcclisbsanc'tos
1612 155 1771 192 virginitate
1779 155 1884 186 colunt.
1927 157 2011 188 Ovid.
2025 170 2050 194 4·
2066 160 2132 190 Fast.
2143 165 2207 196 296.
2239 161 2281 192 De
2295 163 2447 201 virginibus
2466 159 2517 196 Ve-
2592 171 2594 194 l

1416 196 1424 220 i
1440 203 1452 220 a
1468 194 1473 220 i
1497 202 1535 220 us.
2470 219 2479 229 ι
2592 199 2594 224 l

1397 230 1508 259 Nomen
1520 235 1665 267 poetarum
1678 231 1703 259 &
1720 229 1861 261 Musarum
1872 230 1995 263 delubra.
2020 234 2078 264 Cic.
2090 245 2142 273 pro
2158 236 2237 267 Arch.
2252 246 2301 274 27.
2591 246 2593 263 ³

1399 268 1528 297 Numina.
1552 267 1625 304 Virg.
1639 277 1663 296 1.
1675 268 1774 305 Georg.
1789 277 1831 304 30.
2591 286 2593 313 1

1399 306 1523 334 Numina
1538 305 1650 342 pietate.
1674 305 1757 335 Ovid.
1772 317 1799 341 4·
1813 306 1848 336 de
1860 307 1937 338 Pont.
1951 317 1994 345 15.
2007 318 2054 346 24.
2591 316 2592 323 ¹

1399 340 1527 380 Templa.
1551 343 1634 371 Ovio.
1650 352 1691 371 11.
1706 343 1774 372 Met.
1791 350 1852 379 578.

1400 380 1551 418 Templum
1564 381 1634 408 miro
1647 379 1762 410 honore.
1786 381 1860 419 Virg.
1874 393 1897 417 ς.
1915 383 1976 413 AEn.
1991 390 2056 420 458.

1401 419 1432 448 In
1448 420 1506 447 aede
1517 418 1587 447 sacra
1597 417 1662 446 coli.
1682 418 1765 448 Ovid.
1789 429 1829 454 14.
1848 419 1916 450 Met.
1930 425 1992 455 316.

1402 457 1501 484 Colere
1511 477 1518 490 ,
1542 456 1656 483 Honore
1672 457 1698 485 8<
1710 456 1808 486 officiis
1819 457 1957 495 prosequi.
1980 460 2015 489 de
2026 460 2206 492 Hominibus.
2245 461 2313 493 Ter.
2328 463 2404 495 Adel.
2415 469 2519 504 3.2.53.'

1424 494 1455 522 Et
1466 503 1516 522 nos
1529 493 1616 521 coluit
1630 494 1760 522 maxime.

1401 531 1518 560 Mirifice
1532 531 1651 567 aliquem
1665 532 1690 560 ἃ
1702 531 1793 560 colere
1804 553 1811 566 ,
1834 533 1859 562 ἃ
1869 542 1969 563 amare.
1992 534 2050 564 Cic.
2064 538 2106 565 16.
2124 537 2177 566 Art.
2194 546 2236 572 19.

1401 569 1579 602 Suavill‘iiue,
1601 568 1863 607 diligentissimeque
1879 571 1972 601 colere
1986 572 2116 608 aliquem.
2139 574 2197 603 Cic.
2211 585 2252 605 ro.
2273 575 2325 605 Atr.
2336 585 2362 612 7.
2586 598 2587 605 .

1402 606 1523 671 Dsiligkei·e
1535 608 1560 635 &
1569 605 1670 641 colere.
1712 607 1771 636 Cic.
1787 616 1811 644 3.
1824 609 1858 637 de
1868 608 1962 647 Legib.
1978 620 2002 645 5.
2025 610 2062 640 Ut
2072 619 2120 640 eos
2130 611 2241 648 colant,
2263 613 2445 652 diligantque,
2457 607 2536 654 praejx
2586 610 2587 623 ¹

1432 652 1469 672 cri
1494 653 1572 672 imus.

1402 681 1466 711 Non
1480 681 1569 710 solum
1580 681 1673 711 colere
1681 682 1754 711 inter
1762 681 1788 711 se
1797 692 1830 712 ac
1841 683 1967 721 diligere,
1978 684 2025 714 sed
2035 686 2120 716 etiam
2128 687 2224 716 vereri.
2247 687 2306 717 Cic.
2317 688 2352 717 de
2365 689 2519 726 Amicit.g4.
2584 692 2586 704 '

1402 718 1553 749 Observare
1566 721 1591 748 r&
1604 719 1696 749 colere
1708 720 1837 757 aliquem.
1878 722 1937 751 Cic.
1948 731 1974 752 2.
1989 724 2042 753 Att.
2059 734 2102 760 19.
2126 724 2180 754 llic
2191 724 2336 756 Caecilium
2349 725 2478 763 colimus,
2496 730 2522 759 δε

1422 757 1598 786 observamus
1610 757 1767 793 diligenter.

1401 794 1583 824 observari&
1597 795 1651 824 coli
1663 795 1837 825 simulatione
1851 796 1988 827 amicitiae.
2011 798 2069 827 Cic.
2085 799 2120 828 de
2137 799 2245 830 Amicit.
2259 803 2304 830 26.

1401 832 1572 868 Observare,
1594 832 1706 868 colere.
1728 833 1885 871 &diligere.
1908 835 1966 865 Cic.
1984 845 2025 871 13.
2041 836 2114 865 Fam.
2132 842 2176 871 78.
2582 851 2584 867 i
2602 838 2604 847 '

1401 870 1509 900 Ornare
1531 872 1555 900 8<
1567 871 1667 914 colere.
1706 871 1764 900 Cic.
1780 883 1803 907 5.
1823 872 1897 901 Fam.
1908 878 1933 906 8.
1957 873 2055 910 Neque
2070 874 2233 905 mehercule
2256 885 2378 913 unquam
2394 876 2463 907 mihi
2480 879 2520 910 tui

1419 914 1467 937 aut
1478 907 1590 937 colendi
1602 914 1650 937 aut
1660 910 1779 938 ornandi
1797 909 1926 940 voluntas
1941 911 2040 940 defuit.

1399 945 1488 989 Donis
1499 946 1620 989 aliquem
1635 946 1736 976 colere.
1776 946 1834 978 Liv.
1846 958 1891 984 ⁴0·
1907 958 1951 986 57.
1974 949 2005 979 Id
2016 955 2047 979 ut
2054 949 2145 980 facere
2158 950 2250 989 posset
2260 973 2269 987 ‚
2293 952 2440 990 regionum
2447 953 2522 992 prin.

1419 993 1495 1021 cipes
1509 984 1592 1012 donis
1601 983 1734 1014 coluerat.

1400 1021 1473 1058 Lyra
1487 1021 1550 1065 coli.
1591 1022 1659 1050 Stat.
1677 1032 1699 1051 1.
1712 1021 1778 1052 Silv.
1795 1033 1821 1059 4.
1839 1026 1883 1058 36.
1904 1023 2012 1062 Sperne
2023 1025 2078 1054 coli
2091 1026 2221 1057 tenuiore
2231 1026 2298 1065 lyra.

1399 1059 1537 1089 Memoria
1546 1059 1689 1089 absentem
1699 1059 1799 1090 colere.
1823 1060 1881 1091 Cic.
1899 1071 1941 1097 ις.
1957 1062 2032 1092 Fam.
2043 1072 2088 1093 21.

2598 889 2604 915 Ι

2596 1038 2604 1072 l

1399 1097 1579 1126 Observantia
1589 1097 1795 1128 sumniacolere
1808 1098 1939 1136 aliquem.
1967 1100 2027 1130 Cic.
2038 1111 2063 1136 4.
2077 1101 2151 1131 Fam.
2164 1111 2191 1137 4.
2231 1101 2264 1132 V.
2287 1111 2500 1135 osssavaurm.
2580 1100 2604 1139 1*-

2595 1150 2604 1179 i

2589 1194 2604 1250 i

1399 1134 1508 1164 Officiis
1517 1137 1542 1163 &
1556 1134 1694 1172 probitate
1704 1135 1826 1172 aliquem
1835 1137 1937 1166 colere.
1958 1138 2043 1168 Ovid.
2056 1147 2081 1175 3.
2095 1140 2131 1169 de
2147 1139 2226 1171 Pont.
2240 1149 2263 1171 1.
2274 1145 2320 1178 76.

1398 1172 1477 1202 Viros
1490 1172 1660 1202 dot‘tissimos
1671 1174 1773 1204 colere.
1806 1174 1864 1204 Cic.
1875 1185 1901 1209 4.
1919 1175 1994 1206 Fam.
2007 1186 2030 1206 1.
2577 1200 2581 1219 ‚

1399 1210 1497 1240 Colere
1509 1211 1538 1239 in
1549 1210 1613 1239 loco
1628 1212 1758 1248 parentis.
1799 1212 1859 1242 Cic.
1871 1213 1907 1242 de
1917 1213 1987 1243 Clar.
2000 1214 2078 1244 Orat.
2094 1224 2117 1244 1.
2148 1215 2182 1245 Et
2206 1216 2400 1254 inauguratum
2419 1217 2454 1247 ab
2473 1226 2521 1248 eoo
2578 1223 2580 1234 ³

1418 1249 1482 1277 deni
1495 1270 1503 1283 ,
1525 1257 1559 1292 eit
1572 1258 1626 1285 quo
1635 1259 1771 1294 augurum
1780 1250 1910 1294 institutis
1925 1252 1952 1280 in
1964 1253 2087 1290 parentis
2097 1263 2161 1283 eum
2173 1253 2237 1283 loco
2249 1254 2341 1283 colere
2352 1254 2499 1286 debebam.
2577 1245 2581 1299 l
2598 1273 2604 1300 Β

1396 1285 1473 1330 Loco
1482 1293 1565 1323 patris
1576 1286 1678 1331 colere5
1717 1288 1776 1317 Cic.
1787 1297 1813 1317 2.
1831 1288 1949 1327 Philipp.
1962 1300 2004 1326 99.
2029 1290 2169 1322 Omnibus
2184 1301 2249 1321 eum
2262 1291 2441 1322 contumeliis
2452 1302 2517 1324 one·
2576 1304 2604 1346 ”3

1414 1325 1473 1354 rasti
1483 1346 1491 1360 ,
1513 1334 1595 1361 quem
1624 1332 1691 1368 ⁸atris
1702 1324 1766 1355 loco
1777 1347 1786 1361 ,
1807 1326 1824 1354 fi
1838 1326 1894 1356 ulla
1904 1329 1992 1365 pietas
2002 1328 2031 1358 iri
2044 1334 2072 1358 te
2083 1328 2149 1359 esset
2160 1351 2168 1366 ,
2189 1329 2282 1359 colere
2297 1330 2426 1359 debebas.
2576 1321 2581 1379 i

1397 1362 1512 1397 Colere,
1534 1372 1585 1399 pro
1596 1334 1727 1399 diligere.
1766 1363 1829 1408 T.‘³¹‘·
1842 1364 1942 1394 Heaut.
1954 1375 1979 1396 2.
1993 1377 2020 1402 4.
2032 1377 2059 1402 9.
2082 1367 2196 1406 Quippe
2208 1367 2298 1398 forma
2309 1367 2420 1406 impulsi
2431 1368 2517 1400 nostra
2575 1352 2602 1413 iii

1419 1410 1471 1430 rios
1483 1407 1620 1430 amatores
1632 1401 1738 1430 colunt.
1760 1400 1832 1439 Virg.
1849 1413 1875 1438 4.
1890 1403 1952 1433 AEn.
1965 1413 2030 1440 4²¹·

1641 1454 1679 1459 -—-
1688 1439 1773 1470 solam
1786 1449 1844 1469 non
1854 1441 1975 1478 perfidus
1985 1441 2033 1472 ille
2574 1473 2590 1483 ,.

1490 1476 1532 1506 Te
1543 1476 1644 1506 colere.
1773 1478 1892 1508 Nonius.
1933 1479 1966 1509 V.
1987 1480 2061 1511 Serv.
2072 1479 2107 1510 ad
2122 1487 2145 1517 3.
2160 1479 2218 1511 Ecl.
2228 1483 2256 1511 6.
2271 1481 2298 1512 &
2311 1491 2336 1511 1.
2347 1480 2410 1513 AEn.
2423 1490 2471 1513 21.
2574 1482 2593 1506 Ι]

1396 1512 1496 1544 Colere
1506 1537 1514 1549 .,
1536 1515 1651 1544 Ornare.
1672 1513 1767 1544 Tibul.
1779 1515 1828 1545 lib.
1845 1526 1867 1546 1.
1881 1522 1906 1551 8.
1921 1527 1947 1553 9.

1487 1552 1567 1596 *Quid
1577 1553 1630 1582 tibi
1642 1562 1719 1581 nunc
1726 1553 1826 1584 molles
1835 1555 1947 1592 prodest
1957 1554 2071 1585 coluisse
2087 1554 2204 1593 capillos
2212 1556 2227 1585 ‘3

1394 1588 1510 1657 Bsachia
1529 1590 1630 1620 colere.
1673 1590 1748 1620 Curt.
1768 1597 1794 1627 8.
1816 1602 1842 1628 9.
1863 1601 1909 1623 21.
1940 1593 2055 1624 Brachia
2074 1603 2187 1631 quoque
2208 1595 2235 1625 &
2255 1593 2375 1625 lacertos
2389 1603 2456 1626 auro
2474 1604 2522 1626 σοι
2546 1616 2549 1619 κ
2572 1598 2589 1624 ³.

1427 1635 1486 1657 unt.

1397 1666 1516 1704 Corpus.
1537 1666 1620 1696 Ovid.
1636 1674 1660 1702 3.
1676 1666 1712 1696 de
1723 1667 1785 1697 Arte
1797 1667 1855 1700 Am.
1868 1677 1931 1705 107.

1478 1704 1601 1742 Corpora
1615 1704 1633 1733 si
1647 1711 1753 1734 veteres
1770 1715 1828 1735 non
1840 1706 1875 1736 fic
1885 1706 1997 1737 coluere
2008 1705 2117 1745 puellae.
2572 1719 2574 1729 ²

1397 1741 1496 1772 Colere
1505 1752 1602 1779 agrum
1613 1766 1620 1778 ‚
1640 1748 1756 1778 terram,
1771 1745 1822 1773 &c.
1845 1745 1948 1779 [ἀσκεῖν
1963 1743 2000 1772 wli
2011 1746 2105 1781 styga»,
2123 1745 2257 1782 yrugye‘iv]
2276 1744 2335 1777 Cic.
2347 1755 2374 1778 2.
2384 1745 2517 1784 Tuscana*
2570 1740 2586 1780 τ’.

1415 1780 1442 1810 Ν
1445 1790 1488 1809 am
1499 1788 1530 1809 ut
1543 1782 1599 1818 agri
1609 1790 1666 1809 non
1678 1790 1777 1811 omnes
1786 1782 1909 1819 frugiferi
1920 1782 1982 1812 sunt
1990 1784 2037 1820 qui
2048 1783 2188 1814 coluntur.
2573 1786 2576 1795 ’

1400 1818 1503 1855 Agrum
1513 1828 1587 1848 arare
1598 1824 1646 1848 aut
1653 1818 1755 1848 colere.
1778 1819 1837 1849 Cic.
1853 1829 1877 1849 2.
1892 1821 1928 1850 de
1944 1820 2015 1858 Lege
2026 1821 2087 1859 Agr.
2104 1824 2151 1852 66.

1396 1855 1508 1885 Praecffe
1518 1866 1583 1894 agro
1594 1856 1725 1886 colendo.
1748 1856 1806 1887 Cic.
1818 1867 1869 1896 pro
1877 1858 1958 1888 Rosc.
1969 1860 2059 1889 Amer.
2073 1869 2117 1895 50.

1396 1895 1475 1924 Arva.
1499 1894 1582 1923 Ovid.
1601 1904 1624 1924 1.
1641 1896 1731 1924 Amor.
1746 1904 1788 1930 13.
1804 1905 1846 1930 ις.

1488 1931 1576 1961 Prima
1592 1932 1708 1962 bidente
1720 1932 1797 1963 vides
1811 1940 1940 1964 oneratos
1951 1943 2015 1964 arva
2027 1933 2162 1965 colentes.

1396 1969 1519 2000 Fruc'tus.
1563 1970 1633 2007 Virg.
1647 1980 1670 2000 2.
1685 1971 1784 2008 Georg.
1798 1975 1842 2007 36.
1865 1972 2033 2010 Fractusque
2044 1972 2118 2002 feros
2130 1971 2240 2003 mollite
2253 1973 2385 2005 colendo.

1396 2007 1507 2046 Fruges.
1549 2008 1634 2037 Ovid.
1651 2018 1692 2044 ¹5·
1706 2008 1775 2038 Met.
1793 2018 1854 2045 134.
1877 2010 2040 2045 dejuvenco
2054 2032 2062 2046 ,
2082 2010 2128 2040 seu
2139 2011 2269 2049 vistima,

1486 2045 1593 2075 Sistitur
1601 2051 1667 2075 ante
1679 2056 1736 2075 aras
1749 2068 1756 2080 .
1779 2047 1913 2085 auditque
1929 2049 2021 2085 ignara
2031 2054 2192 2086 precantem
2203 2070 2212 2085 ‚

1488 2083 1655 2121 imponique
1665 2083 1717 2113 suae
1728 2084 1806 2115 videt
1814 2086 1888 2116 inter
1900 2095 2004 2116 cornua
2014 2086 2098 2116 ftonti
2110 2108 2120 2123 ,

1490 2122 1568 2158 Quas
1579 2122 1666 2152 coluit
1677 2122 1776 2159 fruges.

1397 2158 1526 2226 Flundum
1537 2159 1688 2190 colendum
1700 2160 1729 2189 in
1740 2160 1832 2199 plures
1841 2170 1930 2192 annos
1940 2161 2043 2193 locare.
2064 2160 2167 2198 Julian.
2186 2162 2217 2192 iri
2235 2161 2253 2192 1.
2275 2162 2323 2201 qui
2333 2161 2461 2194 fundum.
2480 2161 2516 2193 D.
2568 2194 2570 2199 ‚

1429 2204 1500 2226 ocae

1395 2235 1519 2264 Glebain.
1543 2235 1626 2265 Ovid.
1644 2245 1668 2265 1.
1681 2235 1716 2265 de
1726 2235 1805 2266 Pont.
1818 2242 1843 2270 8.
1860 2246 1902 2273 ςο.
1939 2238 1957 2268 i.
1970 2247 1994 2268 e.
2016 2238 2172 2269 Minimum
2182 2237 2313 2277 agellum

1397 2273 1512 2303 Hortos.
1535 2273 1609 2311 Virg.
1623 2284 1648 2309 4.
1662 2273 1762 2312 Georg.
1778 2280 1838 2309 ¹18·

1478 2311 1599 2341 Forsitan
1610 2313 1636 2341 &
1647 2313 1766 2349 pingues
1774 2311 1870 2342 hortos
1879 2322 1938 2350 quae
1948 2322 2012 2343 cura
2024 2313 2139 2343 colendi

1478 2349 1598 2378 Ornaret
1613 2371 1621 2384 ‚
1645 2359 1785 2379 canerem.
1867 2350 1950 2380 Ovid.
1966 2361 2009 2386 14.
2023 2352 2091 2381 Met.
2104 2355 2169 2388 624.

1396 2385 1503 2417 Locum
1515 2387 1607 2417 colere
1617 2386 1712 2416 labore
1723 2387 1809 2417 dulci.
1834 2387 1954 2418 Martial.
1966 2389 2015 2419 lib.
2032 2399 2073 2419 12.
2087 2394 2131 2425 18.

1489 2425 1544 2454 Hic
1555 2425 1625 2463 pigri
1639 2424 1758 2455 colimus
1772 2425 1867 2455 labore
1881 2426 1957 2456 dulci

1487 2463 1641 2492 Botrodum
1652 2485 1660 2498 ,
1682 2463 1874 2500 plateamque:
1898 2464 2046 2495 Celtiberis

1488 2500 1556 2530 Haec
1567 2501 1629 2530 sunt
1641 2501 1755 2530 nomina
1772 2501 1898 2532 crailiora
1913 2503 2002 2532 terris.

1396 2537 1499 2568 Praedia
1509 2539 1634 2567 studiose.
1657 2538 1715 2568 Cic.
1725 2549 1775 2577 pro
1787 2537 1867 2570 Rosc.
1880 2541 1970 2570 Amer.
1982 2550 2029 2577 49.

1396 2576 1463 2606 Rus.
1488 2577 1560 2614 Virg.
1572 2586 1598 2607 2.
1612 2576 1714 2614 Georg.
1726 2586 1791 2613 413.

1680 2630 1717 2635 —-
1726 2613 1841 2646 laudato
1850 2615 1975 2653 ingentia
1984 2623 2064 2646 rura:

1496 2651 1633 2689 Exiguum
1644 2652 1739 2682 colito.

1395 2689 1494 2720 Vitem.
1535 2691 1592 2720 Cic.
1607 2701 1633 2726 4.
1645 2691 1681 2719 de
1693 2690 1782 2720 Finib.
1794 2695 1836 2726 38.
1857 2690 1927 2727 Quae
1934 2691 1969 2721 ad
1982 2689 2133 2721 colendam
2143 2690 2231 2721 vitem
2242 2688 2407 2720 attinebant.
2558 2719 2559 2722 ,

1395 2727 1504 2762 Colere,
1522 2728 1661 2757 Habitare.
1676 2734 1715 2762 ut,
1727 2728 1838 2758 Urbem.
1854 2729 1912 2758 Cic.
1922 2738 1947 2759 2.
1962 2729 2035 2759 Fani.
2051 2738 2093 2759 12.
2110 2728 2222 2765 Urbem,
2232 2728 2363 2765 miRufe,
2374 2726 2444 2758 cole.
2456 2727 2513 2763 Sic,
2557 2750 2560 2761 ‚

1415 2765 1513 2795 Colere
1525 2766 1651 2795 domum.
1676 2766 1760 2804 Plaut.
1774 2765 1863 2795 Aulul.
1879 2767 1949 2804 prol.
1964 2777 1991 2802 4.
2552 2763 2560 2784 '¹

1393 2802 1534 2840 Regiones
1549 2803 1642 2832 colere
1654 2804 1858 2833 Acherunticas.
1882 2804 1967 2834 Plaut.
1979 2803 2079 2834 Bacch.
2093 2813 2119 2834 2.
2135 2813 2161 2834 2.
2177 2813 2224 2834 21.
2556 2823 2558 2834 .

1394 2840 1526 2907 Cplere&
1542 2842 1675 2908 hqbitare.
1711 2842 1769 2871 Cic.
1782 2846 1807 2871 6.
1825 2842 1900 2872 Verr.
1914 2852 1976 2878 119.
2011 2842 2175 2880 Coliturque
2194 2851 2228 2872 ca
2251 2851 2314 2880 pars
2330 2843 2358 2873 δι
2377 2840 2512 2872 habitatin
2556 2875 2558 2883 γ

1427 2889 1454 2907 re
1476 2881 1563 2909 uentil
1577 2879 1642 2908 ime.

1394 2889 1471 2946 Arvaq
1479 2917 1573 2947 colere
1587 2939 1595 2953 ‚
1616 2927 1667 2955 pro
1678 2916 1845 2947 inhabitare.
1868 2916 1954 2947 Ovid.
1965 2925 1991 2947 α.
2005 2916 2074 2946 Met.
2087 2919 2152 2954 679.

1698 2970 1735 2975 —-
1749 2964 1802 2984 nec
1816 2955 1833 2984 ii
1845 2954 1999 2985 rescindere
2012 2954 2104 2992 poss'es

1472 2991 1555 3021 Tunc
1565 2993 1677 3022 aderas:
1701 2993 1771 3021 Elim
1782 3014 1790 3028 ,
1812 2992 2002 3030 Messeniaque
2013 3003 2077 3023 arva
2091 2991 2214 3023 colebas.

1392 3029 1522 3068 Elysium.
1548 3030 1619 3068 Virg.
1635 3041 1658 3067 ς.
1673 3031 1735 3062 AEn.
1748 3039 1812 3066 735.
1836 3068 1842 3074 .
1899 3068 1906 3074 ·

1667 3084 1703 3088 —
1713 3078 1770 3097 non
1781 3078 1825 3098 me
1835 3077 1925 3106 impia
1940 3077 2060 3105 namque

1485 3104 1597 3135 Tartara
1608 3106 1711 3135 habent
1720 3128 1727 3140 ,
1749 3106 1888 3143 tristesque
1900 3106 2019 3135 umbrae:
2042 3105 2090 3135 sed
2104 3114 2215 3135 amoena
2227 3104 2340 3143 piorum

1486 3143 1612 3172 Concilia
1623 3166 1630 3178 ,
1653 3143 1829 3181 Elysiumque
1845 3143 1917 3173 colo.

1390 3180 1528 3211 Helicona
1546 3181 1647 3210 colere.
1691 3181 1791 3211 Versari
1810 3182 1838 3210 in
1859 3181 1977 3218 poeticae
1998 3180 2096 3210 studio.
2138 3180 2259 3218 Propert.
2279 3178 2327 3208 lib.
2341 3186 2365 3216 3.
2379 3187 2403 3214 ς.
2415 3186 2458 3215 19.

1484 3219 1531 3248 Me
1547 3220 1658 3254 juvatin
1674 3219 1761 3256 prima
1772 3219 1887 3248 coluisse
1900 3217 2176 3255 Heliconajuventa,

1522 3257 1717 3294 Musarumque
1730 3257 1822 3286 choris
1833 3256 1998 3295 implicuisse
2015 3265 2122 3286 manus.
2385 3291 2392 3297 ·

1389 3293 1529 3331 Reliquias
1541 3295 1637 3324 dulces
1649 3295 1760 3325 suorum
1772 3295 1864 3325 colere
1873 3316 1881 3330 ,
1903 3295 2033 3324 Habitare
2052 3294 2081 3323 iri
2101 3293 2189 3331 patria
2203 3314 2212 3328 ,
2233 3292 2263 3322 in
2273 3301 2328 3329 qua
2336 3299 2455 3327 majores
2464 3297 2511 3320 oc·

1409 3332 1576 3362 cubuerunt.
1603 3333 1672 3369 Virg.
1689 3343 1715 3367 4.
1730 3333 1790 3362 IEn.
1810 3341 1873 3369 343.

1482 3370 1585 3399 Urbem
1598 3370 1746 3405 Troianam
1761 3371 1892 3407 primum,
1914 3368 2063 3406 dulcesque
2077 3377 2204 3398 meorum

1480 3407 1630 3445 Relliquias
1644 3408 1765 3437 colerem
1779 3429 1787 3443 ‚
1808 3409 1833 3438 81
1845 3408 1942 3437 Priami
1951 3408 2024 3437 tecla
2035 3407 2090 3436 alta
2099 3410 2251 3436 manerent.
2541 3397 2544 3466 Ι
2563 3431 2565 3434 ,

1389 3445 1476 3475 Silvas
1490 3447 1515 3475 Sc
1532 3456 1599 3474 rura.
1624 3445 1708 3475 Ovid.
1727 3455 1767 3475 ii.
1783 3446 1850 3475 Met.
1865 3448 1925 3480 146.
2144 3449 2146 3452 ’
2562 3474 2563 3479 ,
2579 3439 2604 3474 Cili

1485 3483 1532 3512 llle
1543 3483 1655 3520 perosus
1673 3493 1690 3512 o
1712 3493 1740 3512 es
1752 3505 1760 3518 ‚
1783 3483 1912 3520 silvasque
1929 3483 1955 3512 &
1971 3491 2032 3512 rura
2043 3480 2163 3512 colebat.
2289 3479 2308 3509 i.
2321 3489 2347 3509 e.
2367 3477 2506 3510 Inhabitaa
2540 3473 2546 3520 l
2578 3476 2603 3511 lici

1406 3519 1454 3549 bat
1464 3542 1472 3555 ,
1496 3521 1656 3550 Sectabatur
1671 3524 1694 3550 al
1710 3521 1783 3550 idue.
2540 3526 2542 3543 τ
2582 3526 2604 3555 agei

1387 3558 1508 3587 Athenas
1520 3559 1629 3593 colere,
1651 3569 1700 3595 pro
1719 3559 1806 3588 Attica
1824 3557 1984 3596 eloquentia
1998 3557 2038 3586 uti
2053 3578 2061 3591 ,
2081 3556 2212 3593 usurpare
2223 3554 2297 3584 licet.
2318 3554 2404 3584 Plaut.
2417 3552 2500 3584 Stich.
2539 3546 2542 3586 l
2577 3555 2602 3592 lgef

1409 3606 1433 3629 ς,
1446 3606 1471 3625 2.
1485 3606 1529 3625 22.
1554 3596 1698 3632 Peregrina
1711 3598 1805 3625 omnia
1822 3597 1947 3633 relinque
1959 3617 1967 3629 ,
1989 3595 2107 3624 Athenas
2120 3603 2196 3622 nunc
2206 3593 2339 3622 colamus.
2539 3613 2541 3619 .
2577 3592 2604 3627 iii„

1386 3632 1533 3670 Negligere
1544 3636 1568 3664 8(
1581 3634 1679 3663 Colere
1690 3634 1751 3663 sunt
1762 3634 1906 3663 contraria.
1944 3632 2001 3662 Cic.
2019 3642 2039 3661 1.
2054 3631 2111 3661 Off.
2125 3641 2150 3665 4.
2171 3630 2202 3660 In
2218 3639 2307 3666 eoque
2318 3629 2438 3673 colendo
2453 3627 2508 3658 ὕει
2538 3632 2559 3667 {3
2577 3627 2604 3672 lei(

1406 3673 1467 3700 vitae
1479 3673 1516 3700 est
1531 3672 1656 3701 honestas
1668 3673 1774 3707 omnis,
1796 3673 1821 3701 δι
1836 3672 1864 3700 iri
1878 3669 2047 3708 negligendo
2061 3668 2216 3706 turpitudo.
2258 3668 2300 3698 De
2311 3667 2414 3698 officio.
2538 3671 2539 3709 J
2577 3665 2604 3703 irie.

1387 3708 1487 3738 Colere
1501 3719 1610 3743 aequum
1624 3711 1649 3739 ἃ
1662 3709 1767 3738 bonum
1781 3731 1789 3741 ‚
1812 3708 1973 3738 Observare.
1996 3707 2079 3736 Plaut.
2095 3706 2171 3735 Men.
2184 3716 2211 3741 4.
2224 3714 2250 3735 2.
2265 3715 2308 3736 10.
2427 3714 2435 3722 ·
2538 3711 2539 3724 ¹
2576 3703 2604 3742 ἵκω

1385 3745 1484 3776 AEvuiti
1497 3746 1605 3782 colere,
1626 3748 1643 3776 i.
1658 3758 1680 3776 e.
1704 3747 1820 3777 IEtatem
1835 3756 1923 3782 agere.
1949 3746 2052 3774 Lucret.
2070 3744 2116 3772 lib.
2131 3754 2154 3779 5.
2171 3753 2252 3779 1144.
2537 3740 2538 3774 l

1466 3784 1536 3813 Nam
1546 3794 1631 3821 genus
1643 3784 1796 3813 humanum
1807 3785 1939 3814 ‹lefell'um
1950 3784 1977 3813 vi
1989 3782 2081 3812 colere
2092 3790 2181 3811 aevum
2194 3802 2203 3816 ,
2536 3786 2538 3800 ‘

1437 3858 1443 3864 ·
1465 3821 1504 3864 Ex
1519 3822 1674 3851 inimicitiis
1690 3823 1845 3859 languebat.
2099 3856 2105 3862 .
2132 3856 2138 3863 ι
2243 3855 2250 3863 .
2271 3855 2278 3862 ·
2294 3855 2301 3862 ⁶
2536 3823 2537 3868 l
2575 3816 2602 3860 lagen

1384 3859 1524 3889 Amicitias
1533 3860 1634 3889 colere.
1657 3859 1716 3889 Cic.
1728 3870 1754 3888 2.
1771 3860 1805 3888 de
1817 3859 1903 3889 Finib.
1919 3863 1964 3892 80-
1987 3858 2020 3886 At
2030 3855 2119 3886 coluit
2130 3855 2188 3894 ipse
2196 3861 2342 3886 amicitias.
2535 3875 2536 3897 y
2564 3862 2604 3894 ,urm

1383 3896 1523 3929 Amicitias
1538 3897 1705 3928 utilitatibus
1721 3897 1822 3928 colere.
1844 3896 1903 3927 Cic.
1914 3906 1940 3927 2.
1955 3895 1990 3926 de
2002 3894 2093 3925 Finib.
2110 3899 2158 3932 83.
2564 3891 2604 3931 lle..

2431 3924 2497 3958 vide
2534 3917 2536 3956 l
2560 3924 2565 3950 l
2578 3934 2604 3974 ry„
