2600 4177
497 149 521 184 B
618 150 654 185 O
749 151 770 186 S

85 226 215 265 Prosugae.
237 226 357 265 Propert.
374 227 424 258 lib.
436 239 462 264 4.
479 237 502 257 r.
515 239 542 265 4.

86 264 232 296 Ruricolae.
255 266 339 296 Ovid.
353 276 377 296 1.
395 266 463 296 Fast.
478 272 540 310 384.

370 319 444 325 —
455 313 578 334 animam
591 314 676 341 quum
688 313 774 343 ponat
785 308 814 336 in
825 308 878 338 aris

178 339 399 377 Lanigerumque
413 351 517 380 pecus,
537 342 718 381 ruricolaeque
731 344 826 375 boves.

85 377 167 408 Sacri.
195 377 279 407 Ovid.
294 389 318 412 4.
335 379 400 408 Fast.
415 384 478 415 476.

178 415 378 453 sacrorumque
394 417 487 446 Melan
499 417 598 454 pascua
609 417 672 448 laeta
687 418 782 449 boum.

84 452 235 482 Sarmatici.
259 453 342 482 Ovid.
356 464 380 488 3.
397 454 477 484 Trist.
498 465 538 483 io.
557 465 600 491 34.

177 489 291 519 Ducunt
299 491 443 521 Sarmatici
453 492 564 521 barbara
578 492 695 530 plaustra
703 493 800 524 boves.

85 526 179 557 Tardi.
201 527 285 557 Ovid.
302 538 325 557 r.
348 531 440 558 Amor.
457 539 497 565 ¹3-
515 534 555 559 16.

178 563 266 594 Prima
278 576 360 596 vocas
372 568 465 596 tardos
483 567 530 596 sub
542 568 606 606 juga
617 568 710 606 panda
721 568 816 599 boves.

85 601 184 632 Torva.
206 602 278 641 Virg.
291 613 314 638 3.
336 604 434 642 Georg.
453 615 496 640 5¹·
743 608 850 645 optima
859 614 945 638 torvae

177 639 275 669 Forma
286 641 373 671 bovis.

18 697 19 701 ,
84 677 292 715 Triumphutus.
324 679 406 709 Ovid.
421 689 443 716 3.
457 679 522 710 Fast.
539 689 603 717 73²·
624 680 652 710 h.
670 691 694 711 e.
716 680 748 710 In
762 682 896 721 triumphi
904 683 1038 714 sacrificio
1050 683 1164 714 occisus.

17 728 19 768 l
84 714 270 783 TUtusTliitlis·
278 717 519 784 gosilgrl'imqriiiya
531 754 714 794 perambulat.

85 790 208 833 Vetuliis.
229 791 326 835 Juven.
347 803 388 823 10.
407 793 462 823 Sat.
476 796 547 836 ²⁶32
614 830 619 837 η

179 829 210 857 ht
222 837 277 858 ruit
288 836 352 861 ante
362 840 436 860 aram
449 830 549 860 summi
558 829 635 866 Jovis
646 852 655 867 ,
676 836 707 860 ut
719 831 828 862 vetulus
839 832 898 863 bos.

84 866 184 896 vineti.
208 867 292 897 Ovid.
305 878 330 905 7.
350 868 420 898 Met.
436 878 500 904 439.

17 920 19 932 <
83 905 218 934 Amovere
228 905 312 935 boves
323 916 372 943 per
380 906 485 936 dolum.
509 905 577 949 Hor.
591 916 614 935 1.
630 905 720 936 Carm.
735 917 778 937 10.
790 918 817 942 9.

17 942 19 967 Ι
174 941 217 972 Te
232 943 317 973 boves
329 944 398 973 olim
409 944 457 973 nisi
467 943 630 974 reddidisses

175 978 224 1009 Per
233 980 330 1011 dolum
338 990 444 1012 amotas
455 1003 462 1017 ,
477 983 527 1012 διο.

82 1017 163 1048 Arare
178 1018 276 1048 bobus.
299 1019 384 1049 Ovid.
396 1031 419 1055 5.
437 1020 518 1057 Epist.
534 1022 594 1049 116.

16 1077 18 1110 l
101 1093 123 1123 st
163 1056 227 1122 Ῑῐῖἶη
238 1057 402 1094 profe-ituris
414 1057 506 1087 littora
519 1057 610 1087 bobus
624 1066 693 1088 aras.

124 1103 151 1123 ra
177 1104 191 1123 a
214 1104 282 1124 oras.

81 1132 144 1162 Arat
154 1131 213 1162 bos.
236 1132 320 1163 Ovid.
335 1143 376 1169 ις.
390 1133 458 1164 Met.
471 1143 537 1171 470.
683 1170 689 1176 .
870 1172 875 1177 ,

176 1170 229 1200 Bos
240 1178 311 1207 aret,
332 1178 380 1201 aut
392 1180 510 1201 mortem
518 1170 671 1201 senioribus
682 1176 802 1209 imputet
811 1180 899 1202 annis.

83 1206 196 1237 Caedere
205 1208 298 1239 boves.
320 1209 404 1239 Ovid.
418 1219 441 1246 3.
457 1219 493 1239 ex
504 1210 581 1239 Pont.
593 1220 619 1245 4.
630 1214 676 1244 82.

82 1245 242 1276 Conterere.
265 1246 371 1277 Lucret.
384 1247 432 1277 lib.
446 1258 471 1278 2.
486 1258 497 1277 r
505 1251 565 1278 161.
589 1247 608 1277 i.
620 1256 645 1277 e.
664 1246 777 1277 Affiduo
786 1246 883 1277 labore
894 1258 1002 1280 vexare.

83 1283 191 1313 Curare.
232 1284 263 1314 In
285 1294 303 1314 c
312 1295 332 1314 u
341 1295 357 1314 n
367 1295 393 1315 o.

81 1320 256 1359 Disiungere.
277 1322 378 1358 Juven.
393 1334 418 1357 ς.
430 1323 485 1353 Sat.
501 1327 563 1357 118.

82 1358 235 1390 Domitare.
258 1360 330 1398 Virg.
346 1371 369 1390 1.
386 1361 485 1398 Georg.
500 1367 565 1397 285·

175 1397 208 1427 Ft
217 1399 330 1436 prensos
340 1399 477 1428 domitare
488 1399 582 1428 boves.

80 1434 184 1465 Ederet
194 1445 295 1474 agnum
306 1437 366 1466 bos.
394 1437 424 1467 V.
446 1437 544 1475 supra,
564 1436 619 1466 Bos
631 1458 639 1472 ‚
663 1437 770 1467 nomin.
786 1438 838 1468 ἃς.

81 1472 204 1504 Enecare
213 1475 326 1504 arando.
348 1474 414 1504 Hor.
430 1485 451 1504 1.
466 1475 548 1513 Epist.
561 1483 586 1511 7.
597 1480 641 1511 87.

274 1526 349 1534 --——
360 1513 408 1542 bos
423 1513 461 1542 est
469 1514 583 1543 enectus
598 1512 710 1542 arando.

80 1547 179 1580 Errant
187 1549 282 1580 boves.
304 1550 377 1588 Virg.
393 1561 415 1581 1.
433 1551 490 1581 Ecl.
503 1561 530 1586 9.

81 1586 304 1625 Fatigareboves.
333 1589 403 1619 Hor.
417 1598 439 1625 3.
459 1589 549 1618 Carm.
564 1592 590 1617 6.
603 1597 648 1625 43.

273 1641 349 1648 ·--—
361 1629 388 1657 &
399 1627 463 1665 juga
472 1627 599 1656 demeret

172 1661 265 1694 Bubus
275 1664 404 1703 fatigatis.

80 1699 213 1732 Mastare.
235 1702 320 1733 Ovid.
334 1714 378 1733 20.
391 1702 470 1742 Epist.
487 1706 562 1746 18¹--
662 1739 668 1746 .

172 1739 239 1769 Non
248 1740 320 1771 bove
334 1743 453 1771 maCtato
463 1741 580 1770 caelestia
589 1748 706 1770 numina
718 1739 840 1776 gaudent
847 1761 857 1775 ,

210 1778 265 1808 Sed
274 1789 334 1817 quae
345 1780 497 1817 praestanda
505 1779 544 1809 est
553 1801 561 1814 ,
581 1780 607 1809 ἃ.
616 1778 671 1808 fine
684 1777 750 1807 teste
762 1799 770 1813 ,
797 1777 861 1808 fide.

80 1813 199 1846 Pascere.
223 1816 295 1855 Virg.
311 1827 333 1846 r.
353 1818 408 1847 Ecl.
420 1821 463 1852 46.
624 1854 630 1860 ι
754 1854 759 1859 ,
789 1853 794 1858 ,

173 1853 275 1885 Pascite
287 1878 296 1891 ‚
316 1861 418 1885 utante
428 1877 436 1891 ,
457 1855 542 1885 boves
552 1863 650 1893 pueri,
671 1853 824 1883 submittite
838 1859 940 1885 tauros.

80 1889 157 1921 Pasti.
180 1891 250 1930 Virg.
267 1904 291 1928 ς.
304 1893 360 1923 Ecl.
374 1903 419 1929 25.
598 1930 602 1936 ⁵

173 1930 239 1959 Non
253 1930 304 1961 ulli
313 1932 404 1970 pastos
415 1930 468 1961 illis
478 1940 559 1968 egere
574 1928 673 1959 diebus
693 1967 699 1974 .

173 1967 298 2005 Frigida,
321 1969 452 2008 Daphni,
474 1969 558 1998 boves
570 1969 605 1998 ad
621 1968 747 1997 flumina.

79 2003 175 2035 Petere
185 2015 272 2036 cornu
285 2007 335 2037 bos
344 2008 446 2037 dicitur
456 2029 464 2042 ‚
486 2017 541 2044 quo
552 2006 679 2036 alludens
700 2005 767 2035 Hor.
779 2015 806 2035 2.
823 2005 910 2035 Serm.
927 2015 1006 2050 ¹255·

174 2043 210 2073 Ut
220 2054 310 2082 neque
321 2044 397 2075 calce
408 2046 490 2084 lupus
499 2054 657 2082 quenquam
667 2065 675 2079 ,
698 2053 789 2081 neque
802 2044 886 2073 dente
899 2049 970 2082 petit
980 2044 1039 2074 bos.

79 2079 190 2111 Placare
199 2082 266 2112 deos
278 2083 358 2113 bove.
381 2083 447 2113 Hor.
465 2093 487 2111 i.
500 2082 582 2120 Epist.
596 2091 637 2119 ¹7·
653 2087 695 2117 58.
959 2120 965 2126 ι

172 2119 218 2148 Vir
231 2120 320 2150 bonus
335 2143 342 2157 ,
364 2131 449 2151 omne
459 2121 551 2150 forum
561 2130 643 2157 quem
654 2120 776 2158 spei‘tat,
797 2121 823 2149 Sc
835 2129 920 2149 omne
932 2119 1055 2150 tribunal

169 2157 406 2197 Quandocunque
416 2159 484 2189 deos
498 2180 506 2194 ‚
529 2158 574 2188 vel
586 2168 673 2197 porco
684 2180 692 2194 ,
716 2156 761 2187 vel
776 2157 847 2187 bove
859 2157 960 2196 placat.

79 2195 211 2233 Quaerere
221 2196 256 2225 ad
266 2196 347 2226 sacra.
371 2197 442 2235 Virg.
462 2206 485 2231 ι.
498 2196 603 2240 (38013.
621 2205 683 2232 532.

78 2233 221 2269 Subjicere
234 2235 319 2264 boves
328 2241 426 2265 aratro.
449 2234 534 2266 Ovid.
547 2245 589 2268 ις.
613 2235 681 2264 Met.
695 2237 759 2267 618.

171 2272 316 2308 Quantum
326 2272 451 2310 depresso
464 2268 592 2308 subiectis
603 2272 693 2302 bubus
711 2278 809 2301 aratro.

77 2307 121 2339 De
128 2307 201 2339 bove
212 2310 347 2348 loquente
358 2311 428 2350 saepe
440 2311 469 2340 in
478 2310 611 2349 prodigiis
625 2309 679 2347 Jul.
693 2309 794 2347 Obseq.
809 2314 840 2339 ut
847 2318 976 2348 cap.103.
997 2308 1077 2340 Idem
1087 2319 1196 2349 cap.74.

96 2348 171 2377 conf.
185 2347 242 2377 Liv.
256 2357 281 2384 3.
295 2359 337 2378 10.
351 2358 392 2388 pr.
404 2351 430 2379 δι
442 2358 487 2384 24.
504 2359 544 2378 ie.
557 2356 627 2378 extr.
796 2385 802 2391 ·

42 2384 87 2416 Bo
96 2395 114 2415 A
124 2397 140 2414 L
149 2397 158 2414 ι
168 2396 186 2414 A
198 2408 206 2421 ,
228 2387 383 2422 [βεφόνιοι]
405 2387 474 2416 Ludi
484 2387 538 2416 diis
548 2387 642 2416 inferis
652 2386 812 2416 consecrati.
835 2385 934 2415 Perott.
958 2385 989 2415 V.
1012 2397 1027 2431 15
1040 2397 1057 2415 u
1067 2397 1082 2415 iz
1092 2397 1107 2415 iz
1116 2397 1136 2416 T
1147 2398 1197 2418 iffi.

41 2423 63 2455 B
72 2433 90 2452 o
99 2434 117 2452 A
127 2433 143 2452 R
153 2434 162 2452 ι
173 2434 190 2453 υ
199 2434 226 2458 s,
251 2424 308 2458 Adi.
331 2422 456 2460 [βοιιώς]
477 2425 564 2461 Quod
573 2425 609 2454 ad
619 2425 705 2454 boves
725 2425 855 2462 pertinet.
879 2430 924 2459 ut,
945 2424 1075 2454 Boanum
1095 2426 1196 2456 forum.

78 2461 188 2497 Festus,
209 2461 340 2492 Boarium
349 2462 442 2492 forum
452 2463 548 2492 Roniae
559 2462 718 2497 dicebatur,
739 2462 815 2499 quod
837 2461 876 2505 ibi
896 2463 1085 2493 venderentur
1103 2463 1196 2495 boves.

0 2503 5 2518 ¹
78 2499 168 2536 Hujus
177 2499 239 2529 Fori
251 2500 339 2530 boarii
348 2501 477 2530 meminit
487 2500 554 2530 Plin.
568 2501 616 2530 lib.
629 2506 672 2534 28.
686 2510 746 2538 cap.
760 2510 785 2529 2.
799 2501 825 2529 &
834 2499 883 2529 hb.
896 2509 940 2535 34.
959 2510 1019 2539 cap.
1033 2510 1059 2531 2.

19 2558 21 2573 .
76 2538 144 2568 Arva
152 2537 247 2567 boaria
257 2560 265 2574 ,
286 2539 316 2567 in
327 2538 427 2576 quibus
436 2539 566 2568 Boarium
575 2539 667 2568 forum
680 2538 774 2568 Romae
785 2538 846 2567 fuit.
868 2537 990 2576 Propert.
1003 2551 1029 2576 4.
1046 2549 1088 2570 1ο.
1105 2550 1147 2576 19.

158 2578 284 2614 Arvaque
294 2577 400 2614 mugitu
411 2576 514 2606 sancite
527 2576 620 2606 boaria
631 2576 716 2614 longo
727 2597 735 2611 ,

199 2613 300 2643 Nobile
313 2614 471 2644 erit‘Romae
483 2613 580 2652 pascua
591 2615 680 2643 nostra
695 2614 795 2643 forum.

77 2650 172 2681 Boaria
181 2650 265 2690 lappa
273 2674 281 2687 ‚
303 2652 402 2682 Herbae
413 2663 522 2682 nomen
533 2654 608 2690 apud
621 2651 690 2682 Plin.
709 2652 756 2681 lib.
767 2656 811 2681 26.
823 2661 886 2696 cap.
902 2661 913 2680 1
921 2661 944 2681 1.
974 2652 1006 2682 V.
1014 2692 1019 2697 .
1028 2665 1044 2682 1.
1053 2663 1072 2683 A
1081 2664 1118 2683 PP
1128 2664 1157 2684 A.

40 2687 62 2719 B
71 2699 112 2718 oo
123 2711 132 2725 ,
156 2690 266 2725 [βοαὶω]
287 2693 342 2720 εἶτε.
363 2691 402 2720 est
418 2690 560 2720 Clamare:
583 2692 610 2720 &
625 2690 710 2720 boum
731 2690 769 2719 est
795 2699 953 2733 proprium,
982 2698 1067 2721 etiam
1089 2693 1122 2722 ab
1140 2692 1197 2730 ipsa

76 2736 163 2762 voce3
186 2728 424 2764 quemadmodum
444 2728 565 2758 Baubare
575 2751 582 2763 ‚
603 2738 704 2758 canum
717 2738 723 2757 :
754 2727 850 2757 fictitia
873 2737 950 2757 enirn
966 2728 1027 2758 sunt
1050 2731 1195 2761 vocabula.

76 2764 134 2794 Boo
145 2771 237 2794 autem
251 2776 266 2795 a
276 2765 372 2796 Graeco
383 2766 528 2796 descendit
538 2766 619 2802 βοάω,
641 2767 722 2810 quod.
733 2766 773 2813 est
787 2765 899 2832 clame.l
909 2765 995 2833 Plauti.
1014 2769 1114 2836 Amph.
1131 2779 1152 2798 1.
1171 2779 1194 2813 1ἰ

65 2803 803 2880 1ΞέὲοῖεἷῧἷῗξὲἕῗέᾞξξοῖἓῖἶῇξὲῗῗὲῗἛξιῖῗῑῗίὲέῗ,Ξὶἱέἓῗῗι..
813 2805 979 2872 οῒῗὲιεῶὶιῗ
993 2815 1083 2881 ‘igitur
1091 2807 1197 2875 ἓὲἓῒέἶ

77 2879 141 2908 dem
153 2878 265 2908 boando
274 2887 393 2918 purgant
401 2881 498 2910 ravim.

39 2915 84 2946 Bo
95 2926 142 2946 AN
152 2927 181 2952 s,
202 2918 283 2947 antis.
304 2925 352 2953 ut,
374 2918 432 2947 Vox
445 2918 540 2947 boans.
563 2917 648 2947 Ovid.
661 2926 685 2953 3.
704 2917 741 2947 de
754 2918 816 2947 Arte
833 2918 891 2947 Am.
906 2928 971 2954 450.

154 2954 252 2984 Redde
263 2964 357 2985 meum
370 2978 378 2992 ‚
399 2963 461 2985 toto
470 2965 540 2985 voce
553 2955 656 2985 boante
665 2955 736 2984 foro.

39 2989 128 3028 Boo,
148 2995 197 3022 Ire.
220 2992 307 3024 Idem.
331 2994 464 3023 Pacuvius
481 2994 600 3029 Medea,
630 2993 760 3023 Clamore
779 2995 805 3023 &
823 2992 914 3023 sonitu
933 2993 1020 3024 colles
1035 2985 1200 3027 resonantes·

75 3029 172 3060 bount.
212 3031 296 3060 Varro
313 3031 482 3061 Parmenone
493 3054 500 3066 ,
522 3032 633 3062 Exeunt
651 3032 718 3067 citi,
749 3032 873 3069 strepunt
885 3054 892 3065 ,
923 3031 1021 3062 bount.
1045 3033 1154 3065 Nonius
1166 3045 1192 3065 2.

75 3073 119 3102 80.
142 3069 293 3106 Antiquum
304 3069 342 3099 est
356 3071 381 3099 &
393 3069 560 3099 inusitatum.
603 3071 618 3106 [
630 3069 742 3099 Videtur
754 3079 811 3098 non
822 3070 914 3099 Bount
926 3092 934 3106 ,
954 3069 1002 3106 sed
1014 3071 1103 3101 Boant
1118 3073 1195 3111 apud

73 3105 148 3135 Non.
161 3106 321 3144 legendum.
362 3107 434 3137 Nam
443 3107 648 3145 jungitibidem
657 3103 682 3134 τὲ
694 3107 828 3137 Reboare.
1010 3147 1015 3152 ⁸
1114 3114 1127 3124 ‘

39 3141 60 3173 B
69 3153 85 3173 o
93 3154 109 3173 v
120 3153 137 3173 o
147 3166 156 3179 ,
178 3143 294 3181 [βοὶξω]
313 3148 368 3175 are.
387 3145 492 3175 Bovare
502 3146 635 3175 dicuntur
647 3145 742 3179 boves,
754 3155 840 3182 quum
851 3154 949 3175 vocem
962 3152 1103 3177 emittunt.
1118 3148 1193 3179 Varr.

74 3181 123 3211 lib.
133 3186 158 3211 6.
171 3182 206 3211 de
216 3182 245 3212 L.
255 3182 285 3212 L.
296 3194 320 3220 5.
347 3183 475 3213 Clamore
485 3183 622 3213 bovantes
633 3205 641 3220 ‚
662 3193 698 3214 ex
707 3184 807 3214 Ennio.
848 3183 934 3213 Boare
953 3192 1046 3214 autem
1057 3187 1143 3224 magis
1156 3186 1195 3217 est

73 3219 103 3248 in
112 3219 170 3249 usu.

10 3272 12 3274 v
37 3254 233 3293 BovAmn,
256 3258 322 3288 Adv.
344 3258 379 3287 ad
397 3258 608 3289 similitudinem
626 3258 714 3289 bovis.
746 3259 841 3297 Nigid.
863 3258 976 3303 Figulus
990 3260 1067 3298 apud
1080 3260 1155 3291 Non.
1168 3272 1191 3292 r.

76 3304 136 3331 190.
178 3296 249 3325 Sunt
263 3297 347 3326 etiarn
360 3296 537 3327 affimilanter
546 3297 620 3327 dieta
629 3298 689 3327 haec
702 3319 710 3333 ,
732 3297 858 3327 Canatim
868 3319 877 3332 ,
900 3299 1007 3327 Suatim
1016 3320 1023 3333 ,
1046 3299 1172 3329 Bovatim
1184 3322 1193 3337 ,

73 3343 132 3370 quae
143 3333 177 3363 ab
185 3334 351 3363 animalibus
360 3333 513 3364 sumuntur.
1113 3375 1119 3381 ι

37 3367 200 3407 Bor-irus,
223 3373 262 3402 fis.
284 3382 321 3402 m.
344 3373 423 3410 Apul.
438 3382 462 3410 3.
482 3372 572 3403 Miles.
589 3383 615 3411 p.
632 3382 693 3411 130.
724 3372 861 3403 Praeconis
879 3372 975 3411 amplo
990 3372 1073 3404 boatu
1094 3381 1194 3406 citatus

74 3409 221 3439 accusator.

36 3443 151 3476 Brute
161 3458 170 3476 i
181 3457 199 3476 u
209 3459 218 3476 i
228 3457 277 3476 uM
288 3469 296 3482 ‚
321 3447 338 3476 i.
360 3458 388 3477 n.
411 3445 560 3485 [1339220412]
580 3459 597 3478 a
608 3448 662 3478 Bos
678 3450 705 3479 ἀ
722 3448 817 3478 Caedo.
847 3447 936 3478 Solin.
948 3458 1009 3488 cap.
1019 3458 1045 3480 2.
1069 3450 1144 3481 Inter
1159 3452 1194 3481 ri.

72 3489 116 3513 tus
130 3484 266 3514 sacrorum
280 3485 359 3515 saetis
370 3485 526 3515 bovicidiis.

34 3519 173 3552 Βόνῑιε
185 3545 193 3558 ,
215 3523 247 3552 is.
270 3533 297 3552 n.
320 3530 368 3559 ut,
390 3524 493 3554 Cervus
503 3524 528 3554 se
539 3524 627 3555 bovili
638 3524 775 3554 condidit.
806 3523 911 3553 Phaedr.
923 3533 949 3553 2.
965 3529 990 3560 8.
1007 3534 1033 3560 4.
1070 3525 1100 3555 V.
1122 3526 1193 3557 Cha.

16 3558 21 3561 ⁷
72 3559 112 3589 ris.
124 3570 151 3598 p.
166 3567 210 3595 gr.
234 3563 339 3591 &mox
359 3572 503 3591 Bonita.

35 3593 242 3633 Bovittus,
263 3596 389 3635 [βοιλὶς]
411 3598 480 3636 Adjj
494 3610 509 3629 a
529 3599 619 3629 Bove:
643 3606 690 3635 ut,
713 3598 818 3629 Bovilla
836 3608 908 3629 caro.
940 3598 1003 3629 Oet.
1019 3599 1112 3631 Horat.
1127 3612 1150 3632 1.
1163 3611 1189 3640 7.

70 3634 137 3665 Plin.
149 3636 262 3666 Bovillae
270 3637 360 3666 carnis
368 3639 427 3673 Jure
439 3638 520 3667 facile
528 3646 645 3667 curatur.
667 3637 804 3675 [suspect.
816 3637 828 3673 ]
854 3636 942 3680 Vulgo
952 3636 1075 3680 Bubulae.

30 3670 54 3701 ’Β
63 3681 79 3701 o
87 3677 125 3702 νῑ
134 3684 154 3703 Ν
162 3684 180 3703 u
188 3684 200 3703 s
210 3696 218 3709 ,
238 3684 254 3703 a
263 3697 271 3709 ‚
293 3685 341 3704 um
352 3696 361 3710 ,
382 3682 413 3704 ut
424 3675 551 3705 Medulla
562 3676 664 3705 bovina
679 3686 724 3714 ap.
739 3676 882 3705 Theodor.
900 3674 1028 3705 Priscian.
1045 3676 1123 3706 Med.
1137 3678 1190 3707 An.

29 3681 32 3750 l
70 3711 118 3748 tiq.
132 3712 167 3742 de
181 3712 264 3742 Diaeta
276 3722 336 3750 cap.
349 3724 391 3748 15.

16 3746 17 3749 ’
34 3745 156 3778 ΒονῑΝ
167 3759 227 3785 oa,
247 3751 294 3779 ari.
318 3751 429 3789 proprie
444 3751 482 3780 est
494 3751 577 3780 Bovis
597 3750 732 3787 strigantis
749 3751 777 3779 in
795 3749 914 3793 arand03
942 3760 991 3787 per
1008 3752 1130 3790 metaph.
1153 3753 1189 3783 de

70 3785 191 3817 Homine
200 3788 393 3825 tergiversante
405 3790 515 3819 dicitur.
539 3789 708 3823 Bovinatur,
729 3796 911 3818 conviciatur.
922 3788 1035 3832 Pestus.

30 3820 54 3852 ῬΒ
63 3832 122 3853 ovi
132 3833 152 3853 Ν
164 3834 236 3853 Ατο
246 3836 261 3854 a
273 3847 282 3861 ,
303 3826 364 3856 oris.
393 3837 429 3856 iii.
453 3827 547 3856 Nonio
565 3838 588 3855 2.
601 3832 646 3861 84.
670 3827 708 3856 est
718 3827 790 3856 idern
804 3826 848 3861 qui
862 3825 1048 3857 malitiosus&
1058 3829 1189 3866 tergiver—

30 3856 33 3889 't
68 3860 140 3890 sator
150 3862 261 3892 dicitur.
283 3863 368 3894 Lucil.
383 3865 451 3895 ibid.
475 3865 625 3894 Bovinator
636 3874 684 3894 ore
697 3863 839 3902 improbus
851 3864 930 3892 duro.
948 3864 1022 3894 conf.
1034 3866 1185 3904 Gell.ii.7.

31 3896 33 3920 l
68 3897 100 3928 In
112 3899 195 3929 Gloss.
218 3900 278 3931 lsid.
299 3901 449 3932 Bovinator
459 3925 467 3937 ,
489 3903 655 3932 inconstans.
963 3939 969 3945 .

31 3921 218 3973 inum-itus,
240 3939 257 3967 i.
279 3949 316 3969 m.
339 3940 477 3976 [βουζαλις
494 3943 520 3970 &
532 3941 578 3975 ιε]
599 3951 613 3969 a
627 3940 701 3970 Bove
712 3940 828 3974 dicitur3
852 3938 984 3968 Silvestris
1003 3939 1053 3970 bos
1063 3963 1071 3976 ‚
1092 3942 1187 3971 colore

32 3983 34 4017 L
67 3975 144 4043 nigssr
157 3997 165 4010 ‚
186 3986 241 4044 qtio
253 3986 329 4007 nunc
344 3978 444 4018 paffim
456 3979 588 4009 ducendo
598 3979 691 4009 currui
703 3979 729 4009 &
740 3976 876 4008 vehendis
887 3977 1019 4008 oneribus
1028 3999 1037 4015 ‚
1057 3988 1090 4009 ac
1101 3981 1187 4010 etiam

136 4022 154 4042 ο
164 4024 190 4044 r..
225 4035 233 4045 .

776 1058 804 1087 h.
816 1067 841 1088 e.
864 1057 988 1097 Operam
1003 1061 1097 1100 perdis
1110 1063 1136 1093 ἀ
1149 1061 1205 1092 fru-

1745 160 1769 198 B
1869 165 1903 198 O
2003 164 2023 202 S
2354 180 2419 219 363

1301 242 1378 267 terrae
1387 239 1495 270 arandae
1508 246 1632 271 utuntur.
1667 243 1748 281 Apud
1764 250 1869 273 veteres
1884 254 1941 274 non
1951 255 2009 275 erat
2020 247 2047 275 in
2058 247 2115 277 usu.
2154 249 2194 279 Ex
2207 252 2293 283 Africa
2305 256 2428 291 primum

1301 276 1330 304 id
1342 277 1442 306 animal
1452 279 1564 308 allatum
1576 279 1712 316 proditur.
1754 281 1917 319 Imperitum
1934 284 2032 320 vulgus
2051 285 2117 315 Uros
2129 296 2238 324 quoque
2249 290 2368 321 Bubalos
2382 304 2430 322 vo-

1303 320 1347 341 cat
1359 335 1366 347 ‚
1387 325 1402 343 a
1414 315 1496 344 Bovis
1513 318 1630 353 quadam
1644 317 1842 354 similitudine,
1858 320 2007 350 excellenti
2021 324 2046 351 8<
2058 324 2095 357 vi,
2115 326 2140 353 Sc
2153 325 2299 358 velocitate
2312 330 2425 360 animal.

1302 349 1402 380 Perott.
1415 362 1448 380 ex
1464 351 1530 382 l'lin.
1544 355 1591 383 lib.
1605 360 1630 387 8.
1644 365 1703 393 cap.
1721 366 1760 392 ¹5·
1786 357 1903 386 Martizil.
1920 358 1966 387 lib.
1980 369 2003 388 1.
2015 369 2058 393 2³-

1383 389 1423 417 llli
1436 390 1512 419 cellit
1522 400 1600 420 atrox
1614 392 1748 428 bubalus,
1771 402 1851 431 atque
1863 395 1948 424 bison.
2035 397 2162 427 visuntur
2181 400 2275 430 Romae
2296 405 2426 439 permulti

1301 424 1403 453 bubali.
1426 427 1523 463 vulgus
1535 429 1766 461 italorumadhuc
1781 439 1860 461 vocat
1876 433 2019 470 Busalum,
2041 437 2187 466 immutata
2199 445 2307 469 tantum
2327 451 2381 470 una
2397 443 2429 471 li-

1255 481 1275 493 χ
1303 469 1376 492 tera:
1403 463 1473 493 Galli
1487 467 1527 493 Un
1537 465 1617 503 buffle.

1265 496 1285 528 B
1295 509 1312 527 υ
1322 508 1337 526 B
1347 509 1364 527 A
1375 503 1411 528 ιῖ
1422 510 1440 528 N
1453 512 1469 530 υ
1480 510 1491 530 s
1502 524 1509 535 ,
1532 513 1547 531 a
1560 525 1567 537 ,
1589 514 1645 533 uin.
1668 512 1715 539 ut,
1738 506 1867 537 Laridum
1879 507 2050 538 bubalinum.
2075 510 2181 549 Vopisc.
2194 513 2224 542 in
2238 513 2326 544 Probo
2335 525 2425 553 can.4.

1302 536 1377 565 conf.
1394 537 1520 579 ‘U1p.34.
1533 540 1562 568 ff.
1575 547 1594 569 t.
1606 551 1632 570 2.
1649 542 1666 570 l.
1682 553 1726 578 25.
1738 544 1759 581 §.
1773 555 1797 577 ς.
2367 547 2376 554 ⁴

1302 572 1438 618 Bubalina
1450 576 1587 613 Stragula,
1609 579 1754 614 [βεζαληκ
1769 582 1844 618 ῥηγη]
1865 593 1878 612 a
1890 583 2083 619 Jureconsulto
2094 586 2168 616 dista
2176 587 2253 622 sunt,
2268 589 2339 626 Qua‘
2349 593 2428 628 equis

1323 611 1435 640 insterni
1453 613 1595 644 solebant:
1617 625 1652 645 ex
1665 618 1784 654 pellibus
1795 621 1870 649 enim
1883 621 2022 651 bubalinis
2034 623 2138 653 fiebant
2150 627 2301 662 antiquitus
2314 629 2429 666 stragula

1322 648 1357 676 ad
1368 658 1463 692 equos.
1488 651 1552 680 Haec
1563 652 1676 693 Bayfius.
1719 656 1822 685 Eadem
1839 668 1949 695 quoque
1969 661 2076 690 ratione
2092 672 2143 691 nos
2153 663 2310 694 Thoraceni
2322 666 2430 697 bubali-

1323 695 1391 714 num
1404 687 1496 716 dicere
1508 690 1649 725 postumus
1661 714 1667 726 ,
1680 692 1735 728 Qui
1747 703 1779 722 ex
1794 697 1869 724 corio
1882 696 2014 726 bubalino
2024 698 2111 728 lacius
2122 701 2167 729 est.
2183 703 2223 730 Un
2233 704 2293 729 colet
2303 706 2331 731 de
2342 704 2426 743 huffle.

1265 721 1287 752 B
1297 733 1312 751 u
1323 733 1338 751 B
1348 725 1430 766 Auis
1440 746 1448 760 ,
1474 734 1497 754 e.
1522 726 1607 756 Idem.
1631 736 1661 758 ut
1671 751 1679 765 ,
1703 731 1806 761 ssubale
1818 733 1940 763 frustum.
1965 735 2072 766 Petron.
2089 747 2149 775 cap.
2164 748 2205 775 ις.
2247 740 2302 770 Sed
2314 742 2428 773 Bubulae

1305 760 1388 790 Docti
1398 763 1560 792 emendant.

1265 795 1287 827 B
1297 808 1314 826 u
1326 808 1368 827 BA
1378 809 1463 828 tion
1474 823 1481 835 ‚
1504 801 1522 829 i.
1540 811 1567 830 n.
1591 800 1724 832 Cucumis
1736 805 1882 836 silvaticus.
1904 809 1983 846 Apul.
1997 811 2032 839 de
2045 811 2127 841 Herb.
2145 823 2204 849 rr3.

1265 834 1287 864 B
1299 846 1315 864 υ
1326 846 1341 864 13
1351 846 1363 864 a
1373 846 1393 864 T
1403 848 1410 864 i
1421 848 1444 866 ia
1454 860 1461 873 ,
1483 838 1527 881 vel
1538 840 1632 876 potius
1643 839 1751 882 Bubetii
1764 843 1821 871 ludi
1832 866 1839 879 ,
1861 855 1930 881 quos
1939 855 2046 878 veteres
2064 860 2077 878 a
2098 851 2187 881 bobus
2207 863 2361 892 pecoreque
2380 866 2426 894 ap-

1302 873 1459 917 pellarunt,
1482 885 1528 913 qui
1541 878 1566 905 ἃ
1579 876 1671 905 Boalia
1683 900 1691 912 ,
1714 878 1798 922 boum
1810 884 1894 917 gratia
1907 885 2032 914 instituti.
2075 888 2152 933 Inueo
2165 891 2239 919 enim
2258 892 2325 921 festo
2340 893 2430 923 solen-

1302 920 1346 940 rns
1356 911 1441 942 boum
1457 915 1482 942 ἂ
1495 921 1637 942 taurorum
1648 924 1759 945 venatio
1770 918 1826 947 fieri
1838 919 1959 955 solebat,
1980 926 2216 960 quemadmodum
2229 939 2303 959 nunc
2315 940 2428 969 quoque

1303 948 1426 993 Venetiis
1441 952 1466 980 Sc
1477 951 1534 980 fere
1545 962 1594 989 per
1603 960 1689 981 totam
1700 954 1806 984 ltaliam
1816 956 1873 986 fieri
1886 958 1955 988 soler
1967 970 2002 989 eo
2016 963 2062 991 die
2096 964 2122 992 ui
2136 964 2354 1003 Quadrugeflmae
2363 980 2428 1007 pro.

1302 994 1394 1052 {imus
1405 988 1454 1055 esth
1476 989 1544 1019 Plin.
1560 989 1609 1019 lib.
1624 996 1666 1025 18.
1680 1000 1741 1030 cap.
1758 1002 1781 1029 3.
1819 994 1913 1025 Ludos
1923 997 2008 1028 boum
2029 1009 2079 1029 cau
2093 1011 2107 1030 a
2124 1002 2312 1041 celebrantes,
2337 1007 2426 1037 bube-

1316 1034 1358 1053 ios
1367 1034 1434 1055 voca
1458 1035 1512 1056 ant.

1263 1059 1285 1091 B
1295 1072 1311 1090 u
1322 1066 1373 1091 Bfi.
1383 1073 1397 1091 a
1407 1086 1414 1098 ‚
1439 1064 1493 1095 sive
1510 1065 1530 1094 B
1539 1074 1555 1093 ο
1564 1069 1603 1094 vi
1613 1077 1629 1094 L
1640 1075 1654 1094 κ
1664 1089 1672 1101 ,
1694 1067 1725 1096 is.
1746 1077 1774 1096 n.
1804 1068 1951 1105 [βέπιθμςν
1962 1094 1970 1107 ,
1995 1073 2129 1111 fiumina]
2158 1077 2247 1108 Locus
2267 1080 2315 1109 ubi
2339 1082 2425 1114 boves

1301 1108 1455 1131 morantur.
1497 1101 1580 1132 Plaut.
1595 1103 1662 1133 Pers.
1674 1114 1699 1133 2.
1716 1116 1739 1140 ς.
1755 1111 1796 1140 18.
1819 1106 2005 1153 Enim-metuo
2019 1119 2048 1141 ut
2061 1114 2159 1150 pollini
2172 1116 2200 1144 in
2219 1116 2312 1148 bubile
2328 1122 2424 1156 rejice-

1301 1148 1410 1206 ἷὲιῖηῗῗ
1414 1148 1572 1216 ιῖἒὲῗῗὶἓὲ.
1586 1141 2053 1223 ssffi‘ssssffi?{ssffisslffiaitsslssiss
2057 1151 2427 1227 ”ssfss}i}¹.¹⁶1¹-J.¹..¹J¹·h¹³.i.¹¹.s.5;’·

1302 1223 1385 1251 atque
1393 1216 1489 1245 aestiva.
1514 1217 1583 1245 Cato
1594 1226 1655 1255 cap.
1668 1230 1693 1253 4.
1717 1218 1825 1249 Bubilia
1835 1221 1907 1251 bona
1918 1244 1925 1257 ‚
1948 1223 2074 1262 beneque
2086 1228 2219 1258 aedificata
2230 1252 2237 1265 ,
2261 1228 2346 1263 bonas
2356 1220 2425 1273 prae:

1301 1251 1380 1290 sepes
1390 1276 1398 1288 ,
1420 1253 1525 1284 faliscas
1537 1254 1659 1285 habeant
1669 1256 1803 1287 clatratas.
1825 1260 1899 1289 conf.
1918 1260 1988 1290 Varr.
2007 1263 2042 1292 de
2054 1263 2081 1292 L.
2096 1264 2123 1294 L.
2137 1276 2161 1302 7.
2176 1276 2218 1300 ιο.

1301 1289 1387 1319 Varro
1407 1298 1489 1329 negat
1509 1292 1565 1322 dici
1585 1293 1697 1329 Bovile‚
1720 1294 1766 1324 sed
1780 1302 1888 1326 tantum
1903 1297 2010 1328 Bubile.
2033 1301 2067 1330 H.
2082 1303 2121 1332 St.
2163 1304 2195 1333 Et
2210 1314 2293 1343 negat
2309 1310 2424 1345 quidem

1320 1328 1430 1358 duobus
1439 1330 1509 1359 locis
1529 1341 1556 1368 p.
1567 1341 1611 1367 94.
1630 1333 1695 1369 Sep.
1713 1342 1774 1362 110.
1790 1335 1835 1364 ed.
1854 1343 1915 1365 tert.
1928 1336 2025 1376 Steph.
2061 1339 2089 1369 V.
2112 1347 2203 1371 tamen
2215 1341 2308 1375 locum
2320 1347 2423 1378 Charis.

1319 1365 1400 1404 supra
1410 1368 1438 1396 in
1455 1378 1469 1396 a
1479 1378 1495 1396 o
1506 1378 1522 1396 v
1532 1379 1540 1396 i
1552 1380 1568 1396 L
1578 1379 1591 1397 a
1611 1369 1772 1401 adductum.

1263 1401 1285 1433 B
1294 1413 1311 1433 υ
1320 1414 1334 1432 Β
1344 1408 1360 1434 ὁ
1370 1414 1390 1433 N
1402 1415 1421 1434 A
1431 1427 1440 1439 ,
1460 1416 1490 1435 ae.
1507 1405 1526 1435 f.
1547 1406 1605 1436 Dea
1615 1407 1700 1437 boum
1710 1409 1784 1447 apud
1793 1410 1932 1448 antiquos.
1955 1413 2064 1450 August.
2075 1415 2111 1444 de
2121 1415 2179 1446 Civ.
2193 1418 2243 1448 Dei
2253 1423 2278 1449 6.
2292 1431 2317 1456 9.
2326 1422 2422 1454 Stuclr.

1304 1442 1339 1471 de
1349 1443 1444 1472 Sacrif.
1458 1454 1485 1481 p.
1501 1452 1545 1480 35.
1560 1444 1625 1474 Cael.
1638 1445 1728 1475 Rhod.
1742 1457 1786 1477 21.
1801 1457 1843 1484 34.
1866 1449 1977 1487 Gyrald.
1989 1452 2065 1489 Synt.
2080 1453 2160 1484 Deor.
2175 1467 2197 1485 1.
2210 1467 2237 1494 p.
2254 1469 2295 1493 ςς.
2310 1460 2340 1489 G.

1262 1478 1285 1509 B
1295 1490 1312 1508 υ
1321 1489 1355 1509 RS
1366 1490 1434 1518 ssQu
1444 1491 1462 1510 A
1472 1503 1487 1525 ,'
1503 1491 1533 1525 ae.
1555 1492 1592 1511 m.
1615 1483 1693 1513 Idem
1705 1494 1737 1513 ac
1749 1485 1901 1516 Bubulcus.
1925 1488 2021 1519 Sidon.
2036 1500 2058 1520 1.
2071 1491 2154 1530 Epist.
2167 1497 2192 1523 6.
2214 1496 2293 1533 Apul.
2306 1502 2330 1531 8.
2350 1499 2421 1530 Met.

1261 1528 1336 1599 131ξὲ3
1347 1519 1763 1602 ιιαζιὸξὲξξιῗῑῗὲᾲξᾷἕξὲῗ
1777 1524 2103 1600 ζὲἦςΙῗάῥξὲιὲεῇῃὲὶἕὲῗὲ
2117 1574 2189 1604 arat,
2212 1569 2254 1599 vel
2268 1571 2352 1602 boves
2362 1574 2425 1603 fun.

1302 1594 1330 1622 di
1342 1602 1473 1624 aratorios
1481 1595 1575 1633 pascit.
1605 1596 1664 1626 Cic.
1678 1607 1702 1627 2.
1716 1599 1751 1627 de
1762 1598 1853 1629 Divin.
1869 1611 1912 1636 50.
1942 1602 2007 1638 Ejus
2018 1603 2128 1642 aspectu
2142 1616 2228 1644 quum
2243 1609 2423 1649 obstupuiss'et

1302 1631 1440 1662 bubulcus
1450 1655 1458 1667 ‚
1484 1633 1692 1672 clamoremque
1704 1658 1712 1671 ,
1728 1638 1779 1666 &e
1802 1637 1902 1672 Juven.
1916 1649 1958 1669 11.
1975 1640 2030 1671 Sat.
2045 1652 2107 1679 151.

1301 1668 1392 1700 Ferox
1405 1670 1551 1702 bubulcus.
1574 1672 1658 1702 Ovid.
1669 1685 1696 1709 4.
1709 1675 1744 1703 de
1754 1674 1833 1705 Pont.
1846 1685 1871 1712 7.
1888 1687 1930 1706 ιο.

1396 1709 1456 1746 lpse
1469 1710 1546 1739 vides
1555 1732 1562 1744 ,
1586 1718 1700 1740 onerata
1712 1712 1790 1741 ferox
1802 1720 1831 1742 ut
1842 1714 1926 1744 ducat
1937 1714 2020 1754 Iazyx

1436 1747 1483 1776 Per
1492 1748 1599 1777 medias
1611 1748 1666 1785 [stri
1676 1750 1792 1787 plaustra
1801 1751 1939 1782 bubulcus
1949 1764 2042 1791 aquas.

1300 1782 1475 1814 Sauromates
1489 1786 1634 1816 bubulcus.
1655 1787 1739 1817 Ovid.
1753 1797 1776 1824 3.
1793 1789 1873 1819 Trist.
1889 1801 1930 1820 12.
1944 1801 1987 1828 30.

1395 1823 1516 1852 Stridula
1526 1824 1700 1855 Sauromates
1710 1826 1827 1864 plaustra
1838 1827 1976 1859 bubulcus
1985 1831 2050 1868 agit.

1300 1858 1417 1890 Tardus.
1445 1862 1515 1899 Virg.
1532 1872 1573 1891 io.
1590 1862 1646 1892 Ecl.
1661 1874 1703 1898 19.

1502 1900 1767 1932 ——tardivenere
1778 1902 1902 1936 bubulci.
1986 1905 2061 1935 conf.
2082 1905 2220 1940 Columel.
2233 1920 2256 1940 1.
2270 1915 2296 1942 6.
2314 1913 2375 1950 ἃς).
2398 1916 2425 1945 &

1300 1933 1370 1965 Plin.
1387 1941 1429 1970 ¹8·
1443 1945 1468 1973 3.
1482 1937 1527 1966 vel
1538 1936 1604 1968 Lex.
1617 1938 1705 1969 Pitise.
1743 1940 1831 1978 Supra
1852 1951 1866 1970 B
1875 1952 1892 1970 o
1901 1952 1918 1971 o
1927 1951 1947 1971 τ
1956 1951 1970 1972 iz
1979 1952 2000 1973 s.

1261 1971 1283 2003 B
1293 1982 1312 2002 u
1321 1984 1336 2002 a
1348 1984 1365 2003 υ
1376 1977 1441 2004 Lusi
1453 1985 1467 2003 R
1478 1986 1486 2004 i
1496 1985 1548 2011 us,
1571 1977 1588 2005 i.
1609 1986 1647 2006 m.
1670 1977 1853 2009 1dem G10ff.
1864 1980 1909 2009 Gr.
1922 1980 1980 2010 Lat.
2004 1980 2103 2018 ξοῶτης,
2125 1983 2312 2017 bubulcarius.

1261 2010 1283 2040 B
1295 2021 1311 2040 υ
1320 2022 1334 2040 a
1344 2022 1362 2041 υ
1373 2023 1387 2040 L
1398 2015 1435 2041 οἱ
1448 2022 1462 2041 r
1471 2022 1488 2042 o
1497 2023 1513 2042 R
1523 2035 1530 2048 ‚
1553 2010 1707 2050 [ἔευφλέω]
1727 2017 1775 2046 ari.
1799 2017 1917 2047 Bubulci
1929 2019 2052 2049 officium
2061 2019 2160 2051 facere.
2178 2023 2264 2054 Plaut.
2276 2025 2384 2056 Mostel.
2399 2037 2423 2058 r.

1303 2059 1327 2079 r.
1342 2060 1384 2084 50.
1411 2050 1498 2080 Decet
1508 2061 1552 2080 me
1562 2061 1652 2082 amare
1663 2075 1670 2087 ‚
1689 2055 1750 2083 &te
1761 2054 1966 2086 bubulcitarier.
1987 2057 2098 2087 Nonius
2109 2068 2135 2088 2.
2148 2066 2193 2096 ὃς.
2209 2063 2235 2092 ἃ
2247 2063 2302 2093 hoc
2313 2065 2337 2094 8(
2347 2064 2426 2095 aliud

1298 2087 1429 2118 Varronis
1441 2089 1602 2127 exemplum
1612 2091 1680 2120 citat
1689 2093 1786 2122 active.
1829 2094 1906 2131 Apul.
1925 2093 1973 2124 lib.
1990 2105 2013 2125 1.
2036 2095 2107 2126 Flor.
2122 2108 2150 2135 p.
2162 2107 2223 2135 343.
2255 2101 2298 2130 Est
2309 2103 2381 2139 apud
2393 2102 2425 2132 il-

1298 2125 1340 2154 los
1351 2135 1434 2163 gens,
1457 2137 1517 2164 quae
1527 2127 1728 2167 nihilamplius
1746 2140 1828 2167 quam
1839 2131 2012 2163 bubulcitare
2027 2143 2138 2164 novere.
2179 2137 2303 2176 ldeoque
2322 2149 2427 2178 cogno-

1299 2173 1364 2192 men
1376 2163 1428 2193 illis
1439 2164 1568 2195 Bubulcis
1578 2166 1710 2196 inditum.
1751 2169 1790 2198 lta
1800 2168 1898 2206 legunt
1910 2170 2093 2201 Elmenhorst.
2104 2174 2131 2202 &
2140 2173 2195 2209 Jul.
2209 2175 2280 2205 Flor.

1259 2199 1281 2230 B
1293 2211 1310 2230 u
1320 2212 1333 2229 R
1343 2211 1363 2230 υ
1373 2205 1413 2230 LA
1422 2212 1438 2230 R
1449 2213 1457 2230 1
1468 2213 1485 2232 υ
1495 2212 1522 2237 s,
1543 2204 1561 2232 i.
1578 2213 1614 2233 m.
1638 2204 1695 2241 Qui
1706 2205 1790 2235 offam
1803 2207 1937 2237 bubulam
1948 2209 2069 2245 parabat.
2085 2210 2199 2241 Hieron.
2213 2213 2242 2242 in
2253 2214 2417 2246 Test.Grun.

1299 2239 1375 2269 Porc.
1399 2239 1699 2272 Bubulariisintestina.
1738 2244 1892 2279 [Meminit
1902 2246 2018 2283 quidem
2032 2247 2115 2283 hujus
2133 2249 2301 2281 Testamenti
2321 2252 2424 2284 ludicri

1297 2277 1487 2315 Hieronymus
1499 2278 1616 2309 Prooem.
1634 2281 1664 2309 in
1674 2280 1725 2316 Jes.
1741 2283 1767 2311 Sc
1780 2282 1895 2321 Apolog.
1908 2285 1937 2312 in
1952 2284 2015 2314 Ruf.
2050 2284 2106 2315 Sed
2116 2289 2211 2317 auctor
2220 2291 2278 2325 ejus
2289 2291 2354 2320 falso
2364 2302 2425 2329 per.

1296 2315 1415 2345 hibetur.
1421 2315 1551 2346 Ceterum
1558 2316 1834 2355 suspicorBubulariis
1842 2321 2041 2359 proBotulariis
2049 2323 2179 2362 scriptum
2186 2326 2328 2366 effe‚lapsu
2337 2329 2422 2361 facili.

1261 2353 1283 2384 B
1294 2363 1313 2382 u
1322 2364 1337 2382 is
1348 2356 1364 2383 ῠ
1374 2365 1389 2382 i.
1399 2364 1416 2382 υ
1427 2363 1439 2383 s
1449 2376 1457 2388 ,
1479 2352 1606 2390 [ζωός]
1631 2357 1690 2393 Adj.
1709 2357 1784 2387 ldeni
1795 2359 1928 2396 significat
1939 2360 2015 2397 quod
2029 2361 2149 2392 Bovinus
2160 2385 2168 2399 ,
2190 2364 2275 2401 Quod
2287 2367 2324 2395 est
2333 2368 2422 2398 bovis.

1297 2398 1346 2427 ut,
1371 2391 1423 2421 Lac
1434 2391 1582 2423 bubulum.
1604 2394 1672 2425 Plin.
1688 2394 1738 2425 lib.
1752 2402 1796 2430 28.
1807 2406 1868 2433 cap.
1883 2407 1925 2434 13.
1946 2398 2128 2429 Stomachum
2138 2402 2329 2433 exulceratum
2343 2405 2424 2435 laciis

1297 2429 1393 2459 asinini
1407 2437 1491 2468 potus
1501 2430 1598 2461 reficit:
1610 2433 1677 2462 item
1686 2432 1984 2467 bubuli.SicBubulum
1993 2446 2088 2475 pecuS.
2095 2438 2176 2470 Varro
2188 2441 2418 2481 2.deR.R.cap.5.

1298 2467 1371 2497 Caro
1386 2468 1496 2498 bubula.
1521 2468 1589 2499 Plin.
1603 2476 1647 2505 ²8·
1659 2480 1702 2500 ιο.

1298 2505 1399 2535 Caseus
1413 2506 1544 2536 bubulus.
1567 2508 1644 2538 Suet.
1660 2509 1726 2546 Aug.
1738 2519 1800 2548 cap.
1819 2513 1864 2548 76.

1297 2543 1412 2573 Corium
1427 2544 1573 2575 bubulum.
1595 2546 1681 2576 Plaut.
1694 2547 1770 2577 Poen.
1791 2559 1812 2577 1.
1828 2558 1851 2578 1.
1864 2558 1906 2579 11.

1296 2581 1411 2611 Cottabi
1427 2582 1534 2612 bubuli.
1559 2582 1643 2613 Plaut.
1657 2584 1734 2614 Trin.
1751 2596 1776 2621 4.
1793 2595 1817 2621 3.
1831 2598 1857 2622 4.

1295 2619 1484 2650 monumenta
1494 2620 1597 2651 bubula
1606 2623 1670 2657 joco
1681 2623 1753 2652 dixit
1764 2623 1850 2654 Plaut.
1863 2625 1951 2655 Stich.
1966 2636 1989 2657 1.
2001 2636 2028 2658 2.
2042 2631 2069 2658 6.
2091 2639 2143 2668 pro
2154 2628 2216 2660 loro
2227 2653 2236 2667 ‚
2265 2629 2311 2662 seu
2334 2641 2420 2662 nervo

1315 2657 1422 2687 bubulo
1435 2680 1443 2694 ,
1470 2659 1516 2695 qui
1530 2659 1617 2689 officii
1629 2661 1781 2690 admoneat
1791 2662 1933 2693 cessantes.

1294 2695 1403 2725 Bubula
1414 2718 1421 2731 ,
1449 2696 1590 2727 absolute:
1613 2699 1640 2728 δι
1661 2698 1824 2729 subauditur
1838 2700 1919 2731 Caro.
1959 2702 2046 2733 Plaut.
2064 2704 2125 2734 Aul.
2139 2715 2165 2736 2.
2176 2711 2202 2742 8.
2215 2716 2242 2743 4.
2283 2708 2420 2746 Agninam

1314 2743 1424 2769 caram,
1446 2743 1538 2764 caram
1548 2734 1690 2766 bubulam.
1712 2737 1788 2767 conf.
1804 2740 1880 2776 Apic.
1898 2744 1924 2774 8.
1940 2751 1964 2776 ς.

1256 2770 1277 2801 Β
1288 2781 1307 2801 u
1316 2783 1334 2801 c
1342 2781 1380 2801 ER
1389 2782 1398 2800 1
1408 2782 1432 2800 Ε
1443 2793 1451 2806 ,
1473 2773 1649 2809 [βοννθλεῗυι]
1670 2774 1759 2805 Boum
1770 2786 1875 2814 greges.
1898 2777 2006 2808 Lucret.
2020 2778 2070 2810 lib.
2083 2789 2108 2809 2.
2121 2783 2187 2810 660.

1387 2810 1525 2848 Lanigerae
1535 2812 1659 2849 pecudes
1672 2835 1681 2848 ,
1703 2814 1729 2843 &
1745 2823 1881 2851 equorum
1893 2816 2014 2847 duellica
2023 2817 2130 2855 proles:

1384 2847 1561 2885 Buceriaeque
1571 2859 1675 2888 greges.
1730 2851 1850 2883 Nonius.
1867 2854 1981 2884 Videtur
1993 2856 2047 2891 adJ'.
2058 2856 2133 2886 idem
2144 2866 2176 2886 ac
2188 2857 2308 2889 Bucerus
2318 2881 2326 2895 ,
2347 2860 2355 2888 i
2367 2870 2417 2899 per

1292 2885 1453 2923 epenthesin
1465 2886 1633 2925 interposita.
1655 2888 1712 2925 [Ex
1723 2889 1818 2919 Graeco
1826 2889 1931 2929 βέκεςως
1940 2893 2075 2923 formatur
2082 2893 2214 2931 ansam,
2225 2907 2254 2931 e,
2273 2910 2291 2926 a.
2314 2898 2351 2935 pl.
2369 2902 2419 2929 βκ-

1292 2920 1380 2990 ‚marius
1392 2925 1468 2991 qffugd
1480 2925 1617 2992 aigleffive
1631 2927 1794 2964 usurpatur,
1813 2936 1845 2958 ut
1860 2929 2005 2967 ‘nyma-tim,
2027 2928 2144 2966 masmim
2160 2934 2187 2962 Sc
2205 2933 2260 2963 alia
2278 2935 2307 2964 id
2317 2945 2415 2973 genus.

1327 2971 1335 2989 i
1350 2971 1379 2990 er
1417 2972 1424 2990 1
1446 2972 1486 2991 or.
1580 2986 1586 2993 .
1604 2974 1628 3002 q.
1643 2974 1701 2994 non
1715 2975 1817 2996 moror.

1253 2998 1275 3029 B
1284 3002 1302 3028 ῦ
1311 3009 1328 3028 c
1337 3002 1353 3028 ἑ
1365 3009 1380 3027 r<
1391 3010 1407 3028 υ
1419 3009 1431 3029 s
1442 3022 1450 3036 ‚
1472 3010 1488 3030 a
1502 3022 1510 3036 ‚
1531 3010 1587 3031 um.
1610 3000 1714 3039 [βοῖιῴς
1723 3023 1731 3036 ,
1747 3002 1873 3041 abnegas]
1894 3006 1954 3040 Adi.
1974 3011 2014 3041 ut,
2028 3008 2157 3037 Armenta
2166 3008 2271 3039 bucera.
2296 3010 2412 3043 Ovid.6.

1292 3037 1362 3067 Met.
1380 3046 1441 3073 395.
1490 3048 1755 3078 ——armentaque
1768 3042 1868 3072 bucera
1876 3045 1962 3081 pavit.
2000 3045 2018 3073 i.
2032 3054 2055 3074 e.
2077 3044 2164 3075 Boves
2179 3047 2251 3084 ipsos
2260 3049 2340 3078 valde
2354 3060 2416 3080 cor-

1291 3083 1390 3105 nutos:
1413 3076 1446 3107 βέ
1460 3085 1580 3114 namque
1599 3079 1735 3116 particula
1758 3080 1797 3109 est
1816 3081 1970 3119 intensiva,
1992 3083 2061 3119 κέςας
2077 3089 2169 3114 autem
2190 3084 2295 3116 dicitur
2310 3097 2407 3119 cornu.

1292 3113 1426 3151 [Inepte.
1450 3114 1534 3144 Nulla
1547 3116 1585 3145 est
1595 3117 1672 3146 enim
1682 3117 1808 3147 intensio.
1832 3118 1946 3150 Rectius

1272 3183 1274 3186 ,
1291 3151 1377 3180 Pecus
1390 3151 1522 3182 bucerum
1534 3153 1569 3183 de
1580 3153 1671 3184 bubus
1684 3156 1812 3186 dicimus.
1853 3157 1954 3187 Festus.

1290 3189 1371 3218 Secla
1384 3189 1493 3219 bucera.
1515 3190 1623 3222 Lucret.
1644 3192 1693 3222 lib.
1707 3199 1732 3222 6.
1750 3204 1830 3230 ¹²40·

1382 3227 1578 3266 Lanigeraeque
1592 3231 1672 3260 simul
1682 3232 1822 3269 pecudes,
1842 3232 1869 3261 &
1882 3231 1982 3262 bucera
1993 3231 2073 3262 secla.
2158 3234 2221 3266 ime.
2242 3237 2340 3268 Boves.

1251 3263 1273 3294 B
1286 3274 1302 3293 u
1310 3274 1328 3294 c
1336 3275 1361 3294 Ε
1370 3275 1387 3294 D
1398 3276 1417 3294 A
1428 3287 1437 3301 ‚
1460 3267 1504 3296 vel
1517 3267 1536 3296 Β
1546 3278 1564 3297 υ
1575 3278 1592 3297 c
1603 3280 1612 3297 1
1622 3279 1639 3297 D
1650 3279 1669 3298 A
1678 3291 1686 3303 ,
1709 3279 1739 3298 ae.
1755 3279 1791 3298 m.
1814 3269 1871 3306 Qui
1882 3271 1999 3299 caeditur
2013 3270 2080 3300 loris
2089 3269 2210 3303 bubulis.
2232 3274 2408 3309 Plaut.Most.

1288 3314 1315 3338 4.
1330 3312 1355 3332 2.
1371 3313 1393 3332 1.
1433 3303 1476 3334 ΠΗ
1488 3305 1610 3336 bucaedae
1618 3314 1701 3336 erunt
1710 3308 1815 3344 potius,
1827 3317 1909 3344 quam
1918 3317 1969 3345 ego
1980 3308 2028 3337 sim
2040 3309 2129 3338 restio.

1249 3339 1296 3370 Βῦ
1306 3344 1347 3370 ci
1359 3351 1405 3370 vru
1415 3352 1435 3370 M
1449 3364 1457 3377 ,
1479 3343 1495 3372 i.
1519 3353 1547 3373 n.
1573 3344 1617 3374 vel
1633 3345 1671 3381 pl.
1694 3344 1715 3373 B
1727 3354 1855 3373 uciiTA.
1876 3345 1966 3374 Boum
1980 3346 2088 3384 pascua.
2111 3347 2182 3378 Gen.
2196 3360 2206 3379 1
2217 3359 2238 3380 r.
2258 3360 2280 3381 1.
2304 3353 2410 3384 Buceta

1287 3379 1316 3408 in
1327 3389 1360 3408 ea
1369 3387 1439 3408 terra
1451 3381 1545 3418 gigni,
1567 3382 1695 3419 pascique
1708 3382 1786 3411 solita
1799 3382 1862 3411 sunt
1870 3382 1996 3420 plurima.
2036 3384 2067 3414 V.
2089 3385 2212 3418 Gronov.
2235 3389 2360 3427 Quidam
2370 3392 2411 3422 le-

1287 3424 1358 3454 gunt
1371 3417 1484 3448 Bueera.
1507 3419 1608 3449 Lucan.
1623 3430 1648 3453 9.
1666 3426 1726 3454 185-

1529 3457 1614 3486 calidi
1623 3457 1719 3486 lucent
1729 3457 1829 3486 buceta
1838 3456 1948 3487 Matini.
2044 3459 2084 3489 Ita
2095 3460 2158 3491 Mis.
2173 3468 2227 3494 tres
2237 3464 2338 3497 Bersm.
2361 3468 2408 3497 sed

1286 3492 1322 3522 al.
1342 3492 1388 3522 hic
1399 3492 1451 3531 leg.
1464 3493 1578 3524 Buxeta.
1599 3496 1695 3535 Sidon.
1710 3505 1735 3524 2.
1750 3495 1831 3532 Epist.
1844 3505 1870 3524 2.
1893 3495 2118 3529 Tintinn-abulati
2127 3510 2224 3540 greges
2234 3513 2285 3541 per
2295 3505 2408 3544 depasta

1287 3530 1386 3560 buceta
1396 3533 1552 3562 reboantes.
1576 3532 1623 3561 ubi
1637 3536 1766 3562 Savaron.
1791 3532 1819 3561 V.

1247 3565 1269 3597 B
1277 3578 1295 3597 υ
1305 3579 1322 3597 c
1332 3580 1341 3597 1
1352 3579 1369 3597 'r
1379 3580 1398 3598 A
1411 3591 1419 3605 ,
1441 3580 1529 3599 orum.
1552 3570 1649 3599 Pascua
1657 3570 1704 3599 ubi
1713 3571 1797 3599 boves
1805 3570 1922 3600 cientur.
1947 3571 2038 3602 [fidos.
2051 3573 2134 3605 Gloff.

1247 3605 1268 3636 Β
1277 3609 1345 3636 fies)
1356 3608 1416 3636 210
1427 3618 1465 3638 us
1474 3630 1482 3642 ,
1506 3605 1691 3643 [βαωφιιικρς]
1715 3609 1774 3641 Adi.
1797 3615 1827 3652 ut
1840 3630 1848 3643 ‚
1871 3609 1989 3639 Carmen
2004 3611 2165 3643 bucolicum
2178 3636 2187 3650 ,
2207 3615 2316 3647 dictum
2332 3628 2348 3647 a
2358 3628 2406 3648 cu-

1284 3644 1371 3674 stodia
1383 3645 1485 3679 boum,
1506 3646 1536 3674 id
1546 3645 1586 3674 est
1605 3642 1649 3670 &mi
1669 3646 1713 3671 πᾶν
1733 3649 1862 3676 βονκελων.
1884 3649 2024 3685 praecipua
2036 3651 2112 3680 enim
2120 3651 2183 3681 sunt
2190 3654 2319 3684 animalia
2329 3657 2406 3693 apud

1282 3683 1397 3711 rusticos
1410 3685 1502 3711 boves.
1526 3683 1642 3712 Servius.
1664 3682 1738 3711 conf.
1760 3682 1853 3726 isidor.
1868 3694 1892 3728 .¹·
1911 3689 1953 3720 38.
1981 3688 2006 3716 ὃς
2025 3687 2093 3717 Voss.
2111 3699 2134 3725 3.
2148 3690 2222 3720 Poet.
2239 3692 2301 3722 lnst.
2318 3704 2346 3731 p.
2359 3701 2404 3730 78.

1283 3720 1390 3750 Caesura
1405 3720 1534 3749 Bucolica
1544 3726 1657 3749 vocatur
1667 3742 1675 3755 ,
1699 3720 1769 3757 Quae
1781 3731 1811 3750 in
1827 3729 1954 3760 quintam
1965 3726 2111 3762 regionem
2130 3728 2161 3757 in
2176 3731 2298 3760 carmine
2313 3732 2406 3762 Hexa-

1302 3767 1390 3787 metro
1400 3759 1507 3786 incidit.

1281 3795 1388 3825 Milites
1399 3795 1519 3824 bucolici
1531 3804 1580 3832 pro
1594 3794 1710 3824 Rusticis
1721 3796 1795 3833 apud
1806 3795 1925 3835 Capitol.
1948 3799 1977 3828 in
1993 3799 2033 3829 M.
2048 3802 2191 3834 Antonino
2204 3804 2269 3835 Pho.
2290 3817 2317 3844 p.
2340 3817 2401 3844 ¹57-

1299 3833 1334 3862 H.
1352 3833 1391 3862 St.
1437 3832 1501 3868 [En
1520 3832 1631 3867 locum,
1648 3842 1672 3862 c.
1692 3843 1753 3877 21.1
1778 3834 1849 3864 Cum
1865 3846 1915 3878 per
1931 3836 2082 3876 [Egyptum
2097 3841 2221 3873 Bucolici
2232 3845 2335 3874 milites
2346 3855 2404 3882 gra-

1298 3872 1343 3899 via
1353 3869 1439 3898 rnulta
1450 3869 1575 3899 fecissent
1586 3892 1593 3905 ,
1615 3880 1664 3908 per
1674 3871 1804 3901 Avidium
1816 3874 1934 3903 Caiiium
1945 3876 2026 3905 retuli
2039 3876 2109 3908 sunt.
2150 3881 2309 3919 Eademque
2321 3883 2403 3912 verba

1297 3909 1325 3937 in
1335 3908 1391 3937 vita
1403 3907 1484 3936 Caffii
1497 3907 1574 3937 Vulc.
1587 3909 1709 3944 austore,
1726 3919 1748 3938 c.
1763 3914 1788 3939 6.
1801 3909 1938 3948 leguntur.
1957 3913 2037 3943 Unde
2053 3915 2116 3946 satis
2129 3926 2246 3955 apparet
2257 3921 2285 3948 id
2298 3929 2402 3949 nomen

1296 3946 1440 3983 proprium
1461 3945 1590 3975 factionis
1602 3968 1610 3980 ,
1637 3946 1682 3975 seu
1698 3957 1795 3977 manus
1808 3950 1973 3985 praedonum
1987 3952 2066 3983 fuilse
2077 3975 2086 3990 ,
2117 3957 2193 3993 quod
2206 3966 2240 3987 ex
2251 3957 2314 3988 loco
2324 3980 2331 3992 ‚
2353 3958 2403 3987 ubi

1297 3982 1480 4014 consederant
1490 3985 1609 4014 nactum
1623 3984 1720 4015 docuit
1732 3986 1846 4016 Casaub.
1868 3997 1892 4025 q.
1909 3988 1938 4018 V.
2319 4031 2352 4063 Μ

2354 4034 2403 4065 odi

1753 4023 1847 4054 Zzz
