2600 4177
440 50 467 87 A
561 50 598 85 N
696 48 731 84 N

55 133 192 170 Ani-rotare
207 136 292 165 etiam
306 135 422 167 dicitur,
443 132 489 168 qui
501 132 641 160 memoriae
660 130 737 173 caiisa
751 130 855 167 aliquid
867 131 947 162 refert
957 134 985 162 in
1002 139 1173 163 commenta-

73 178 144 205 rium
156 174 241 203 suum.
265 171 401 202 Coluniel.
415 170 462 198 lib.
476 179 516 198 12.
535 179 596 204 cap.
613 177 638 203 3.
657 169 828 197 Seirctunde
840 171 932 203 daret.
954 175 979 200 ot·
997 171 1173 204 meininiii'et,

74 217 325 247 atqiieannotaret,
349 208 430 244 quid.
452 207 618 243 Ecquando,
641 206 858 236 &cuidediffet
882 208 1001 244 Quintil.
1023 209 1071 237 lib.
1088 220 1110 238 i.
1135 208 1176 237 De

63 250 173 282 *auibus
185 249 213 277 in
224 245 427 283 orthographia
444 253 531 280 pauca
547 242 696 271 annotabo.

57 289 195 318 Annotare
213 285 342 314 dicuntur
355 282 499 318 scriptores
512 302 520 314 ,
548 288 634 316 quum
653 279 758 315 aliquid
784 283 924 311 memoriae
945 283 1077 319 produnt.
1106 281 1174 310 Plin.

76 324 123 353 lib.
139 334 164 359 7.
176 333 235 359 cap.
250 327 294 355 48.
334 320 397 355 Qua
412 320 478 347 inre
500 317 606 347 &illud
620 324 752 346 annotare
768 317 910 349 succurrit.
947 320 1062 357 Legere,
1091 319 1178 348 adno-

6 380 7 383 =
60 364 131 390 'tare
144 382 151 394 ‚
177 367 324 395 excerpere
343 356 447 391 aliquid
457 365 491 384 ex
500 355 580 384 libro.
604 354 672 383 Plin.
688 354 771 392 Epist.
787 365 810 391 5.
824 356 871 385 lib.
886 366 909 393 3.

6 426 8 429 .
58 401 194 429 Annotare
208 395 314 431 aliquid
331 393 439 422 curfim.
489 392 518 421 V.
541 402 584 422 cu
595 401 672 420 Rao.

57 439 224 467 Annotatum
239 432 283 461 est.
324 431 390 460 Plin.
408 430 456 459 lib.
475 439 499 459 2.
510 440 570 467 cap.
586 439 629 463 25.
662 429 849 459 Breviffimum
864 440 919 466 quo
931 436 1110 460 cernerentur
1121 429 1180 467 spa-

26 489 28 491 ·
79 474 164 503 tium.
185 470 289 508 septem
313 469 422 497 dierum
443 474 606 496 annotatum
626 466 672 496 est.
694 476 744 504 pro
757 489 764 500 ‚
786 467 965 497 Observatum
983 469 1020 498 est
1038 478 1071 497 ac
1082 468 1182 505 depre-

78 509 192 539 hensum
208 529 216 542 ,
237 514 283 536 aut
303 517 317 534 a
331 504 509 544 scriptoribus
518 504 659 533 memoria:
674 504 825 541 proditum.
867 505 989 543 Utroque
1006 507 1082 536 enim
1095 505 1181 534 modo

77 546 192 576 verbum
214 545 357 581 accipitur.
398 542 525 571 Sicidem
539 542 586 570 lib.
599 547 643 573 28.
657 551 718 580 cap.
732 552 757 571 2.

59 583 197 616 Annotari.
220 582 286 611 Plin.
299 581 346 610 lib.
362 590 385 616 3.
398 590 457 617 cap.
476 591 499 614 ς.
522 580 588 609 Haec
601 579 692 608 littora
706 578 830 608 fontibus
841 579 937 609 calidis
948 582 1086 618 rigantur:
1115 589 1184 617 pra:-

77 628 172 658 terque
191 626 288 649 caetera
301 620 329 648 in
347 624 407 647 toto
425 619 491 646 inari
504 617 653 655 conchylio
672 618 698 647 Sc
715 616 789 654 pisce
799 617 887 646 nobili
906 625 1090 648 annotantur:
1111 619 1130 646 i.
1156 627 1181 646 e.

77 657 220 689 Notabilia
228 657 291 685 sunt
301 678 309 690 ,
330 655 373 684 vel
384 655 508 692 insignia.

62 698 197 728 Annotare
207 716 215 729 ‚
235 704 285 732 pro
298 694 463 723 Decernere.
485 693 559 722 Suet.
572 693 601 721 in
614 691 702 729 Calig.
712 700 757 728 27.
780 691 875 727 Quum
886 693 920 721 ad
932 691 1050 730 saginam
1063 693 1183 721 ferarum

80 733 187 763 muneri
198 737 409 770 praeparatarum
427 731 516 760 carius
526 730 650 769 pecudes
662 736 889 768 compararentur
899 752 908 766 ‚
929 740 963 759 ex
975 731 1066 759 noxiis
1078 730 1185 759 lanian-

80 772 130 801 dos
140 770 288 799 annotavit.
329 769 455 798 Budaeus.

17 823 19 825 ¹
62 808 260 841 Annotarireus
272 807 382 841 dicitur,
396 807 443 843 qui
454 805 550 835 absens
562 805 592 833 in
605 813 665 834 reos
674 802 798 833 refertur.
831 804 904 834 Nam
915 805 943 834 in
952 805 1121 841 gravioribus
1134 804 1186 833 cria

0 858 7 881 ι
80 845 202 877 minibus
214 867 222 880 ,
253 845 444 881 Magistratus,
466 844 513 880 qui
528 842 669 872 absentem
682 842 712 869 in
728 851 789 871 reos
811 843 981 879 recipiebat,
1014 844 1104 872 edicta
1124 852 1188 879 pro-

0 897 7 925 ς
80 883 222 923 ponebat,
253 883 353 920 quibus
369 881 409 911 illi
434 880 616 910 denuntiabat
637 880 712 913 fore,
733 887 765 908 ut
786 879 835 909 nisi
855 881 925 910 intra
943 891 1048 910 annum
1065 880 1184 914 adesset,

0 930 6 954 i
80 922 140 958 ‘ejus
167 920 240 964 bona
256 920 483 959 publicarentur,
512 918 554 947 uti
573 918 728 948 Martianus
746 918 830 947 docet
848 917 867 947 l.
892 928 914 948 1.
939 921 965 948 ὁὶ
987 928 1012 948 2.
1035 919 1068 948 D.
1092 918 1127 947 de
1147 927 1188 947 re-

102 969 151 988 uir.
173 967 236 988 reis.

0 972 17 1035 i*
62 969 200 1029 Asinotare
211 1003 320 1033 quoque
340 994 378 1023 est
388 1016 396 1028 ,
419 1003 504 1031 quum
516 992 616 1030 praeses
627 997 706 1022 notat
717 1002 770 1029 qua
781 1002 919 1030 quemque
931 1003 1016 1031 poena
1027 993 1189 1023 damnatum

0 1048 15 1067 ιῚ
82 1034 190 1064 censeat
207 1034 323 1070 dignum
334 1055 341 1067 ,
365 1032 457 1068 idque*
468 1032 503 1060 ad
514 1031 711 1069 Imperatorem
725 1030 856 1060 rescribit.
881 1031 899 1060 l.
916 1042 937 1060 i.
962 1032 993 1061 Ι).
1013 1032 1124 1068 quando
1142 1041 1190 1068 apa

0 1086 8 1113 ρ
38 1108 41 1109 .
84 1071 149 1111 pell.
171 1073 197 1101 &
211 1070 229 1100 l.
247 1073 272 1099 6.
295 1071 316 1107 §.
330 1069 465 1108 praesides.
487 1069 522 1098 D.
536 1068 720 1098 deinterdict.
742 1069 768 1098 ἃ
780 1068 889 1105 relegat.
906 1069 1091 1099 Hotomanus.

8 1114 19 1138 ὼ
59 1119 132 1141 NNo
144 1117 262 1138 rATus
272 1130 281 1144 ,
311 1118 327 1137 a
337 1129 346 1143 ,
379 1117 436 1137 um.
458 1106 528 1137 Plin.
557 1117 584 1135 2.
606 1116 652 1142 25.
681 1106 810 1144 Spatium
835 1104 941 1145 septem
968 1107 1077 1137 dierum
1104 1115 1192 1136 anno-

7 1175 19 1178 ..
67 1154 161 1179 tatum.

7 1179 18 1214 -J
67 1187 222 1217 Annotatus
240 1183 366 1214 censibus
380 1204 388 1216 ‚
409 1183 485 1212 idem
501 1182 577 1219 quod
594 1181 787 1220 AscriptitiuS,
811 1181 941 1212 Censibus
949 1182 1109 1221 adscriptus.
1130 1180 1189 1210 inl.

0 1224 17 1259 ιζ]
84 1217 112 1253 'Si
122 1223 192 1260 quis.
214 1222 269 1251 &L
291 1221 433 1258 Quisquis.
455 1219 485 1249 C.
499 1218 627 1258 deepisc.
652 1219 782 1249 &el-ene.

2 1259 19 1304 ip
34 1262 160 1293 ANNor
171 1268 262 1288 Ario
273 1281 281 1294 ,
301 1260 372 1289 finis.
394 1258 412 1288 f.
435 1258 474 1287 est
492 1258 572 1286 Notae
589 1257 624 1286 ad
643 1256 765 1294 aliquam
777 1266 835 1287 rem
849 1257 970 1294 adjedtio
986 1280 994 1293 ‚
1018 1257 1190 1288 Observatio.

0 1300 21 1332 ki
65 1298 272 1329 'Annotationes
285 1297 381 1326 facere.
404 1295 473 1325 Gell.
485 1295 560 1325 Praef.

0 1341 18 1370 fl
69 1336 294 1367 Annotatioitem
304 1334 359 1369 est,
381 1333 504 1364 Absentis
515 1334 544 1362 in
553 1342 614 1362 reos
624 1332 728 1361 relatio.
751 1332 855 1361 Macer.
866 1332 920 1362 inl.
937 1343 963 1369 4.
986 1333 1020 1362 D.
1042 1333 1077 1362 de
1090 1333 1191 1370 requir.

0 1385 16 1411 η
90 1374 152 1403 reis.
175 1373 284 1402 Dicitur
295 1373 379 1401 etiam
399 1371 532 1408 Principis
546 1370 708 1408 rescriptum
719 1369 765 1399 sua
774 1379 858 1399 manu
875 1370 1061 1400 subnotatum.
1080 1371 1098 1400 l.
1117 1370 1196 1407 jube-

88 1416 159 1441 mus.
185 1420 228 1439 10.
242 1410 273 1439 C.
296 1410 331 1439 de
348 1408 442 1439 sacros.
454 1408 549 1438 eccles.
561 1408 675 1438 Hotom.

0 1419 21 1484 ξζ
36 1449 85 1482 AN
94 1459 140 1478 No
149 1458 223 1477 TAT
232 1459 241 1476 1
252 1458 270 1477 u
279 1458 298 1476 N
308 1458 349 1477 cu
361 1459 377 1475 L
386 1457 414 1475 A.
438 1445 507 1476 Gell.
522 1446 569 1475 lib.
604 1455 646 1483 17.
668 1451 737 1474 extr.
770 1445 867 1482 Quum
877 1445 960 1475 finem
972 1446 1194 1484 proposuerimus

0 1487 21 1524 ἃ
44 1519 50 1525 ,
73 1485 309 1518 annotatiunculis
319 1485 374 1515 istis
388 1484 493 1514 bellum
503 1484 529 1513 P.
544 1484 706 1513 secundum.

0 1524 21 1568 b}
38 1526 60 1557 A
69 1535 116 1556 NN
125 1535 142 1554 o
151 1528 195 1554 ΤΚ
204 1534 224 1553 τ
234 1534 251 1553 o
261 1534 277 1552 R
289 1542 297 1558 i
319 1523 382 1553 oris.
405 1533 441 1551 m.
463 1524 477 1558 [
496 1523 654 1553 {monuwa-³¹¹³
670 1522 684 1556 ]
705 1521 762 1557 Qui
772 1520 876 1559 aliquid
888 1528 1009 1551 annotat.
1033 1521 1099 1551 Plin.
1111 1522 1140 1551 in
1149 1521 1198 1550 Pa-

0 1569 21 1596 Ιε
73 1572 202 1601 neg-cap.
214 1572 259 1598 49.
287 1562 351 1591 Non
363 1561 439 1590 enirn
448 1566 511 1589 ante
524 1560 649 1589 medium
661 1560 736 1588 diem
746 1559 879 1589 distentus
892 1582 899 1594 ,
920 1559 1037 1589 solitaria
1045 1569 1126 1589 coena
1138 1558 1197 1597 spe-

19 1624 21 1627 .
74 1602 160 1630 §tator
178 1605 380 1635 annotatorque
394 1599 519 1627 convivis
536 1598 591 1627 tuis
601 1597 752 1626 immines?
773 1597 800 1626 h.
818 1607 841 1626 e.
865 1597 1031 1627 Observator
1049 1620 1057 1633 ‚
1079 1604 1109 1627 ut
1121 1598 1197 1627 vide-

73 1638 139 1668 licet
149 1644 228 1668 notes
239 1660 247 1674 ,
267 1639 293 1668 ὀὶ
302 1637 427 1666 observes
458 1643 574 1664 uantum
596 1636 711 1672 quisque
722 1642 770 1663 aut
780 1634 844 1664 edat
853 1658 860 1670 ‚
882 1644 929 1665 aut
938 1635 1023 1664 bibat.

38 1677 290 1711 ANNOTArus,
312 1678 352 1705 us.
374 1685 411 1704 m.
436 1646 492 1703 Val.
504 1673 579 1703 Max.
597 1683 621 1707 9.
639 1682 680 1702 12.
693 1678 749 1701 ext.
767 1683 789 1701 1.
811 1673 918 1703 Mortes
929 1674 1020 1711 dignae
1033 1678 1176 1702 annotatu-

39 1716 61 1746 A
69 1717 87 1744 N
99 1716 116 1744 N
128 1724 145 1744 0
154 1724 174 1743 T
182 1724 201 1743 A
210 1725 231 1743 M
241 1722 282 1743 i.=.N
294 1723 312 1743 r
322 1723 339 1742 u
349 1724 370 1743 M
381 1735 389 1748 ,
412 1712 487 1742 [dem
497 1711 572 1749 quod
586 1711 743 1740 Annotatio.
767 1710 838 1740 Gell.
855 1720 909 1748 1.7.
933 1711 1064 1741 Veterum
1076 1710 1196 1741 locutio-

79 1762 146 1782 num
158 1752 269 1790 copiam
281 1752 324 1781 his
335 1750 540 1780 annotamentis
550 1749 733 1787 inspersimus.

0 1788 21 1823 ii.
41 1790 266 1821 ANNUAT1M.
305 1789 335 1819 V.
359 1797 492 1818 ANNUS.

0 1825 15 1868 A,
39 1828 90 1858 ΛΝ
104 1830 150 1857 Nn
160 1839 176 1857 ι,
186 1837 226 1857 us
236 1849 244 1862 ‚
266 1827 284 1857 i,
305 1837 342 1856 m,
378 1828 392 1862 [
407 1822 545 1855 dumam&
560 1826 576 1861 3
595 1825 677 1854 Notae
690 1823 903 1861 significationis.
924 1823 982 1853 Cic.
997 1834 1021 1860 ς.
1044 1823 1119 1854 Verr.
1136 1828 1199 1859 185.

6 1868 15 1895 :3
50 1895 54 1897 ,
77 1866 157 1903 Saepe
167 1865 243 1895 enim
254 1865 336 1894 nostri
346 1865 536 1903 imperatores,
547 1862 678 1901 superatis
686 1861 817 1898 hostibus,
834 1863 940 1902 optime
953 1861 1107 1900 Republica
1117 1862 1200 1899 gesta,

78 1903 178 1933 scribas
187 1903 250 1933 suos
262 1903 370 1932 annulis
380 1902 468 1932 aureis
479 1902 508 1930 in
520 1902 658 1931 concione
667 1901 813 1930 donarunt.
835 1900 959 1931 Annulus
976 1909 1086 1936 aureus,
1097 1899 1202 1938 insigne

77 1949 135 1971 erat
143 1941 272 1978 equestris
288 1941 401 1970 ordinis.
427 1940 493 1970 Hor.
511 1949 537 1969 2.
560 1939 645 1968 Serin.
657 1948 682 1974 7.
702 1948 744 1972 5³-

238 1995 276 2000 -—
298 1978 428 2014 Projeetis
447 1977 615 2016 insignibus,
636 1975 741 2006 annulo
763 1976 899 2013 equestri,

89 2050 92 2052 ,
159 2016 345 2054 Romanoque
362 2016 468 2045 habitu.
483 2018 500 2034 f

81 2053 204 2085 Annulus
217 2054 385 2092 signatorius.
406 2053 494 2083 Vaier.
506 2052 554 2082 lib.
568 2057 591 2084 8.
602 2061 662 2090 cap.
677 2062 720 2088 14.
738 2062 764 2088 4.
788 2052 824 2081 de
839 2050 869 2081 L.
878 2049 953 2090 Sylla

81 2093 248 2122 Convertere
258 2091 352 2121 annuli
364 2091 455 2129 palam
463 2091 497 2120 ad
507 2091 637 2129 palmam.
656 2090 714 2120 Cic.
732 2099 755 2127 3.
767 2089 824 2120 Off.
837 2096 880 2126 38.
922 2090 952 2118 V.
974 2099 990 2118 P
999 2099 1018 2119 A
1027 2097 1045 2118 t.
1054 2099 1083 2120 Α.

81 2130 230 2160 Detrahere
244 2130 378 2159 annulum
392 2131 418 2159 <ic
425 2129 563 2165 Induere,
584 2130 728 2158 contraria.
752 2128 809 2158 Cic.
827 2138 851 2165 3.
871 2127 928 2158 Off.
948 2133 992 2164 38.

82 2166 179 2206 Fulget
190 2167 309 2197 annulus
322 2168 428 2205 ingens.
449 2167 547 2202 Juven.
570 2175 596 2203 7.
617 2166 673 2196 Sat.
692 2176 753 2202 ¹40·

166 2237 169 2240 ,
237 2221 276 2227 -
294 2206 422 2235 Ciceroni
441 2215 526 2234 nemo
544 2205 681 2234 ducentos

83 2276 89 2279 .
162 2244 247 2274 Nunc
259 2244 368 2273 dederit
378 2252 508 2272 nummos
518 2265 525 2277 ,
547 2242 597 2272 nisi
613 2242 716 2272 fulserit
730 2241 849 2272 annulus
863 2241 971 2279 ingens.

83 2281 244 2320 Imprimere
263 2281 367 2311 annulo
386 2280 480 2318 sigilla.
503 2281 560 2310 Cic.
575 2292 601 2316 4.
624 2280 705 2310 Acad.
720 2286 764 2315 85.

82 2320 203 2351 Induere
219 2319 313 2357 digitis
325 2318 468 2349 annulum.
502 2318 572 2348 Plin.
585 2318 634 2347 lib.
646 2327 689 2355 33.
710 2328 770 2356 cap.
789 2328 812 2347 1.
1011 2351 1014 2354 ,

83 2357 186 2388 Annuli
196 2358 278 2387 etiam
290 2357 352 2387 sunt
361 2356 477 2394 Crispati
491 2357 519 2386 in
530 2356 626 2386 orbern
647 2357 746 2386 crines.
769 2355 890 2385 MartIal.
906 2354 954 2384 lib.
965 2364 990 2384 2.
1005 2356 1050 2384 66.
1087 2353 1207 2384 Sumun-

102 2401 147 2425 tur
157 2397 183 2425 δι
193 2405 242 2433 pro
255 2395 377 2424 Vinculis
386 2395 439 2424 sive
451 2394 650 2432 Compedibus.
673 2394 751 2424 Idem
761 2393 810 2423 lib.
825 2403 848 2429 3.
861 2403 905 2430 29.
929 2393 962 2423 Et
978 2393 996 2422 l.
1013 2402 1023 2421 1
1032 2403 1054 2421 1.
1073 2398 1114 2429 38.
1130 2391 1204 2422 cons.

103 2432 193 2463 Colvii
206 2433 271 2463 Not.
286 2434 315 2463 iri
324 2433 404 2471 Apul.
421 2443 450 2471 p.
468 2432 701 2470 130.&Kirchm.
724 2431 898 2467 deAnnuiis,
917 2441 940 2461 c.
955 2441 978 2461 1.
995 2432 1021 2461 δι
1032 2430 1125 2461 Pitisci
1138 2430 1205 2460 Lex.

104 2481 135 2500 ιη
150 2480 228 2500 voce.

3 2517 13 2540 z*
50 2508 266 2544 ANNELLus‚
287 2508 386 2538 dimin.
408 2510 424 2545 [
443 2504 592 2536 δὶικἹυλίῶον
607 2508 622 2543 ]
642 2508 708 2538 Hor.
721 2518 746 2537 2.
759 2508 843 2537 Serm.
859 2516 884 2544 7.
895 2516 920 2542 9.

517 2560 556 2568 ·—
573 2545 644 2584 saepe
667 2552 779 2575 notatus
1057 2562 1059 2564 -

138 2618 141 2619 .
166 2584 239 2614 Cum
257 2584 345 2614 tribus
362 2583 488 2614 annellis.
572 2584 603 2612 V.
621 2583 744 2613 Lambin.
755 2594 783 2622 p.
796 2592 859 2620 217.
876 2582 933 2612 Cic.
944 2592 968 2617 ς.
979 2581 1014 2611 de
1024 2580 1083 2611 Fin.
1099 2590 1123 2618 3.
1145 2581 1211 2619 Epi-

0 2632 10 2659 )
87 2621 147 2662 curi
159 2622 309 2659 imaginem
318 2632 376 2652 non
386 2623 472 2652 modo
482 2623 512 2651 in
523 2618 623 2651 tabulis
632 2622 714 2651 nostri
724 2621 881 2655 familiares,
891 2620 938 2649 sed
951 2620 1035 2649 etiarn
1045 2620 1074 2648 in
1087 2620 1207 2658 poculis,

0 2661 10 2691 ἢ
38 2676 40 2678 ·
89 2661 156 2691 &in
171 2653 290 2690 annellis
309 2660 422 2690 habent.
475 2660 521 2690 Sic
539 2659 607 2698 legit
627 2660 756 2691 Nonius:
777 2668 854 2688 nunc
865 2657 981 2688 Annulis
997 2658 1105 2695 legitur.
1148 2657 1208 2686 Vid.

0 2697 10 2729 l
88 2698 222 2729 Laurenb.
238 2698 327 2736 Antiq.
351 2709 379 2736 p.
392 2704 437 2733 28.

0 2753 9 2764 .
53 2736 305 2768 ANNULARIUS
318 2758 325 2769 ,
356 2736 374 2766 i.
398 2745 435 2765 m.
460 2730 702 2772 [Qz7vmosaiip&a
716 2736 733 2771 ]
760 2733 932 2764 Annulorum
952 2733 1060 2764 artifex.
1104 2732 1162 2763 Cic.
1181 2743 1208 2768 4.

89 2774 171 2806 Acad.
183 2779 228 2809 85-
251 2774 290 2803 An
305 2774 355 2803 tibi
364 2775 415 2804 erit
424 2774 587 2811 quaerendus
596 2773 754 2803 annularius
765 2772 874 2810 aliquis,
894 2772 1027 2810 quoniam
1036 2769 1211 2809 gallinarium

92 2812 220 2842 invenisti
230 2811 376 2842 Deliacum
387 2811 467 2841 illum
481 2812 529 2848 qui
547 2821 598 2841 ova
609 2811 810 2848 cognosceret?

54 2848 253 2880 ANNuLAiu
264 2859 301 2878 us
314 2872 321 2885 ‚
343 2860 359 2879 a
370 2873 378 2885 ,
398 2860 455 2880 um.
478 2849 538 2884 Adj.
578 2857 608 2878 ut
623 2871 631 2883 ,
653 2848 805 2878 Annulariae
814 2846 891 2877 scaiae
903 2868 911 2883 ,
932 2847 1006 2885 apud
1018 2847 1093 2877 Suet.
1101 2846 1130 2875 iri
1143 2847 1209 2883 Aug.

90 2897 151 2926 cap.
162 2897 207 2920 72.
230 2886 321 2917 Scalas
333 2887 488 2917 annularias
498 2887 554 2916 dici
563 2886 713 2926 suspicatur
724 2885 873 2916 Beroaldus
884 2907 892 2920 ‚
914 2885 1010 2922 quaein
1023 2884 1146 2914 cochleae
1158 2885 1214 2914 for-

92 2935 166 2955 mam
178 2926 337 2963 figurantur,
360 2925 547 2956 &orbiculata
564 2925 649 2963 figura
660 2925 741 2954 instar
757 2923 923 2953 annulorum
937 2923 1129 2952 rotundantur.

0 2970 7 2999 ι’,
52 2958 104 2994 ,ΑΝ
116 2973 137 2993 N
147 2974 165 2992 υ
175 2975 191 2993 1.
202 2967 219 2993 K
228 2972 248 2991 τ
259 2972 277 2990 υ
286 2973 315 2998 S,
336 2973 367 2999 a,
387 2973 444 2993 um.
468 2965 483 2999 [
497 2959 656 2991 δὴκἹυλιωτὶς
669 2964 684 2998 ]
705 2964 723 2992 i.
741 2972 765 2991 e.
788 2961 904 2991 Annulis
912 2967 1032 2990 ornatus.
1044 2959 1210 2989 Plaut.Poen.

94 3012 118 3037 5.
129 3011 154 3030 2.
169 3005 214 3030 21.
243 3000 318 3038 Quia
332 3000 468 3031 incedunt
484 3010 549 3030 cum
559 3000 696 3031 annulatis
709 3000 831 3030 auribus.
865 2999 906 3028 De
916 3000 949 3028 iis
960 2998 1082 3036 loquitur
1094 3019 1103 3034 ,
1124 2998 1214 3034 quiin

93 3039 237 3077 perforatis
246 3039 374 3068 auriculis
383 3038 503 3069 annulos
510 3038 623 3076 gestant.
663 3038 696 3068 V.
719 3049 728 3067 1
739 3048 759 3067 N
767 3048 787 3066 A
797 3047 813 3066 u
822 3047 839 3066 R
850 3048 859 3065 i
869 3046 890 3066 s.

0 3084 9 3115 ς,
57 3072 271 3106 ΔΝΝυιᾸΒῙε
284 3099 292 3112 ,
312 3086 336 3106 e.
361 3078 376 3113 [
390 3073 552 3108 δὶιέῑυλιοιηὲς
567 3077 582 3112 ]
603 3083 644 3112 ut,
664 3076 808 3106 Annularis
820 3075 932 3112 digitus.
954 3073 1056 3103 Celti.
1072 3084 1113 3103 10.
1127 3083 1151 3103 c.
1169 3083 1212 3102 10.

95 3114 220 3181 ffilacrob.
236 3123 262 3150 7.
282 3123 323 3150 13.
355 3112 495 3144 Annulare
505 3113 606 3144 coloris
621 3124 709 3153 genus
727 3113 878 3143 candidum
892 3122 926 3141 ex
936 3111 1017 3142 Creta
1027 3133 1036 3147 ‚
1055 3113 1107 3142 ἃς.
1145 3111 1215 3141 Vide

50 3184 54 3186 ,
126 3153 163 3181 in.
177 3161 221 3188 35.
236 3155 261 3181 6.
283 3155 352 3182 ex'tr.
601 3174 604 3179 .

57 3189 106 3221 ΔΝ
115 3200 135 3219 N
144 3200 190 3219 υΜ
198 3191 214 3219 ἔ
223 3200 240 3218 R
248 3200 265 3219 o
276 3212 284 3225 ,
306 3192 321 3227 [
337 3190 512 3226 ωσκᾶιθμέω
528 3190 543 3225 ]
563 3193 618 3219 are.
647 3189 759 3227 Proprie
770 3188 903 3226 fignificat
916 3187 1041 3217 Numero
1049 3186 1154 3224 aliquid
1168 3186 1216 3216 ad-

96 3228 179 3263 dere,
199 3227 244 3257 vel
260 3228 300 3257 Ad
315 3237 462 3258 numerum
475 3228 634 3265 adjungere.
664 3227 722 3257 cic.
732 3237 758 3257 2.
773 3228 808 3256 de
824 3227 916 3256 Divin.
930 3234 954 3261 3.
992 3226 1080 3263 Atque
1087 3224 1130 3254 his
1138 3224 1216 3254 libris

94 3265 295 3295 annumerandi
308 3265 371 3295 sunt
385 3265 431 3296 sex
442 3265 478 3294 de
487 3265 596 3303 Repub.
618 3265 702 3295 Ovid.
715 3276 740 3301 4.
760 3265 796 3295 de
806 3264 887 3294 Pont.
903 3267 944 3293 16.
956 3273 983 3299 4.

448 3320 486 3324 —
505 3305 532 3333 St
551 3303 621 3332 mihi
640 3313 746 3333 nomen

104 3374 107 3375 .
174 3340 257 3370 Tunc
279 3350 388 3378 quoque
399 3363 408 3377 ,
429 3351 516 3378 quum
527 3341 596 3371 vivis
604 3350 799 3370 annumeraret
808 3361 817 3375 ,
839 3345 905 3369 erat.
954 3339 971 3367 i.
994 3347 1019 3368 e.
1040 3336 1214 3369 Nominarer.

96 3378 283 3408 Annumerare
293 3401 300 3413 ,
326 3379 465 3408 interdum
478 3379 611 3416 significat
621 3379 696 3408 idem
706 3378 782 3416 quod
798 3377 913 3416 simplex
924 3376 1085 3406 Numerare.
1119 3375 1177 3406 Cic.
1191 3386 1214 3406 1.

117 3416 152 3446 de
166 3417 228 3446 Nat.
240 3416 323 3445 Deor.
332 3426 356 3446 2.
381 3417 418 3446 Ut
436 3427 534 3447 eorum
549 3416 695 3446 molestum
703 3416 736 3446 fit
749 3424 930 3445 annumerare
947 3414 1103 3444 sententias.

99 3453 266 3492 computare
276 3456 302 3483 Sc
316 3462 496 3484 annumerare
510 3455 611 3484 literas.
651 3454 680 3485 V.
704 3464 789 3484 Li'riz
798 3463 852 3482 aa.

99 3490 186 3521 Verba
198 3491 302 3521 lectori.
325 3492 383 3521 Cic.
399 3493 434 3521 de
447 3492 515 3530 Opt.
529 3493 598 3522 Gen.
612 3493 688 3522 Orat.
710 3503 752 3527 14.

98 3529 294 3565 Annumerare,
310 3530 417 3559 dietum
428 3530 463 3560 de
472 3531 601 3568 pecunia.
627 3530 712 3560 Plaut.
731 3529 817 3560 Merc.
833 3527 903 3557 Prol.
917 3532 962 3561 88.
979 3525 1133 3556 Talentum
1146 3525 1217 3556 rnihi

118 3567 223 3604 argenti
233 3567 290 3605 ipse
302 3574 465 3598 annumerat
473 3568 520 3598 sua
533 3578 626 3598 manu.
649 3568 708 3598 Cic.
722 3579 745 3604 5.
759 3568 833 3597 Verr.
849 3576 907 3601 195.
934 3565 1031 3601 Quum
1042 3564 1093 3594 tibi
1103 3565 1220 3594 Senatus

118 3614 154 3633 ex
167 3605 260 3634 aerario
280 3606 429 3643 pecuniam
440 3605 619 3644 pronipiiffet,
635 3605 787 3644 &singulos
795 3604 844 3634 tibi
860 3604 990 3633 denarios
1007 3602 1218 3632 annumerasset.

100 3643 279 3671 Annumerari
289 3653 354 3672 cum
364 3643 465 3680 aliquo.
478 3644 568 3673 Cic.in
579 3643 715 3679 Sallust.4.
728 3643 789 3672 Una
799 3652 864 3671 cum
876 3641 929 3670 illis
937 3646 1134 3670 annumeratus
1140 3639 1217 3670 effes.

100 3677 287 3710 Annumerare
305 3681 343 3709 in.
379 3681 436 3710 Cic.
454 3692 505 3720 pro
523 3681 601 3711 Rosc.
623 3683 712 3711 Amer.
726 3687 770 3716 89.
795 3680 897 3709 Verum
913 3689 965 3715 ego
983 3678 1094 3708 forsitan
1107 3685 1221 3716 propter

119 3717 328 3747 multitudinem
336 3720 561 3756 patronoi<um.in
574 3729 655 3756 grege
665 3727 838 3748 annumeret.
868 3717 953 3747 Ovid.
967 3727 990 3752 5.
1004 3715 1083 3747 Trist.
1099 3727 1127 3753 4.
1138 3726 1183 3746 20.

179 3755 214 3784 Se
231 3765 340 3794 quoque
359 3758 388 3786 in
410 3758 546 3795 exemplis
573 3767 754 3786 annumerare
772 3756 849 3785 solet.

66 3790 250 3860 AtliszzMsR
260 3803 354 3823 A‘rus
364 3817 372 3831 ‚
394 3805 426 3831 a,
447 3805 504 3824 uin.
525 3794 651 3825 Macrob.
675 3796 705 3824 iri
724 3796 819 3825 Somn.
840 3793 915 3831 Scip.
940 3802 964 3822 1.
985 3795 1012 3822 6.
1041 3791 1116 3821 Varr.
1137 3800 1163 3821 2.
1186 3789 1222 3820 de

129 3853 135 3859 .
179 3853 186 3859 .
207 3840 232 3859 2.

65 3866 358 3936 AssFgMJ-ss‘rssnssm‘
378 3870 449 3901 onis.
470 3870 489 3901 f.
511 3869 700 3907 Modest.Jct.
714 3870 734 3901 1.
752 3878 795 3907 13.
807 3869 828 3908 §.
841 3878 867 3899 2.
889 3867 925 3897 de
937 3866 1062 3898 Excusat.
1083 3867 1224 3896 Annume-

143 3916 152 3935 1
215 3916 225 3935 1
306 3928 312 3936 ε

1662 59 1690 92 Α
1786 58 1820 92 N

1911 61 1945 94 Ν
2323 77 2390 111 205

1227 136 1454 171 Ammxm-xo,
1489 137 1715 173 faveamf'ye‘moe]
1742 141 1795 167 are.
1818 138 1897 168 Idem
1912 141 1987 177 quod
2010 141 2125 172 Nunt'iO.
2148 144 2205 173 Cic.
2225 155 2247 180 ς.
2275 147 2331 176 Att.
2347 156 2389 177 11.

1266 174 1336 205 (ζωοὶ
1359 175 1426 202 mihi
1448 175 1691 204 annuntiabuntur.
1733 175 1763 204 V.
1791 186 1807 203 o
1820 187 1834 204 ii
1845 187 1863 205 >1
1876 187 1891 205 υ
1905 188 1922 205 N
1938 188 1950 206 r
1962 189 1969 206 i
1980 190 2006 208 o.

1268 212 1438 239 Aiiiiiiiitizire
1461 222 1476 239 e
1496 212 1657 249 longinquo.
1681 212 1748 242 Plin.
1763 213 1810 242 lib.
1825 223 1850 250 7.
1876 224 1935 251 czip.
1951 225 1992 247 52-
2036 217 2067 246 V.
2090 227 2131 245 Lo
2142 227 2233 246 NciN
2244 228 2347 254 ques.

1269 249 1438 288 Aniiuiitiare
1458 248 1662 289 siliiteinalicui
1677 272 1683 281 .
1705 260 1754 287 pro
1782 251 1903 280 Salutem
1919 252 2020 282 dicere.
2054 254 2112 283 Cic.
2134 265 2173 283 12.
2192 256 2243 284 Att.
2259 266 2281 285 1.
2304 257 2389 293 Eique

1289 292 1391 313 interea
1408 290 1419 320 t
1440 293 1471 314 ut
1491 286 1583 314 lcribis
1600 288 1611 314 ὅ
1629 286 1741 316 salutem
1755 289 1943 318 annuntiabis.

1234 320 1313 385 ΑΜΕἼ
1323 332 1437 350 υΝτιΛ
1453 333 1466 350 r
1476 333 1527 388 up,
1550 324 1620 352 (inis.
1642 324 1660 353 f.
1682 326 1741 354 Cic.
1763 325 1798 354 de
1816 325 1881 354 Fato
1903 336 1964 364 cap.
1987 336 2028 356 12.
2055 327 2119 356 Haec
2137 329 2309 358 annuntiatio
2330 339 2392 359 vera

1272 369 1286 385 c
1310 368 1325 385 e
1341 368 1397 386 non
1415 366 1479 395 pote
1506 383 1510 388 .

1233 394 1254 423 A
1266 404 1312 439 N.N
1324 405 1340 422 u
1352 404 1369 422 N
1381 405 1412 423 ci
1425 407 1441 424 A
1454 406 1496 425 ‘ro
1510 406 1523 424 ii
1535 418 1542 430 ,
1566 398 1627 439 oris.
1652 407 1688 427 m.
1711 398 1817 429 Tertul.
1834 400 1896 430 adv.
1906 400 1991 430 Marc.
2004 411 2030 437 4.
2046 410 2071 438 7.
2098 403 2235 437 Auuiistin.
2250 403 2332 432 Tom.
2350 414 2392 434 10.

1273 432 1357 460 Serui.
1383 442 1423 466 14.
1450 433 1485 461 de
1506 434 1618 462 Sancus.
2140 432 2150 439 .

1234 468 1385 540 Αιῖἐιῐυεὲ.
1403 470 1455 535 likin,
1488 471 1599 535 [ἑεόω]
1619 473 1672 501 e‘re.
1694 475 1805 511 proprie
1823 474 1898 504 Nutu
1920 474 1959 510 (i.
1979 485 2002 505 e.
2025 476 2099 513 signo
2121 478 2242 514 capitis)
2262 477 2390 508 ass'entiri.

1322 516 1345 542 g.
1378 529 1382 533 .
1458 517 1510 534 .10
1533 529 1538 535 .

1356 544 1455 585 Annuit
1468 565 1477 577 ,
1499 545 1632 586 &ltotum
1652 552 1721 576 nutu
1744 549 1899 578 tremefecit
1918 549 2081 588 Olympum.

1274 580 1383 609 Aniiuvi
1398 602 1405 612 ,
1427 587 1595 622 portentum
1614 585 1697 621 antiq.
1722 585 1844 620 Ennius,

1356 618 1476 645 Annuvit
1496 617 1676 660 lese-meeum
1697 622 1844 652 decernere
1865 625 1946 654 ferro.
2028 626 2047 654 i.
2069 636 2092 654 e.
2114 626 2219 656 Annuit
2228 626 2350 657 Turneb.

1275 655 1411 695 Annuere—
1427 660 1486 683 toto
1504 662 1595 691 eripite
1614 656 1727 693 aliquid.
1757 660 1814 688 Cic.
1829 670 1853 689 2.
1874 663 1909 690 de
1922 663 1998 692 Orat.
2013 668 2077 698 285.

1276 691 1384 720 Vellere
1397 691 1469 728 ligna
1481 700 1608 721 annuunt
1618 692 1716 730 superi.
1741 696 1783 724 Vir
1804 720 1809 725 .
1825 708 1866 726 Η.
1881 699 1941 728 AEii.
1951 710 1994 728 20.

1277 730 1423 771 Annuereffi
1434 728 1581 771 Affirmare.
1618 729 1701 759 l'lziut.
1717 706 1814 762 Buces.
1829 744 1853 763 2.
1871 746 1895 764 2.
1910 747 1934 770 9.
1964 737 2020 773 Ego
2032 745 2124 767 autem
2135 744 2282 768 ventui-um
2291 748 2394 769 annuo.

1298 766 1385 795 Potest
1397 766 1442 795 hic
1460 776 1548 803 accipi
1562 776 1612 803 pro
1621 777 1655 795 eo
1667 770 1740 804 quod
1754 770 1792 798 est
1804 793 1812 804 ,
1833 771 1972 802 Proinitto.
1989 772 1992 773 ⁷

1278 804 1429 846 Annuere,
1451 803 1539 847 Verbo
1552 803 1610 841 ipso
1624 804 1749 834 assentiri.
1772 807 1835 836 Ter.
1856 809 1923 838 Eun.
1941 822 1966 845 4.
1987 822 2009 845 ς.
2024 821 2066 845 ³¹-
2098 813 2139 841 Ne
2155 813 2297 842 abscedam
2311 814 2398 852 impe-

1298 848 1356 870 rat:
1383 851 1412 869 m
1423 847 1553 870 interiore
1565 847 1639 878 parte
1650 848 1679 870 ut
1689 852 1814 872 maneum
1830 845 1900 875 solus
1910 858 1973 876 euin
1988 849 2051 877 sola.
2074 860 2174 879 annuo.

1279 879 1408 922 Annuere
1419 901 1426 913 ,
1448 889 1498 917 pro
1507 879 1583 922 Nutu
1594 879 1728 908 sciscitari.
1750 881 1838 910 Tacit.
1853 893 1892 918 ις.
1903 886 1970 912 [inii.
1984 892 2025 917 58.
2061 887 2137 915 idem
2149 888 2245 917 Subrio
2256 888 2346 917 Flavio
2360 889 2398 917 as-

1300 917 1400 946 sistenti
1419 923 1609 952 annuentique
1625 927 1660 946 an
1682 919 1754 947 inter
1773 919 1858 955 ipsam
1875 923 2062 956 cognitionem
2075 925 2243 959 ditionum-ret
2262 926 2385 963 gladium

1299 954 1460 991 caedemque
1476 961 1613 992 patraret,
1635 956 1743 990 renuit,
1766 956 1931 994 infregitque
1945 960 2088 995 impetum.
2131 962 2252 992 lititltt'li‘t.
2387 948 2396 963 '

1280 988 1356 1022 Inter
1366 991 1490 1021 Annuere
1501 993 1526 1021 ἃ
1537 992 1662 1022 lnnuere.
1695 992 1813 1023 lnnuere
1824 994 1861 1023 est
1871 996 1939 1024 facie
1954 996 2108 1031 significare.
2132 1000 2194 1028 Ter.
2208 1000 2281 1029 Adel.
2293 1010 2398 1031 2.i.20.

1363 1029 1428 1058 Non
1438 1031 1582 1058 innueram
1600 1040 1606 1058 ε
1627 1039 1723 1059 verum
1736 1032 1849 1061 iiiistnn
1861 1039 1966 1070 purtem
1978 1031 2068 1071 potius
2079 1045 2193 1073 peccato
2204 1044 2305 1066 tamen.

1304 1068 1448 1101 Annuere,
1470 1066 1639 1097 Concedere.
1675 1068 1746 1106 Virg.
1763 1079 1803 1098 12.
1821 1069 1882 1098 ffin.
1896 1074 1959 1105 841.

1365 1105 1467 1133 Annuit
1480 1104 1522 1133 his
1543 1105 1616 1139 juno
1628 1127 1636 1139 ,
1658 1107 1684 1135 δε
1702 1113 1825 1135 mentem
1837 1107 1926 1137 laetata
1941 1109 2053 1137 retorsit.

1303 1143 1393 1171 tentia
1417 1142 1486 1179 l'aepe
1503 1143 1692 1173 confunditur.
1733 1144 1850 1174 Nonius.

1284 1179 1360 1210 Inter
1374 1180 1478 1209 Nutare
1489 1201 1497 1214 ,
1517 1182 1544 1210 δι
1557 1182 1688 1223 ‘Annuere
1703 1204 1711 1216 ‚
1733 1184 1759 1211 Sc
1777 1182 1887 1211 Niftare
1909 1188 2013 1212 veteres
2025 1183 2079 1213 hoc
2099 1185 2222 1214 intereii'e
2237 1186 2401 1221 voluerunt;

1305 1224 1337 1247 ut
1350 1240 1358 1252 ,
1378 1217 1482 1246 Nutare
1503 1219 1616 1260 capitis:
1640 1220 1766 1261 Annuere
1786 1219 1829 1249 vel
1853 1220 1987 1255 innuere,
2009 1223 2115 1250 narium
2128 1222 2170 1250 vel
2187 1223 2331 1253 labiorum:
2354 1226 2403 1253 Ni-

1306 1256 1400 1298 stare,
1421 1255 1566 1298 ocul-orum
1582 1257 1789 1293 lignihcantiam
1807 1257 1861 1287 else
1880 1259 2060 1288 decreverint.
2107 1260 2191 1289 Plaut.
2203 1261 2306 1298 Alin.4.
2321 1272 2343 1290 1.
2358 1272 2399 1299 39.

1305 1293 1368 1322 Nec
1381 1292 1428 1322 illa
1440 1292 1489 1321 ulli
1501 1293 1608 1322 homini
1618 1300 1697 1324 nutet
1707 1317 1716 1330 ,
1736 1296 1824 1324 nic'tet
1835 1317 1844 1330 ,
1863 1303 1976 1325 annuat.
2017 1296 2056 1325 hx
2068 1297 2171 1326 Nonio.

1287 1331 1415 1360 Annuere
1434 1330 1540 1365 alicui,
1562 1331 1730 1361 Promittere.
1762 1333 1806 1362 Vir
1827 1356 1832 1361 .
1848 1343 1868 1362 1.
1880 1333 1941 1363 IEn.
1955 1343 2018 1368 250-

1368 1369 1427 1398 Nos
1444 1374 1491 1398 tua
1512 1371 1657 1406 progenies
1682 1369 1747 1400 coeli
1767 1372 1813 1408 qui
1837 1381 1868 1400 us
1887 1372 1986 1401 annuis
2004 1381 2104 1401 arcem.

1287 1406 1415 1436 Annuere
1427 1406 1563 1450 aliquem,
1585 1406 1661 1436 Nutu
1672 1407 1831 1446 significare.
1861 1409 1920 1438 Cic.
1935 1418 1959 1446 3.
1972 1409 2046 1439 Verr.
2082 1410 2180 1448 Erepta
2189 1411 2226 1439 est
2237 1409 2349 1442 facultas
2360 1421 2406 1442 eo-

1307 1454 1369 1473 rum
1379 1453 1446 1481 quos
1458 1443 1506 1473 iste
1521 1451 1662 1474 annuerat.

1287 1482 1446 1525 Significare
1458 1483 1484 1512 &
1495 1492 1626 1512 annuere.
1649 1482 1709 1513 Cic.
1721 1494 1746 1519 5.
1758 1483 1833 1514 Verr.
1844 1493 1907 1521 213.
1927 1485 1989 1516 Hoc
1997 1486 2073 1516 enim
2081 1486 2151 1515 mihi
2161 1484 2317 1524 significasse
2326 1488 2351 1517 Sc
2361 1497 2406 1517 an-

1308 1520 1394 1549 nuisse
1409 1519 1479 1549 visus
1498 1520 1543 1548 est.

1289 1558 1418 1588 Annuere
1430 1579 1439 1594 ‚
1473 1557 1491 1586 i.
1509 1567 1532 1586 e.
1554 1556 1664 1587 Favere.
1684 1557 1756 1596 Virg.
1773 1569 1796 1588 1.
1816 1558 1915 1597 Georg.
1925 1570 1970 1594 40.

1449 1610 1486 1616 —
1505 1602 1586 1632 atque
1601 1595 1753 1630 audacibus
1769 1607 1862 1626 annue
1875 1598 1985 1635 coeptis.
2023 1597 2109 1627 Ovid.
2122 1607 2147 1635 7.
2168 1597 2238 1628 Met.
2253 1604 2314 1635 178.

1449 1649 1487 1653 —
1506 1634 1532 1663 dc
1548 1632 1664 1671 praesens
1679 1635 1837 1672 ingentibus
1861 1642 1964 1664 annuat
1983 1634 2060 1665 ausis.

1291 1669 1418 1708 Superest
1435 1676 1466 1699 ut
1477 1670 1613 1708 promissis
1634 1671 1710 1701 Deus
1732 1680 1843 1702 annuat.
1867 1672 1934 1701 Plin.
1945 1673 2026 1710 Epist.
2041 1683 2086 1702 22.

1291 1710 1320 1738 Si
1328 1709 1403 1738 Deus
1414 1709 1551 1742 annuerit,
1570 1709 1587 1737 i.
1601 1719 1625 1738 e.
1643 1709 1750 1739 Faverit
1764 1731 1772 1745 ,
1791 1710 1834 1739 vel
1854 1711 1962 1739 dederit
1972 1711 2048 1747 quod
2057 1717 2194 1749 optamus.
2207 1711 2331 1750 Plin.Ep.
2346 1721 2406 1749 144.

1291 1747 1348 1776 Ore
1361 1746 1457 1776 sereno
1470 1746 1514 1775 vel
1532 1746 1607 1775 facili
1627 1757 1758 1777 annuere.
1790 1748 1907 1777 Martial.
1925 1747 1973 1777 lib.
1983 1758 2010 1779 2.
2023 1758 2068 1785 24.

1450 1798 1492 1826 —3
1511 1783 1586 1821 quod
1609 1784 1628 1813 si
1647 1785 1721 1814 Deus
1740 1794 1787 1814 ore
1807 1785 1903 1814 sereno

1373 1822 1523 1855 Annuerit.
1545 1821 1612 1850 felix
1633 1822 1758 1852 Candide
1778 1822 1849 1852 solus
1868 1824 1930 1853 eris.

1311 1859 1423 1897 Quibus
1433 1859 1507 1888 facili
1519 1858 1592 1889 Deus
1609 1868 1713 1890 annuet
1729 1870 1784 1890 ore.
1816 1860 1938 1899 Propert.
1947 1859 1996 1892 lib.
2009 1871 2033 1892 1.
2048 1871 2071 1892 1.
2084 1871 2128 1900 31·

1292 1898 1422 1928 Annuere
1431 1919 1439 1933 ,
1462 1897 1632 1927 Concedere.
1666 1898 1696 1928 V.
1717 1908 1760 1927 AB
1770 1908 1790 1927 N
1799 1908 1815 1927 u
1827 1909 1840 1927 a
1849 1909 1863 1926 R
1876 1909 1898 1929 Β.

1293 1937 1421 1967 Annuere
1439 1935 1592 1965 vistoriam.
1619 1935 1688 1973 Virg.
1706 1946 1747 1965 12.
1761 1936 1821 1965 JEn.
1836 1942 1895 1973 187.

1374 1974 1403 2003 Si
1424 1973 1546 2002 nostrum
1563 1975 1691 2003 annuerit
1712 1973 1793 2003 nobis
1808 1974 1922 2004 victoria
1931 1974 2060 2005 Martem.

1312 2012 1406 2041 nuerit
1431 2011 1582 2040 victoriam.

1295 2046 1423 2080 Annuere
1433 2058 1541 2078 nutum.
1565 2049 1619 2079 Liv.
1630 2059 1655 2086 7.
1667 2059 1710 2085 30.
1734 2051 1852 2080 Annuite
1872 2061 1895 2080 ι».
1913 2060 1940 2080 c.
1962 2058 2062 2081 nutum
2078 2060 2236 2088 numenque
2246 2051 2362 2080 vestrum
2373 2052 2413 2080 in.

1311 2088 1417 2117 vidium
1428 2086 1576 2125 Campanis
1586 2109 1594 2123 ,
1611 2089 1637 2117 St
1649 2088 1742 2123 iubete
1756 2088 1862 2126 sperare
1874 2088 2044 2118 incolumem
2056 2089 2179 2126 Capuam
2187 2089 2314 2119 futuram.
2352 2090 2412 2118 Hoc

1312 2125 1412 2168 eadem
1422 2124 1508 2167 figura
1516 2124 1681 2167 dictumest,
1693 2136 1747 2163 qua
1760 2126 1855 2155 Vivere
1866 2128 1960 2161 vitain,
1970 2127 1996 2156 δε
2008 2128 2112 2156 Servire
2123 2126 2288 2157 servitutem.
2326 2126 2339 2163 [
2351 2128 2413 2164 Qua

1312 2162 1404 2192 Latini
1417 2172 1502 2192 rarius
1514 2184 1522 2197 ‚
1546 2163 1634 2193 Graeci
1645 2163 1870 2200 frequentillime‚
1883 2164 2030 2202 praesertim
2042 2165 2120 2194 Attici
2132 2170 2253 2194 utuntur.

1258 2202 1281 2232 A
1290 2211 1310 2230 N
1320 2210 1339 2230 N
1350 2210 1420 2229 υτο
1431 2222 1440 2235 ,
1470 2199 1514 2229 vel
1535 2203 1554 2230 A
1564 2211 1583 2230 D
1593 2210 1614 2229 N
1625 2211 1642 2229 u
1652 2210 1670 2229 T
1679 2211 1696 2230 o
1709 2224 1717 2237 ‚
1747 2203 1763 2238 [
1778 2201 1948 2239 ωσνενςοὲζω
1963 2203 1978 2238 ]
2008 2206 2062 2232 are.
2085 2203 2220 2239 frequent.
2239 2202 2306 2232 Fest.
2326 2201 2411 2232 Plaut.

1298 2239 1385 2269 Merc.
1395 2247 1421 2267 2.
1435 2247 1458 2273 3.
1476 2248 1536 2266 100.

1258 2278 1392 2308 ANNUT
1402 2285 1470 2309 Ans
1484 2298 1492 2312 ,
1516 2275 1593 2314 Apul.
1610 2286 1652 2306 10.
1671 2275 1739 2305 Met.
1757 2283 1826 2306 extr.

1259 2317 1390 2346 ANNus
1404 2336 1412 2349 ‚
1433 2315 1450 2343 i.
1475 2324 1512 2343 m.
1532 2315 1548 2350 [
1563 2313 1686 2350 eino-vm,
1711 2318 1775 2343 er&
1790 2315 1805 2350 ]
1833 2315 1911 2352 ‘Quid
1921 2315 1962 2351 sit,
1978 2315 2062 2354 vulgo
2070 2321 2168 2345 notum
2180 2315 2224 2345 est.
2246 2315 2346 2350 Festus,
2363 2315 2416 2344 An-

1298 2360 1351 2382 nus
1365 2361 1401 2381 ex.
1412 2352 1507 2381 Graeco
1520 2352 1614 2387 venit,
1635 2360 1719 2389 quem
1737 2351 1777 2380 illi
1796 2354 1851 2379 e'uioi
1873 2353 1980 2382 dicunt.
2003 2355 2027 2383 Sc
2039 2354 2115 2391 quod
2125 2363 2175 2382 nos
2189 2353 2361 2384 Triennium,
2373 2353 2416 2382 illi

1299 2391 1398 2420 dicunt
1409 2388 1509 2425 πίεπς,
1531 2398 1631 2422 morou,
1654 2390 1763 2419 Servius
1773 2412 1780 2424 ,
1801 2392 1895 2421 Annus
1905 2391 1995 2421 dietus
2008 2393 2047 2421 est
2063 2391 2134 2429 quasi
2150 2393 2239 2421 Anus:
2262 2392 2334 2420 unde
2346 2392 2416 2420 Anu-

1301 2428 1362 2464 lus,
1383 2428 1459 2465 quod
1475 2429 1504 2456 in
1522 2427 1549 2456 se
1568 2427 1680 2456 redeat:
1703 2429 1802 2463 nteit,

1381 2467 1466 2503 Atque
1479 2466 1507 2494 in
1517 2465 1543 2494 se
1553 2465 1599 2494 sua
1613 2476 1663 2502 per
1670 2466 1781 2503 vestigia
1791 2465 1911 2495 volvitur
1920 2476 2016 2496 annus.
2099 2466 2149 2495 Vel
2160 2463 2204 2492 »ἐπ’
2221 2466 2348 2501 ἀωινεῡρζ,
2359 2466 2376 2494 i.
2389 2475 2415 2495 e.

1318 2503 1360 2534 Ab
1372 2503 1554 2533 Innovatione
1571 2513 1577 2532 :
1601 2502 1675 2540 quod
1685 2503 1817 2533 videlicet
1824 2503 1927 2533 affidue
1938 2505 2086 2533 innovetur
2095 2506 2120 2534 Sc
2133 2504 2198 2533 ...lter
2209 2503 2262 2533 fiat.
2283 2503 2348 2532 Tria
2356 2503 2417 2532 sunt:

1319 2551 1419 2580 genera
1431 2551 1583 2571 annorum:
1609 2546 1655 2570 aut
1665 2542 1739 2570 enim
1752 2541 1854 2571 lunaris
1865 2552 1952 2571 annus
1958 2542 1997 2570 est
2007 2551 2071 2571 xxx.
2082 2543 2201 2577 dierum.
2219 2548 2266 2570 aut
2274 2541 2419 2570 fiilstitizilis

1320 2590 1386 2610 X11.
1405 2579 1548 2609 mensium.
1573 2579 1626 2608 Aut
1636 2578 1789 2608 secundum
1808 2579 1951 2615 Tullium,
1970 2579 2017 2609 lib.
2027 2589 2052 2608 2.
2073 2580 2109 2609 de
2119 2581 2182 2610 Nat.
2197 2580 2275 2609 Deor.
2290 2579 2417 2616 Magnus,

1320 2619 1368 2655 qui
1378 2617 1594 2655 comprehendit
1609 2626 1705 2652 12554.
1716 2626 1812 2647 annos.
1832 2617 1867 2647 ad
1877 2617 1942 2648 AEn.
1957 2627 1979 2646 1.
1992 2627 2016 2647 v.
2028 2621 2092 2654 269.
2131 2617 2163 2647 V.
2187 2616 2256 2648 Voss.
2274 2617 2300 2648 P.
2313 2616 2415 2653 4111st-

1320 2656 1397 2685 Orat.
1410 2666 1438 2693 p.
1459 2658 1519 2690 196.
1532 2656 1559 2684 δι
1571 2654 1657 2684 Pitisc.
1670 2653 1735 2683 Lex.

1302 2694 1418 2724 Novitas
1431 2693 1506 2722 anni.
1528 2692 1611 2722 Ovid.
1628 2702 1651 2721 1.
1664 2691 1730 2722 Fast.
1748 2695 1809 2721 160.

1302 2732 1391 2762 Series
1405 2740 1542 2760 annorum
1558 2732 1584 2760 ἃ
1595 2730 1658 2768 fuga
1665 2736 1832 2767 temporum.
1855 2730 1956 2767 Hor.3.
1966 2729 2057 2760 Carm.
2068 2739 2112 2767 30.
2130 2741 2154 2767 5.

1302 2771 1396 2807 Spatia
1406 2778 1550 2798 annorum.
1574 2768 1694 2806 Propert.
1708 2768 1755 2798 lib.
1771 2777 1793 2804 3.
1810 2778 1855 2798 2i.
1867 2778 1911 2804 31.

1303 2808 1445 2846 Tempora
1454 2811 1597 2835 vertuntur
1607 2816 1752 2836 annorum.
1776 2806 1884 2836 Lucret.
1895 2806 1945 2837 lib.
1961 2817 1985 2843 ς.
2004 2816 2014 2836 1
2023 2812 2083 2843 183.

1303 2846 1354 2876 Via
1371 2845 1458 2880 anni,
1479 2844 1605 2881 solisque.
1627 2844 1698 2882 Virg.
1715 2848 1741 2873 6.
1766 2844 1828 2874 AEn.
1843 2854 1906 2882 797.

1462 2898 1500 2903 --
1518 2882 1592 2918 jacet
1605 2888 1682 2911 extra
1696 2882 1780 2911 sidera
1795 2882 1893 2918 tellus,

1383 2920 1467 2951 Extra
1484 2920 1549 2949 anni
1569 2919 1688 2957 solisque
1708 2920 1773 2949 vias.

1304 2959 1386 2989 Vices
1403 2966 1549 2988 annorum.
1570 2957 1634 2987 Seri.
1648 2957 1737 2988 OEth.
1754 2967 1794 2987 11.

1305 2998 1413 3028 Fortior
1422 2997 1510 3025 annis.
1533 2995 1617 3025 Ovid.
1628 3004 1652 3031 3.
1670 2997 1761 3025 Amor.
1773 3005 1799 3032 7.
1811 3005 1858 3032 42.

1306 3035 1401 3065 Gravis
1420 3035 1508 3064 annis.
1531 3033 1602 3071 Virg.
1615 3043 1640 3069 9.
1660 3034 1723 3064 ffin.
1737 3038 1800 3069 246.

1305 3073 1416 3110 Integer
1426 3081 1574 3101 annorum.
1596 3072 1662 3101 Stat.
1681 3082 1702 3100 1.
1724 3071 1887 3106 Thebana

1305 3110 1460 3148 Juvenilior
1474 3110 1562 3139 annis.
1585 3109 1668 3138 Ovid.
1683 3120 1725 3146 14.
1739 3109 1806 3138 Met.
1822 3114 1885 3143 639.

1385 3148 1549 3185 Silenusque
1560 3146 1613 3176 suis
1622 3146 1729 3185 semper
1740 3146 1887 3181 juvenilior
1902 3144 1988 3174 annis.

1326 3187 1384 3224 Qui
1399 3195 1485 3223 quum
1505 3185 1536 3214 sit
1550 3185 1632 3214 senex
1646 3207 1653 3219 ,
1671 3185 1727 3223 agit
1738 3191 1831 3214 tamen
1849 3185 1986 3220 juvenem.

1306 3225 1444 3255 Maturior
1455 3224 1533 3253 annis
1544 3222 1686 3252 Remulus.
1705 3223 1787 3252 Ovid.
1808 3232 1847 3257 ¹4·
1864 3221 1932 3250 Met.
1945 3223 2007 3255 617.

1305 3263 1457 3293 Maximus.
1481 3262 1551 3298 Virg.
1563 3271 1587 3290 2.
1609 3261 1670 3291 AEn.
1695 3270 1754 3297 339.
1796 3260 1814 3288 i.
1832 3269 1856 3288 e.
1878 3256 2080 3288 Annofisl'imus.
2150 3293 2156 3298 .

1307 3300 1458 3332 Obscurior
1476 3300 1564 3329 annis.
1616 3298 1686 3335 Virg.
1704 3307 1728 3334 7.
1752 3297 1813 3327 AEn.
1838 3306 1902 3332 205.
1946 3294 1974 3324 h.
2000 3303 2025 3323 e.
2045 3293 2099 3323 Res
2118 3302 2210 3323 minus
2227 3300 2300 3324 nota
2311 3299 2425 3332 propter

1325 3338 1460 3376 temporis
1472 3337 1713 3397 longinquitatem.

1307 3376 1420 3411 Pharius
1435 3385 1532 3404 annus.
1555 3373 1651 3405 Caud.
1671 3373 1706 3402 de
1721 3371 1786 3402 Bell.
1803 3370 1875 3401 Giid.
1892 3380 1935 3406 57.

1307 3414 1448 3452 Phrygius.
1481 3413 1546 3442 Stat.
1562 3422 1585 3445 ς.
1604 3410 1692 3440 Theb.
1708 3420 1770 3447 752.
2050 3444 2056 3449 ,
2207 3445 2211 3450 .
2306 3444 2311 3450 ·

1307 3453 1439 3483 Extremo
1453 3451 1528 3480 anni.
1556 3449 1644 3478 Tacit.
1658 3452 1682 3477 6.
1695 3450 1763 3477 Ann.
1775 3456 1819 3484 27.
1851 3444 1980 3474 Extremo
1993 3453 2058 3474 anni
2068 3453 2141 3474 mors
2159 3444 2225 3474 IElii
2235 3443 2336 3474 Lamia:
2347 3443 2424 3474 fune-

1328 3500 1359 3519 re
1372 3488 1502 3519 Censorio
1514 3486 1657 3517 celebrata.

1309 3527 1391 3558 Exitu
1405 3527 1478 3556 anni.
1509 3525 1596 3555 Tacit.
1612 3534 1636 3559 5.
1651 3523 1718 3552 Ann.
1735 3531 1776 3550 11.

1310 3567 1378 3597 Fine
1389 3565 1462 3595 anni.
1484 3563 1573 3593 Tacit.
1589 3571 1628 3595 15.
1643 3561 1709 3589 Ann.
1724 3568 1769 3595 47.
1802 3557 1869 3587 Fine
1879 3556 1945 3587 anni
1959 3555 2105 3595 vulgantur
2115 3557 2249 3595 prodigia.

1309 3604 1393 3634 Initio
1403 3603 1491 3632 statim
1503 3600 1576 3629 anni.
1600 3598 1655 3627 Liv.
1677 3596 1778 3625 Decad.
1798 3606 1818 3624 i.
1840 3596 1888 3625 lib.
1909 3604 1935 3625 2.

1310 3641 1448 3678 Principio
1458 3638 1532 3672 anni.
1558 3636 1613 3665 Liv.
1629 3635 1730 3664 Decad.
1743 3644 1765 3662 1.
1778 3633 1826 3662 lib.
1840 3643 1865 3662 2.

1310 3679 1383 3709 Anni
1393 3678 1449 3714 apti
1461 3675 1570 3704 lusibus.
1593 3673 1675 3702 Ovid.
1693 3682 1733 3706 15.
1753 3671 1834 3709 Epist.
1850 3680 1894 3701 21.

1310 3716 1427 3747 Alternis
1444 3713 1531 3742 annis.
1569 3711 1599 3739 V.
1623 3719 1692 3738 Αιτ
1701 3719 1714 3737 ε
1723 3719 1739 3737 R
1748 3719 1767 3737 N
1779 3719 1795 3738 u
1806 3718 1827 3737 s.

1310 3751 1466 3784 Bellicolior
1476 3758 1564 3779 annus
1578 3770 1586 3783 ‚
1607 3748 1636 3776 in
1645 3757 1699 3784 quo
1711 3746 1774 3784 plus
1790 3745 1927 3776 bellorum
1939 3746 2048 3784 geritur.
2087 3745 2145 3775 Liv.
2156 3755 2197 3775 10.

1310 3791 1371 3821 Bini
1385 3789 1457 3818 anni.
1498 3787 1527 3816 V.
1549 3794 1640 3815 BtNi.

1309 3826 1415 3858 Breves.
1452 3824 1517 3854 Hor.
1531 3835 1557 3860 4.
1577 3823 1667 3852 Carm.
1683 3831 1724 3856 13.
1738 3831 1782 3860 23.

1310 3865 1429 3896 Celeres.
1449 3863 1516 3893 Stat.
1534 3871 1558 3900 3.
1573 3860 1646 3897 Sylv.
1658 3868 1682 3897 3.
1696 3869 1740 3890 20.

2135 1110 2235 1140 Verum
2253 1112 2310 1141 haee
2321 1111 2404 1142 diste«

2142 1984 2194 2014 pro
2202 1997 2210 2011 ,
2231 1975 2259 2006 Si
2274 1974 2348 2006 Mars
2365 1986 2411 2006 an.

2069 3143 2097 3173 h.
2114 3153 2139 3173 e.
2163 3142 2254 3181 Qiam
2265 3152 2316 3182 pro
2330 3148 2417 3172 aetate.

1854 3896 1877 3927 C
1894 3906 1910 3925 c
1942 3905 1956 3933 3
2288 3894 2432 3925 climacte-
