2604 4222
165 159 236 197 284
623 148 650 182 A
745 144 776 179 T
864 144 892 177 A

596 230 623 264 A
716 226 747 261 T
846 225 873 260 A

168 308 216 338 AT
228 316 246 335 A
257 328 266 342 ,
287 303 341 334 sive
355 305 441 339 Arii,
460 301 563 340 [Qvi]
584 300 681 330 Latine
695 299 752 328 dici
771 296 860 334 potest
872 296 951 325 Noxa
962 317 970 329 ,
991 294 1189 324 detrimentum
1201 316 1208 328 ,
1230 303 1318 323 nocu-

202 350 339 374 mentum.
379 342 459 371 Hanc
471 339 634 370 existimavit
644 338 781 367 Homerus
792 334 845 363 effe
856 334 1020 363 Daemonem
1030 333 1151 362 humano
1163 333 1255 369 generi
1270 342 1318 360 no-

203 383 290 411 xium.
327 379 414 410 lnlib.
427 379 558 416 siquidem
573 376 649 406 lliad.
666 386 691 409 9,
715 372 850 402 Graffatur
869 371 1002 407 (inquit)
1026 372 1073 399 Ate
1092 379 1141 407 pei·
1164 369 1317 398 universnm

202 426 302 449 terram
311 417 471 447 hominibus
483 415 586 444 infesta.
626 413 705 442 Hanc
718 410 836 440 eandem
850 409 948 437 author
959 408 996 437 est
1007 408 1104 437 Suidas
1114 407 1269 436 daeinonem
1281 407 1318 435 cs-

204 457 231 487 se
251 457 373 485 humano
389 454 481 492 generi
500 451 635 481 insensum
653 452 678 479 Sc
699 447 899 479 adversarium,
920 447 966 483 qui
988 445 1121 475 Diabolus
1142 446 1260 480 dicitur,
1282 446 1318 474 sic

204 496 280 524 enim
291 495 348 527 ait,
364 491 446 520 “Arni
465 485 616 526 2135502&,
635 489 644 513 ὀ
662 482 834 526 ἀν’ἰικωᾶμίῷν.
873 484 936 520 Ejus
949 483 1081 521 lapsunie
1092 483 1166 512 coelo
1177 506 1185 517 ,
1204 484 1315 512 llonier.

205 533 253 562 lib.
268 542 308 567 19.
320 531 396 560 Iliad.
411 528 549 558 describit.
590 526 630 555 De
642 534 674 554 ea
685 523 802 553 Bess'ario
812 524 848 551 lic
858 522 985 552 meminit
1001 522 1049 550 lib.
1059 531 1083 557 3.
1097 522 1126 550 in
1139 521 1321 554 calumniato-

206 580 265 599 rem
286 569 421 601 Platonis,
443 566 600 596 Luciferum
615 572 681 592 vero
702 561 835 597 (inquit)
856 560 901 589 sua
919 559 1001 604 cuLpa
1018 560 1136 595 ejectum
1152 560 1180 587 in
1199 567 1297 588 terram
1310 581 1318 593 ,

206 606 467 642 execrandumque,
489 603 528 632 illi
540 610 650 639 quoque
662 598 862 640 didicerantab
878 597 999 626 Homero
1007 597 1210 633 suotheologo,
1232 597 1276 634 qui
1290 596 1321 625 li-

205 655 240 674 ve
250 644 385 673 beneficio
394 642 513 678 quodam
526 648 628 668 naturae
640 659 647 672 ,
666 638 719 666 sive
730 637 811 665 Molis
820 636 962 674 prophetae
970 635 1075 672 scriptis
1086 636 1207 664 carmine
1216 635 1263 664 suo
1274 644 1321 663 ex-

206 679 445 721 posueratlapsum
456 678 573 708 Luciferi
585 698 593 711 ,
620 685 701 713 quam
709 674 755 703 ille
767 677 834 702 Aten
846 684 880 711 ap
903 673 976 702 ellat.
1017 673 1143 702 Budaeus.

169 722 190 751 A
199 730 219 749 T
228 730 248 749 A
258 730 273 748 s
282 722 299 748 ῠ
308 730 322 746 c
332 729 349 747 u
359 728 371 747 s
379 739 387 753 ,
418 718 464 753 [Ἀ
472 713 615 748 πέζιςλῶν]
644 713 748 742 Ventus
772 712 803 740 in
823 712 884 750 Apu
897 712 922 741 ia
944 711 1166 741 ferventissimus.
1206 710 1273 740 Hor.
1298 718 1323 738 1.

205 758 292 787 Serm.
308 766 331 787 ς.
342 761 386 791 78.

288 794 391 831 incipit
401 802 435 822 ex
448 790 497 820 illo
510 796 620 820 montes
635 788 730 826 Apulia
744 793 826 817 notos

289 831 432 861 Ostentare
447 829 514 857 mihi
523 851 530 862 ,
551 837 619 865 quos
631 834 716 856 torret
727 825 866 855 Atabulus.

208 870 289 900 flatus
302 868 418 904 alicujus
437 867 558 904 regionis
570 866 697 904 proprius
711 886 718 900 ,
741 871 771 893 ut
781 864 860 893 estin
873 863 967 900 Apulia
988 862 1124 891 Atabulus.
1166 862 1205 890 lta
1217 862 1324 895 dicius,

208 907 280 945 quali
293 905 336 933 ὶέπέ
354 918 385 932 τό
404 906 458 934 ἄτην
474 906 566 936 βώλων
578 923 585 934 ,
604 904 632 932 id
642 903 697 934 est.
720 908 920 931 nocumentum
935 900 1173 938 pestilentiamque
1184 899 1289 928 alibi're.

206 947 252 976 Sic
265 947 290 974 Sc
303 944 514 974 Commentator
527 942 629 971 Horatii
642 940 720 970 affert
735 940 807 969 hanc
822 940 957 975 originem
970 961 978 973 ,
999 940 1025 967 δ’(
1044 938 1112 966 dicit
1133 947 1208 966 nunc
1226 936 1321 966 Atabo.

226 986 351 1019 <vocatur
361 982 430 1012 viz.)
450 980 505 1010 Sed
515 979 658 1017 quomodo
667 1002 674 1014 ,
686 978 703 1007 si
712 988 727 1007 a
737 980 825 1011 Anima,
841 977 924 1006 habet
934 980 1014 1007 βελίῶ
1025 997 1033 1010 ,
1054 985 1110 1004 non
1121 978 1205 1006 Aah&
1214 976 1227 1003 ἶ)
1239 975 1270 1003 Η.
1285 975 1323 1003 St.

169 1022 190 1053 A
200 1031 220 1050 T
231 1031 273 1050 AB
282 1031 299 1049 u
310 1032 326 1049 L
336 1031 345 1049 1
354 1042 362 1056 ,
384 1018 560 1056 [Ἃπιζέλω]
579 1017 727 1055 ffithiopiae
738 1016 851 1054 populi,
873 1024 991 1052 quorum
1007 1013 1136 1042 meminit
1147 1013 1216 1042 Plin.
1233 1012 1281 1041 lib.
1297 1015 1323 1041 6.

207 1068 238 1088 ca
262 1081 268 1088 .
282 1067 325 1094 30.

169 1069 371 1128 ATAPRYRM
382 1117 390 1131 ‚
412 1091 602 1131 [Arass‘ucjoi]
624 1092 716 1121 Unum
735 1100 770 1120 ex
789 1090 899 1119 vetustis
919 1088 1012 1117 insulae
1036 1088 1129 1117 Rhodi
1144 1087 1324 1122 nominibus,

207 1135 325 1164 ductum
342 1133 377 1163 ab
393 1132 511 1169 Atabyro
529 1141 610 1168 rege,
634 1137 664 1158 ut
679 1129 766 1158 Plinio
780 1128 870 1166 placet
889 1127 935 1155 lib.
952 1137 975 1162 5.
995 1136 1056 1164 cap.
1069 1135 1079 1163 3
1091 1137 1112 1156 r.
1135 1127 1188 1156 sive
1207 1130 1258 1162 (ut
1279 1125 1326 1154 alii

207 1172 337 1207 malunt)
357 1171 391 1200 ab
402 1169 529 1207 Atabyri,
550 1168 699 1198 editissimo
710 1167 795 1195 totius
805 1165 898 1194 insula:
909 1172 1014 1193 monte.

169 1212 244 1241 ATA
254 1220 269 1238 is
278 1219 296 1238 i(
306 1220 321 1238 R
331 1221 339 1238 1
349 1219 361 1239 s
372 1231 380 1245 ,
402 1204 580 1245 [Ἀπὲζυςις]
603 1206 686 1235 Mons
701 1205 739 1233 est
749 1204 913 1233 editiffimus
924 1203 1010 1231 totius
1021 1201 1113 1230 Rhodi
1131 1200 1225 1231 insulae
1234 1223 1244 1237 ,
1263 1200 1325 1237 Jovi

207 1247 336 1284 Atabyrio
347 1247 436 1280 sacer,
458 1246 537 1281 cujus
548 1244 676 1273 meminit
689 1242 786 1272 Strabo
801 1240 849 1270 lib.
867 1251 907 1275 ¹4-
928 1240 1023 1277 Steph.
1044 1240 1184 1277 Atabyrus.

169 1287 191 1315 A
200 1295 220 1315 'r
230 1294 301 1315 Asi(
310 1295 327 1314 R
337 1296 346 1313 1
357 1295 374 1314 u
384 1294 396 1314 s
413 1284 522 1321 Jupiter
532 1305 540 1317 ‚
561 1278 748 1318 [Dimss-Jffl&
763 1279 840 1314 Ζεὺς]
861 1278 980 1307 Vocatus
992 1288 1006 1307 a
1018 1287 1113 1306 monte
1124 1277 1216 1307 Rhodi
1232 1275 1327 1306 insulae

206 1323 327 1360 Atabyro
348 1323 403 1359 (ut
411 1323 448 1351 ait
459 1320 635 1358 Stephanus)
657 1318 699 1347 vel
713 1317 840 1354 Atabyri,
861 1324 891 1345 ut
908 1315 1014 1345 Strabo.
1055 1315 1216 1345 Laftantius
1237 1315 1284 1344 lib.
1301 1324 1324 1344 r.

207 1361 271 1391 Inst.
286 1370 309 1390 c.
321 1370 366 1389 22.
389 1369 447 1389 non
459 1358 690 1393 anionteJovem
710 1355 867 1392 Atabyrium
883 1361 1075 1391 nuncupatum
1094 1353 1204 1390 prodit,
1225 1353 1271 1382 sed
1291 1352 1325 1381 ab

206 1398 338 1436 Atabyrio
348 1397 456 1436 hospite
467 1419 475 1432 ,
497 1398 521 1426 Sc
533 1396 660 1431 adjutore
670 1393 806 1422 bellorum
816 1414 824 1427 ,
846 1391 913 1421 sicut
922 1393 948 1421 Sc
960 1391 1130 1420 Labradaeus.

168 1436 220 1468 Αἰ·
229 1440 293 1466 Aci
302 1446 323 1466 N
332 1447 341 1464 i
353 1458 361 1471 ,
383 1434 556 1472 [Ἀπικῑνοι]
576 1431 671 1470 Populi
684 1429 869 1460 Narbonensis
887 1430 1037 1467 provincia:
1047 1451 1055 1463 ,
1083 1428 1172 1458 Atacis
1185 1428 1273 1457 amnis
1283 1437 1327 1457 ac-

207 1474 276 1504 colae
289 1496 297 1509 ,
317 1475 363 1511 qui
375 1474 449 1503 circa
469 1471 629 1501 Narbonem
648 1469 781 1499 Martium
798 1468 875 1497 fluit:
897 1478 910 1496 a
923 1477 978 1504 quo
989 1469 1015 1496 St
1030 1476 1134 1496 nomen
1147 1472 1326 1504 acceperunt.

206 1512 341 1543 Meminit
349 1513 448 1541 horum
460 1508 630 1548 Pomponius
641 1507 689 1537 lib.
700 1516 726 1537 2.
739 1508 766 1537 δι
778 1505 945 1536 Hermolaus
953 1507 982 1535 in
990 1504 1118 1534 Plinium.

169 1551 343 1585 ATAGizN,
365 1549 396 1578 V.
419 1556 608 1577 ATeraN.

168 1591 330 1621 ATALAN
347 1598 406 1621 ΓΑ,
425 1586 468 1615 vel
490 1586 718 1618 ATALANi-iz,
740 1581 917 1619 [Ἂπιλοίίῖη]
938 1580 1094 1618 Exiguaest
1107 1578 1326 1648 Archipelagiin-

205 1625 264 1656 sula
273 1625 385 1655 Euboere
396 1624 525 1660 adjacens
535 1644 543 1658 ,
567 1632 583 1651 e
597 1621 712 1659 regione
723 1620 914 1658 Opuntiorum
925 1629 932 1649 :
955 1620 1034 1655 cujus
1043 1618 1173 1648 meminit
1210 1618 1328 1656 hucydi-

207 1664 257 1694 des
267 1663 316 1694 lib.
329 1673 351 1693 2.
362 1665 388 1693 δι
400 1661 508 1691 Pausan.
524 1661 553 1689 in
562 1660 644 1689 Phoc.

168 1701 397 1735 ATALANTA,
419 1698 598 1736 [ἈταλάνἹη]
623 1697 705 1735 Virgo
727 1695 851 1726 venatrix
869 1695 897 1724 in
921 1694 1053 1729 Arcadia,
1074 1693 1130 1723 filia
1146 1693 1218 1729 Jasii.
1259 1693 1326 1722 Haec

205 1749 272 1769 cum
282 1739 443 1777 proceribus
454 1737 531 1766 venit
540 1736 574 1765 ad
584 1735 772 1765 occidendum
782 1743 881 1772 aprum
893 1732 1078 1762 devastantem
1089 1731 1230 1764 AEtoliam,
1243 1741 1326 1768 quem

203 1779 291 1807 etiam
301 1777 358 1815 ipsa
366 1776 456 1814 prima
466 1774 629 1804 vulneravit.
671 1773 734 1809 Qua
807 1771 948 1809 Meleagro
959 1769 1016 1799 filio
1029 1771 1100 1808 regis
1111 1770 1220 1801 AEtoliae
1229 1770 1328 1799 arden-

205 1822 248 1845 ter
259 1815 297 1845 est
308 1815 434 1844 adamata
443 1834 451 1848 ‚
472 1819 503 1842 ut
513 1812 597 1842 tradit
607 1811 690 1840 Ovid.
701 1822 725 1846 4.
802 1810 822 1839 l.
836 1819 880 1845 99.

207 1853 271 1884 Fuit
281 1855 307 1883 <Sc
316 1852 399 1882 altera
410 1851 534 1881 Atalanta
543 1850 598 1879 filia
610 1849 740 1879 Schoenei
753 1848 823 1885 regis
832 1869 839 1882 ,
862 1848 891 1876 in
901 1846 987 1883 Scyro
996 1844 1083 1874 insula
1095 1867 1103 1881 ,
1124 1843 1201 1875 cursu
1212 1843 1325 1880 nobilis,

225 1893 251 1921 ἂ
261 1891 352 1935 poetis
360 1889 557 1923 cantatiffima,
578 1888 656 1923 cujus
667 1896 779 1916 omnem
790 1885 911 1914 fabulam
921 1884 994 1913 Ovid
1020 1883 1103 1912 refert
1120 1893 1163 1912 10.
1178 1882 1247 1911 Met.
1261 1886 1324 1917 565.

223 1939 270 1966 qui
280 1929 392 1958 unicam
400 1928 465 1957 facit
476 1927 636 1956 Atalantam.
668 1925 709 1954 De
716 1924 856 1953 venatrice
866 1922 980 1959 quidem
993 1921 1039 1951 illa
1049 1921 1086 1950 sic
1094 1922 1133 1951 ait
1141 1927 1167 1954 8.
1183 1920 1250 1949 Met.
1263 1930 1272 1955 3
1284 1925 1324 1954 ¹8-

284 1966 365 1996 Venit
376 1966 500 1995 Atalante
508 1963 638 1994 Schoenei
651 1962 835 2000 pulcherrima
843 1961 921 1998 virgo
931 1982 939 1995 ‚
954 1961 1005 1989 &cn
1088 1961 1115 1989 St
1133 1969 1174 1988 ιο.
1186 1958 1325 1994 Met.565.

223 2005 301 2035 ill-..m
311 2004 390 2033 cursu
401 2003 524 2032 nobilem
537 2007 619 2031 vocat
630 2000 713 2030 semel
725 2000 861 2029 &iterum
871 1998 1033 2028 Shoeneiam
1042 2019 1051 2032 ,

283 2041 364 2072 Talia
377 2041 519 2071 dicentem
532 2038 769 2106 mowneia
788 2037 878 2080 vultu·
945 2035 1070 2080 *Aspicit-
1089 2035 1212 2074 Propert.
1232 2033 1283 2063 lib.
1300 2042 1324 2063 1.

224 2090 251 2110 1.
265 2090 290 2117 9.
314 2080 402 2110 Vocat
412 2079 543 2113 Iasidem,
565 2088 580 2115 q
630 2088 638 2105 i
659 2086 704 2105 aii
716 2075 810 2105 filiam.
851 2074 982 2103 Sicenim
993 2080 1031 2102 ait

283 2117 426 2149 Milanion
436 2117 528 2146 nullos
536 2115 670 2152 fugiendo
678 2136 686 2149 ,
707 2113 791 2143 Tulle
801 2135 810 2147 ,
830 2112 939 2141 labores

321 2155 460 2186 Saevitiam
470 2155 545 2184 durae
555 2153 685 2183 contudit
693 2151 803 2182 Iasidos.
841 2150 967 2179 Eandem
982 2148 1067 2187 paulo
1077 2148 1139 2187 post
1147 2146 1270 2186 appellat
1276 2146 1327 2176 Ve-

223 2193 318 2224 locem
353 2193 467 2222 uellam.

202 2204 485 2274 Atalantaqliiaenalia..
515 2229 599 2259 Ovid.
610 2239 635 2264 4.
653 2226 735 2270 Epist.
749 2237 795 2262 99.

284 2271 350 2299 Arlit
364 2271 390 2298 ἃ
407 2267 538 2298 OEnides
550 2268 576 2295 in
591 2265 718 2296 Maenalia
733 2264 866 2293 Atalanta.
948 2262 1097 2292 OEnidem
1117 2267 1199 2291 vocat
1221 2260 1315 2291 Melea

221 2317 311 2346 grum.
350 2306 487 2343 [Versum
503 2305 598 2334 Ovidii
610 2314 643 2332 ex
658 2309 683 2337 8.
696 2303 766 2332 Met.
777 2312 834 2331 non
843 2300 997 2339 agnoscunt
1014 2300 1098 2329 codd.
1117 2299 1195 2329 MSS.
1245 2298 1327 2328 Unde

222 2349 249 2375 ά
261 2355 276 2375 a
291 2345 360 2374 Viris
372 2344 479 2379 dodtis,
499 2349 531 2372 ut
544 2342 650 2379 spurius
659 2341 764 2377 ejectus
775 2342 821 2369 eit.
871 2339 1001 2368 Ceterum
1018 2338 1086 2367 duas
1103 2336 1256 2372 Atalantas,
1279 2339 1327 2366 Ar-

222 2384 347 2413 cadicam
358 2382 471 2412 alteram
484 2380 641 2417 ,Iasiifiliam
653 2401 660 2414 ,
681 2388 697 2408 a
713 2377 853 2415 Meleagro
865 2377 1020 2406 adamatam
1034 2398 1041 2410 ,
1064 2377 1089 2405 &
1105 2375 1139 2405 ab
1152 2376 1253 2404 eodem
1266 2375 1324 2412 apri

223 2420 372 2458 Calydonii
401 2420 509 2449 exuviis
525 2419 674 2452 donatam,
695 2415 808 2445 alteram
825 2415 976 2444 ssoeoticam
993 2414 1124 2443 Schoenei
1141 2413 1225 2442 filiam
1247 2412 1326 2442 cursu

223 2469 290 2489 cum
300 2459 391 2497 procis
398 2465 499 2487 certare
511 2456 619 2486 solitam
628 2456 686 2484 fere
696 2454 833 2484 confundi
849 2454 883 2482 ad
902 2452 1024 2481 eundem
1044 2451 1139 2481 locum
1151 2451 1260 2488 plenius
1273 2451 1327 2480 Mi-

221 2497 311 2534 cyllus
322 2497 427 2525 docuit.
441 2495 562 2525 Eandem
573 2502 667 2523 tamen
680 2493 851 2521 venatricem
862 2493 887 2520 d:
900 2490 985 2519 Cursu
995 2489 1121 2520 nobilem
1131 2488 1276 2519 Atalanten
1289 2489 1328 2518 fa-

223 2537 263 2566 cit
272 2533 412 2564 Pausanias
422 2543 533 2571 quoque
542 2532 571 2561 in
583 2530 732 2561 Arcadicis.
781 2530 812 2559 V.
832 2528 960 2566 Apollod.
975 2528 991 2556 l.
1004 2537 1029 2562 3.

165 2575 218 2606 Αἰ·
228 2583 248 2603 A
257 2584 273 2602 i.
281 2582 300 2602 A
311 2582 330 2601 N
338 2581 359 2601 T
369 2583 392 2600 Ε
400 2582 417 2601 υ
427 2582 439 2600 s
450 2594 458 2606 ,
481 2570 539 2607 Adj.
562 2566 797 2606 [manufirmam]
816 2567 882 2596 Stat.
894 2578 920 2603 4.
940 2565 1031 2596 Theb.
1048 2575 1109 2603 309.

282 2610 400 2648 Jamque
414 2609 574 2639 Atalantaeas
588 2606 718 2645 implerat
732 2606 847 2635 nuntius
861 2614 950 2633 aures.

166 2651 188 2681 Α
197 2659 217 2680 τ
226 2659 246 2679 A
256 2658 277 2677 N
286 2658 304 2677 υ
314 2658 332 2677 ν
344 2659 351 2676 r
363 2658 381 2677 u
392 2659 411 2676 M
424 2669 432 2682 ,
453 2647 491 2676 est
502 2646 594 2676 Poculi
605 2644 696 2674 fictilis
706 2653 808 2682 genus,
825 2653 880 2681 quo
892 2643 922 2671 in
933 2641 1071 2671 sacrificiis
1081 2640 1202 2670 Romani
1211 2640 1328 2671 uteban-

204 2695 250 2717 tur
262 2685 416 2715 sacerdotes
431 2685 534 2714 Potitii.
575 2683 675 2713 Festus.

166 2727 386 2756 ATARGATA
400 2745 407 2755 ,
435 2723 467 2752 V.
490 2729 723 2751 ATizacATis.

165 2767 188 2795 A
197 2774 218 2793 T
226 2773 247 2792 A
257 2773 273 2791 R
283 2772 303 2791 N
315 2772 333 2790 A
344 2783 351 2797 ,
371 2759 503 2796 [Ἄταρνοι
513 2758 676 2796 Stephano]
698 2757 769 2787 Urbs
780 2756 833 2786 fuit
846 2756 873 2785 in
884 2766 930 2785 ora
943 2754 1036 2793 Mysiae
1047 2777 1055 2789 ,
1076 2764 1092 2784 e
1107 2754 1222 2791 regione
1234 2752 1324 2782 Lesbi.

165 2803 187 2832 A
195 2810 215 2831 *r
224 2811 242 2830 A
251 2811 267 2830 R
277 2810 297 2828 N
306 2809 321 2828 rt
331 2809 343 2828 s
354 2821 362 2834 ,
383 2797 547 2834 [Ἀτάριης]
571 2797 642 2826 Darii
659 2795 798 2825 Persarum
815 2795 887 2831 regis
898 2794 980 2823 frater
990 2815 998 2829 ,
1019 2793 1092 2822 filius
1104 2792 1241 2829 Hystaspis
1252 2812 1258 2822 ‚
1279 2802 1326 2820 cu-

199 2841 245 2876 jus
256 2838 342 2867 filiam
351 2837 463 2904 qrgcam
472 2836 587 2865 nomine
598 2834 796 2871 Phratagunam
810 2833 908 2863 Darius
916 2841 1033 2861 uxorem
1053 2832 1150 2866 duxit,
1171 2838 1203 2859 ut
1213 2830 1325 2859 testatur

202 2876 340 2908 Herodot.
370 2875 377 2903 i
401 2897 406 2904 .
437 2896 443 2903 .

165 2916 243 2945 ATA
252 2923 316 2944 ani
326 2923 345 2941 r>
355 2922 389 2942 as
398 2934 406 2947 ,
418 2884 534 2941 7Atarna:
549 2916 698 2947 tyrannus,
722 2908 758 2938 de
772 2917 827 2944 quo
840 2907 925 2937 Ovid.
939 2907 969 2935 in
985 2906 1047 2936 Ibin
1058 2928 1067 2942 ,
1081 2916 1147 2943 319.

282 2953 337 2981 Aut
348 2956 379 2980 ut
394 2949 539 2980 Atarnides
550 2946 656 2977 insutus
671 2946 745 2985 pelle
759 2946 869 2981 juvenci
880 2967 888 2981 ‚

323 2988 458 3026 Turpiter
466 2987 501 3016 ad
509 2985 656 3015 dominum
667 2984 759 3022 praeda
768 2983 854 3012 ferare
866 2990 955 3013 tuum.
1020 2982 1144 3019 Quidam
1156 2980 1325 3010 Acbarnides

201 3027 318 3066 legunt,
339 3027 385 3056 sed
395 3025 543 3055 Turnebus
558 3023 624 3053 Adv.
637 3033 661 3058 9.
673 3032 718 3057 25.
738 3022 773 3051 {ic
784 3021 917 3050 emendat
926 3043 933 3055 ,
955 3023 982 3051 δε
993 3021 1028 3051 de
1045 3021 1156 3050 Hermia
1169 3020 1275 3049 Atarnae
1285 3026 1326 3055 ty-

202 3075 290 3133 {lankim
308 3064 455 3131 {ntelligin
478 3060 626 3093 Aristotelis
647 3059 796 3090 necessario
814 3060 840 3089 Sc
855 3061 1000 3097 percharo.
1040 3057 1131 3088 Locus
1151 3057 1280 3087 obscurus
1299 3058 1326 3086 δ’(

224 3114 240 3133 υ
265 3104 295 3132 iae
319 3102 446 3133 estionis.

164 3142 362 3175 numanus,
383 3137 545 3176 [Ἀτοιςνὶς]
565 3135 677 3166 Fluvius
698 3135 736 3164 est
756 3135 860 3170 ltaliae,
880 3135 910 3163 in
928 3144 975 3163 ora
995 3133 1248 3167 Pherentanorum,
1277 3142 1326 3170 per

165 3218 186 3247 Δ
202 3188 298 3216 agrum
310 3177 496 3245 Λθῐίειηυιηίη
506 3185 580 3205 mare
591 3173 894 3204 Adriaticumillabens.
912 3172 982 3201 Plin.
995 3172 1045 3201 lib.
1059 3181 1084 3209 3.
1096 3182 1157 3210 cap.
1172 3181 1215 3200 12.
1226 3172 1252 3200 Sc
1263 3180 1305 3208 ¹3·

196 3227 216 3246 'r
227 3227 246 3245 A
258 3226 278 3244 ’r
347 3239 353 3245 .
377 3225 397 3244 A
406 3225 434 3244 T.

162 3238 418 3288 ATAUdPHUS,
440 3251 596 3282 Gothorum
616 3259 665 3279 rex
683 3249 752 3285 fuit,
778 3248 843 3286 qui,
862 3247 955 3277 Roma
976 3246 1115 3276 debellata
1127 3268 1135 3281 ‚
1157 3256 1191 3275 eo
1210 3245 1326 3275 vesaniae

202 3291 351 3330 processit,
371 3297 402 3320 ut
411 3289 650 3328 quemadmodum
661 3287 778 3317 Caesares
790 3309 798 3321 ,
819 3286 854 3315 sic
875 3286 904 3314 in
916 3285 1055 3322 posterum
1069 3285 1213 3313 Romanos
1225 3284 1326 3321 princi-

202 3339 252 3368 pes
266 3329 342 3358 Ataul
366 3329 416 3358 bos
426 3327 618 3365 cognominari
634 3325 792 3355 destinarit:
814 3334 830 3353 a
842 3333 898 3360 quo
916 3323 1057 3358 instituto,
1081 3321 1150 3350 sicut
1169 3332 1183 3350 a
1197 3321 1324 3359 pluribus

202 3367 263 3396 aliis
275 3388 283 3401 ,
304 3339 396 3404 poiqea
407 3366 524 3395 desitum
535 3365 581 3394 est.
622 3363 698 3394 Alex.
710 3363 743 3392 ab
757 3362 831 3392 Alex.
846 3361 895 3390 lib.
913 3371 935 3390 1.
952 3370 1012 3398 cap.
1024 3370 1050 3389 2.

166 3405 270 3435 ATAu
281 3413 314 3432 ιιι
327 3426 335 3440 ,
356 3404 445 3433 Boves
467 3402 637 3432 vocabantur
650 3403 679 3431 in
692 3401 793 3440 Epiro,
814 3400 924 3429 inratiae
936 3407 1053 3433 venere,
1074 3402 1104 3426 ut
1120 3397 1325 3426 incrementum

204 3441 332 3478 ampliter
342 3447 475 3479 caperent
485 3463 493 3473 ,
515 3440 586 3477 quasi
598 3441 725 3470 Setauras
737 3439 820 3468 dicas.
844 3436 909 3466 Cael.
922 3435 969 3464 lib.
979 3440 1004 3464 6.
1017 3444 1078 3473 cap.
1089 3443 1116 3470 7.

166 3480 188 3510 A
199 3489 218 3508 T
228 3482 242 3508 Ᾰ
255 3490 268 3507 ν
281 3489 297 3507 υ
308 3490 319 3508 s
330 3502 337 3513 ,
357 3480 374 3508 i.
404 3489 439 3508 m.
460 3476 652 3514 [diurnam]
673 3477 758 3506 Abavi
768 3475 811 3506 vel
819 3475 925 3505 Abaviae
937 3480 1021 3511 pater.
1061 3473 1108 3501 Sic
1119 3472 1194 3501 enim
1206 3472 1325 3507 majores

203 3517 337 3554 gradatim
360 3516 537 3546 ascendendo
560 3524 773 3549 enumeramus,
803 3515 891 3547 Avus,
913 3520 1030 3549 proavus
1041 3532 1050 3545 ‚
1071 3510 1190 3544 abavus,
1211 3516 1306 3538 atavus
1316 3532 1325 3544 ‚

202 3556 325 3584 tritavus.
366 3554 477 3587 Festus,
500 3555 600 3582 Atavus
614 3575 621 3588 ,
643 3554 707 3590 quia
720 3560 763 3581 ata
784 3551 850 3587 (vel
862 3551 937 3584 atta)
957 3549 995 3578 est
1007 3549 1069 3582 avi,
1090 3547 1120 3576 id
1135 3547 1172 3576 est
1189 3556 1272 3583 pater,
1296 3554 1326 3576 ut

203 3593 284 3630 pueri
297 3592 423 3629 usurpare
434 3591 528 3620 solent.
550 3591 598 3620 ubi
609 3591 691 3620 Abavi
707 3600 771 3619 cum
784 3590 900 3619 Dacerio
914 3586 1074 3625 legendum.
1096 3584 1161 3614 Ter.
1177 3583 1285 3614 Phorm.
1296 3594 1323 3614 2.

203 3639 231 3660 2.
245 3638 290 3665 47.
331 3629 433 3658 Primus
443 3628 510 3658 effes
520 3630 679 3658 memoriter
690 3628 852 3666 progeniem
865 3626 979 3655 vestram
999 3624 1084 3660 usque
1104 3622 1138 3651 ab
1155 3632 1223 3657 nvn,
1245 3630 1326 3659 atque

203 3674 284 3697 atavo
294 3667 446 3704 proferens.
484 3667 542 3695 Cic.
555 3676 604 3704 pro
621 3665 727 3699 Coelio,
744 3674 787 3700 33.
810 3666 876 3694 Non
895 3671 1001 3701 patrem
1021 3670 1101 3691 tuum
1119 3660 1246 3689 videras?
1268 3669 1326 3689 non

203 3712 333 3743 patruum
346 3726 354 3737 ,
376 3714 432 3733 non
442 3714 525 3733 avum
536 3725 543 3738 ,
564 3714 714 3741 proavum,
734 3712 844 3733 atavum
851 3703 977 3731 audieras
987 3697 1121 3730 Consules
1132 3696 1233 3728 fuiffe‘?

203 3743 267 3772 Avis
277 3741 413 3778 atavisque
422 3749 531 3778 potens.
552 3741 626 3778 Virg.
637 3752 663 3778 7.
676 3741 739 3771 AEn.
756 3745 798 3776 56.
812 3741 848 3769 de
860 3740 968 3770 Turno.

203 3779 344 3810 Maecenas
359 3781 443 3808 atavis
453 3779 528 3808 edite
542 3779 659 3815 regibus.
682 3779 749 3808 Hor.
767 3789 788 3807 i.
801 3778 891 3807 Carm.
904 3788 927 3806 i.
946 3787 970 3806 1.

202 3818 299 3850 Atavi,
323 3817 481 3853 proavique.
504 3816 587 3845 Ovid.
611 3827 632 3845 i.
649 3818 736 3846 Amor.
750 3822 775 3849 8.
794 3825 834 3852 17.

283 3853 385 3883 Evocat
397 3854 516 3888 antiquis
529 3863 645 3890 proavos
654 3876 662 3888 ,
687 3853 834 3890 atavosque
846 3852 988 3891 sepulcris.

219 3892 258 3922 Ut
270 3894 366 3921 Atavus
375 3913 384 3926 ,
405 3891 440 3920 sic
454 3892 583 3927 atnepos.
607 3891 640 3920 H.
656 3892 693 3920 St.
725 3891 830 3927 [Falsus
843 3891 881 3920 est
891 3891 974 3927 igitur
984 3889 1013 3917 in
1025 3894 1119 3926 etymo
1129 3886 1231 3922 Festus,
1242 3887 1268 3916 8<
1278 3895 1327 3923 po-

221 3931 276 3959 tius
296 3931 392 3958 Atavus
410 3929 529 3960 dicitur,
551 3938 601 3964 pro
619 3929 741 3963 Adavus,
764 3930 856 3958 media
875 3929 904 3958 in
922 3935 1037 3958 tenuem
1056 3925 1206 3960 conversa,
1227 3924 1284 3961 (V.
1298 3924 1326 3952 in

218 3967 244 3998 D
255 3967 352 4003 litera)
370 3966 439 3996 ficut
448 3968 569 4002 atnepos
580 3975 630 4003 pro
645 3967 786 4003 Adnep0s2
1187 3965 1197 3979 Χ

932 824 1002 854 Plin.
1016 823 1062 853 lib.
1078 833 1120 855 ιτ.
1136 833 1195 860 cap.
1208 833 1252 859 24.
1273 822 1325 851 Vel

1806 138 1833 172 A
1929 138 1960 171 T
2056 137 2083 172 E

1370 220 1392 249 A
1401 227 1420 247 τ
1429 228 1447 247 A
1457 227 1476 247 x
1488 241 1495 252 ,
1516 219 1581 248 ‘acis
1605 216 1730 255 [Ἅταξ]
1752 218 1847 249 Clarus
1862 219 1963 248 fluvius
1975 219 2124 257 provinciae
2136 217 2331 249 Narbonenfis.
2361 217 2463 248 Lucan.
2475 218 2521 249 lib.

1410 267 1434 285 1.
1468 266 1485 284 0
1507 279 1513 285 .
2538 274 2540 277 .

1451 268 1467 291 4
1489 266 1566 323 iilitis
1581 294 1645 336 Atax
1660 294 1761 330 gaudet
1771 293 1859 324 Latias
1871 305 1926 323 non
1938 294 2008 323 ferre
2021 295 2136 323 carinas.
2540 282 2544 327 i

1410 333 1478 361 Atax
1489 342 1539 369 pro
1553 332 1615 368 lplis
1626 332 1738 368 populis
1752 332 2063 376 Atacem-accolentibus
2075 332 2210 371 accipitur
2219 342 2235 362 a
2245 331 2369 367 Tibullo,
2382 331 2519 369 lib.1.7.4.
2541 345 2545 376 5
2557 342 2560 349 ¹

1491 369 1584 406 Quem
1596 375 1726 398 tremeret
1734 370 1799 400 forti
1809 370 1898 400 milite
1913 372 2001 399 Victus
2011 371 2091 399 Atax.
2544 377 2549 421 5

2545 436 2548 457 ι

1804 434 1832 468 Α

1921 434 1952 468 Τ
2046 434 2074 468 Ε

1376 479 1466 513 Ars,
1494 478 1526 507 V.
1548 488 1631 508 ATA.

1376 519 1395 546 A
1408 527 1426 544 vr
1434 526 1448 545 s
1458 527 1476 545 A
1487 526 1498 544 s
1509 539 1515 549 .
1538 517 1552 551 [
1563 515 1664 551 Ἀτέας]
1685 517 1844 548 Nomadum
1855 519 1927 556 regis
1937 529 2051 554 nomen,
2067 519 2113 556 qui
2125 517 2252 548 adversus
2261 515 2419 556 Philippum
2429 518 2529 557 Amyn.

1415 562 1448 583 tae
1461 554 1547 582 filiurn
1559 554 1662 583 bellum
1675 556 1760 590 gessit.
1800 557 1896 586 Strabo
1912 557 1956 586 lib.
1972 566 1997 594 7.

1377 593 1603 627 A'rsciiNiA,
1624 603 1655 621 ae.
1678 594 1829 629 [ἀπχνιόι]
1850 595 1982 629 Ruditas,
2005 595 2153 632 imperitia.
2177 593 2295 631 Quintil.
2308 593 2356 623 lib.
2366 603 2392 623 2.
2408 603 2469 632 cap.
2480 603 2527 625 21.
2554 584 2557 597 ¹
2584 598 2585 605 ¹

1377 631 1545 662 A'i‘EifflA.
1570 632 1586 659 A
1600 640 1718 660 TELLA
1731 642 1806 661 nus.
1844 633 1874 661 V.
1899 642 2046 661 ATTRLL
2058 642 2084 661 A.

1377 668 1399 696 A
1410 677 1503 710 Tria,¹
1516 666 1599 696 Mons
1615 669 1642 696 in
1654 670 1765 704 regione
1779 670 1937 707 Cyrenaica.
1979 669 2047 698 Plin.
2064 670 2111 699 lib.
2125 681 2148 705 ς.
2160 679 2221 707 cap.
2237 681 2261 704 ς.
2293 669 2365 699 Item
2375 669 2533 706 Cydamum
2557 695 2560 703 .

1416 714 1432 733 e
1448 715 1561 742 regione
1573 705 1698 735 Sabratae.
1742 708 1779 737 Ab
1792 708 1834 737 his
1848 718 1929 737 mons
1945 708 2030 745 longo
2045 707 2133 746 spatio
2149 708 2178 737 in
2196 707 2323 737 occasum
2337 706 2371 735 ab
2389 714 2450 736 ortu
2471 714 2531 737 ten-

1418 744 1459 771 dit
1469 764 1476 776 ,
1499 744 1561 771 Ater
1569 744 1667 773 nostris
1677 744 1767 775 diCius
1783 756 1798 775 a
1812 753 1908 775 natura
1919 768 1927 781 ,
1948 746 2043 775 adusto
2058 746 2150 775 similis
2160 768 2168 781 ,
2192 753 2239 775 aut
2246 745 2309 775 solis
2322 744 2479 782 repercussu
2489 755 2533 775 ac-
2572 759 2582 780 μ

1418 780 1510 809 censo.

1380 819 1400 847 A
1409 827 1428 846 T
1439 828 1455 862 ¹⁷2
1463 828 1479 846 R
1487 840 1496 851 ,
1512 824 1573 862 'atra
1582 841 1590 853 ,
1610 825 1699 848 atrum
1709 842 1716 855 ,
1738 821 1840 856 [μέλας
1851 843 1860 855 ,
1877 821 2029 856 ἀνθρακίας]
2050 821 2136 858 Quod
2146 821 2229 851 refert
2235 821 2358 850 colorem
2368 820 2530 851 carbonum.
2576 827 2579 842 l

1417 856 1486 885 Plin.
1499 855 1545 885 hb.
1560 867 1602 891 30.
1615 867 1675 894 cap.
1687 867 1712 886 2.
1734 858 1856 888 Pecudes
1866 869 1931 888 vero
1942 881 1950 894 ,
1972 860 2071 895 quibus
2083 869 2140 888 non
2150 859 2200 889 nisi
2210 866 2268 889 ater
2280 858 2358 889 color
2371 858 2444 888 esset.
2465 859 2530 888 Ter.
2576 879 2578 882 ψ

1416 893 1534 931 Adelph.
1548 905 1571 929 ς.
1585 905 1608 930 3.
1617 900 1661 929 63.
1690 896 1762 925 Tam
1771 898 1914 926 excoctam
1924 897 2039 926 reddam
2051 919 2059 931 ,
2077 904 2158 934 atque
2168 904 2255 926 atram
2267 919 2275 931 ,
2297 906 2379 934 quam
2392 896 2475 925 carbo
2483 896 2530 927 est.

1417 931 1503 961 Albus
1513 942 1548 960 an
1555 939 1613 962 ater
1625 933 1656 961 sis
1668 933 1769 963 nescio.
1784 934 1958 964 proverbiale
1969 957 1976 969 ,
1995 935 2036 964 De
2048 935 2170 965 homine
2193 935 2270 964 lanei
2292 942 2368 963 noto.
2394 935 2424 963 V.
2434 944 2532 964 Atrius.

1419 969 1486 999 Alba
1502 971 1527 999 St
1540 977 1596 999 atra
1605 971 1759 1001 discernere
1770 982 1829 1002 non
1838 980 1946 1010 poterat
1960 972 2155 1010 Democritus,
2189 973 2276 1003 umini
2299 982 2329 1002 us
2345 971 2454 1002 amiffis.
2475 971 2534 1002 Cic.
2579 975 2581 977 ’

1419 1007 1636 1082 A}m{iisii:tri1h⁴i.
1655 1047 1726 1085 Virg.
1741 1057 1781 1077 12.
1796 1048 1857 1078 AEn.
1870 1058 1936 1084 450.
1956 1048 1974 1077 i.
1984 1058 2008 1078 e.
2029 1048 2161 1078 Densum.
2182 1048 2262 1078 Conf.
2283 1048 2366 1086 Seges
2384 1048 2463 1078 infra.

1418 1083 1485 1113 Bilis
1496 1092 1572 1128 atra..
1602 1084 1660 1114 Cic.
1673 1094 1696 1120 3.
1717 1085 1798 1116 Tusc.
1818 1096 1859 1116 ii.
1883 1087 1963 1116 Hanc
1979 1089 2054 1116 enim
2066 1086 2219 1123 insaniam,
2241 1087 2405 1124 quaejuncta
2418 1085 2536 1116 stultitiae
2576 1088 2578 1096 '

1438 1129 1515 1159 patet
1525 1122 1607 1152 latius
1617 1145 1625 1158 ‚
1645 1133 1660 1151 a
1670 1123 1762 1153 furore
1777 1125 1971 1162 disjungimus.
2011 1125 2098 1155 Graeci
2109 1125 2209 1154 volunt
2216 1125 2257 1154 illi
2270 1125 2383 1162 quidem
2396 1146 2403 1159 ,
2425 1124 2472 1154 sed
2490 1134 2536 1161 pa-
2575 1119 2578 1143 '¹

1436 1170 1499 1189 rum
1509 1160 1603 1189 valent
1612 1160 1713 1196 verbo,
1734 1171 1818 1199 quern
1830 1173 1881 1192 nos
1898 1163 2033 1198 furorem,
2058 1162 2218 1199 μελαιῧρλὶιυ
2235 1163 2284 1201 ipsi
2300 1169 2410 1192 vocant.
2452 1161 2535 1199 Quasi
2575 1170 2577 1173 ’

1439 1207 1505 1227 vero
1516 1205 1572 1228 atra
1582 1198 1725 1227 bilisolurn
1741 1209 1819 1230 mens
1829 1222 1837 1235 ,
1858 1211 1890 1230 ac
1907 1210 1966 1229 non
1979 1200 2050 1239 saepe
2061 1200 2105 1230 vel
2120 1201 2263 1232 iracundia
2279 1201 2403 1238 graviore
2414 1222 2423 1235 ,
2443 1200 2487 1228 vel
2503 1200 2538 1229 ti..

1438 1245 1526 1280 more,
1547 1236 1590 1265 vel
1601 1236 1697 1266 dolore
1704 1244 1856 1267 moveatur.
1897 1239 2000 1273 Festus,
2009 1242 2070 1269 Atra
2079 1239 2152 1274 bilis,
2161 1239 2194 1267 ab
2205 1248 2273 1274 atro,
2286 1239 2315 1267 id
2324 1238 2363 1267 est
2374 1238 2459 1267 animi
2469 1237 2536 1267 vitio
2576 1242 2578 1247 ’

1440 1274 1522 1303 dicta.
1547 1274 1590 1303 Est
1601 1275 1676 1303 enim
1686 1282 1784 1311 atrum,
1796 1276 1914 1313 Nigrum
1929 1286 1935 1306 :
1958 1277 2004 1307 i.e.
2026 1279 2049 1307 A
2061 1277 2183 1307 candore
2194 1277 2294 1314 (animi
2301 1275 2374 1313 scil.)
2385 1282 2534 1307 remotum.
2576 1278 2577 1295 ³

1422 1311 1551 1341 Calculus
1562 1320 1629 1342 ater.
1652 1312 1736 1342 Ovid.
1754 1324 1796 1348 ις.
1816 1314 1886 1344 Met.
1897 1326 1943 1352 44.

1421 1348 1518 1387 Caligo
1530 1358 1594 1380 atra.
1618 1349 1686 1388 Virg.
1707 1361 1747 1380 ir.
1763 1352 1878 1389 Isin-36.

1422 1387 1515 1417 Color.
1539 1388 1622 1418 Ovid.
1636 1399 1659 1422 4.
1673 1389 1742 1418 Met.
1757 1394 1818 1426 165.

1422 1425 1518 1455 Cruor.
1543 1426 1608 1455 Hor.
1621 1426 1708 1463 Epod.
1726 1437 1766 1464 ¹7-
1779 1436 1821 1463 31.

1421 1463 1578 1501 Cupreffiis.
1619 1464 1691 1502 Virg.
1704 1474 1728 1499 3.
1748 1465 1810 1498 AEn.
1831 1469 1876 1502 ⁶4·
1896 1466 1916 1496 i.
1936 1476 1961 1496 e.
1982 1466 2086 1504 Nigra,
2105 1466 2229 1502 funesta,
2249 1474 2314 1495 nam
2331 1464 2427 1495 inferis
2446 1464 2540 1495 conse·
2574 1507 2576 1519 Ι

1440 1508 1515 1530 crata
1525 1503 1563 1531 est
1575 1511 1581 1531 ε
1603 1503 1666 1539 quia
1677 1502 1743 1532 caesa
1755 1513 1898 1541 nunquam
1909 1504 2055 1535 revirescit.
2094 1504 2163 1534 Haec
2171 1504 2289 1535 Servius.

1424 1539 1513 1569 Curae.
1535 1540 1602 1569 Hor.
1620 1549 1642 1575 3.
1659 1540 1748 1570 Carm.
1765 1551 1788 1570 1.
1800 1552 1846 1577 40.

1422 1576 1507 1612 Dies,
1528 1578 1652 1607 Funesta.
1675 1578 1748 1615 Virg.
1762 1582 1787 1608 6.
1806 1580 1860 1610 AEn
1885 1590 1950 1616 429.

1422 1615 1489 1645 Dies
1503 1616 1564 1645 atri.
1602 1615 1672 1645 Gell.
1683 1615 1732 1645 lib.
1747 1628 1770 1653 5.
1783 1627 1842 1655 cap.
1859 1627 1900 1654 17.
1921 1618 2031 1647 Verrius
2042 1617 2157 1648 Flaccus
2174 1619 2203 1647 in
2223 1623 2319 1655 quarto
2335 1615 2371 1645 de
2388 1616 2541 1648 Verborum
2561 1630 2564 1645 1

1441 1653 1661 1698 significatione,
1682 1654 1742 1684 dies
1759 1656 1806 1692 qui
1826 1655 1890 1685 sunt
1907 1657 2040 1695 postridie
2058 1656 2211 1691 Calendas,
2233 1656 2328 1685 Nonas
2340 1677 2348 1689 ,
2369 1654 2451 1689 Idus,
2472 1664 2540 1692 quos

1441 1692 1541 1729 wilgus
1560 1699 1689 1730 imperite
1703 1693 1821 1723 nefastos
1837 1694 1922 1730 dicit,
1943 1703 2057 1732 propter
2067 1694 2138 1723 hanc
2149 1694 2258 1724 causam
2269 1700 2342 1722 atros
2362 1693 2452 1723 dietos
2466 1693 2543 1722 habi-

1440 1729 1537 1764 tosque
1547 1729 1707 1759 effescribit.
1746 1730 1837 1767 Hine,
1859 1733 1922 1762 Ater
1931 1732 2061 1771 lapillus,
2082 1742 2136 1770 quo
2155 1732 2259 1763 Nefasti
2280 1731 2339 1761 dies
2354 1730 2533 1768 signabantur.

1442 1767 1527 1797 Ovid.
1546 1777 1569 1797 1.
1585 1768 1620 1797 de
1629 1769 1692 1797 Arte
1705 1769 1762 1798 Am.
1774 1775 1839 1805 418.

1502 1805 1607 1835 Ultima
1619 1816 1738 1843 namque
1749 1807 1809 1837 dies
1817 1814 1875 1837 atro
1887 1807 2017 1845 signanda
2025 1807 2132 1847 lapillo.

1443 1842 1565 1873 Pullatos
1575 1843 1673 1873 Cicero
1683 1852 1771 1875 vocat.

1423 1880 1551 1918 Elephas.
1573 1882 1619 1911 Sil.
1637 1891 1661 1918 3.
1678 1886 1743 1917 463.

1422 1919 1558 1957 Erinnyes
1569 1926 1640 1948 atrae.
1661 1920 1745 1949 Ovid.
1759 1930 1802 1950 10.
1823 1920 1906 1959 Epist.
1925 1931 1986 1960 103.

1422 1956 1528 1987 Fames.
1551 1957 1696 1987 Claudian.
1712 1969 1738 1994 4.
1753 1958 1852 1996 Paneg.

1422 1994 1481 2024 Fila
1497 1995 1660 2025 Parcarum.»
1680 1996 1747 2026 Hor.
1760 2007 1786 2027 2.
1808 1997 1897 2027 Carm.
1912 2006 1936 2034 3.
1954 2000 1997 2028 16.

1421 2032 1544 2062 Fluctus.
1574 2033 1645 2071 Virg.
1661 2044 1685 2070 ς.
1703 2034 1764 2064 AEn.
1776 2044 1801 2064 2.

1422 2070 1564 2101 Formido.
1594 2071 1667 2109 Virg.
1682 2081 1723 2101 12.
1742 2073 1804 2102 AEn.
1821 2081 1884 2110 335.

1422 2108 1526 2138 Homo.
1559 2109 1660 2139 Catull.
1678 2120 1722 2147 90.
1737 2120 1763 2140 2.

1422 2147 1537 2183 Hyems.
1571 2147 1641 2184 Virg.
1656 2157 1680 2184 7.
1701 2148 1839 2185 AEn.214.

1421 2183 1561 2228 Ingluvies
1572 2207 1583 2228 ,ἡ
1599 2185 1692 2215 Foeda.
1724 2186 1796 2224 Virg.
1810 2195 1835 2222 3.
1849 2186 1947 2224 Georg.
1957 2195 2021 2223 430.
2129 2210 2131 2213 .

1422 2221 1522 2260 Lapilli
1535 2231 1602 2258 atri,
1625 2224 1725 2260 quibus
1736 2224 1818 2254 Nivei
1829 2232 2020 2262 opponuntur.
2043 2224 2128 2254 Ovid.
2143 2233 2188 2263 ις.
2208 2223 2278 2255 Met.
2289 2233 2336 2260 41.

1502 2261 1568 2304 Mos
1583 2268 1640 2291 erat
1650 2262 1771 2299 antiquis
1782 2284 1789 2298 ,
1812 2263 1899 2291 niveis
1911 2262 2027 2300 atrisque
2039 2262 2141 2300 lapillis

1502 2298 1554 2328 His
1566 2300 1697 2329 damnare
1706 2309 1767 2329 reos
1776 2322 1783 2335 ,
1804 2300 1860 2330 illis
1871 2300 2011 2330 absolvere
2022 2301 2114 2339 culpa.

1423 2335 1535 2366 Ludius.
1560 2338 1622 2366 Sen.
1636 2337 1716 2367 Herc.
1729 2338 1780 2367 fur.
1794 2348 1820 2374 9.

1421 2374 1491 2404 Lux.
1525 2375 1580 2404 Seri
1599 2375 1806 2413 Hippol.1217.

1422 2413 1518 2447 Mare,
1540 2413 1557 2442 i.
1569 2423 1593 2442 e.
1615 2413 1782 2443 Turbiduin.
1807 2413 1873 2443 Hor.
1888 2423 1912 2444 1.
1927 2413 2008 2452 Epist.
2020 2421 2046 2450 7.
2058 2418 2101 2444 16.

1421 2451 1538 2481 Nemus.
1564 2451 1636 2489 Virg.
1652 2461 1673 2480 r.
1690 2452 1750 2481 AEn.
1767 2456 1828 2487 ¹⁶9·

1501 2489 1727 2526 —liorrentique
1752 2497 1842 2519 atrum
1862 2499 1959 2519 nemus
1981 2489 2110 2519 imminet
2136 2488 2243 2519 umbra.

1439 2525 1551 2564 Tropus
1570 2528 1607 2556 est
1621 2550 1628 2562 ,
1648 2537 1697 2565 per
1716 2533 1824 2562 atrum,
1846 2529 1957 2564 nigrum
1975 2528 2117 2557 ostendit:
2142 2537 2192 2565 per
2214 2528 2322 2564 nigrum
2334 2548 2343 2561 ,
2365 2523 2540 2556 umbrosum:

1444 2575 1494 2603 per
1506 2565 1820 2609 umbrosuni,densum;
1840 2566 2070 2610 idestfrondibus
2082 2565 2206 2604 plenum.
2230 2565 2359 2608 [inepte.
2384 2563 2414 2592 V.
2437 2560 2542 2601 quaead
2562 2558 2571 2606 5
2601 2551 2604 2606 ἰ

1441 2613 1466 2631 v.
1490 2613 1507 2631 A
1519 2610 1601 2632 ais-r
1615 2613 1631 2632 A
1649 2612 1813 2633 notaVimus.
1856 2603 1956 2633 Nullus
1965 2603 2011 2632 hic
2022 2611 2117 2641 tropus
2126 2603 2181 2639 est,
2199 2602 2334 2640 siquidem
2351 2601 2462 2638 Umbra,
2476 2600 2542 2630 den·
2562 2621 2563 2642 5
2601 2627 2604 2645 ἶ

1441 2640 1555 2670 fioribus
1566 2641 1593 2670 in
1605 2641 1676 2671 silvis
1685 2651 1777 2671 revera
1789 2648 1847 2671 atra
1857 2648 1972 2680 apparet
1981 2641 2102 2680 aspeetu.

1423 2678 1500 2708 Nox.
1522 2679 1592 2713 Virg.
1608 2689 1630 2708 i.
1648 2680 1708 2710 AEn.
1723 2685 1767 2715 89.

2226 1808 2262 1839 Et
2270 1809 2357 1840 Atrati
2368 1806 2452 1843 circii,
2473 1787 2544 1845 quoi
2572 1795 2576 1845 ξ
2599 1798 2603 1806 ’

2343 2487 2396 2518 Ubi
2416 2486 2541 2522 Servius,
2564 2466 2572 2477 ’
2602 2494 2604 2498 ’

2574 65 2577 87 l

2574 133 2577 218 ἶ

2573 222 2578 265 5

2573 269 2578 343 l

2578 314 2585 330 ι’

2572 354 2579 398 l

2572 410 2577 422 a

2572 426 2577 443 [l
2584 447 2585 450 .

1421 2717 1535 2751 Nubes,
1559 2714 1634 2746 Altae.
1658 2718 1728 2753 Virg.
1741 2727 1781 2746 10.
1794 2718 1855 2748 AEn.
1870 2723 1932 2752 308.
1955 2717 2084 2752 Servius,
2104 2716 2162 2746 Nisi
2181 2716 2273 2753 potius
2294 2715 2369 2745 Atras
2387 2714 2476 2745 nubes
2491 2722 2542 2753 pto
2599 2710 2604 2747 ‚⁴

1440 2754 1643 2792 Praegnantibus
1655 2757 1681 2785 Sc
1695 2755 1779 2792 spissis
1789 2766 1820 2786 ac
1832 2756 1921 2786 densis
1932 2756 2060 2793 accipias.
2081 2754 2156 2784 conf.
2171 2754 2343 2791 Tempestas.
2565 2743 2570 2779 l

1422 2792 1503 2823 Odor
1545 2792 1618 2830 Virg.
1634 2803 1674 2822 12.
1689 2793 1750 2823 AEn.
1768 2805 1829 2829 59¹.

1503 2830 1629 2860 Volvitur
1638 2837 1694 2860 ater
1704 2832 1781 2860 odor.

1441 2878 1471 2935 *3
1483 2867 2334 2941 ἓῒέῐῖὲιῗξὶἐξηῗῗἶιῖῗὲῑὲπἒ-ῑάῑἮέιέἒῑῖἕηῖιιῖῑίνῖῗῑῐςῗ·
2375 2867 2440 2896 ‘³³³¹
2453 2866 2541 2902 ⁰⁶⁰*
2559 2879 2569 2921 ‘i

1422 2917 1502 2974 (ilus.
1525 2930 1663 2974 Columel.
1671 2930 1724 2975 lib.
1742 2955 1783 2975 12.
1795 2917 1857 2983 ca5p.
1867 2928 1892 2981 [7.
1932 2945 1961 2973 V.
1986 2954 2002 2973 0
2013 2916 2134 2973 LquuAT
2144 2916 2231 2972 spuet(1
2254 2915 2316 2935 ama
2331 2914 2356 2934 ο.

1858 2830 1912 2860 Ubi
1920 2831 2029 2860 Servius
2040 2852 2049 2866 ,
2066 2830 2127 2859 Ater
2139 2829 2226 2864 odor,
2244 2829 2343 2865 Nove,
2363 2838 2427 2857 narn
2438 2828 2467 2857 in
2477 2827 2542 2857 odo·
2560 2796 2570 2874 5

1421 2981 1511 3012 Panis.
1551 2982 1614 3012 Ter.
1623 2983 1689 3012 Eun>
1702 2995 1725 3019 ς.
1738 2995 1762 3019 4.
1779 2993 1819 3019 r7.
1847 2983 1912 3019 Quo
1925 2984 2006 3019 pac'to
2016 2981 2117 3016 exjure
2133 2981 2259 3010 hesterno
2275 2989 2375 3018 panem
2389 2984 2477 3009 atrum
2495 2981 2540 3010 Vo-
2559 2977 2566 2999 '¹

1440 3028 1511 3050 rent.
1553 3021 1606 3050 Ubi
1617 3022 1739 3050 Donatus
1749 3043 1757 3056 ,
1780 3021 1880 3050 Panem
1889 3027 1978 3049 atrum
1990 3042 1998 3055 ,
2020 3020 2074 3049 hoc
2085 3020 2122 3048 est
2137 3019 2190 3053 (ut
2199 3019 2310 3056 quidam
2318 3017 2440 3053 volunt)
2455 3025 2541 3046 exan-
2567 3047 2569 3050 ,

1439 3059 1567 3101 tiquitate
1583 3059 1745 3094 mucidum,
1768 3058 1840 3096 quasi
1854 3058 1929 3087 dicat
1939 3080 1946 3094 ,
1969 3059 2071 3087 Panem
2087 3056 2234 3087 mucidum
2250 3054 2378 3087 hestertio
2395 3056 2456 3092 jure
2471 3053 2541 3084 acci-

1442 3103 1551 3133 pientes
1561 3096 1729 3134 deglutiunt.

1421 3133 1504 3163 Piscis
1515 3155 1521 3163 .
1544 3135 1560 3163 i.
1572 3144 1595 3163 e.
1619 3134 1747 3164 Odiosus.
1770 3133 1836 3163 Hor.
1850 3134 1911 3162 Arte
1922 3134 1995 3163 Poer„
2011 3142 2035 3169 3.

1421 3171 1538 3210 Sanguis
1548 3194 1555 3206 ,
1577 3182 1627 3210 pro
1638 3173 1730 3202 Sanie.
1752 3172 1824 3208 Virg.
1840 3180 1863 3207 3.
1877 3171 1938 3200 IEn.
1952 3181 2016 3200 221.

1503 3210 1657 3239 Visceribus
1670 3209 1831 3239 miserorum
1844 3231 1852 3245 ,
1875 3210 1901 3238 δι
1911 3209 2043 3247 sanguine
2052 3207 2170 3238 vescitur
2177 3212 2244 3237 atro.

1421 3247 1505 3285 Seges
1516 3270 1524 3284 ,
1550 3248 1620 3285 Virg.
1634 3257 1660 3285 7.
1674 3248 1734 3277 AEn.
1749 3257 1809 3283 525.

1660 3301 1698 3307 -—
1712 3286 1830 3322 Atraque
1845 3283 1900 3313 late

1502 3323 1641 3353 Horrescit
1660 3323 1758 3352 stridis
1777 3323 1852 3355 seges
1869 3320 1986 3351 ensibus.
2083 3321 2123 3357 [i.
2136 3330 2160 3350 e.
2185 3319 2274 3350 Densa
2297 3319 2380 3355 viris,
2399 3326 2430 3349 ut
2441 3318 2540 3357 Agrum
2561 3318 2563 3322 ’

1440 3365 1528 3403 ati-um
1543 3361 1629 3398 supra.
1653 3360 1783 3390 Fertileni
1801 3352 1875 3389 Serv.
1890 3360 2009 3396 exponit
2022 3381 2029 3395 ,
2051 3359 2158 3388 inscite.
2557 3365 2562 3370 ·

1421 3398 1506 3435 Signa
1518 3421 1525 3432 ,
1548 3399 1685 3428 lndiciurn
1699 3398 1772 3428 triste
1784 3398 1868 3427 futuri
1879 3398 1953 3427 mali.
1974 3398 2041 3427 Stat.
2061 3407 2084 3426 1.
2099 3395 2188 3427 Achil.
2201 3404 2262 3431 1²9·

1425 3436 1579 3472 Speluncae.
1603 3437 1674 3474 Virg.
1693 3447 1714 3465 r.
1732 3436 1793 3466 lEn.
1807 3439 1851 3464 60.

1419 3474 1592 3511 Tempestas.
1631 3474 1702 3511 Virg.
1717 3485 1741 3509 5.
1765 3473 1826 3503 AEn.
1840 3476 1902 3508 693.
1927 3471 2041 3509 Aspectu
2055 3494 2063 3508 ‚
2085 3471 2140 3500 viz.

1419 3511 1527 3541 Timor.
1552 3512 1622 3549 Virg.
1637 3522 1662 3547 9.
1679 3513 1740 3542 lEn.
1753 3520 1814 3547 719.
1839 3511 1856 3539 i.
1870 3506 1893 3539 ὲ.
1916 3509 2029 3548 Turpis,
2051 3517 2081 3539 ut
2093 3509 2183 3546 placet
2191 3507 2335 3538 Turnebo.

1420 3549 1514 3585 Tigris
1527 3571 1535 3583 ,
1558 3549 1641 3579 Saeva.
1669 3550 1739 3587 Virg.
1753 3559 1780 3584 4.
1801 3549 1900 3585 Georg.
1917 3557 1979 3583 407.
2020 3548 2139 3577 Servius.

2323 3205 2442 3239 Servius.

1421 3587 1576 3616 Venenum.
1620 3587 1689 3622 Virg.
1701 3597 1725 3616 2.
1743 3586 1803 3616 AEn.
1824 3595 1884 3622 130.
1907 3585 1960 3615 Ubi
1973 3586 2101 3620 Servius,
2123 3586 2221 3614 Atrum
2238 3592 2400 3618 venenum,
2420 3587 2453 3612 ut
2466 3578 2539 3612 Palli·
2552 3578 2560 3624 5
2597 3575 2604 3633 Ξ

1441 3625 1476 3654 da
1494 3634 1568 3654 mors
1579 3647 1587 3659 ,
1607 3625 1702 3654 Tristis
1714 3625 1847 3653 senectus.

1420 3663 1532 3691 Vinum.
1575 3662 1659 3692 Plaut.
1673 3663 1748 3692 Men.
1765 3673 1788 3697 ς.
1801 3672 1824 3697 5.
1841 3670 1882 3697 17.
1905 3660 2004 3691 Album
2017 3684 2024 3697 ,
2044 3669 2079 3690 an
2093 3665 2183 3688 atrum
2197 3658 2295 3687 vinum
2308 3663 2386 3695 potas
2396 3658 2411 3686 ἶ)

1424 3700 1554 3737 Compar.
1595 3700 1681 3730 Plaut.
1696 3701 1769 3729 Poen.
1783 3710 1805 3734 ς.
1821 3710 1844 3734 ς.
1865 3709 1905 3727 ii.
1936 3701 2023 3728 Atrior
2031 3696 2157 3728 utmulto
2169 3695 2215 3725 siet
2225 3704 2306 3732 quam
2317 3695 2445 3733 AEgyptii.

1384 3738 1434 3768 ΛΤ
1446 3748 1459 3766 a
1470 3742 1485 3766 A
1497 3748 1516 3766 ‘r
1527 3748 1544 3765 υ
1555 3747 1566 3767 s
1576 3760 1583 3772 ‚
1608 3738 1665 3773 Adj.
1689 3737 1886 3774 [μελανείμων]
1907 3744 1936 3766 ut
1946 3760 1953 3771 ‚
1975 3738 2083 3768 Atratus
2094 3735 2196 3764 fluvius
2207 3756 2214 3765 .
2236 3735 2301 3762 Atro
2325 3733 2418 3762 colore
2429 3732 2534 3764 tinc’tun-
2552 3727 2560 3782 5¹
2600 3735 2604 3747 ²

1423 3776 1482 3804 Cic.
1501 3786 1521 3804 i.
1532 3775 1567 3804 de
1581 3775 1669 3805 Divin.
1683 3781 1728 3809 68.
1751 3775 1827 3811 Quid
1839 3796 1846 3807 ,
1869 3776 1943 3811 quod
1955 3775 2054 3804 fluvius
2068 3780 2168 3803 atratus
2176 3771 2306 3808 sanguine
2317 3771 2397 3800 fluxit
2407 3772 2421 3799 ’ἓ

1423 3813 1546 3847 Atratus,
1569 3811 1646 3842 Veste
1660 3813 1768 3849 lugubri
1789 3812 1911 3841 indutus.
1954 3813 2011 3841 Cic.
2027 3814 2054 3842 in
2071 3811 2150 3840 Vatin
2174 3819 2215 3843 30.
2244 3808 2322 3837 Cedo
2344 3809 2406 3845 quis
2423 3811 2539 3842 unquam
2562 3812 2565 3818 '

1442 3851 1564 3893 coenavit
1574 3852 1697 3880 atratus?
1720 3852 1756 3880 ita
1767 3850 1843 3879 enim
1858 3849 1926 3879 illud
1936 3850 2051 3888 epulum
2062 3849 2100 3878 est
2110 3847 2227 3877 funebre
2242 3868 2250 3881 ‚
2273 3852 2303 3875 ut
2315 3855 2416 3875 munus
2425 3845 2455 3874 sit
2465 3843 2542 3873 fune-

1442 3897 1478 3916 ris
1489 3909 1497 3921 ,
1519 3888 1608 3932 epula:
1619 3890 1732 3926 quidem
1741 3887 1803 3930 ipsa:
1812 3887 1960 3923 dignitatis.
1984 3888 2058 3917 conf.
2071 3887 2153 3916 Varro
2164 3894 2189 3920 7.
2206 3885 2241 3913 de
2250 3883 2279 3913 L.
2295 3882 2324 3927 L.
2337 3893 2364 3927 7.
2551 3914 2553 3925 1

1387 3925 1436 3954 ΔΤ
1449 3935 1461 3952 s
1475 3935 1508 3954 ic
1518 3936 1534 3953 o
1545 3936 1585 3954 Lo
1596 3936 1611 3954 a
1627 3949 1635 3961 ‚
1656 3927 1720 3956 oris.
1746 3925 1803 3961 Adi.
1826 3925 1911 3962 Quod
1922 3931 2011 3954 atrum
2023 3922 2244 3954 habetcolorem.
2266 3921 2335 3950 Plin.
2346 3921 2394 3950 lib.
2407 3929 2432 3957 7.
2442 3928 2502 3956 cap.
2510 3924 2536 3946 2.
2551 3927 2564 3955 5⁴

1425 3961 1501 3992 Alios
1507 3963 1623 3999 juvenes
1632 3970 1714 4002 atque
1722 3972 1823 4001 pueros
1834 3985 1842 3998 ,
1865 3963 2024 3993 atricolores
2034 3985 2041 3999 ‚
2063 3962 2180 4000 aligeros
2190 3982 2198 3995 ,
2219 3959 2335 3989 claudos
2346 3960 2419 4026 ,Δδια
2437 3995 2450 4002 fl

2385 4004 2429 4024 'n
2436 4004 2448 4023 1
2455 4000 2536 4029 τω,

2552 3655 2568 3671 ι’-
2596 3650 2604 3671 ’ἱ
