2604 4222
153 154 219 198 543
607 145 636 179 C
733 142 768 177 N
872 139 900 174 E

206 241 288 270 quam
299 231 362 261 sac'ti
374 229 435 260 sunt
443 227 612 266 stipendiarii
623 247 631 259 ,
652 224 726 268 scuta
740 233 790 261 pro

205 271 296 312 manis
306 270 457 306 legendum
468 266 522 296 esse
533 265 615 294 docet
627 263 749 291 Clericus
761 282 770 296 ,

189 310 431 381 AEizitiisclypeus.
452 340 500 370 Sil.
512 339 560 369 lib.
573 348 614 374 ¹5-
631 342 695 374 758.

189 383 293 414 AEreus.
316 382 441 417 Virg.12.
454 378 516 409 1Εο.
531 386 593 411 541.
653 411 659 417 ·
981 405 987 411 ι

190 421 254 451 AEre
265 430 333 449 cavo
345 441 352 450 .
374 418 392 447 i.
407 427 431 446 e.
452 415 521 446 AEris
536 413 605 443 cavi.
627 411 700 447 Virg.
716 417 739 446 3.
751 408 813 438 AEri.
825 409 889 440 286.
911 406 1031 435 Servius.

189 455 420 493 Ardentesclypei
433 475 441 488 ,
463 453 620 485 micantes,
641 448 789 483 fulgentes.
811 445 884 482 Virg.
897 452 924 473 2.
941 442 1003 473 AEn.
1020 450 1083 479 734.

191 496 323 526 Detritus.
345 493 391 522 Sil.
403 491 450 520 lib.
465 500 505 518 10.
521 493 582 524 398.

190 533 308 570 Fulgens
319 540 394 560 aure.
416 528 498 557 Ovid.
510 531 535 558 8.
551 524 621 554 Met.
634 531 680 559 27.

190 571 355 607 Nubigerus.
377 568 444 595 Stat.
456 564 552 598 <.Si1v.
566 571 591 591 2.
609 569 670 596 ¹31·
684 597 689 603 ·

282 607 352 642 Quis
362 605 412 633 tibi
421 609 479 632 tum
495 607 590 630 tenero
601 595 864 636 permisitplaudere
879 593 953 624 collo

278 643 436 679 Nubigeros
445 640 560 676 clypeos
572 659 579 671 ,
601 637 758 670 intactaque
769 633 892 662 caedibus
902 642 978 661 arma
988 632 1002 660 ἳ
1062 668 1068 674 ¹
1115 627 1181 658 Hoc
1200 637 1234 657 ex
1251 627 1305 656 ritu

205 682 298 713 veteri.
328 681 374 716 qui
394 678 468 707 enim
487 681 646 713 praetextam
665 673 828 710 posuerant,
849 671 937 700 aetatis
957 669 1084 698 militaris
1103 667 1304 709 censebantur,

205 720 299 757 primis
311 724 403 747 autem
412 714 557 751 stipendiis
569 712 700 749 clypeum
714 709 845 747 gerebant
856 709 910 738 sine
925 708 1003 737 omni
1018 711 1182 742 argumento
1201 706 1227 734 ἃ
1244 703 1305 732 insi-

203 759 249 794 gni
260 755 427 787 candidum,
450 751 525 781 velut
541 760 557 779 e
572 749 722 786 Virgiliano
735 747 813 776 versu
826 754 925 776 notum
937 746 990 781 est,
1010 755 1035 780 9.
1047 743 1108 773 AEn.
1126 748 1188 778 548·

276 792 345 822 Ense
355 792 423 820 levis
432 790 509 819 nudo
521 810 529 823 ,
550 796 701 826 parmaque
713 784 845 823 inglorius
856 784 927 814 alba.
1021 782 1076 812 Eos
1088 780 1203 818 clypeos
1211 778 1306 817 appel-

201 832 240 861 lat
250 831 407 864 Nubigeros
420 827 556 864 Papinius.
584 824 741 854 Turnebus.

182 868 270 898 Passus
280 868 381 906 praelia.
403 866 486 895 Ovid.
503 873 543 899 13.
562 863 631 893 Met.
652 867 713 895 118.
995 896 1001 902 Ι
1227 892 1232 898 .
1297 891 1303 897 ⁶

182 907 286 936 Salvus.
327 906 384 934 Cic.
395 913 413 932 2
437 904 471 931 de
481 900 568 931 Finib.
583 910 628 936 97.
651 898 740 929 Simul
757 904 840 935 atque
855 897 912 934 ipse
928 906 1002 934 gravi
1018 895 1133 924 vulnere
1152 901 1304 922 exanimari

199 945 307 973 videret
317 943 358 977 se,
380 948 410 970 ut
423 942 544 978 primum
561 938 699 977 dispexit,
721 937 844 974 quaesivit
863 935 984 965 salvusne
1007 933 1075 963 esset
1096 932 1221 969 clypeus,
1264 929 1304 959 De

200 981 394 1020 Epaminonda
410 979 557 1007 moriente.
1043 1008 1060 1014 ..

176 1018 361 1056 Septeniplex
375 1039 382 1049 .
405 1017 493 1053 Ajacis
505 1013 664 1045 Telamonii
676 1012 791 1050 clypeus
801 1017 859 1040 erat
872 1010 978 1047 septem
992 1018 1075 1039 coriis
1094 1007 1181 1037 boum
1200 1007 1299 1036 tec‘tus.

197 1058 282 1087 Ovid.
301 1065 341 1092 13.
355 1055 424 1085 Met.
437 1064 464 1084 2.
491 1052 584 1090 virgil.
599 1051 716 1080 similem
726 1050 824 1080 Turno
834 1048 933 1078 tribuit
945 1057 987 1078 12.
1000 1047 1062 1078 ffin.
1078 1055 1140 1082 9²5·

177 1094 334 1124 Curvamen
346 1093 446 1130 clypei.
469 1091 553 1126 Ovid.
572 1100 613 1119 12.
627 1089 696 1118 Met.
710 1099 754 1123 95.

176 1133 316 1162 Decorum
328 1131 418 1168 clypei
430 1130 543 1166 insigne.
567 1128 639 1164 Virg.
652 1136 678 1156 2.
693 1126 755 1156 AEn.
771 1134 833 1161 392.

175 1170 268 1199 Umbo
279 1169 370 1207 clypei
383 1169 521 1201 summus,
542 1166 638 1196 Media
649 1164 741 1201 clypei
754 1172 815 1200 pars
828 1166 935 1192 extans.
957 1159 1030 1203 Virg.
1044 1168 1069 1188 2.
1083 1158 1142 1202 ffin.
1156 1160 1218 1193 546.
1230 1195 1236 1200 -
1278 1194 1284 1200 ¹

175 1208 335 1238 Accendere
350 1207 481 1244 clypeum
497 1214 581 1239 aum,
603 1204 620 1232 i.
633 1213 656 1232 e.
678 1203 785 1240 Tegere
804 1210 870 1230 auro
886 1197 1108 1237 splendidissimo
1131 1196 1212 1225 instar
1229 1203 1300 1233 ignis

193 1246 324 1275 ardentis.
346 1244 451 1275 Sil.lib.
468 1247 585 1278 1ς.681.

175 1283 278 1313 Cavare
291 1283 421 1320 clypeum
434 1280 551 1316 alicujus
562 1301 571 1315 ,
592 1279 609 1308 i.
627 1288 652 1308 e.
673 1277 820 1307 Perforare.
843 1275 910 1304 Stat.
924 1284 950 1310 9.
964 1272 1056 1304 Theb.
1074 1274 1136 1302 126.

174 1321 280 1351 Efferre
290 1321 419 1358 clypeum
431 1319 541 1348 sinistra.
565 1317 634 1354 Virg.
650 1326 692 1345 10.
705 1315 767 1345 AEn.
778 1318 843 1343 261.

174 1359 310 1396 Excipere
321 1360 390 1387 ictus
402 1357 512 1395 clypeo.
536 1355 619 1385 Ovid.
633 1364 673 1383 12.
698 1353 767 1382 Met.
781 1361 844 1389 375.
859 1389 864 1395 ·

174 1397 283 1426 Exuere
293 1396 376 1425 alicui
387 1396 482 1424 reduci
493 1393 632 1431 clypeum.
655 1391 741 1433 Ovid.
758 1399 800 1425 13.
814 1389 897 1427 Epist.
912 1396 974 1424 147.

174 1435 300 1465 Ferendo
312 1434 413 1471 clypeo
423 1442 520 1462 manus
532 1437 602 1468 apta.
624 1429 707 1459 Ovid.
722 1439 744 1458 1.
759 1428 793 1457 de
806 1428 868 1457 Arte
881 1427 939 1456 Am.
953 1429 1016 1460 693.
1035 1462 1041 1468 ι

174 1472 296 1509 Flagrare
307 1472 410 1501 lidereo
420 1471 538 1508 clypeo;
561 1468 724 1504 Fulgentem
735 1466 867 1504 clypeum
878 1464 988 1502 gestare.
1011 1461 1084 1495 Vira.
1100 1469 1141 1489 12.
1154 1460 1215 1490 AEn.
1231 1462 1294 1496 167.

172 1509 256 1540 Fixos
267 1510 428 1539 submittere
441 1508 564 1546 clypeos.
607 1506 654 1536 Sil.
673 1505 722 1534 lib.
736 1515 760 1540 ς.
777 1514 845 1546 215.¹
878 1504 895 1532 i.
911 1512 935 1531 e.
958 1500 1133 1543 numeros&
1143 1504 1228 1537 caput
1237 1499 1296 1536 cly-

172 1586 182 1617 I
194 1549 253 1615 pseis
269 1554 389 1614 tegssfeyst
413 1546 527 1612 [Imlmo
537 1543 721 1610 Te¹ii·infi{i⁵
727 1551 895 1616 ῗὲἓνεόῑμῃι
904 1539 1019 1577 clypeos
1030 1538 1186 1567 demittere.

187 1596 202 1614 n
218 1594 305 1615 ertare
329 1596 366 1614 ini
392 1594 448 1614 ram
459 1594 474 1612 c
488 1593 503 1618 v
527 1592 569 1612 eo.
619 1592 640 1610 ir
663 1604 668 1611 .
702 1604 707 1610 .
782 1602 789 1609 .
844 1591 866 1609 r.

173 1624 306 1659 Objicere
317 1624 430 1660 clypeos
441 1623 475 1651 ad
485 1593 549 1650 sella.
574 1591 683 1657 Virg.g2.
697 1619 759 1649 AEn.
771 1626 836 1655 443.

172 1661 325 1699 Opponere
335 1661 475 1698 clypeum.
496 1659 581 1689 Ovid.
599 1667 639 1694 13.
653 1657 722 1687 Met.
736 1666 782 1694 75.

171 1699 333 1730 Remittere.
355 1698 476 1728 Martial.
489 1696 535 1726 lib.
548 1708 572 1731 9.
586 1705 629 1732 57.
957 1730 964 1736 ·

264 1738 390 1767 Loricam
402 1758 410 1771 ,
431 1736 617 1773 clypeumque
627 1733 680 1762 tibi
692 1754 700 1768 ,
721 1731 884 1770 galeamque
895 1734 1018 1760 remitto.

170 1774 317 1813 Subligare
329 1775 445 1803 sinistrae.
470 1774 538 1811 Virg.
555 1782 565 1801 1
575 1782 598 1801 1.
608 1772 670 1802 AEn.
683 1781 726 1800 1ο.

169 1814 295 1843 Sumere.
318 1812 402 1842 Ovid.
413 1818 438 1846 8.
453 1811 522 1841 Met.
537 1819 583 1846 27.
791 1845 797 1850 Ι
839 1844 845 1850 .

170 1851 272 1918 VestXe
272 1851 396 1918 ὴ0111111005
407 1849 479 1880 eaesis
489 1847 633 1886 juvencis,
654 1847 673 1876 i.
684 1855 710 1876 e.
732 1844 823 1874 Coriis
837 1852 1023 1881 juvencorum
1039 1847 1200 1879 contegere.
1223 1839 1293 1870 Stat.

191 1899 215 1919 1.
255 1899 269 1918 c
292 1899 300 1918 i
314 1911 320 1918 .
356 1899 364 1917 i
391 1910 397 1917 .

170 1927 309 1965 Clypeum
331 1897 437 1961 {ntiqui
452 1924 488 1953 ob
500 1923 701 1953 rotunditatem
718 1921 802 1951 etiam
817 1920 932 1950 Corium
944 1919 1024 1948 bovis
1043 1916 1221 1955 appellarunt
1234 1937 1243 1951 ,
1264 1915 1294 1944 in

189 1975 244 2003 quo
257 1964 349 1994 foedus
361 1964 510 1994 Gabiorum
522 1971 586 1992 curn
596 1960 730 1991 Romanis
742 1959 830 1988 fuerat
845 1957 1022 1995 descriptum.
1043 1956 1145 1986 Festus.

807 220 913 258 clypeis
928 218 1028 247 secere.
1051 214 1208 245 Turnebus.
1250 212 1309 242 Ro-

791 267 876 297 quum
889 257 924 285 de
935 255 1041 285 Latinis
1061 251 1247 291 stipendiariis
1259 251 1312 280 ser·

78 2022 82 2023 ⁷
134 2003 305 2037 CLYPso,
326 2005 381 2032 are.
410 2001 529 2030 Verbum
546 2000 701 2035 antiquum.
742 1997 839 2026 Pacuv.
870 1995 1024 2025 Hermiona
1039 2016 1047 2029 ,
1067 1993 1143 2031 apud
1162 1992 1236 2021 Varr.
1258 1991 1294 2021 de

171 2040 200 2070 L.
214 2040 243 2070 L.
259 2052 286 2077 4.
302 2050 324 2070 1.
347 2040 465 2069 Currum
476 2038 577 2075 liquit,
599 2035 748 2074 chlamyde
766 2040 899 2065 contorta
920 2034 977 2063 astu
1005 2032 1116 2071 clypeat
1136 2030 1293 2060 brachium.

171 2080 271 2109 Auctor
285 2078 411 2113 Nonius,
431 2087 458 2107 2.
479 2086 540 2112 145.

134 2117 156 2146 C
166 2120 308 2146 LYPRAT
318 2126 334 2145 υ
345 2126 356 2145 s
366 2138 374 2151 ,
396 2115 538 2152 [dammae]
558 2113 666 2151 Clypeo
678 2111 813 2141 munitus.
853 2109 942 2139 Plaut.
959 2108 1040 2139 Curc.
1057 2116 1083 2143 3.
1101 2117 1144 2143 54.
1178 2144 1184 2150 ¹

263 2154 414 2192 Clypeatus
423 2152 606 2190 elephantum
621 2151 668 2180 ubi
680 2148 817 2179 machaera
827 2147 936 2177 difficit.
1048 2146 1095 2175 Sic
1106 2147 1223 2184 Agmina
1235 2142 1295 2181 cly-

172 2197 261 2230 peata.
282 2193 329 2222 Sil.
344 2192 389 2221 lib.
404 2197 429 2225 8.
441 2194 504 2226 416.
528 2190 560 2219 Et
572 2189 641 2226 Virg.
654 2197 678 2225 7.
693 2187 827 2223 IEn.793.

173 2231 337 2268 Clypeatum
348 2229 488 2259 incedere.
511 2227 609 2257 Claud.
628 2225 708 2255 Cons.
724 2225 797 2254 Hon.
809 2234 836 2258 4.
849 2231 912 2258 522.
1273 2257 1279 2264 ·

134 2268 328 2302 Cursiuos,
349 2268 367 2297 i.
388 2277 423 2296 m.
447 2263 605 2303 [κλυσμέὶε]
626 2264 770 2301 Purgatio,
797 2261 885 2297 lotio,
909 2259 1057 2294 lavamen,
1078 2257 1186 2296 clyster.
1222 2257 1293 2301 8011ἶ

170 2306 236 2335 bon.
260 2305 360 2342 Largus
371 2315 464 2342 comp.
481 2314 542 2339 155·
557 2303 607 2332 His
619 2302 695 2332 alvus
707 2301 762 2331 acri
776 2299 878 2337 clysmo
889 2307 971 2328 mane
980 2296 1116 2327 trahenda
1126 2296 1172 2326 est.
1189 2297 1215 2326 δι
1225 2295 1292 2325 alibi

169 2343 240 2381 saepe
247 2345 321 2381 apud
332 2343 465 2372 eundern.
766 2375 771 2379 Ι
1061 2372 1067 2378 0
1135 2372 1140 2378 Ι

133 2381 155 2411 0
165 2393 181 2410 1.
189 2391 208 2412 Y
217 2391 228 2411 5
237 2392 256 2410 T
265 2392 278 2410 1,
287 2392 303 2410 r.
315 2404 324 2415 ,
344 2382 407 2410 cris.
429 2390 465 2409 111.
487 2378 626 2415 [macule]
647 2376 890 2406 Medicamentum
908 2373 1050 2416 quodsper
1060 2372 1219 2402 inferiorem
1231 2380 1292 2408 par-

167 2415 225 2449 tem
237 2441 245 2454 ,
266 2419 404 2457 purgandi
422 2419 526 2455 gratia,
545 2417 575 2445 in
594 2422 718 2445 ventrem
734 2413 903 2442 immittitur.
926 2410 971 2438 xm*
990 2410 1008 2439 ὗ
1028 2410 1140 2453 κλῄζω,
1162 2411 1237 2447 quod
1252 2409 1291 2438 est

167 2457 287 2487 abluere.
310 2457 377 2486 Plin.
391 2456 440 2485 lib.
452 2465 497 2485 20.
512 2464 572 2492 cap.
584 2463 610 2483 2.
631 2452 747 2482 Urinam
763 2458 859 2480 movet
869 2451 898 2478 in
908 2450 975 2479 vino
987 2448 1064 2478 dulci
1077 2470 1085 2484 ‚
1108 2450 1135 2478 Sc
1149 2449 1178 2477 in
1190 2456 1291 2477 renum

167 2495 264 2524 dolore
276 2495 435 2532 clysteribus
449 2493 528 2523 simul
548 2501 612 2521 cum
633 2491 746 2520 cumino
760 2489 928 2519 infunditur.
966 2486 1066 2522 Idem,
1088 2496 1133 2516 20.
1146 2495 1171 2523 3.
1199 2485 1291 2515 Infusa

165 2542 278 2570 quoque
290 2531 450 2569 clysteribus
461 2530 654 2560 intestinorum
665 2528 790 2557 omnium
801 2527 875 2556 vitiis
886 2524 1024 2554 medetur.

164 2571 307 2607 Accipitur
319 2572 385 2599 item
398 2570 501 2606 Clyster
513 2577 563 2606 pro
572 2567 633 2605 Ipso
644 2566 826 2595 instrumento
836 2563 911 2601 quod
924 2563 959 2592 ad
967 2561 1123 2601 proluenda
1135 2561 1240 2591 ventris
1249 2570 1290 2590 re-

183 2615 325 2638 crementa
334 2608 390 2637 sedi
401 2607 528 2636 inseritur
538 2628 546 2640 ,
567 2613 677 2643 quoque
688 2603 880 2632 intestinorum
892 2624 899 2636 ,
921 2607 953 2629 ut
963 2603 1000 2631 ita
1015 2601 1109 2630 dicam
1120 2621 1128 2635 ,
1149 2599 1290 2642 lavamen3

185 2652 245 2676 tum
256 2646 319 2676 alvo
331 2646 465 2682 injicitur.
506 2643 643 2681 Ulpianus
662 2641 681 2670 l.
704 2642 771 2670 item
787 2641 804 2670 si
817 2639 955 2669 obstetrix.
980 2639 1012 2668 D.
1031 2639 1067 2667 ad
1081 2638 1134 2675 leg.
1153 2637 1241 2674 Aquil.
1260 2637 1290 2666 Sr

182 2685 244 2722 quis
256 2693 305 2721 per
319 2684 394 2719 vim,
414 2682 459 2713 vel
467 2681 575 2712 suasum
594 2679 834 2711 medicamentum
851 2678 934 2708 alicui
951 2676 1054 2706 infudit
1065 2698 1074 2713 ‚
1095 2675 1139 2705 vel
1157 2685 1204 2706 ore
1215 2697 1224 2712 ,
1244 2674 1290 2705 vel

183 2722 296 2753 clystere
307 2743 315 2755 ,
335 2723 386 2752 &c.

163 2754 274 2797 Pufgari
286 2759 401 2797 clystere
418 2759 443 2789 &
454 2757 572 2787 vomitu.
595 2756 672 2785 Suet.
681 2756 710 2785 in
718 2755 823 2785 Neron.
840 2763 901 2791 cap.
915 2761 961 2782 2ο.

163 2797 335 2828 Oricularius
345 2797 450 2835 clyster.
492 2794 560 2824 Cels.
576 2794 623 2823 lib.
634 2803 658 2829 7.
671 2803 732 2831 cap.
746 2802 790 2830 27.
823 2792 902 2821 Idem
919 2791 1020 2820 humor
1028 2788 1087 2823 rosa
1100 2788 1195 2818 mistus
1207 2789 1236 2818 iri
1247 2789 1289 2827 ip.

182 2835 240 2866 sum
253 2835 353 2865 vulnus
363 2833 511 2864 oriculario
523 2832 638 2870 clystere
649 2831 772 2869 agendus
783 2830 829 2860 est.
871 2828 1042 2859 Oricularius
1053 2827 1152 2865 clyster
1163 2849 1171 2862 ,
1193 2827 1231 2856 est
1247 2828 1290 2856 in-

181 2872 364 2904 fundibulum
372 2895 380 2907 ,
402 2882 452 2911 per
462 2871 538 2909 quod
549 2870 755 2899 medicamenta
765 2869 795 2897 in
806 2876 884 2898 aures
894 2866 1080 2896 infunduntur
1090 2887 1097 2899 ,
1119 2866 1213 2894 Graece
1225 2865 1290 2897 ains:

181 2914 271 2947 χόπις,
293 2917 323 2940 01
339 2911 464 2947 &uestem
483 2907 694 2938 infundibulum
709 2915 758 2944 per
773 2906 848 2943 quod
866 2905 1072 2934 medicamenta
1094 2904 1124 2932 in
1144 2913 1226 2932 nares
1246 2903 1289 2932 in-

182 2950 357 2984 funduntur,
379 2950 406 2979 8(
426 2944 604 2982 μκπείῖκῦτης,
625 2955 674 2982 per
690 2944 765 2982 quod
780 2944 808 2972 in
828 2950 946 2972 uterum.
987 2942 1017 2970 V.
1042 2950 1248 2970 OMCULARIUS.

126 2987 149 3018 C
157 2998 174 3017 L
183 2998 199 3016 ir
209 2997 229 3015 τ
238 2998 251 3016 11
264 2998 283 3015 Μ
294 2996 313 3015 Ν
323 2997 336 3016 a
344 2996 356 3016 s
365 2995 386 3015 τ
394 2996 411 3015 R
419 2996 438 3015 A
448 3007 456 3020 ,
478 2982 690 3020 [Κλυπμνέςρκ]
711 2982 836 3020 Tyndari
851 2980 906 3009 filia
919 2989 953 3010 ex
972 2979 1045 3010 Leda
1056 3001 1064 3014 ,
1085 2988 1212 3015 uxorque
1223 2981 1290 3017 Aga-

162 3025 331 3059 memnonis,
344 3026 369 3054 &
378 3030 466 3053 mater
475 3022 595 3052 Orestis:
618 3031 678 3057 quae
688 3029 774 3058 quum
787 3021 1024 3056 Agamemnonem
1035 3017 1069 3047 ab
1082 3017 1202 3054 AEgistho
1212 3016 1290 3047 adul-

163 3070 222 3093 tero
246 3062 367 3093 interfici
385 3061 521 3096 curasset,
542 3059 689 3089 interfecta
708 3058 746 3088 est
763 3059 789 3087 δι
809 3056 867 3094 ipsa
889 3056 922 3086 ab
941 3056 1039 3086 Oreste
1062 3055 1130 3085 filio.
1161 3055 1247 3086 Ovid.
1262 3066 1286 3085 1.

162 3102 411 3168 Amor-Eiteindex
433 3137 464 3166 in
478 3141 569 3166 matre
581 3156 589 3170 ,
610 3133 697 3173 patris
717 3132 808 3163 malus
829 3131 903 3162 ultor
920 3130 1039 3162 Orestes.

127 3213 149 3243 C
160 3186 289 3248 &pizino
297 3186 354 3243 biiel
375 3212 397 3243 C
405 3221 448 3241 LY
456 3221 476 3240 τ
487 3222 497 3240 1
507 3221 522 3241 a
532 3232 541 3246 ,
563 3208 696 3247 [Κλυτίη]
717 3207 809 3238 Puella
818 3208 870 3237 fuit
879 3206 912 3237 ab
923 3205 1052 3245 Apolline
1063 3205 1188 3236 adamata
1199 3217 1288 3244 quon-

164 3252 245 3281 dam:
268 3252 313 3281 sed
328 3252 391 3290 quia
405 3249 589 3280 concubitum
608 3247 744 3287 Apollinis
761 3255 827 3275 cum
846 3245 1007 3276 Leucothoe
1019 3267 1027 3279 ,
1049 3244 1191 3274 Orchamo
1215 3246 1288 3282 patri

164 3289 339 3320 Leucothoes
360 3287 539 3327 prodidisset,
561 3293 694 3324 paterque
716 3286 802 3314 iratus
822 3284 912 3312 vivam
927 3283 1023 3312 defodi
1043 3288 1135 3311 natam
1156 3282 1285 3318 jussilset:

165 3328 248 3356 iratus
270 3327 368 3364 Apollo
392 3336 407 3355 a
432 3325 644 3355 conversatione
670 3323 774 3361 Clyties
790 3323 819 3351 in
836 3322 975 3359 posterum
1000 3319 1027 3349 se
1048 3321 1197 3350 continuit.
1238 3321 1288 3350 llla

165 3374 230 3393 vero
244 3365 340 3395 dolore
348 3364 384 3394 ob
398 3364 427 3393 id
443 3363 533 3392 nimio
550 3362 730 3399 consumpta,
755 3361 822 3389 dum
837 3359 900 3388 cibo
918 3364 1043 3397 potuque
1061 3357 1109 3386 libi
1126 3365 1285 3395 temperat,

165 3403 192 3432 ἀ
202 3409 338 3439 perpetuo
348 3401 459 3439 respicit
468 3402 503 3430 ad
516 3401 664 3430 Orientem
675 3401 701 3429 ὁὶ
713 3398 903 3428 Occidentem
916 3395 1073 3435 Apollinem
1084 3417 1092 3430 ,
1114 3396 1143 3425 in
1155 3395 1288 3426 heliotro-

163 3441 242 3477 pium
254 3440 366 3469 herbam
377 3446 482 3468 mutata
491 3438 553 3468 suit.
594 3436 696 3468 Fabula
706 3437 745 3466 est
757 3436 831 3474 apud
847 3435 931 3465 Ovid.
945 3445 971 3469 4.
984 3434 1053 3463 Met.
1068 3437 1132 3463 206.

127 3477 173 3506 Cr
183 3487 230 3506 vr
241 3488 247 3504 i
259 3487 277 3505 u
287 3487 299 3507 s
311 3500 317 3511 ,
338 3477 452 3513 juvenis
464 3477 577 3513 quidam
595 3486 610 3504 a
625 3475 742 3512 Cydone
752 3476 905 3503 adamatus.
928 3472 1000 3509 Virg.
1015 3482 1056 3501 10.
1068 3471 1130 3502 JEn.
1145 3480 1208 3506 325.

243 3514 315 3544 Dum
331 3516 449 3551 sequeris
459 3514 582 3552 Clytium
594 3513 691 3542 infelix
701 3522 772 3542 nova
783 3511 883 3550 gaudia
901 3510 1011 3548 Cydon.
1126 3509 1170 3539 Est
1188 3511 1214 3539 &
1229 3509 1286 3540 Ho.

163 3561 240 3581 mero
252 3552 299 3582 lib.
311 3552 388 3582 Iliad.
403 3562 447 3582 20.
471 3551 670 3582 Laomedontis
681 3550 752 3579 filius
763 3572 770 3586 ,
792 3552 819 3579 δι
835 3549 917 3578 frater
929 3548 1036 3578 Priami.

126 3589 226 3619 CLYT
236 3599 294 3626 us,
316 3591 335 3620 i.
354 3599 391 3620 m.
414 3590 494 3620 Unus
505 3599 539 3619 ex
552 3588 705 3619 Centauris.
728 3588 759 3617 V.
781 3587 867 3618 Ovid.
882 3597 907 3623 5.
919 3586 990 3617 Met.
1001 3592 1046 3624 87.
1060 3585 1151 3616 Flacc.
1163 3594 1187 3615 1.
1201 3588 1264 3623 146.

1132 3130 1165 3161 V.
1197 3141 1288 3161 AGA-

628 3709 659 3744 C
755 3708 791 3744 N

123 3811 183 3843 CN.
205 3812 309 3841 Noram
318 3812 392 3854 lianc
405 3833 413 3845 ‚
435 3821 497 3842 cute
509 3814 718 3851 cumadjunt‘tis
729 3814 852 3845 numeris
863 3811 1006 3851 saepislime
1019 3811 1046 3840 in
1061 3810 1228 3841 Calendario
1238 3821 1284 3842 ve-

160 3851 212 3880 teri
227 3857 363 3883 occurrit,
385 3832 524 3880 exi‘riimat
538 3853 571 3881 R.
585 3853 609 3882 P.
624 3854 773 3883 Bucherius
794 3852 1033 3889 interpretandam
1048 3849 1101 3878 elle
1119 3858 1162 3878 co
1172 3858 1192 3878 Ν
1202 3859 1219 3878 c
1231 3861 1240 3878 i
1252 3860 1284 3878 A-

161 3898 223 3917 1110
233 3899 261 3916 M.
287 3887 420 3917 Lambcc.
434 3890 462 3917 in
477 3888 535 3917 lsal.
549 3896 602 3918 vet.

122 3925 181 3956 CN.
206 3925 317 3954 Cnaeus.
358 3925 422 3955 1100
435 3928 605 3963 praznonrine
615 3928 840 3962 nominabantur,
861 3926 1027 3964 quinaevum
1039 3925 1160 3960 aliquem
1170 3923 1283 3954 nascen-

157 3969 200 3992 tes
214 3961 381 3993 habuissent.
407 3963 439 3992 V.
460 3963 528 3993 fest.
569 3964 599 3994 C.
613 3965 647 3994 N.
671 3964 730 3994 Caii
740 3975 838 4003 nepos.
879 3964 910 3993 C.
922 3962 979 3992 NB.
1002 3961 1144 3992 Carillime
1152 3962 1244 3992 nobis.

1807 124 1837 158 C
1934 124 1969 158 O
2069 124 2096 158 A

1365 208 1386 237 C
1398 216 1417 236 Ν
1428 216 1444 235 A
1455 216 1467 236 s
1477 217 1493 235 o
1504 215 1526 235 Ν
1538 228 1546 240 .
1568 206 1607 235 est
1623 206 1692 234 Acus
1703 215 1755 241 qua
1765 205 1894 234 mulieres
1906 214 1991 242 eaput
2002 204 2135 242 scalpunt.
2168 205 2271 236 Festus.

1364 247 1387 274 C
1399 256 1416 273 N
1427 249 1441 272 i
1454 255 1471 272 u
1484 256 1491 272 i
1502 255 1519 273 D
1530 254 1582 277 as,
1606 241 1776 278 [Κνημιᾶὶς]
1798 244 1911 280 (inquit
1930 244 2028 272 Strabo
2040 243 2086 272 lib.
2103 245 2151 280 9.)
2172 245 2201 273 in
2214 244 2335 274 Thracia
2352 243 2413 274 sunt
2431 245 2528 278 secun.

1402 284 1470 311 duni
1487 282 1702 319 Dapliuuntem.
1725 280 1803 310 locus
1821 281 2034 315 munitissimus,
2055 282 2083 310 10
2097 292 2179 317 quern
2196 293 2231 311 ex
2246 283 2350 312 Euboea
2368 283 2496 314 Caeneum
2509 297 2525 315 e

1402 322 1517 357 regione
1543 319 1664 348 consistit
1691 319 1914 355 promontorium
1930 341 1938 354 ,
1962 320 1988 348 iri
2010 320 2197 349 Occidentem
2219 320 2362 358 spectans,
2382 320 2524 360 sinumque

1404 359 1556 387 Maliacum
1568 379 1574 391 ,
1597 359 1648 386 &a
1681 356 1750 384 Vide
1761 357 1882 385 tabulam
1894 357 2032 386 decimam
2043 357 2158 394 Europae
2169 359 2244 396 apud
2256 358 2442 388 Ptolemaeum.

1365 396 1387 425 C
1397 405 1417 424 N
1428 406 1441 424 a
1450 400 1490 424 61<
1503 406 1519 423 o
1532 405 1550 422 Ν
1560 417 1567 429 ,
1589 394 1730 429 [manger]
1753 393 1852 423 Frutex
1861 394 1899 423 est
1911 396 2071 424 coronarius
2080 417 2086 429 ,
2109 397 2188 430 cujus
2199 396 2255 425 duo
2272 395 2335 424 sunt
2347 405 2446 432 genera
2455 418 2462 429 .
2484 397 2525 427 ni-

1402 443 1480 470 grum
1493 435 1517 462 8<
1527 432 1688 461 candidum.
1717 431 1884 474 ‘Utrumque
1899 433 2034 470 germinat
2052 433 2110 470 post
2120 434 2318 471 aequinoctium
2339 435 2501 465 Autumnale
2512 458 2522 472 ‚

1402 471 1506 506 diuque
1524 471 1612 499 floret.
1652 469 1778 505 Hyginus
1796 469 1901 499 Casiam
1917 471 2122 507 interpretatur.
2163 471 2193 500 V.
2216 471 2284 507 Plin.
2302 470 2349 500 lib.
2362 481 2407 501 21.
2425 481 2484 510 cap.
2497 483 2523 509 9.

1402 509 1578 537 Dioscorides
1592 508 1659 536 item
1671 507 1861 544 Thymelaeam
1873 507 1984 537 herbam
1995 509 2125 537 Cneoron
2136 510 2162 539 &
2171 508 2315 538 Cnestrum
2333 508 2465 547 appellat.

1364 546 1415 575 CN
1425 556 1459 575 ar>
1470 556 1488 574 H
1499 556 1514 574 o
1524 556 1535 574 s
1547 556 1593 573 011
1609 567 1617 577 .
1640 546 1746 576 antiqui
1763 545 1895 574 dicebant
1907 545 2135 576 Tenebricosum.
2177 547 2264 576 Graeci
2280 547 2356 575 enim
2372 549 2458 582 κνέφακ
2477 558 2524 587 ap-

1400 583 1507 621 pellant
1520 583 1675 612 obscurum.
1708 582 1809 612 Festus.
1843 583 1914 620 Ergo
1927 594 1976 621 per
1990 593 2005 612 c
2015 583 2190 613 scribendum
2201 584 2389 621 Cnephosum.

1363 622 1411 652 CN
1425 631 1526 650 assis
1539 643 1546 655 ,
1568 621 1632 649 idis.
1656 622 1771 655 [meac]
1792 621 1968 650 Laminulam
1980 622 2297 659 concavam-significat,
2319 623 2348 650 in
2367 632 2420 659 qua
2439 623 2524 653 crini.

1399 660 1451 688 bus
1470 658 1594 696 implexa
1613 659 1808 695 occultamque
1822 659 1999 696 Cleopatram
2020 669 2163 689 venenum
2181 659 2305 689 habuisse
2319 659 2450 690 nonnulli
2462 671 2524 698 pro.

1399 699 1477 726 dunt.
1524 697 1551 725 V.
1573 695 1637 725 Cael.
1653 696 1746 726 Rhod.
1759 697 1808 726 lib.
1822 702 1847 731 8.
1860 706 1919 735 cap.
1936 706 1977 726 12.

1361 735 1382 765 C
1394 746 1412 764 Ν
1422 739 1437 764 Ξ
1448 745 1463 763 0
1475 745 1509 763 io
1520 744 1539 763 Ν
1554 756 1562 768 ,
1585 735 1723 770 [mam-s]
1745 734 1909 770 quibusdam
1918 734 2003 764 herba
2013 735 2052 764 est
2063 757 2071 769 ‚
2091 744 2174 772 quam
2189 735 2346 765 notioribus
2361 734 2524 767 nominibus

1395 772 1635 810 sampsuchum&
1649 773 1810 801 Amaracuni
1823 783 1964 802 vocamus.
2007 773 2176 810 Quanquam
2194 783 2251 802 non
2272 773 2372 802 desunt
2393 773 2438 809 qui
2450 773 2521 804 hanc

1397 810 1648 840 Nomenclaturam
1660 810 1846 840 adulterinam
1858 811 2016 840 existiment
2025 833 2033 846 ,
2055 812 2082 841 &
2101 812 2174 841 inter
2186 820 2232 841 eas
2241 811 2445 841 numerandam
2458 821 2523 849 quas

1398 849 1469 877 inter
1479 848 1649 877 Dioscoritlis
1658 849 1743 876 notha
1754 849 1884 884 rejiciunt
1896 849 2047 878 doctiores.

1358 886 1381 916 C
1393 897 1412 915 Ν
1422 889 1437 916 ἑ
1446 897 1487 915 co
1496 896 1508 915 s
1518 908 1525 920 ‚
1548 886 1591 914 vel
1611 886 1632 915 C
1642 895 1706 915 Nic
1715 896 1733 915 U
1744 896 1756 915 s
1768 909 1775 921 ,
1798 887 1921 923 [mimus]
1943 887 2035 916 Herba
2050 897 2133 924 quam
2154 886 2285 916 nonnulli
2300 886 2460 916 Cartarnum
2477 896 2522 916 vo.

1396 932 1469 954 cant.
1512 924 1632 953 Dioscor.
1645 924 1693 953 lib.
1706 937 1731 958 a.
1744 934 1805 962 cap.
1821 935 1882 959 190.
1903 925 1980 955 Folia
1992 925 2076 954 habet
2084 926 2181 955 cnicos
2193 924 2324 961 oblonga,
2346 924 2471 954 incisuris
2481 925 2521 955 di-

1395 962 1465 997 visa,
1487 962 1599 999 aspera,
1621 961 1818 999 aculeataque,
1837 964 1890 992 &o
1931 963 2023 993 Ruell.
2039 963 2086 993 lib.
2099 973 2124 999 3.
2145 973 2205 1000 cap.
2222 973 2266 998 ςς.
2289 962 2445 991 Silvestrem
2457 972 2520 992 crie-

1396 1011 1468 1034 con,
1490 1000 1569 1034 cujus
1584 1000 1664 1029 caule
1682 1010 1731 1037 pro
1749 1001 1812 1030 colu
1826 1000 1920 1038 priseae
1936 1001 2068 1031 mulieres
2085 1001 2251 1036 utebantur,
2274 1007 2427 1029 cartamum
2444 1000 2521 1030 filve-

1394 1039 1474 1068 strem
1489 1038 1660 1067 ostendimus
1671 1038 1822 1076 appellari,
1847 1040 1893 1076 qui
1906 1039 2049 1075 hirsutior,
2071 1039 2201 1069 torosiore
2219 1039 2298 1068 caule
2318 1038 2403 1075 serpit
2422 1038 2520 1075 humi,
2551 1076 2554 1080 .

1394 1078 1509 1104 Canium
1519 1075 1658 1103 hananaeus
1669 1086 1744 1105 nunc
1759 1078 1930 1106 nominatur.
1970 1077 2096 1112 Sativus,
2119 1078 2155 1106 de
2172 1087 2227 1114 quo
2242 1086 2318 1105 nunc
2330 1077 2420 1114 agitur·
2431 1099 2439 1111 ,
2461 1076 2523 1106 Car-

1394 1121 1484 1143 tamus
1496 1121 1617 1143 vocatur.
1662 1114 1769 1143 Omnes
1789 1115 1899 1144 divulsis
1919 1116 2033 1144 ramulis
2052 1121 2201 1145 cruentum
2219 1115 2343 1144 fundunt
2366 1114 2520 1152 liquorem,

1393 1152 1545 1190 praesertim
1555 1151 1695 1181 messibus.
1735 1153 1849 1182 Semine
1862 1154 1943 1182 cneci
1955 1153 2033 1182 sativi
2046 1154 2153 1191 psittaci
2163 1152 2369 1182 nuncaluntur.
2407 1153 2521 1183 Cnecon

1393 1190 1493 1220 melius
1504 1200 1585 1225 quarn
1598 1190 1706 1219 Cnicon
1716 1191 1836 1220 dicitur:
1859 1201 1924 1220 113111
1934 1201 2044 1221 0113000
2056 1214 2064 1226 ,
2085 1202 2100 1220 3
2119 1191 2232 1221 seminis
2251 1190 2347 1220 colore
2358 1212 2366 1224 ,
2388 1190 2522 1220 Theocri-
2552 1199 2558 1202 “

1393 1236 1437 1257 tus
1448 1237 1497 1265 pro
1509 1228 1638 1257 Candido
1650 1251 1657 1264 ,
1678 1228 1723 1257 vel
1736 1228 1808 1258 flavo
1819 1228 1946 1266 usurpat:
1970 1230 2147 1259 Democritus
2159 1231 2185 1258 ἃς
2196 1229 2315 1257 omnino
2325 1228 2455 1266 chymici,
2473 1228 2521 1258 flo-

1392 1276 1451 1295 rem
1462 1267 1541 1295 cneci
1553 1267 1745 1296 echumenion
1760 1267 1910 1305 appellant.
1945 1267 2074 1297 Cnecum
2083 1267 2204 1297 officinae
2216 1273 2321 1296 norunt
2331 1266 2461 1302 Cartami‚
2474 1273 2520 1297 aut

1393 1303 1475 1334 Croci
1489 1305 1622 1334 hortensis
1635 1305 1761 1334 nomine.

1355 1343 1377 1372 C
1389 1352 1425 1371 Ν1
1436 1352 1454 1370 i>
1466 1352 1497 1377 a,
1519 1338 1627 1378 [xm'b‘n]
1649 1342 1744 1372 Ustica
1758 1342 1844 1373 herba
1861 1344 1899 1373 est
1916 1343 1984 1373 Plin.
1995 1343 2094 1373 lib.2r.
2109 1353 2169 1381 cap.
2187 1345 2230 1373 16.
2263 1342 2346 1372 Unde
2367 1341 2519 1373 cnidinum

1392 1381 1497 1415 oleum,
1518 1380 1595 1417 quod
1609 1380 1639 1410 fit
1648 1390 1682 1409 ex
1693 1380 1796 1410 Urtica.
1838 1382 1921 1411 Aliud
1935 1392 1950 1411 e
1967 1391 2052 1417 grano
2066 1381 2180 1416 Cnidio,
2193 1380 2362 1417 Diosc.1.43.
2372 1377 2517 1412 κνιδὲλακσν.

1355 1418 1376 1448 0
1386 1429 1405 1448 Ν
1416 1430 1425 1446 1
1436 1430 1452 1447 n
1463 1428 1480 1446 o
1491 1428 1502 1448 s
1512 1441 1519 1453 ,
1540 1417 1584 1447 vel
1602 1418 1655 1448 GN
1666 1430 1674 1447 1
1687 1429 1704 1447 n
1713 1429 1729 1447 o
1739 1429 1750 1448 s
1761 1442 1769 1454 ,
1791 1419 1933 1455 [Kvialeau]
1954 1419 2025 1449 Urbs
2038 1420 2123 1449 Cariae
2136 1442 2145 1455 ,
2165 1419 2215 1449 ubi
2237 1419 2330 1449 Venus
2356 1417 2517 1454 colebatur,

1392 1457 1656 1494 &promontorium
1666 1457 1781 1487 ibidem.
1806 1458 1872 1487 Hor.
1889 1469 1911 1487 1.
1929 1458 2020 1487 Carni.
2033 1468 2076 1495 30.
2093 1469 2117 1488 1.

1486 1495 1512 1524 O
1531 1495 1624 1524 Venus
1638 1517 1646 1529 ,
1667 1496 1852 1531 reginaCnidi
1867 1496 2017 1534 Papirique.

1354 1533 1376 1562 C
1388 1542 1471 1562 N1D1
1482 1543 1499 1561 0
1510 1542 1532 1568 5,
1554 1533 1615 1569 Adj.
1639 1532 1786 1569 [wirma]
1808 1534 1909 1563 Cnidia
1919 1534 2027 1571 Cypris.
2060 1533 2157 1564 Auson.
2174 1533 2266 1572 Epigr.
2279 1542 2322 1570 57.
2336 1543 2359 1563 r.
2389 1533 2463 1570 Quia
2480 1532 2517 1564 ibi

1394 1571 1485 1600 Venus
1497 1578 1579 1600 erata
1591 1570 1727 1601 Praxitele
1738 1571 1850 1609 sculpta.
1871 1572 1906 1601 de
1917 1583 1970 1609 qua
1990 1572 2020 1601 V.
2042 1572 2112 1602 Plin.
2128 1576 2171 1609 36.
2189 1583 2212 1607 5.
2236 1573 2294 1601 Cic.
2306 1576 2331 1601 6.
2345 1571 2421 1601 Verr.
2437 1581 2497 1607 ης.

1354 1609 1377 1638 0
1388 1619 1424 1637 Ν1
1435 1618 1447 1638 5
1458 1619 1470 1637 5
1481 1619 1500 1638 A
1510 1631 1517 1643 Ἴ
1540 1619 1569 1638 ae.
1594 1609 1726 1645 [xvim-ac]
1749 1610 1849 1639 Nidor.
1873 1610 1956 1640 Gloss'.
1975 1617 2029 1640 vet.
2054 1610 2143 1640 Habet
2156 1610 2257 1640 Arnob.
2268 1609 2317 1639 lib.
2332 1618 2358 1645 7.

1353 1648 1377 1677 C
1386 1657 1406 1676 Ν
1416 1656 1471 1676 oss
1481 1657 1498 1676 u
1509 1657 1521 1676 5
1533 1670 1540 1681 ,
1562 1648 1711 1683 [marm-br]
1733 1647 1881 1686 Oppidum
1889 1649 1928 1678 est
1938 1649 2025 1678 Cretae
2041 1648 2136 1678 insulae
2145 1671 2153 1684 ,
2175 1648 2253 1678 situm
2265 1648 2294 1676 in
2305 1647 2390 1683 plano
2402 1669 2411 1684 ‚
2431 1646 2517 1677 ambi-

1391 1692 1451 1715 tum
1469 1694 1542 1714 xxx
1561 1686 1627 1714 stad.
1650 1685 1773 1721 habens,
1795 1696 1810 1716 a
1822 1686 1915 1724 Lyctia
1929 1688 1954 1716 &
1975 1686 2109 1724 Gortynia
2132 1696 2175 1716 cc
2189 1687 2256 1716 stad.
2270 1686 2396 1715 discreta.
2438 1685 2516 1715 Hanc

1389 1723 1471 1753 valde
1481 1723 1594 1752 extollit
1603 1724 1741 1753 Homerus
1751 1745 1759 1759 ,
1782 1734 1865 1762 quam
1875 1725 2028 1762 ingentem,
2042 1727 2067 1755 &
2078 1725 2185 1755 Minois
2196 1725 2298 1761 regiam
2311 1729 2402 1753 vocat.
2424 1722 2517 1754 Priscis

1388 1768 1484 1791 autem
1505 1762 1678 1799 temporibus
1701 1761 1816 1792 Ceratus
1837 1762 2029 1800 appellabatur
2039 1785 2048 1800 ‚
2070 1773 2086 1793 a
2100 1762 2278 1802 praelabentis
2289 1761 2376 1798 ,fluvii
2392 1761 2515 1792 nomine.

1389 1799 1432 1830 Ex
1442 1799 1528 1830 Strab.
1542 1799 1590 1830 lib.
1604 1811 1647 1830 10.
1660 1800 1736 1838 apud
1745 1810 1828 1837 quem
1841 1801 1931 1839 plura.

1483 1949 1515 1958 l
1851 1908 1881 1943 c
1980 1910 2015 1945 o

1351 1986 1383 2017 C.
1405 1987 1440 2018 O.
1465 1987 1586 2025 Coniugi
1602 1989 1732 2027 optimo,
1753 1989 1798 2020 vel
1816 1988 1948 2026 Optimae.
1989 1988 2050 2019 CO.
2073 1988 2193 2023 Coniux.

1390 2032 1446 2061 tra,
1468 2027 1513 2056 vel
1526 2027 1725 2057 Controversia.
1766 2028 1874 2057 COER.
1899 2028 2028 2057 Coeravit.
2070 2022 2170 2057 COlR.
2191 2027 2312 2058 Curavit.
2352 1988 2516 2056 egued&

2242 1995 2304 2027 00.
2325 1988 2371 2020 vel

1390 2065 1464 2107 hors.
1506 2064 1622 2094 COHH.
1645 2066 1789 2095 Cohortes.
1827 2065 1900 2096 001.
1920 2066 1953 2094 Κ.
1977 2065 2261 2104 Conjugicariffiniae.
2302 2065 2516 2095 COIVX.Con-
2568 2045 2574 2074 'l

1386 2112 1446 2138 JuX.
1487 2102 1568 2132 COL.
1586 2103 1630 2132 vel
1652 2103 1704 2132 CL.
1729 2104 1864 2137 Colonia,
1886 2104 1930 2132 vel
1946 2103 2081 2133 Coloniae.
2126 2103 2209 2134 COL.
2241 2103 2364 2139 Coloni,
2385 2103 2429 2132 vel
2451 2101 2515 2132 Col.
2566 2123 2579 2136 ,,

1388 2141 1456 2177 lega.
1498 2140 1601 2170 COLL.
1633 2142 1771 2179 Collegae,
1793 2142 1837 2171 vel
1856 2141 1999 2177 Collegia,
2029 2141 2207 2178 Collegium,
2237 2141 2379 2177 Coloniae,
2401 2140 2513 2170 Coloni.

1387 2177 1514 2208 COLLE.
1535 2179 1631 2208 FABR.
1646 2180 1686 2209 M.
1703 2177 1734 2209 R.
1758 2180 1886 2217 Collegio
1906 2180 2046 2209 fabrorum
2059 2177 2167 2209 mili'tiae
2180 2180 2356 2210 Ravennatis.
2396 2179 2456 2208 CO.
2469 2178 2510 2208 M.
2564 2203 2566 2210 .

1388 2216 1639 2247 Conimunirnutri.
1683 2218 1776 2247 COM.
1810 2218 1931 2253 Comes,
1954 2218 2126 2252 Comitium,
2148 2218 2362 2251 communitas,
2383 2216 2514 2245 Commu-

1388 2255 1447 2289 nis,
1470 2256 1678 2292 Comparatum.
1721 2256 1848 2286 comm.
1873 2256 2046 2291 Commilito,
2068 2256 2253 2286 Commodus.
2294 2254 2409 2285 COMP.
2431 2254 2514 2283 Com·
2563 2254 2570 2281 .'

1387 2302 1445 2330 par,
1472 2293 1649 2331 Compitalia.
1691 2293 1780 2324 CON.
1803 2293 1970 2323 Consularis.
2010 2293 2154 2324 CONLlB.
2178 2293 2364 2323 Conlibertus.
2386 2291 2510 2322 CONIV.
2566 2294 2569 2319 J

1387 2330 1520 2367 Coniunx
1532 2353 1540 2367 ‚
1559 2331 1603 2361 vel
1617 2332 1781 2367 Coniunxit.
1823 2332 1986 2362 CONTVB.
2009 2331 2234 2361 Contubernalis.
2275 2332 2363 2361 CON.
2375 2330 2451 2360 SSN.
2466 2328 2511 2360 ET
2561 2330 2564 2367 ἶ

1726 2370 1865 2399 Consensu
1876 2369 2005 2405 senatus,
2028 2372 2054 2400 &
2068 2370 2198 2407 equestris
2209 2370 2334 2405 ordinis,
2357 2369 2510 2407 populique
2560 2400 2561 2403 Ἴ

2290 2407 2370 2437 COS.
2398 2405 2510 2436 Consul.
2560 2406 2565 2446 ’ἵ

1385 2368 1530 2436 ἓξὲξ.
1553 2369 1696 2439 PCgN}
1715 2409 1903 2438 Consiliarius.
1963 2409 2048 2439 COR.
2077 2407 2234 2438 Cornelius.

1386 2444 1485 2474 COSS.
1508 2445 1651 2476 Consules.
1693 2445 1772 2476 COS.
1790 2446 1866 2476 DES.
1890 2446 1993 2476 Consul
2002 2447 2166 2484 designatus.
2198 2444 2423 2475 COSS.DESIG.
2441 2444 2512 2474 Con-

1385 2482 1457 2512 sules
1467 2483 1609 2521 designati.
1652 2483 1730 2514 008.
1745 2484 1785 2514 ΙΙ.
1808 2483 1912 2514 Consul
1927 2485 2039 2514 iteruin.
2081 2484 2161 2513 COS.
2179 2483 2226 2514 111.
2249 2483 2355 2513 Consul
2371 2483 2492 2512 tertium.

1348 2519 1412 2555 Co,
1436 2521 1530 2556 COA,
1568 2522 1597 2551 V.
1622 2532 1726 2552 coos.

1346 2557 1369 2587 C
1380 2568 1396 2587 o
1406 2568 1425 2587 A
1437 2569 1454 2587 e
1462 2566 1481 2587 0
1491 2562 1506 2588 ᾗ
1518 2570 1535 2588 n
1544 2569 1571 2595 o,
1584 2559 1626 2596 (Π,
1638 2560 1707 2590 ss‘um
1716 2582 1724 2596 ‚
1746 2556 1966 2597 [πνεπιόθεμοα]
1988 2561 2043 2590 ere.
2064 2558 2295 2590 Simulaccedere
2306 2580 2314 2594 ‚
2333 2558 2408 2588 addi.
2421 2557 2508 2589 Plaut.
2560 2587 2561 2602 3

1384 2597 1467 2626 Cure.
1482 2607 1507 2626 2.
1524 2606 1547 2634 3.
1562 2601 1606 2634 63.

1736 2651 1774 2656 —-
1785 2635 1849 2673 quia
1861 2635 1896 2664 de
1905 2635 1954 2665 illo
1965 2635 2021 2664 emi
2031 2635 2168 2673 virginem

1438 2671 1565 2709 Triginta
1578 2673 1651 2703 mnis
1661 2696 1670 2709 ,
1691 2674 1794 2704 vestem
1807 2695 1815 2709 ‚
1837 2683 1945 2709 aurum,
1959 2675 1985 2704 &
1998 2673 2097 2703 decem
2109 2683 2160 2711 pro
2175 2673 2218 2703 his
2229 2672 2405 2703 coaccedunt
2415 2671 2506 2702 minae.
2554 2678 2560 2693 ν’

1384 2710 1403 2739 i.
1416 2720 1439 2739 e.
1462 2710 1550 2740 Simul
1560 2711 1635 2740 dedi.

1347 2747 1369 2778 C
1377 2758 1394 2777 o
1406 2758 1425 2776 A
1434 2758 1452 2777 c
1461 2758 1474 2776 r.
1482 2758 1497 2776 a
1508 2759 1522 2777 a
1531 2759 1556 2778 o.
1580 2750 1613 2786 Q

1383 2786 1461 2815 fat-”tis
1475 2787 1650 2817 coacerbant.
1671 2787 1706 2817 H.
1723 2788 1761 2816 St.
1804 2788 1923 2824 Reliqua
1948 2787 2056 2817 desecta
2072 2787 2151 2820 sunt,
2175 2788 2213 2815 ita
2231 2794 2262 2816 ut
2285 2796 2343 2815 non
2361 2791 2508 2824 appareat,

1383 2824 1506 2858 suamne,
1517 2835 1550 2854 an
1562 2825 1673 2855 alterius
1682 2826 1912 2855 emendationem
1921 2825 2038 2862 intelligi
2051 2826 2119 2854 velit
2129 2824 2370 2863 Stephanus.Sunt
2376 2833 2441 2853 vero
2449 2822 2507 2852 haec

1383 2863 1467 2891 verba
1477 2863 1609 2892 Lactantii
1625 2873 1660 2892 ex
1671 2863 1718 2892 lib.
1737 2874 1760 2897 ς.
1776 2863 1837 2892 lnst.
1851 2873 1911 2900 cap.
1925 2873 1948 2892 1.
1971 2864 2016 2892 ubi
2031 2865 2059 2892 in
2069 2864 2202 2892 omnibus
2214 2886 2221 2897 ,
2243 2872 2312 2899 quos
2327 2862 2384 2890 vidi
2395 2884 2403 2896 ,
2425 2859 2506 2890 codd.

1386 2900 1558 2930 Coacervant
1569 2901 1675 2939 legitur.
1698 2901 1818 2930 Scioista
1825 2901 1961 2930 confundi
1972 2923 1980 2937 ,
2002 2903 2027 2931 Sc
2037 2902 2146 2939 pridem
2159 2902 2270 2930 monuit
2282 2900 2385 2929 Pierius
2401 2899 2436 2929 ad
2446 2897 2505 2929 AEn.

1387 2948 1398 2966 1
1408 2948 1429 2967 1.
1442 2948 1505 2975 407.
1528 2939 1629 2968 Vereor
1639 2947 1732 2968 tamen
1743 2961 1751 2974 ,
1773 2948 1805 2968 ut
1816 2940 1986 2969 Coacerbare
1998 2949 2104 2969 errores
2116 2940 2191 2969 recte
2206 2939 2315 2968 dicatur
2324 2959 2332 2974 ,
2353 2937 2372 2966 si
2389 2936 2507 2981 maxim}
2551 2973 2554 2984 .

1383 2975 1514 3006 Latinum
1526 2977 1555 3006 id
1566 2978 1681 3007 verbum
1692 2976 1767 3006 esset.

1346 3013 1368 3044 C
1377 3024 1393 3043 o
1404 3024 1421 3042 A
1430 3025 1447 3043 c
1457 3025 1471 3044 Ε
1481 3025 1496 3043 a
1505 3025 1521 3044 v
1531 3025 1547 3044 o
1558 3037 1565 3050 ‚
1594 3014 1709 3051 [meatu
1719 3037 1727 3049 ,
1752 3012 1907 3052 συιπωςοόω]
1927 3017 1982 3044 are.
2016 3014 2166 3044 Cumulare
2174 3036 2182 3049 ,
2203 3023 2354 3051 congerere
2367 3035 2375 3048 ‚
2395 3012 2504 3042 addere.

1383 3052 1443 3082 Cic.
1458 3062 1484 3082 2.
1507 3053 1542 3082 (10
1554 3052 1626 3091 Lege
1640 3055 1699 3090 Agr.
1713 3056 1758 3082 66.
1794 3053 1886 3082 Habes
1906 3060 2011 3082 tantam
2037 3053 2204 3090 pecuniam,
2239 3061 2293 3089 qua
2311 3052 2392 3080 hosce
2411 3057 2505 3080 omnes

1382 3100 1460 3127 agros
1469 3113 1476 3125 ,
1498 3093 1524 3120 ὑὶ
1535 3098 1642 3122 ceteros
1655 3093 1755 3120 horum
1763 3090 1866 3121 similes
1874 3101 1932 3120 non
1945 3091 2031 3120 modo
2039 3100 2141 3127 emere,
2165 3100 2261 3121 verum
2271 3091 2356 3119 etiam
2365 3095 2506 3119 coacerva-

1381 3137 1410 3157 re
1424 3128 1516 3166 possis.

1611 2749 1666 2778 uod
1676 2749 1714 2778 est
1726 2748 1876 2784 deJustitia
1892 2758 1954 2787 pag.
1967 2758 1993 2778 2.
2026 2749 2136 2778 Errores
2151 2748 2213 2778 suos
2224 2748 2337 2786 insuper
2350 2746 2507 2778 crudelibus
2555 2761 2558 2792 3

1381 3166 1508 3196 Pecunia²
1520 3173 1659 3203 coguntur
1669 3168 1694 3196 δι
1706 3173 1913 3197 coacervantur.
1954 3166 2011 3195 Cic.
2026 3176 2052 3195 2.
2069 3166 2104 3195 de
2115 3165 2187 3203 Lege
2200 3166 2259 3203 Agr.
2274 3174 2319 3202 71.
2342 3166 2414 3195 Ante
2425 3171 2504 3202 pecu·
2547 3199 2549 3201 ι
2597 3175 2599 3180 ·

1403 3205 1456 3233 niae
1467 3212 1604 3240 coguntur
1614 3207 1640 3234 δι’
1650 3212 1849 3234 coacervantur
1860 3227 1868 3239 ,
1890 3214 1971 3242 quam
1983 3204 2062 3242 gleba
2074 3213 2129 3232 una
2137 3210 2253 3233 ematur.

1380 3242 1507 3272 Summas
1519 3243 1672 3278 majores&
1683 3243 1805 3273 minores
1816 3252 1987 3272 coacervare.
2025 3241 2177 3278 Jibolenus
2196 3242 2224 3270 in
2244 3240 2261 3270 l.
2278 3240 2316 3269 ita
2329 3246 2360 3270 ut
2377 3240 2411 3270 D.
2431 3247 2504 3269 man·
2546 3244 2547 3247 ’

1401 3281 1476 3314 dati,
1500 3281 1538 3310 lta
1547 3289 1577 3309 ut
1588 3290 1687 3310 omnes
1698 3281 1816 3310 summas
1830 3302 1837 3316 ‚
1860 3282 1977 3316 majores
1990 3282 2015 3309 Sc
2027 3281 2149 3309 minores
2158 3286 2321 3313 coacervet,
2341 3279 2394 3308 ἅτ.

1381 3317 1443 3347 Vim
1467 3328 1594 3355 magnam
1614 3318 1817 3348 emblematum
1835 3328 2004 3348 coacervare.
2046 3318 2103 3347 Cic.
2116 3323 2141 3346 ⁶.
2157 3317 2228 3346 Verr.
2243 3322 2287 3351 64.
2335 3316 2367 3345 Et
2385 3324 2420 3345 ne
2436 3313 2504 3344 forte

1400 3356 1544 3385 hominem
1563 3357 1723 3386 existimetis
1741 3358 1814 3387 hanc
1828 3363 1934 3386 tantam
1950 3357 2006 3386 vim
2019 3355 2218 3385 emblematum
2229 3354 2285 3384 siue
2301 3353 2380 3383 causa
2397 3360 2503 3383 coacer-
2542 3385 2543 3390 ¹

1400 3404 1464 3424 vare
1481 3394 1597 3424 voluisse
1609 3417 1617 3429 ‚
1638 3396 1689 3424 &a

1343 3431 1365 3461 0
1375 3441 1392 3460 o
1402 3442 1420 3460 A
1432 3441 1470 3460 cir
1481 3442 1519 3461 av
1529 3436 1576 3461 13¹1·
1588 3443 1605 3462 u
1615 3441 1627 3461 s
1641 3455 1648 3467 ,
1670 3442 1684 3461 a
1696 3455 1703 3467 ,
1725 3441 1782 3461 um.
1803 3432 1977 3468 [mansae]
1999 3431 2094 3460 Partic.
2135 3430 2194 3460 Cic.
2207 3430 2236 3459 in
2250 3429 2342 3459 Partit.
2356 3439 2402 3464 40.
2431 3425 2504 3457 Veri·
2541 3438 2543 3442 ’
2583 3442 2585 3445 -

1381 3469 1479 3499 similia
1489 3477 1582 3499 autem
1595 3493 1603 3505 ,
1626 3472 1727 3508 partim
1743 3470 1847 3506 singula
1860 3478 1976 3499 movent
1987 3469 2034 3498 suo
2049 3469 2190 3506 pondere,
2212 3469 2312 3506 partim
2326 3490 2334 3503 ‚
2354 3465 2456 3496 etiamsi
2467 3463 2503 3493 vi-

1380 3508 1481 3552 dentur
1493 3508 1547 3538 effe
1556 3510 1656 3546 exigua
1668 3518 1717 3546 per
1729 3508 1770 3542 se,
1793 3508 1913 3537 multum
1923 3515 2027 3542 tamen,
2043 3516 2128 3543 quum
2141 3506 2203 3535 sunt
2222 3511 2402 3540 coacervata,
2424 3501 2502 3542 profi-

1379 3552 1465 3575 ciunt.
1497 3557 1503 3565 ·

1378 3584 1518 3613 Cadavcra
1528 3590 1699 3613 coacervata.
1741 3582 1806 3613 Caes.
1820 3582 1927 3613 2.Bell.
1938 3581 2007 3612 Gall.
2018 3592 2062 3620 ²7-
2096 3581 2146 3612 His
2164 3581 2282 3617 dejectis
2301 3577 2500 3619 &coacervatis
2533 3615 2535 3627 Ι

1398 3622 1577 3650 cadaveribus
1587 3643 1594 3655 ,
1607 3622 1658 3651 &a

1379 3658 1481 3689 Luctus
1491 3660 1655 3688 coacervati.
1678 3658 1761 3688 Ovid.
1774 3664 1800 3691 8.
1818 3658 1888 3688 Met.
1901 3663 1964 3693 485.

1378 3697 1534 3726 Multitudo
1542 3696 1845 3735 civiuiiiindignillimo
1855 3697 1883 3725 in
1895 3695 1958 3725 loco
1968 3700 2139 3725 coacervata.
2163 3694 2219 3723 Cic.
2233 3703 2257 3722 -.
2273 3693 2346 3723 Verr.
2362 3698 2421 3729 ¹48-

1378 3734 1499 3764 Pecunia
1509 3742 1681 3764 coacervata.
1723 3736 1781 3764 Cic.
1796 3744 1818 3764 r.
1832 3735 1867 3763 de
1880 3733 1952 3772 Lege
1964 3737 2022 3770 Agr.
2036 3743 2077 3768 14.
2096 3733 2202 3762 Videtis
2213 3732 2497 3762 cu..stitutam&coa·

1399 3781 1535 3802 cervatam
1547 3782 1706 3810 pecuniam.

1342 3809 1391 3839 Co
1403 3820 1420 3838 A
1433 3820 1450 3839 c
1460 3819 1473 3838 11
1484 3820 1499 3838 R
1510 3820 1527 3839 v
1537 3820 1554 3839 A
1566 3820 1585 3839 ’1-
1594 3821 1603 3839 1
1614 3821 1652 3846 M,
1675 3810 1742 3840 Adv.
1757 3809 1836 3848 Apul.
1849 3818 1875 3839 2.
1888 3807 1991 3839 Florid.
2001 3818 2029 3846 p.
2045 3817 2107 3844 357.
2128 3808 2194 3838 Non
2209 3807 2347 3845 ligillatim
2362 3815 2396 3836 ac
2405 3804 2499 3835 disere-

1379 3849 1429 3876 tim
1441 3870 1448 3882 ,
1470 3847 1516 3876 sed
1527 3849 1686 3878 cunctim&
1699 3848 1884 3877 coacervatim
1902 3845 2011 3876 offerre.
2034 3847 2108 3875 conf.
2123 3845 2188 3875 Cael.
2203 3845 2292 3875 Aurei.
2305 3845 2388 3874 Tard.
2398 3855 2423 3879 4.
2435 3851 2459 3878 3.

1342 3885 1363 3915 C
1373 3896 1390 3914 o
1403 3895 1419 3914 A
1430 3896 1447 3915 c
1457 3895 1470 3913 ιι
1479 3895 1494 3913 R
1504 3895 1519 3914 v
1530 3896 1547 3914 A
1556 3895 1575 3914 T
1585 3897 1593 3914 i
1603 3896 1620 3914 0
1631 3908 1639 3919 ,
1661 3887 1731 3915 onis.
1753 3886 1770 3914 f.
1795 3884 1950 3921 [vulgabant]
1972 3885 2028 3914 Cic.
2041 3885 2070 3913 in
2082 3884 2174 3914 Partit.
2189 3893 2249 3913 122.
2274 3884 2360 3920 Atque
2376 3882 2434 3911 haec
2443 3877 2498 3917 qul·
2547 3896 2551 3903 ι

1379 3923 1442 3952 dem
1454 3923 1564 3960 utrique
1573 3925 1693 3952 maxime
1704 3925 1732 3951 in
1745 3924 1921 3960 peroratione
1931 3922 2077 3951 facienda:
2101 3922 2179 3952 altori
2190 3920 2413 3958 frequentatione
2423 3925 2498 3955 argu-
2526 3934 2529 3949 1
2556 3936 2561 3968 ¹.
2571 3934 2592 3969 om

2414 3990 2498 4022 afflo-
2526 3955 2527 4001 l
2559 3980 2603 4027 111111,Ἰ

1378 3967 1537 3991 mentorum
1547 3982 1555 3997 ‚
1577 3963 1602 3991 ὃ(
1614 3962 1826 3990 coacervatione
1835 3959 1967 3990 universa.

2532 3652 2534 3665 l

2532 3702 2533 3709 l
