2667 4145
246 81 268 109 2
657 63 687 98 A
781 61 812 96 C
903 58 921 94 1

263 151 407 183 Exercitus
420 148 501 178 nostri
513 147 594 176 acies.
620 145 678 175 Cic.
692 145 721 173 in
731 142 811 173 Catil.
835 141 945 178 Quibus
955 147 1007 174 ego
1017 145 1075 165 non
1084 133 1170 162 modo
1180 131 1197 161 si
1208 140 1296 174 aciem
1305 139 1382 159 exer-

282 190 353 219 citus
373 188 473 221 nostri,
494 185 675 214 verumetiam
695 183 713 211 li
731 182 854 210 0111011111]
875 177 998 218 praetoris
1016 172 1178 215 ostende10‚
1199 170 1360 199 conc1dent.

263 228 362 258 IEratze
374 226 454 254 acics.
477 224 507 252 ld
521 223 577 257 est,
599 221 687 251 AEreis
706 220 787 248 armis
800 217 924 246 munitae.
943 214 1015 248 Virg.
1025 221 1051 247 9.
1078 210 1140 239 Jhn.
1158 217 1220 237 122.

264 267 351 295 Aucta
370 264 442 292 acies
461 269 585 289 numero.
615 259 645 287 V.
670 267 801 287 AUGEO-

264 303 405 339 Bclligerae
425 300 505 328 acics.
527 299 592 327 Stat.
613 306 653 325 12.
677 294 768 324 Theb.
791 302 854 329 717.
1210 320 1216 325 ,
1239 319 1266 326 ..
1346 318 1351 323 ·

265 340 347 370 Civili
362 340 420 367 acie
443 337 550 365 cadere.
569 335 602 364 Id
612 334 668 369 est,
688 332 796 363 Mutuis
805 326 946 361 aedibus,
966 325 993 354 ἃ
1008 321 1086 353 velut
1101 320 1178 352 bello
1192 319 1276 350 crvih.
1298 317 1383 348 Ovrd.

285 388 311 414 7.
332 377 399 406 Met.
423 384 483 409 142.

266 416 422 445 Commota.
445 412 502 442 Liv.
529 419 553 447 3.
572 408 677 439 Decad.
694 407 741 436 lib.
766 415 808 434 10.

266 451 419 483 Condensa.
452 450 483 478 In
503 455 730 477 CONDENSUS.

268 490 444 520 Confirmata.
476 486 534 516 Liv.
555 497 582 522 4.
601 483 711 514 Decad.
738 481 786 509 lib.
807 482 833 509 6.

269 527 409 558 Conserta.
431 525 520 555 Tacit.
538 523 585 552 lib.
602 526 628 551 6.
650 531 692 556 35.

212 580 214 582 ’
268 565 407 595 Consertae
426 563 538 599 campis.
561 560 609 590 Sil.
628 558 686 588 Ital.
701 556 749 585 lib.
767 558 793 584 6.

269 602 421 633 Converlie.
444 601 514 636 Virg.
536 608 577 627 12.
598 597 659 626 AEn.
680 599 742 637 369.

363 637 560 673 Conversacque
578 640 662 663 ruunt
682 641 763 661 acies.

268 678 376 709 Defixa.
398 676 490 708 ldest,
512 674 638 703 Immota.
661 671 728 699 Stat.
746 679 770 705 9.
794 670 885 700 Theb.
904 678 968 708 234.

269 716 429 747 Dehiscens.
452 713 508 741 Liv.
526 721 550 747 3.
572 709 678 739 Decad.
691 707 740 737 lib.
755 718 781 745 9.

269 755 395 784 Direciae.
416 752 521 786 Virga.
544 748 644 784 Georg.
662 752 725 780 281-

268 790 395 824 Diversa,
420 789 474 817 hoc
494 786 548 821 est,
570 785 800 814 Adversariorum.
828 783 919 813 Tacit.
935 782 983 813 lib.
1004 791 1047 817 14.
1071 788 1114 816 30.
1179 814 1185 820 ι

267 828 404 866 Equestris
419 826 498 854 acies.
521 824 622 853 Patere.
635 823 682 852 lib.
696 832 721 852 2.
745 822 848 860 Fugata
857 822 996 859 regiorum
1005 817 1135 857 equestris
1144 822 1227 845 acles.
1243 820 1304 843 112.

267 867 351 897 ferae.
373 865 436 894 Sen.
459 863 487 891 in
503 862 597 899 agam.
622 870 647 899 7.
669 871 694 899 3.

266 905 386 935 Firmata
403 900 535 930 sublidiis.
557 899 614 929 Liv.
636 910 659 929 1.
684 898 788 928 Decad.
807 897 855 928 lib.
867 908 895 934 4.

265 941 425 972 fluctuans.
447 938 524 967 Curt.
544 938 592 967 lib.
608 947 633 974 3.
652 947 693 967 10.
706 941 732 966 6.

265 978 405 1010 Formosa.
429 977 527 1007 Claud.
551 977 707 1014 Paneg.24.
722 980 785 1009 258.

264 1018 399 1052 frenata‚
428 1016 458 1044 id
478 1015 535 1049 est,
558 1014 703 1052 Equestris.
733 1012 781 1043 Sil.
793 1010 853 1043 Ital.
868 1010 919 1041 lib.
933 1019 976 1041 11.
995 1019 1039 1047 53.

264 1055 399 1086 funestae.
422 1053 524 1083 Lucan.
546 1052 595 1081 lib.
609 1062 633 1089 3.
647 1055 691 1088 63.

264 1092 413 1123 Generosa.
435 1092 501 1121 Stat.
518 1094 544 1120 6.
567 1089 657 1119 Theb.
668 1099 731 1127 297.

265 1131 395 1161 Horrida.
417 1129 508 1159 Tacit.
529 1128 597 1158 Hist.
610 1132 636 1157 6.
651 1137 694 1164 34.
1258 1154 1264 1162 ι

263 1169 412 1237 11Ι1)1111ῑ11113.1
424 1167 566 1234 bimmani
591 1167 649 1196 acie
672 1164 806 1196 Metellus
825 1162 899 1193 fudit
918 1159 1033 1192 Achaeos
1058 1157 1193 1190 rebellare
1209 1155 1385 1195 incipientes.

306 1213 388 1236 aterc.
413 1206 420 1234 i
443 1229 448 1234 .
468 1216 490 1234 1.
512 1208 580 1234 16.1
606 1227 612 1234 .

263 1245 414 1275 Incondita
432 1216 642 1280 inordiiiatailiie
659 1241 740 1270 acies.
761 1239 819 1269 Liv.
834 1250 858 1276 5.
878 1237 984 1268 Decad.
1000 1236 1049 1266 lib.
1063 1247 1088 1272 4.

264 1283 400 1313 Infestior.
422 1281 478 1310 Liv.
497 1291 518 1310 1.
540 1280 644 1310 Decad.
666 1278 714 1308 lib.
731 1289 757 1314 4.

264 1319 486 1386 Instrucka.s(}ic.
501 1330 527 1355 4.
542 1318 661 1356 Philipp.
676 1327 738 1353 159.
779 1316 890 1346 Faciam
911 1315 1015 1352 igitur,
1040 1317 1073 1342 ut
1090 1310 1273 1350 Imperatores
1291 1308 1389 1339 instru.

285 1361 329 1389 c‘ta
341 1359 401 1388 acie
426 1368 442 1386 o
456 1363 512 1386 ent.

265 1397 348 1433 Justa.
370 1396 428 1425 Liv.
443 1407 469 1430 4.
491 1393 596 1424 Decad.
608 1393 655 1422 lib.
670 1402 693 1422 1.
724 1390 756 1420 V.
780 1400 918 1421 rusTus.

264 1435 369 1465 Licitae.
391 1433 422 1463 Id
433 1433 487 1466 est.
508 1431 584 1462 Bella
601 1431 685 1460 licita.
707 1430 774 1459 Stat.
794 1440 836 1459 11.
857 1427 948 1459 Theb.
965 1436 1026 1464 123.

264 1473 348 1506 Nova
360 1472 439 1501 facta.
462 1470 553 1506 Liv.4.
580 1469 683 1498 Decad.
696 1467 744 1497 lib.
756 1479 783 1503 4.

265 1511 387 1549 Opimae.
409 1509 475 1538 Stat.
488 1520 514 1544 4.
536 1507 609 1546 Sylv.
627 1511 653 1536 6.
666 1510 710 1543 6ς.

264 1549 351 1579 Parca
368 1548 439 1585 fugae
460 1547 541 1576 acies.
561 1545 609 1575 Sil.
634 1544 693 1574 Ital.
707 1543 755 1573 lib.
774 1554 816 1574 10.
828 1552 854 1580 7.

264 1586 407 1617 Pedestris.
430 1584 485 1614 Livv
502 1595 523 1614 1.
546 1583 650 1613 Decad.
677 1582 724 1611 lib.
736 1592 762 1611 2.

264 1625 427 1655 porrectior.
448 1622 538 1652 Tacit.
558 1623 588 1650 in
598 1621 661 1650 Vita
672 1620 760 1657 Agric.
775 1629 819 1656 35.

264 1663 380 1693 Primori
398 1663 427 1690 in
445 1661 503 1690 acie
523 1659 698 1689 versabantur
714 1658 797 1692 Sido.
820 1657 872 1686 &o
894 1655 984 1685 Tacit.
995 1653 1064 1684 Hist.
1081 1662 1104 1690 3.
1116 1661 1161 1682 21.
1282 1674 1283 1677 .

262 1700 395 1739 Prospera
402 1700 593 1737 Sequanorum
609 1697 667 1726 acie
690 1695 756 1725 belli
770 1696 892 1733 impetus
909 1694 991 1724 stetit.
1012 1692 1102 1724 Tacit.
1114 1691 1183 1723 Hist.
1195 1701 1221 1728 4·
1231 1692 1277 1728 ⁶7·

262 1739 358 1769 Recta.
379 1738 436 1767 Liv.
455 1749 482 1771 4.
504 1735 608 1766 Decad.
623 1735 672 1764 lib.
684 1745 712 1770 4.

261 1777 360 1808 Sociae.
384 1776 479 1805 Claud.
492 1785 518 1810 4.
541 1774 638 1810 Paneg.
653 1779 697 1806 81.

261 1814 436 1846 Sublidiaria.
458 1813 514 1842 Liv.
532 1822 555 1848 3.
572 1811 677 1841 Decad.
691 1809 739 1839 lib.
757 1820 799 1839 10.

260 1853 377 1884 Tenuis.
398 1852 487 1881 Tacit.
500 1849 630 1879 1111111111.
648 1860 670 1878 1.
685 1853 730 1884 64.

260 1893 318 1922 Tre
340 1891 402 1919 idae.
424 1889 507 1919 Ovid.
525 1898 549 1925 3.
571 1889 663 1917 Amor.
675 1896 699 1924 7.
717 1889 743 1915 6.

259 1901 400 1960 Turbatae.
423 1926 494 1964 Virg.
512 1936 552 1955 11.
572 1926 633 1956 AEn.
656 1928 719 1961 619.

259 1967 343 2005 Vaga.
362 1966 420 1995 Liv.
442 1974 466 2002 3.
488 1964 592 1994 Decad.
612 1963 659 1992 lib.
686 1973 728 1991 10.

259 2005 342 2035 Versa
360 2010 441 2033 retr0.
465 2003 532 2032 Hor.
549 2011 573 2038 3.
597 2001 654 2031 Od.
672 2012 698 2036 4.
718 2003 763 2029 26.
785 1995 1001 2036 P1·ope1t.1ib.3.
1025 1993 1102 2033 Eleg.
1122 2004 1166 2024 11.
1178 2002 1224 2030 14‘.

258 2042 399 2073 Versatilis
417 2042 498 2070 acies.
528 2040 557 2069 V.
579 2049 595 2069 v
606 2048 737 2068 ERSATr
748 2049 764 2066 L
774 2048 783 2065 1
793 2046 815 2065 s.

259 2081 374 2110 Vesana.
397 2079 494 2108 Claud.
508 2078 542 2107 de
557 2078 637 2115 Rapt.
652 2076 773 2113 Proserp.
787 2077 829 2111 36.
846 2076 907 2109 196.

258 2119 396 2148 Vulcania
409 2116 527 2147 horrida.
549 2115 581 2145 Id
592 2115 638 2150 est,
650 2114 696 2143 Vis
708 2114 787 2151 ignis.
809 2113 882 2142 Serv.
899 2110 973 2148 Virg.
988 2120 1029 2139 10.
1051 2108 1114 2139 IEn.
1130 2111 1196 2143 408.

259 2156 387 2188 Defeffus
406 2156 474 2184 acie.
495 2154 527 2184 Id
539 2154 591 2188 est,
610 2152 688 2182 Bello
698 2152 833 2188 fatigatus.
856 2150 922 2179 Stat.
947 2157 988 2177 12.
1010 2146 1102 2176 Theb.
1126 2155 1189 2174 100.

259 2195 368 2226 Densos
383 2194 443 2223 acie
463 2192 543 2230 rapit.
564 2191 597 2221 ld
608 2191 655 2226 est,
667 2191 780 2228 Raptim
789 2188 868 2218 ducit
877 2187 1048 2220 constristos,
1058 2186 1083 2215 Sc
1093 2185 1123 2214 in
1133 2183 1193 2213 acie
1207 2181 1384 2219 conjunctos.

279 2233 352 2270 Virg.
370 2242 410 2261 10.
432 2231 495 2260 AEn.
518 2235 579 2267 178.

342 2269 423 2299 Mille
447 2269 518 2306 rapit
538 2266 637 2296 densos
655 2267 733 2301 acie.
762 2270 844 2301 atque
866 2261 1043 2292 horrentibus
1061 2260 1152 2290 hastis.

259 2308 384 2339 Invictus
394 2308 461 2337 acie.
478 2306 509 2336 ld
517 2306 624 2341 estQui
633 2313 776 2341 nunquam
786 2303 859 2331 vinci
898 2301 970 2329 otuit
982 2300 1011 2328 in
1021 2299 1131 2337 proelio.
1142 2298 1207 2328 Sen.
1218 2296 1248 2325 in
1255 2295 1383 2330 Ostavss.

260 2347 402 2385 Receptus
415 2351 491 2374 tutus
504 2350 562 2373 erat
572 2344 601 2371 in
609 2343 697 2372 aciem
708 2341 846 2379 peditum.
891 2339 925 2367 iv.
940 2348 965 2374 3.
987 2337 1090 2366 Decad.
1104 2336 1152 2366 lib.
1165 2341 1190 2369 8.

260 2384 376 2422 Accingi
387 2384 417 2412 in
428 2383 517 2426 aciem
532 2381 602 2411 telis.
624 2381 714 2410 Tacit.
726 2379 776 2408 lib.
793 2389 838 2409 20.
874 2377 998 2413 Quidam
1008 2375 1141 2414 expedire
1154 2384 1245 2410 arma,
1266 2373 1386 2411 telisque

279 2428 412 2459 tanquam
431 2431 460 2449 111
474 2421 561 2449 aciem
580 2419 697 2455 accingi.

261 2461 395 2498 Accipere
403 2458 527 2488 sociosin
537 2457 658 2486 mediam
668 2457 766 2485 aciem.
787 2454 845 2484 Liv.
865 2463 889 2490 3.
900 2452 1006 2482 Decad.
1020 2450 1067 2480 lib.
1081 2456 1105 2485 8.
1128 2450 1207 2480 Idem
1219 2449 1266 2479 lib.
1281 2460 1322 2479 10.

262 2498 456 2529 Administrare
468 2496 565 2525 aciem.
587 2495 658 2524 Hirt.
671 2495 700 2523 111
711 2493 778 2523 Bell.
794 2491 926 2521 Alexand.
949 2489 986 2519 Ut
998 2499 1085 2527 quum
1092 2488 1159 2518 effer
1171 2489 1201 2517 in
1215 2489 1284 2518 duas
1292 2492 1385 2526 partes

279 2536 344 2566 urbs
356 2535 441 2564 divisa
452 2557 459 2567 .
489 2535 562 2563 acies
578 2542 636 2562 uno
654 2532 770 2561 consilio
782 2538 865 2568 atque
876 2529 994 2567 imperio
1004 2527 1246 2557 administraretur.

260 2574 407 2605 Adsistitin
422 2573 510 2602 aciem
521 2571 590 2600 ordo
600 2571 726 2608 agminis.
746 2569 837 2598 Tacit.
853 2567 920 2597 Hist.
942 2576 968 2596 2.
985 2576 1030 2602 41.

261 2611 399 2650 Amplec'ti
411 2610 530 2640 hostium
543 2610 640 2638 aciem.
660 2608 693 2637 Id
704 2607 751 2643 est,
773 2605 980 2636 Circunvenire.
1002 2603 1060 2633 Liv.
1070 2614 1096 2639 4.
1117 2602 1222 2632 Decad.
1235 2602 1284 2631 lib.
1300 2611 1324 2631 1.

261 2650 373 2689 Aperire
385 2649 508 2678 mediam
517 2647 606 2676 aciem
616 2646 741 2676 venienti
751 2655 785 2674 ex
795 2643 907 2673 adverso
918 2643 996 2671 hosti.
1019 2641 1076 2671 Liv.
1095 2651 1118 2678 3.
1138 2641 1242 2670 Decad.
1257 2639 1306 2669 lib.
1320 2645 1346 2674 8.

259 2689 369 2719 Audere
383 2688 481 2716 aciem.
503 2685 593 2715 Tacit.
602 2685 649 2714 lib.
662 2694 703 2713 12.
717 2689 761 2717 28.
783 2682 883 2711 Vastan
895 2681 970 2718 agri,
993 2681 1093 2718 praedae
1103 2678 1199 2717 paffim
1216 2680 1284 2708 actae
1296 2700 1304 2713 ‚
1325 2686 1387 2707 non

279 2726 349 2757 ausis
357 2726 447 2755 aciem
458 2724 580 2753 hostibus
591 2732 598 2752 ε
620 2722 665 2752 vel
679 2723 698 2751 11
708 2731 743 2750 ex
754 2720 866 2750 occulto
876 2728 989 2757 carpere
999 2728 1100 2755 agmen
1109 2722 1250 2747 tentarent
1261 2739 1270 2752 ,
1282 2716 1384 2755 punito

259 2764 396 2834 11111113οω
404 2800 515 2830 audere.
537 2798 627 2828 Tacit.
639 2798 687 2827 lib.
703 2807 744 2826 12.
759 2805 803 2833 32.

259 2840 349 2871 Bellat
369 2839 451 2868 acies.
486 2838 553 2866 Stat.
574 2847 596 2866 1.
618 2835 709 2866 Theb.
723 2839 769 2870 46.

259 2878 365 2909 Bellare
380 2877 451 2906 acie.
472 2875 530 2906 Liv.
542 2886 568 2911 4.
590 2874 693 2905 Decad.
717 2872 765 2902 lib.
779 2882 806 2901 2.

261 2917 367 2946 Cadere
378 2916 408 2944 in
417 2915 485 2944 acie.
506 2913 539 2943 ld
555 2912 602 2947 est,
618 2912 728 2942 Occidi.
752 2910 807 2940 Liv.
825 2918 850 2946 3.
872 2908 976 2938 Decad.
986 2907 1034 2937 lib.
1045 2917 1070 2941 9.
1083 2917 1127 2944 29.
1148 2916 1174 2943 3.

261 2955 367 2985 Cadere
378 2963 428 2991 per
439 2952 519 2981 acies.
542 2951 634 2980 Tacit.
653 2960 676 2980 1.
689 2952 758 2979 Ann.
774 2958 816 2977 10.
842 2947 939 2984 Quum
948 2946 1107 2976 ferociffimi
1118 2956 1168 2984 per
1177 2945 1250 2976 acies
1260 2950 1308 2979 aut
1322 2953 1386 2983 pro-

279 2992 428 3030 scriptione
440 2988 610 3019 cecidissent.

263 3029 376 3059 Certant
394 3029 475 3058 acies.
497 3027 569 3065 Virg.
583 3037 607 3056 2.
623 3025 685 3056 AEn.
701 3034 745 3061 30.

343 3066 477 3096 Classibus
491 3066 537 3094 hic
558 3065 636 3094 locus
650 3085 658 3099 ‚
680 3063 726 3093 hic
746 3062 818 3091 acies
839 3065 942 3090 certare
960 3059 1092 3089 solebant.

264 3104 343 3135 Ciere
357 3105 437 3134 acies.
461 3104 534 3141 Virg.
553 3107 579 3133 6.
604 3102 666 3132 AEn.
692 3107 754 3136 829.

343 3143 406 3172 Heu
425 3148 561 3179 quantum
581 3141 654 3170 inter
674 3139 700 3168 se
720 3137 826 3168 bellum
838 3159 845 3171 ,
867 3136 886 3165 11
907 3135 1014 3164 lumina
1034 3136 1098 3164 vitre

343 3181 505 3215 attigerint,
531 3185 646 3217 quantas
662 3177 750 3211 acies,
766 3176 936 3212 stragemque
954 3173 1084 3204 ciebunt!

264 3209 466 3248 circumvallare
483 3218 580 3247 aciem.
602 3215 649 3246 Sil.
662 3214 721 3245 Ital.
739 3213 787 3243 lib.
805 3223 830 3250 7.
848 3218 909 3247 118.

264 3256 469 3285 Circunvenire.
493 3255 548 3285 Liv.
559 3266 586 3291 4.
606 3253 710 3284 Decad.
732 3252 781 3282 lib.
799 3262 821 3280 1.

264 3293 410 3323 Claudere.
432 3292 488 3322 Liv.
514 3302 536 3330 3.
562 3292 667 3322 Decad.
687 3290 735 3320 lib.
753 3301 795 3320 10.

265 3331 408 3360 Coercere.
429 3330 502 3367 Vir-g.
525 3342 551 3367 9.
573 3331 634 3360 AEn.
657 3338 703 3367 27.

339 3367 479 3405 Meis-..pus
496 3370 596 3405 primas
614 3368 704 3403 acies,
729 3365 867 3405 postrema
886 3367 1019 3392 coercent

342 3405 486 3443 Tyrrhidae
502 3407 623 3441 juvenes.
663 3403 696 3435 Id
708 3405 762 3440 est,
782 3403 910 3440 Cogunt,
935 3400 1080 3437 colligunt.
1117 3398 1236 3428 Servius.

264 3444 416 3474 Cohaercnt
428 3444 508 3472 acie&
531 3444 605 3472 Curt.
628 3443 674 3473 lib.
693 3453 717 3480 3.
734 3453 781 3471 ⁷11.
807 3452 833 3476 4.
859 3450 882 3474 ς.

266 3483 349 3512 Coire
369 3482 439 3510 inter
453 3481 479 3510 sc
497 3481 595 3509 mediae
617 3482 688 3510 acies
711 3480 829 3518 possent.
851 3477 908 3507 Liv.
923 3485 948 3513 3.
968 3474 1072 3505 Decad.
1090 3473 1136 3504 lib.
1150 3479 1176 3507 8.

266 3519 404 3557 Colligere
424 3518 449 3547 se
469 3519 504 3547 ad
522 3519 619 3547 aciem.
650 3518 681 3547 V.
703 3526 872 3547 co1.L1GO.

266 3558 397 3587 Collucet
414 3556 532 3585 flammis
544 3557 624 3585 acies.
654 3555 685 3584 V.
702 3565 743 3584 co
755 3567 770 3584 L
779 3566 820 3584 cu
832 3564 849 3583 c
858 3564 872 3582 11
884 3562 911 3582 0.

266 3595 447 3625 Committere
466 3593 492 3623 se
512 3594 540 3622 in
559 3593 655 3622 aciem.
677 3593 708 3622 V.
730 3599 940 3622 commr’rTO.

265 3634 443 3670 Componere
460 3632 556 3660 aciem.
586 3630 675 3659 Tacit.
692 3631 720 3658 in
738 3631 784 3659 lib.
796 3631 831 3659 de
841 3627 968 3659 Moribus
983 3625 1112 3657 German.
1124 3627 1150 3654 6.
1165 3628 1189 3658 8.

265 3671 442 3700 Concurrunt
455 3670 536 3698 acies.
562 3667 618 3697 Liv.
631 3679 657 3703 4.
678 3667 779 3697 Decad.
802 3667 850 3696 lib.
866 3678 893 3703 4.

264 3709 436 3737 Concurrere
446 3707 513 3736 acie.
534 3705 591 3735 Liv.
603 3716 630 3741 4.
648 3705 751 3734 Decad.
768 3705 814 3734 lib.
831 3715 872 3734 10.

263 3746 408 3776 Conficere
427 3754 476 3782 per
498 3745 569 3773 acies
582 3742 696 3773 bellum.
736 3743 826 3772 Tacit.
849 3744 919 3771 Arm.
939 3740 986 3770 lib.
1002 3749 1027 3769 2.
1045 3748 1090 3773 41.
1133 3736 1250 3767 Laetiore
1267 3734 1383 3765 Tiberio

281 3785 345 3821 quia
355 3792 452 3821 pacem
463 3781 593 3818 sapientia
600 3781 754 3810 firmaverat
765 3801 772 3815 ,
796 3790 879 3816 quam
889 3780 906 3808 11
920 3778 1026 3808 bellum
1039 3787 1088 3816 per
1100 3777 1173 3806 acies
1191 3773 1359 3804 confecisset.

262 3821 419 3858 Confligere
434 3819 539 3857 duplici
554 3818 621 3847 acie.
642 3817 762 3854 Quintil.
783 3817 830 3846 lib.
845 3829 868 3854 5.
890 3817 957 3855 Cap.
972 3826 997 3853 7.

259 3858 401 3903 Congredi
423 3857 490 3886 acie.
513 3857 602 3886 Tacit.
625 3855 674 3884 lib.
702 3865 743 3890 14.
768 3864 811 3890 34.

258 3898 410 3927 Conhsterc
431 3895 460 3923 in
478 3895 544 3923 acie.
567 3893 625 3922 Liv.
652 3902 674 3921 1.
699 3892 803 3921 Decad.
821 3892 867 3920 lib.
880 3901 904 3926 9.

256 3936 445 3965 Continentur
470 3933 550 3963 acies.
571 3930 636 3961 Caes.
659 3930 694 3959 de
711 3929 778 3959 Bell.
801 3929 879 3958 Civil.
895 3928 942 3958 lib.
959 3933 1038 3964 1.83.
1081 3927 1145 3957 Tali
1165 3926 1296 3959 instructa
1320 3926 1379 3956 acie

824 593 940 632 Agmina
953 591 1068 627 cedunt,

1876 47 1903 81 A
1997 46 2028 82 C
2121 47 2138 82 I

1492 129 1588 156 tenere
1602 133 1718 171 uterque
1727 128 1899 172 propositum
1909 128 2072 159 videbatur:
2106 128 2193 158 Caesar
2204 151 2213 164 ,
2233 135 2265 158 ut
2276 128 2325 158 nisi
2344 130 2456 160 coac‘tus
2472 131 2599 169 praelium
2653 119 2655 152 3

1494 174 1554 192 non
1562 172 1777 208 committeret:=
1788 166 1845 202 1110,
1860 173 1917 195 uto
1928 176 1985 195 >era
2004 166 2115 196 Caesaris
2128 167 2285 204 impediret.
2324 163 2489 197 Producitur
2506 177 2600 201 tamen
2631 170 2639 173 ⁷*

1495 211 1560 267 {5321
1573 213 1700 268 actresque
1711 204 1745 232 ad
1754 204 1826 240 ¹lolis
1843 214 1895 233 occ
1924 214 1972 233 um
1988 205 2176 234 continentur.
2215 205 2284 234 Inde
2298 205 2408 241 utrique
2422 206 2451 234 in
2468 207 2552 237 castra
2561 209 2608 238 div

1520 250 1523 253 “
1543 251 1552 268 ἰ
1564 250 1599 269 [ln
1616 263 1621 269 .

1477 276 1724 321 Damnare'aciem.
1745 277 1778 307 Id
1788 279 1842 313 est.
1866 279 2210 316 Detestari&relinquere.
2232 279 2280 308 Sil.
2301 278 2362 308 Ital.
2380 279 2428 310 lib.
2444 290 2486 318 17.

1477 315 1566 345 Datur
1585 326 1666 344 acres.
1694 316 1786 359 Tacit.
1798 317 1827 345 in
1837 317 1898 347 Vita
1911 318 1999 354 Agric.
2030 318 2175 347 Fortissimi
2186 318 2320 354 cujusque
2329 327 2429 347 vocem
2443 319 2588 351 audiebam

1498 353 1620 390 Quando
1638 353 1747 383 dabitur
1761 354 1865 384 hostis‘?
1894 356 2006 392 quando
2025 356 2120 385 acies?
2590 344 2599 358 '

1478 392 1638 434 Decernere
1650 392 1717 420 acie.
1758 391 1817 422 Liv.
1836 404 1862 429 4.
1885 393 1990 422 Decad.
2011 393 2059 422 lib.
2076 403 2098 422 1.
2150 391 2270 422 Potuisse
2287 393 2378 422 castris
2394 404 2482 432 prope
2503 395 2602 428 urbem
2653 393 2658 422 ’τ’

1498 432 1612 472 politis,
1638 429 1754 459 tutanda
1770 431 1898 465 colonia.
1930 432 1968 460 ita
1988 436 2021 460 ut
2043 431 2102 459 acie
2120 440 2177 459 non
2201 430 2380 466 decerneret,
2404 432 2433 460 in
2451 433 2601 465 adventum
2628 431 2629 434 ’
2654 433 2667 466 l.

1500 477 1559 507 eius
1580 468 1810 510 remextrahere.
1837 469 1873 499 Et
1889 469 1936 497 lib.
1958 479 1984 497 2.
2006 469 2104 505 Quum
2122 468 2181 498 acie
2200 467 2412 499 decernendum
2431 470 2546 500 videret.
2657 466 2667 476 ”

1479 505 1624 535 Deductus
1643 515 1672 533 m
1691 506 1788 537 aciem.
1809 507 1899 536 Tacit.
1922 507 1988 535 Hist.
2006 517 2028 534 1.
2042 512 2085 542 89.

1477 543 1606 572 Deducta
1623 542 1696 579 legio
1715 544 1745 572 in
1765 545 1863 574 aciem.
1884 544 1974 574 Tacit.
1992 544 2060 573 Hist.
2077 554 2103 572 2.
2116 553 2163 579 43.

1478 580 1653 623 Descendere
1668 582 1696 609 in
1710 582 1799 611 aciem
1809 582 1939 611 omnibus
1954 582 2050 619 copiis.
2073 581 2131 611 Liv.
2143 593 2169 616 4.
2184 580 2289 612 Decad.
2301 580 2350 612 lib.
2369 592 2394 612 1.

1476 616 1578 648 Dicere
1597 628 1678 648 acres.
1700 619 1732 649 Id
1743 620 1799 655 est,
1819 620 1997 655 Delcribere‚
2014 629 2131 648 narrare.
2152 618 2225 655 virg.
2244 630 2269 657 7.
2290 621 2353 650 ffin.
2368 630 2418 658 42.

1554 655 1600 698 Tu
1616 664 1708 686 vatem
1721 680 1729 693 ‚
1750 664 1781 688 tu
1799 658 1862 687 diva
1880 668 1982 687 mone:
2013 657 2105 686 dicam
2124 657 2235 686 horrida
2252 658 2325 688 bella
2336 680 2345 695 ,

1509 732 1514 736 .
1554 693 1760 738 13101111100105,
1781 698 1911 733 actosque
1930 696 2030 725 animis
2050 696 2079 724 in
2098 695 2196 724 funera
2213 705 2300 734 reges.

1479 731 1601 774 Dilatare
1620 742 1718 762 aciem.
1738 733 1796 763 Liv.
1806 745 1833 769 4.
1850 733 1954 764 Decad.
1976 734 2024 763 lib.
2039 743 2062 762 1.
2077 742 2119 769 31.
2134 743 2178 762 21.

1478 769 1619 812 Durucare
1628 771 1714 813 aciefi
1724 771 1808 801 vellet
1816 772 1874 801 Liv.
1886 784 1912 808 4.
1928 772 2033 801 Decad.
2044 771 2092 801 lib.
2108 781 2130 800 1.
2148 772 2175 800 ὃς
2185 781 2210 804 4.
2226 780 2270 806 31.
2288 779 2332 806 35.
2658 788 2659 792 =

1478 806 1709 852 Dirigereaciem3
1734 809 1798 839 Caes.
1815 810 1883 840 Bell.
1906 809 1984 839 Civil.
1994 809 2042 839 lib.
2056 820 2079 845 5.
2101 809 2172 839 Hirt.
2185 809 2220 837 de
2229 808 2298 838 Bell.
2310 808 2390 838 Afric'.
2421 808 2521 840 Hostes
2535 810 2606 840 inte·
2657 817 2659 824 ⁴

1498 855 1550 874 run
1570 855 1659 875 aciem
1681 847 1804 885 dirigunt
1829 847 1948 877 mirabili
1967 846 2144 885 longitudine
2164 856 2223 876 non
2239 846 2386 884 peditum,
2405 846 2454 877 sed
2476 849 2605 886 equitum

1502 883 1666 927 confertam.
1687 884 1744 915 Liv.
1761 897 1787 921 4.
1826 886 1931 915 Decad.
1947 886 1996 915 lib.
2020 895 2044 915 1.

1480 921 1604 964 Disjet‘ta
1621 923 1703 953 acies.
1745 924 1834 954 Tacit.
1857 924 1924 953 Hist.
1949 933 1973 960 3.
1997 933 2023 953 2.
2043 933 2069 961 7.

1480 959 1619 1003 Dispossta
1630 960 1839 991 Vitellianarum
1858 961 2002 998 legionum
2017 963 2084 991 acie.
2120 959 2212 990 Tacit.
2223 960 2292 990 Hist.
2306 969 2332 990 2.
2344 970 2389 996 41.
2628 980 2633 983 κ
2665 982 2667 987 .

1480 997 1636 1041 Distrahere
1644 1000 1742 1035 aciem,
1753 1001 1779 1029 ἃ
1789 1000 1954 1043 distendere.
1975 999 2041 1029 Caes.
2054 999 2121 1029 Bell.
2135 998 2215 1028 Civil.
2233 998 2280 1028 lib.
2296 1007 2320 1035 3.
2333 1008 2376 1034 92.
2396 998 2544 1036 Pompeius
2552 997 2606 1029 suis

1500 1036 1709 1079 praedixeratmt
1718 1037 1828 1067 Caesaris
1838 1039 1976 1075 impetum
1987 1038 2232 1076 exciperent‚neve
2239 1036 2265 1065 se
2273 1036 2337 1065 loco
2348 1037 2606 1071 moverentfflciem-

1500 1084 1555 1111 qne
1565 1084 1624 1110 ejus
1636 1075 1746 1118 distrahi
1755 1082 1928 1119 paterentur:
1944 1083 1975 1105 ut
1984 1077 2089 1114 primus
2097 1074 2226 1105 excursus
2236 1075 2332 1112 visque
2342 1074 2464 1103 militum
2474 1074 2605 1111 infringe-
2617 1072 2630 1077 ⁴

1499 1119 1585 1179 ἓξὲξ,
1602 1123 1730 1180 actiesque
1741 1114 1942 1144 distenderetur
1953 1123 1960 1144 z
1982 1121 2065 1152 atque
2076 1114 2106 1143 in
2116 1113 2169 1143 suis
2180 1113 2326 1142 ordinibus
2335 1112 2606 1151 dispositi,disperlbs

1556 1161 1629 1180 riren
1644 1162 1683 1181 ur.

1480 1186 1624 1218 Divertere
1645 1191 1726 1220 acies.
1761 1189 1865 1220 Lucan.
1885 1190 1934 1220 lib.
1956 1200 1982 1220 2·
2001 1198 2067 1227 470.

1480 1225 1590 1270 Ducere
1600 1226 1805 1257 firmamentum
1820 1229 1849 1257 in
1869 1229 1967 1258 aciem.
1989 1227 2047 1258 Liv.
2068 1236 2092 1265 3.
2113 1226 2218 1257 Decad.
2233 1226 2282 1256 lib.
2295 1237 2322 1263 9.

1480 1263 1631 1302 Duplicare
1648 1267 1729 1296 acies.
1751 1266 1799 1296 Sil.
1823 1266 1883 1296 Ital.
1902 1266 1950 1296 lib.
1975 1276 2017 1301 15.

1479 1302 1606 1346 Educere
1621 1304 1650 1332 in
1660 1305 1758 1334 aciem.
1791 1304 1857 1334 Caes.
1875 1304 1943 1334 Bell.
1970 1303 2050 1333 Civil.
2066 1303 2115 1332 lib.
2132 1313 2159 1339 4.
2184 1312 2226 1340 13.
2247 1306 2292 1332 26.
2384 1326 2385 1329 .

1478 1340 1590 1384 Erigere
1601 1343 1698 1385 aciem.
1719 1342 1776 1372 Liv.
1793 1353 1815 1372 1.
1828 1342 1932 1372 Decad.
1943 1342 1991 1372 lib.
2005 1352 2029 1371 1.
2051 1341 2143 1371 Tacit.
2156 1340 2227 1370 Arm.
2243 1346 2285 1375 18.
2300 1341 2344 1376 36.
2355 1338 2423 1370 Hist.
2436 1347 2522 1377 4171.

1479 1377 1590 1416 Erigere
1603 1389 1692 1409 acrem
1701 1381 1730 1409 in
1741 1380 1885 1410 adversum
1893 1380 2004 1410 collem.
2025 1379 2083 1409 Liv.
2099 1390 2125 1415 3.
2151 1378 2258 1409 Decad.
2270 1378 2319 1408 lib.
2332 1383 2359 1414 8.

1479 1416 1608 1455 Erumpit
1620 1428 1692 1447 nova
1703 1419 1784 1448 acies.
1806 1418 1864 1448 Liv.
1876 1429 1900 1448 1.
1917 1418 2022 1449 Decad.
2035 1418 2083 1447 lib.
2096 1430 2122 1455 4.

1478 1454 1602 1485 Evadere
1612 1456 1739 1486 adversus
1757 1457 1855 1486 aciem.
1878 1456 1935 1486 Liv.
1951 1466 1975 1493 3.
1994 1456 2099 1486 Decad.
2116 1454 2164 1485 lib.
2177 1466 2203 1494 7.

1478 1492 1620 1523 Excedere
1630 1495 1698 1524 acie.
1725 1494 1784 1524 Liv.
1801 1506 1828 1531 4.
1850 1495 1955 1525 Decad.
1974 1493 2022 1523 lib.
2044 1505 2067 1524 1.

1477 1530 1693 1575 Excireanilites
1712 1533 1742 1561 in
1761 1533 1858 1562 aciem.
1880 1533 1938 1562 Liv.
1956 1542 1980 1570 3.
2001 1532 2107 1562 Decad.
2119 1531 2168 1562 lib.
2181 1540 2208 1569 7.

1479 1569 1562 1599 Exire
1580 1580 1610 1598 m
1630 1571 1728 1600 aciem.
1756 1570 1815 1600 Liv.
1837 1571 1904 1600 ibid.

1478 1606 1618 1651 Exornare
1633 1609 1731 1638 aciem.
1761 1608 1868 1639 Sallust.
1886 1610 1916 1638 in
1930 1608 2059 1646 Jugurth.

1477 1645 1632 1683 Explicare.
1654 1646 1711 1676 Liv.
1729 1656 1752 1676 1.
1778 1647 1883 1676 Decad.
1894 1646 1942 1676 lib.
1956 1657 1983 1682 4.
1999 1656 2044 1683 27.

1477 1683 1646 1713 Extenditur
1657 1685 1738 1714 acies.
1760 1684 1837 1714 Curt.
1847 1685 1896 1714 lib.
1907 1694 1931 1720 3.
1943 1695 1968 1720 9.
1983 1694 2024 1714 12.

1477 1721 1636 1766 Extenuzire
1651 1723 1747 1752 aciem.
1768 1722 1825 1761 Liv.
1846 1734 1873 1759 4.
1894 1722 2000 1752 Decad.
2022 1721 2070 1751 lib.
2095 1730 2119 1751 1.

1478 1759 1567 1803 Perre.
1589 1761 1679 1790 Tacit.
1696 1760 1743 1790 lib.
1757 1772 1783 1797 4.
1805 1761 1838 1791 Id
1853 1761 1906 1796 est,
1927 1761 2075 1790 Sustinere.

1477 1798 1599 1841 firmare
1618 1798 1751 1828 subsidiis.
1772 1798 1830 1829 Liv.
1847 1809 1870 1829 1.
1893 1799 1999 1828 Decad.
2024 1797 2072 1827 111).
2089 1808 2117 1833 4.

1478 1836 1608 1866 Firmare.
1632 1836 1688 1866 Liv.
1711 1846 1735 1874 3.
1754 1837 1859 1866 Decad.
1875 1837 1925 1866 lib.
1949 1846 1974 1874 7.

1479 1874 1589 1904 Hortari
1607 1875 1705 1904 aciem.
1727 1874 1811 1905 Ovid.
1828 1885 1852 1904 1.
1884 1875 1920 1904 de
1934 1875 1998 1904 Arte
2011 1874 2072 1903 Am.
2094 1880 2160 1910 207.

1478 1912 1600 1950 Impulsa
1617 1913 1698 1942 acies.
1719 1912 1777 1942 Liv.
1793 1922 1816 1950 3.
1838 1913 1943 1943 Decad.
1962 1912 2010 1941 lib.
2029 1923 2057 1948 4.

1478 1950 1627 1980 Inclinavit
1642 1951 1725 1980 acies.
1744 1950 1802 1980 Liv.
1821 1960 1844 1980 1.
1867 1950 1972 1980 Decad.
1993 1950 2042 1979 lib.
2056 1959 2082 1979 2.
2099 1958 2146 1979 20.

1478 1988 1633 2018 Inclinatur
1654 1989 1737 2024 acies,
1758 1987 1826 2018 Fusa
1840 1989 1878 2018 est
1892 1990 1974 2018 acies.
1995 1988 2053 2017 Liv.
2071 1998 2094 2016 1.
2115 1984 2220 2016 Decad.
2238 1983 2288 2014 lib.
2304 1993 2327 2014 1.
2346 1993 2390 2014 12.

1478 2025 1612 2056 Incubuit
1624 2034 1685 2056 turn
1703 2027 1776 2056 acies
1791 2027 1912 2056 hostium
1930 2027 2043 2063 integris
2059 2024 2213 2054 ordinibus.
2249 2022 2339 2052 Tacit.
2352 2023 2420 2053 Hist.
2437 2030 2464 2053 2.
2475 2031 2523 2060 42.

1479 2064 1623 2094 Incurrere
1645 2066 1676 2094 in
1693 2065 1813 2094 aversam
1825 2065 1945 2094 hostium
1961 2066 2058 2094 aciem.
2088 2062 2146 2092 Liv.
2165 2071 2188 2097 3.
2214 2060 2319 2091 Decad.
2340 2060 2390 2091 lib.
2406 2071 2448 2091 10.

1479 2102 1616 2132 Inducere
1631 2103 1720 2133 aciem
1729 2103 1758 2132 in
1768 2103 1884 2132 hostem.
1905 2102 1964 2132 Liv.
1980 2113 2001 2132 1.
2025 2101 2131 2131 Decad.
2153 2099 2202 2129 lib.
2216 2110 2243 2135 4.

1479 2139 1617 2184 Inducere
1635 2141 1758 2179 legiones
1775 2141 1806 2171 in
1818 2141 1915 2170 aciem.
1937 2140 1995 2170 Liv.
2018 2149 2043 2177 3.
2060 2139 2165 2168 Decad.
2179 2137 2227 2167 lib.
2244 2146 2271 2174 7.

1479 2178 1583 2208 Inferre
1594 2182 1619 2208 1c
1631 2180 1660 2208 in
1671 2179 1794 2208 mediam
1812 2180 1910 2208 aciem.
1932 2178 1990 2208 Liv.
2005 2187 2029 2213 3.
2050 2177 2155 2207 Decad.
2166 2175 2215 2205 lib.
2230 2181 2256 2210 8.

1479 2217 1599 2247 Infertur
1620 2218 1753 2256 pedestris
1769 2217 1851 2247 acies.
1872 2216 1962 2246 Tacit.
1985 2216 2034 2245 lib.
2049 2225 2075 2245 2.

1478 2255 1630 2285 Instaurare
1645 2256 1743 2285 aciem.
1764 2254 1835 2284 Vide
1854 2266 1863 2283 1
1873 2265 1894 2284 N
1902 2265 1914 2284 s
1924 2265 1944 2283 'r
1954 2264 1972 2283 A
1983 2264 2001 2283 u
2012 2264 2028 2282 R
2036 2264 2063 2283 o.

1479 2293 1624 2324 Instituere
1637 2316 1644 2328 ‚
1666 2303 1717 2331 pro
1735 2293 1845 2323 Facere.
1877 2292 1942 2323 Caes.
1962 2291 2029 2322 Bell.
2047 2291 2128 2321 Civil.
2149 2290 2198 2319 lib.
2214 2298 2239 2327 3.
2253 2298 2298 2325 93.
2333 2287 2451 2318 Timens
2466 2285 2553 2316 Caesar
2571 2295 2608 2316 ne
2660 2288 2666 2305 ¹>

1499 2341 1515 2360 a
1524 2332 1705 2361 multitudine
1714 2331 1841 2368 equitum
1848 2330 1979 2360 dextrum
1990 2340 2078 2359 cornu
2090 2327 2338 2362 circunveniretur‚
2346 2326 2473 2356 celeriter
2483 2335 2518 2354 ex
2526 2325 2608 2354 tertia
2629 2334 2633 2337 ·
2666 2321 2667 2330 ¹

1498 2370 1558 2398 acie
1572 2369 1689 2407 lingulas
1707 2369 1836 2398 cohortes
1853 2369 1990 2403 detraxit,
2015 2375 2098 2405 atque
2110 2376 2145 2396 ex
2160 2366 2202 2395 his
2221 2371 2346 2402 quartam
2366 2364 2492 2393 instituit.
2521 2362 2607 2392 Paulo
2666 2388 2667 2398 ¹

1498 2408 1559 2446 post
1570 2430 1577 2443 ‚
1599 2408 1686 2444 Quod
1697 2407 1746 2436 ubi
1768 2407 1854 2436 Caesar
1868 2407 2080 2442 animadvertit,
2099 2414 2203 2443 quartae
2219 2404 2289 2433 aciei
2302 2412 2386 2440 quam
2403 2402 2558 2431 instituerat
2571 2409 2609 2430 ex
2666 2401 2667 2408 ¹

1499 2446 1658 2475 cohortium
1670 2455 1806 2480 numero,
1824 2444 1931 2482 signum
1951 2444 2039 2473 dedit.

1479 2484 1623 2514 Instruere.
1648 2483 1706 2513 Cic.
1719 2493 1769 2523 pro
1780 2482 1891 2513 Muren.
1906 2493 1948 2518 19.
1972 2482 2018 2512 Tu
2028 2482 2168 2512 aaronem
2178 2479 2314 2510 instituis:
2334 2477 2383 2508 ille
2392 2477 2481 2508 aciem
2489 2476 2606 2507 histruit.

1478 2523 1626 2559 Integrare.
1649 2521 1696 2551 Sil.
1710 2521 1770 2551 Ital.
1790 2520 1838 2550 lib.
1855 2531 1896 2551 12.
1909 2524 1973 2555 680.

1478 2560 1686 2598 Interrumpere
1705 2560 1802 2589 aciem.
1832 2559 1864 2588 V.
1887 2567 2144 2588 1NT13RRuMPo.

1478 2599 1613 2629 Invadere
1631 2597 1810 2627 transversam
1822 2597 1950 2627 hostium.
1980 2596 2039 2626 Liv.
2054 2605 2076 2625 1.
2092 2593 2196 2624 Decad.
2210 2593 2259 2622 lib.
2277 2603 2303 2629 9.

1482 2637 1581 2667 Invehi
1598 2637 1627 2665 in
1642 2637 1739 2666 aciem.
1756 2635 1789 2665 Id
1801 2636 1856 2671 est,
1875 2634 1981 2664 Inferri.
2004 2634 2062 2663 Liv.
2078 2643 2101 2662 1.
2124 2631 2230 2662 Decad.
2249 2630 2298 2660 lib.
2310 2639 2338 2665 2,.

1482 2675 1525 2705 110
1544 2675 1573 2704 111
1589 2675 1686 2704 aciem.
1722 2673 1812 2703 Tacit.
1832 2674 1861 2702 in
1882 2672 1943 2702 Vua
1963 2671 2105 2709 Agricolae.

1482 2713 1583 2744 Iterare
1596 2713 1694 2742 aciem.
1716 2712 1748 2742 Id
1760 2712 1815 2747 est,
1835 2711 1989 2741 Renovare.
1998 2710 2077 2738 *Stat
2097 2717 2139 2737 11.
2179 2705 2271 2737 Theb.
2284 2716 2350 2743 455.

1482 2751 1618 2781 Labantes
1627 2751 1709 2780 acies.
1730 2749 1819 2779 Tacit.
1843 2749 1873 2778 in
1885 2748 1933 2778 lib.
1953 2749 1988 2778 de
2004 2747 2106 2777 lllorib.
2121 2746 2249 2776 German.
2270 2749 2296 2779 8.
2327 2776 2331 2779 ,

1481 2790 1585 2820 Laxata
1602 2789 1683 2818 acies.
1704 2787 1798 2824 Liv.3.
1819 2785 1923 2816 Decad.
1944 2786 1993 2815 lib.
2004 2795 2028 2822 7.

1483 2828 1661 2896 Lfficarzarge
1683 2827 1772 2855 aciem
1786 2825 1894 2864 pedites
1906 2834 1941 2854 ex
1955 2824 2033 2853 omni
2043 2823 2189 2859 juventute
2210 2819 2344 2850 delectos.
2369 2817 2461 2848 Tacit.
2472 2817 2502 2847 in
2510 2816 2558 2847 lib.
2572 2817 2609 2847 de
2660 2828 2665 2829 ⁷

1534 2876 1573 2895 or1
1596 2889 1602 2895 .
1644 2874 1747 2894 erman.
1760 2868 1786 2893 6.
2663 2877 2665 2883 .

1478 2904 1597 2936 Miscere
1642 2903 1737 2932 avidos
1760 2902 1841 2939 fuga,
1870 2899 2088 2936 vulneribusque
2111 2896 2215 2926 milites
2245 2895 2276 2924 in
2293 2895 2452 2929 certamt&
2471 2895 2607 2931 integram
2661 2919 2665 2930 1

1499 2943 1597 2972 aciem.
1643 2942 1714 2977 iv.3.
1738 2940 1842 2970 Decad.
1861 2938 1910 2967 lib.
1938 2948 1979 2967 10.
2664 2940 2666 2943 ·

1500 2982 1655 3017 Antequam
1673 2978 1854 3008 miscerentur
1869 2977 1951 3006 acies.
1979 2974 2070 3004 Tacit.
2091 2972 2160 3002 Hist.
2179 2981 2204 3000 2.
2227 2981 2273 3004 2<-

1480 3019 1597 3049 Movere
1615 3018 1689 3047 loco.
1711 3016 1769 3046 Liv.
1783 3026 1807 3053 3.
1826 3015 1930 3044 Decad.
1951 3013 1998 3042 lib.
2021 3022 2061 3041 10.
2084 3010 2131 3040 Sil.
2154 3009 2214 3039 Ital.
2232 3009 2280 3038 lib.
2301 3018 2344 3038 11.

1480 3057 1595 3087 Nudare
1614 3054 1765 3089 cornibus,
1791 3052 1910 3087 auxilio,
1934 3053 1986 3081 ἃς.
2015 3050 2073 3079 Liv.
2094 3058 2118 3085 3.
2140 3047 2246 3078 Decad.
2268 3046 2318 3075 lib.
2338 3056 2381 3075 10.

1480 3095 1637 3125 Nutantem
1654 3094 1744 3123 aciem
1763 3092 1850 3121 victor
1866 3091 2004 3128 equitatus
2018 3087 2147 3116 incursat.
2175 3085 2266 3116 Tacit.
2279 3084 2347 3114 Hist.
2363 3094 2388 3122 3.
2407 3089 2450 3119 18.

1481 3134 1646 3172 Opponere.
1680 3131 1753 3167 Virg.
1770 3139 1796 3165 9.
1819 3128 1880 3158 ΖΕΗ.
1899 3131 1963 3164 469.

1560 3169 1691 3201 IEneadae
1709 3167 1771 3197 duri
1793 3176 1936 3195 murorum
1959 3166 1989 3194 111
2004 3169 2082 3203 pane
2103 3161 2205 3192 sinistra

1562 3206 1726 3246 Opposuere
1749 3205 1845 3234 aciem.

1481 3246 1629 3276 Ordinare.
1651 3246 1726 3274 Curt.
1739 3242 1787 3271 lib.
1804 3252 1828 3277 3.
1847 3247 1872 3275 8.
1890 3251 1935 3277 24.

1480 3284 1604 3314 Pandere
1614 3283 1711 3312 aciem.
1733 3281 1823 3310 Tacit.
1840 3279 1907 3308 Hist.
1921 3289 1946 3308 2.
1961 3288 2005 3311 25.
2027 3276 2085 3306 Liv.
2097 3285 2120 3312 3.
2143 3274 2248 3305 Decad.
2263 3272 2312 3303 lib.
2323 3278 2349 3306 8.

1480 3323 1618 3352 Patesaeta
1630 3321 1698 3355 acie,
1714 3328 1818 3348 cornua
1829 3318 1949 3347 hostium
1962 3315 2107 3351 amplexus
2116 3315 2146 3343 in
2156 3313 2272 3348 orbem,
2297 3314 2454 3349 pugnantes
2474 3308 2607 3339 adunum

1501 3369 1599 3389 omnes
1617 3358 1730 3388 occidit.
1761 3356 1818 3385 Liv.
1833 3365 1857 3393 3.
1878 3355 1983 3384 Decad.
1997 3353 2045 3382 lib.
2068 3358 2094 3387 8.

1480 3398 1596 3428 Pellere.
1626 3396 1657 3425 V.
1681 3405 1769 3424 Patr.
1779 3404 1804 3423 0.

1480 3436 1659 3472 Perfringere.
1680 3433 1770 3463 Tacit.
1789 3431 1836 3460 lib.
1848 3441 1892 3460 20.

1480 3474 1669 3510 Perrumpere.
1691 3471 1763 3507 Virg.
1782 3480 1807 3505 9.
1827 3468 1889 3499 AEn.
1913 3476 1974 3503 513.

1559 3512 1630 3540 Saxa
1650 3518 1762 3547 quoque
1778 3507 1876 3536 infesto
1896 3504 2047 3535 volvebant
2061 3503 2202 3542 pondere,
2223 3501 2297 3539 siqua

1561 3548 1671 3578 Poffent
1690 3548 1793 3576 tecTam
1816 3545 1904 3574 aciem
1921 3552 2110 3581 perrumpere.
2211 3540 2245 3571 ld
2256 3539 2310 3574 est,
2330 3535 2422 3568 Sentis
2441 3536 2513 3567 facta
2523 3535 2604 3566 testu·

1502 3586 1568 3616 dine
1589 3586 1616 3616 se
1638 3591 1789 3623 tegentem.
2658 3583 2660 3595 ¹

1479 3624 1639 3653 Perturbata
1652 3624 1733 3653 acies.
1756 3621 1812 3651 Liv.
1828 3630 1852 3657 3.
1873 3616 2040 3649 Decantlib.
2064 3625 2090 3654 7.
2114 3625 2157 3655 37.
2179 3626 2225 3653 41.

1478 3661 1593 3691 Poscere
1612 3663 1692 3691 acies.
1716 3660 1790 3696 Virg.
1818 3664 1843 3692 8.
1865 3658 1927 3688 AEn.
1949 3666 2010 3691 540.

1603 3716 1640 3720 —
1659 3698 1774 3737 poscant
1790 3697 1880 3731 acies,
1902 3697 1928 3724 &a
1942 3693 2047 3723 foedera
2070 3697 2210 3730 rumpant.

1478 3736 1631 3766 Procedere
1651 3738 1679 3765 in
1689 3737 1787 3766 aciem.
1810 3734 1867 3764 Liv.
1884 3743 1906 3761 1.
1927 3731 2031 3761 Decad.
2045 3729 2094 3760 lib.
2107 3742 2134 3766 4.
2156 3731 2182 3759 δι
2201 3738 2225 3766 3.
2243 3727 2348 3757 Decad.
2363 3724 2411 3755 lib.
2427 3735 2454 3763 7.

1477 3775 1617 3805 Procurrit
1634 3776 1715 3804 acies.
1741 3773 1806 3803 Caes.
1819 3771 1886 3801 Bell.
1904 3769 1984 3799 Civil.
1996 3768 2044 3797 lib.
2060 3777 2084 3800 3.
2104 3777 2148 3803 93.
2212 3766 2319 3796 Eodem
2344 3771 2471 3801 tempore
2494 3761 2604 3791 tertiam

1497 3813 1586 3842 aciem
1607 3812 1693 3842 Caesar
1704 3821 1795 3878 ,squae
1815 3811 1908 3848 quieta
1925 3808 2032 3842 fuerat,
2052 3807 2078 3836 &
2096 3805 2122 3834 se
2138 3804 2174 3833 ad
2189 3805 2220 3834 id
2238 3810 2349 3841 tempus
2372 3801 2437 3830 loco
2457 3806 2583 3829 tenuerat
2594 3819 2603 3833 ,

1496 3861 1658 3888 procurrere
1673 3851 1712 3885 jul
1728 3856 1756 3878 rt.

1476 3888 1589 3918 Prodire
1608 3889 1637 3918 in
1657 3888 1755 3917 aciem.
1778 3884 1844 3916 Caes.
1866 3883 1933 3913 Bell.
1956 3880 2025 3912 Gall.
2051 3880 2099 3910 lib.
2120 3886 2146 3915 8.
2165 3886 2190 3915 8.

2252 3877 2393 3909 Omnibus
2420 3875 2503 3906 rebus
2522 3874 2605 3904 inser·
2658 3877 2664 3913 ιζ

2468 3913 2602 3942 viendum
2660 3916 2661 3925 ¹
