2604 4222
145 138 210 177 556
596 122 888 159 COE

182 212 448 244 Animaliacoeunt,
470 206 552 237 Ovid.
570 216 611 236 10.
632 205 700 235 Met.
722 213 798 246 394.-

467 262 503 266 ——
515 250 672 280 coeuntque
688 240 816 271 animalia
833 237 912 267 nullo

278 287 374 315 Cetera
389 285 506 313 delectu.

189 327 256 357 {sves
267 330 379 352 coeunt.
401 321 483 351 Ovid.
495 319 599 354 9.Met.
614 326 676 354 7³²·
777 352 783 357 ¹

270 361 330 390 Urit
341 369 405 388 oves
419 359 506 388 aries:
528 357 646 393 sequitur
660 354 705 383 sua
719 353 821 382 femina
832 358 955 379 cervum.

271 399 315 427 Sic
325 400 350 427 82,
361 406 422 426 aves
438 402 549 424 coeuut.

191 439 276 468 Pecus
287 437 351 464 coit.
374 434 458 463 Ovid.
471 442 496 461 2.
514 433 548 460 de
562 431 622 459 Arte
637 431 693 458 Am.
709 431 772 461 615.
1036 460 1041 464 ι

284 474 315 503 111
327 472 437 505 medio,
458 469 607 506 passimque
619 467 675 495 coit
687 474 791 502 pecus;
814 462 870 492 1100
887 469 998 498 quoque
1017 458 1073 489 viso

321 510 422 538 Avertit
431 508 521 536 vultus
532 506 601 542 saepe
613 503 705 542 puella
714 502 784 530 suos.

194 551 263 580 Cum
277 557 340 584 pare
350 547 396 575 suo
415 545 497 574 coire.
531 542 614 571 Ovid.
634 550 658 575 3.
680 540 760 569 Trist.
774 547 839 575 741.

274 587 342 614 Cum
351 593 414 621 pare
427 590 539 618 qumque
548 580 596 608 suo
607 586 710 608 coeunt
719 574 898 612 volucresque
916 574 1044 609 feraeque.
1157 607 1163 612 .
1179 607 1185 612 Ι

195 626 294 661 Stupro
306 623 387 651 coire.
429 621 503 648 Curt.
518 629 542 653 5.
557 627 579 645 1.
593 626 635 652 37.
658 615 772 644 Liberos
784 636 792 648 ,
813 611 998 649 conjugesque
1012 618 1074 639 cuni
1086 606 1239 646 hospitibus
1254 605 1306 635 stu-

215 661 362 698 procoire,
383 658 466 686 modo
477 655 596 693 pretium
617 653 712 690 flagitii
723 652 812 681 detur.
913 687 918 693 ¹
1108 684 1114 689 ⁹

196 700 273 729 Toro
287 698 369 725 coire.
392 694 475 724 Ovid.
493 704 513 721 1.
529 693 565 721 de
578 693 637 721 Arte
648 694 705 720 Am.
722 694 783 726 564.
804 687 965 718 subauditur
978 684 1145 724 praepositio.

196 736 297 767 Furtim
309 735 390 763 coire.
414 731 496 761 Ovid.
509 730 589 760 Rem.
603 731 691 758 Amor.
707 736 748 763 33.
866 763 870 768 ¹
1268 756 1274 761 .

197 774 277 804 Coire
297 769 475 806 [σωίῑαθη]
496 768 569 805 apud
584 767 687 796 Priscos
703 764 819 794 verbum
833 761 1013 804 criminosum
1031 767 1096 789 erat.
1137 757 1209 802 Lege
1230 765 1305 785 emm

215 809 341 839 Cornelia
354 807 498 836 constituta
508 812 567 834 erat
580 804 717 834 accusatio
727 800 855 832 adversus
874 810 922 829 eos
941 799 986 836 qui
998 808 1026 826 in
1038 795 1224 839 accusationes
1240 804 1307 822 con-

214 844 458 881 demnationesque
472 844 603 872 coierant.
626 852 680 879 quo
692 841 784 878 capite
795 839 861 876 legis
872 837 1005 867 Corneliae
1018 846 1032 865 a
1047 834 1121 864 Sulla
1140 837 1174 863 lic
1184 831 1307 870 appella-

215 895 248 915 tae
259 906 266 918 ,
288 893 339 912 nec
348 882 425 920 plebs
438 891 490 910 nec
499 881 622 917 equester
635 879 705 908 ordo
720 878 884 907 tenebatur:
906 876 952 904 sed
968 876 1114 915 Senatores
1133 878 1256 903 tantum,
1280 871 1307 898 Sc

214 923 259 960 qui
271 922 437 954 magistratus
449 918 591 956 gesserant.
628 917 714 946 Verba
725 916 792 952 legis
803 916 830 943 in
844 915 969 943 oratione
982 913 1123 941 Ciceronis
1134 919 1183 947 pro
1197 908 1307 951 Cluerit.

217 971 277 996 ¹4⁴·
298 959 356 987 lizec
378 963 496 989 extant,
518 956 574 992 Qui
589 955 729 985 Tribunus
744 953 863 983 militum
884 951 1038 988 legionibus
1060 955 1177 990 quatuor
1193 954 1306 984 primis,

214 998 296 1035 quive
306 995 446 1032 Quaestor,
465 994 543 1024 Trib.
566 993 654 1022 Plebis
675 994 720 1027 t&
737 992 870 1027 deinceps
889 998 993 1031 omnes.
1011 987 1178 1029 magistratus
1196 992 1309 1025 enume-

214 1035 328 1069 rantur)
350 1033 430 1070 quive
450 1033 478 1061 in
500 1033 602 1060 Senatu
619 1031 783 1060 sententiam
796 1029 883 1061 dixit,
906 1027 1025 1055 dixerit:
1057 1034 1104 1067 qui
1120 1032 1216 1052 eorum
1232 1028 1308 1055 coit,

215 1072 324 1102 coierit:
346 1070 493 1104 convenit,
517 1069 694 1099 convenerit:
718 1077 772 1104 quo
791 1066 849 1103 quis
867 1064 974 1101 judicio
985 1062 1100 1102 publico
1110 1061 1312 1090 condemnare-

248 1120 258 1138 1·
319 1119 343 1138 c,

195 1117 276 1178 Ctouire
287 1111 316 1175 111
329 1147 399 1175 lites.
440 1145 508 1174 Plin.
523 1156 546 1179 5.
561 1144 642 1182 Epist.
657 1153 699 1178 14.
721 1143 756 1171 ad
768 1140 943 1170 Valerianum
956 1161 964 1173 ,
984 1137 1123 1182 Recitavit
1134 1134 1262 1179 libellum
1270 1134 1311 1162 di-

215 1185 314 1214 sertum
327 1186 471 1220 &gravem
481 1205 489 1217 ,
511 1193 565 1219 quo
582 1182 690 1219 questus
710 1181 748 1210 est
762 1179 854 1208 venire
866 1178 1066 1207 advocationes
1079 1197 1086 1209 ,
1111 1183 1206 1217 venri-re
1226 1179 1310 1215 etiam

216 1219 472 1261 praevaricationes,
493 1221 521 1248 in
535 1219 598 1249 lites
617 1219 704 1253 coiri,
726 1219 751 1248 &
770 1216 863 1254 gloriae
881 1215 946 1245 loco
963 1214 1033 1252 poni
1051 1222 1087 1243 ex
1101 1211 1193 1249 spoliis
1208 1218 1311 1239 Civium

216 1269 330 1297 magnos
341 1261 367 1289 Sc
379 1259 462 1288 statos
473 1258 586 1287 reditus.
1056 1289 1061 1294 ι
1292 1284 1298 1290 ⁸

198 1298 279 1328 Coire
291 1298 334 1326 de.
357 1297 414 1326 Cic.
424 1306 474 1333 pro
485 1295 576 1325 Domo
588 1303 632 1329 47.
655 1293 778 1331 Collegia
790 1291 899 1321 medius
919 1290 1002 1319 fidius
1013 1288 1205 1318 Tribunorum
1223 1284 1313 1328 plebis

217 1344 274 1365 tota
283 1335 455 1373 reperientur
467 1333 521 1363 lioc
530 1334 589 1369 jure
600 1331 707 1361 firmato
717 1353 725 1366 ,
746 1339 806 1368 quae
822 1336 922 1358 coeant
931 1328 965 1356 de
978 1327 1122 1368 hominum
1135 1322 1312 1366 locuplet'issi-

216 1383 325 1403 morum
346 1372 427 1401 bonis
438 1394 445 1407 ,
465 1371 557 1408 prieda
569 1369 715 1408 praesertiui
733 1367 859 1406 populari
875 1368 900 1396 ἃ
912 1365 958 1403 spe
970 1364 1122 1406 largitionis
1133 1361 1234 1405 oblata.
1256 1370 1271 1389 1.
1286 1369 1310 1390 0.

218 1412 275 1448 Qui
287 1411 316 1439 in
326 1410 420 1440 abdito
431 1409 542 1438 consilia
553 1409 655 1446 agitent
664 1407 699 1436 de
706 1405 863 1436 evertendis
873 1399 1310 1441 locupletumtortunis.Budaeus.

162 1450 302 1480 Coruus
313 1470 321 1483 ,
342 1448 442 1477 cuntis.
463 1447 558 1477 Partic.
584 1446 596 1482 [
610 1441 771 1479 συςενώμῖμῶ·
785 1443 800 1478 ]
820 1449 870 1478 ut,
891 1441 969 1479 Ripae
988 1440 1052 1470 vadi
1074 1445 1207 1469 coeuntes
1219 1458 1227 1472 ,
1252 1446 1270 1466 1.
1286 1445 1310 1465 e.

201 1488 306 1517 Vadum
316 1485 468 1523 angustum.
490 1484 536 1514 Sil.
553 1483 601 1512 lib.
617 1492 639 1511 1.
654 1491 697 1517 5²·
971 1516 976 1522 .
1002 1516 1008 1522 ἢ

278 1523 376 1560 Teque
386 1544 393 1558 ,
414 1522 476 1551 vadi
489 1522 606 1551 dubium
617 1518 799 1553 coeuntibus,
821 1516 917 1546 Aulide
927 1538 935 1552 ,
955 1525 1033 1554 ripis.

199 1562 322 1600 Specum
335 1567 454 1590 coeunte
466 1568 535 1589 terra
545 1560 669 1595 jungere.
708 1558 773 1586 Sen.
788 1554 890 1585 Troad.
905 1565 931 1584 v.
947 1560 1008 1590 198.

280 1597 472 1636 Repetensque
482 1597 568 1626 ditem
582 1618 590 1630 ,
611 1594 713 1626 mersus
725 1596 868 1631 ingentem
883 1592 996 1630 specum

281 1637 406 1666 coeunte
416 1642 487 1665 terra
496 1635 597 1671 junxit.
685 1634 703 1662 i.
716 1642 741 1662 e.
762 1632 876 1661 Hiatum
888 1632 1076 1666 conjungente
1089 1627 1114 1657 se
1125 1633 1196 1656 terra
1209 1625 1312 1655 clausit.

164 1675 306 1705 CoiTus
319 1696 327 1709 ,
347 1684 381 1707 a,
402 1682 457 1703 um.
479 1680 528 1708 ut,
550 1670 677 1701 Honestae
696 1671 735 1700 rei
750 1669 865 1699 societas
879 1668 962 1698 coita.
985 1667 1094 1705 Ulpian.
1117 1665 1136 1695 l.
1151 1675 1194 1702 57.
1214 1664 1243 1694 ff.
1263 1672 1316 1701 pro

199 1713 290 1742 Socio.
312 1711 386 1742 conf.
407 1711 473 1740 ibid.
486 1711 502 1741 l.
518 1719 559 1747 32·
576 1711 601 1739 6<
616 1717 657 1744 33.

164 1750 186 1781 C
195 1761 212 1780 o
221 1760 257 1779 1T
266 1753 283 1778 ῦ
292 1759 307 1778 R
317 1759 335 1778 υ
345 1760 357 1779 3
367 1771 375 1783 ,
396 1759 412 1779 a
421 1771 429 1783 ,
451 1759 507 1779 um.
529 1746 713 1784 [av-zamam]
733 1744 830 1774 Panic.
852 1744 936 1774 Ovid.
947 1755 974 1780 4.
989 1742 1071 1780 Epist.
1088 1750 1149 1777 129.

291 1787 353 1817 Nec
364 1787 428 1824 quia
437 1787 565 1824 privigno
579 1785 671 1813 videar
683 1784 789 1813 coitura
799 1792 926 1812 noverca.

165 1825 322 1859 Corrssio,
343 1825 414 1854 51113.
435 1824 454 1854 f.
476 1822 617 1860 [airam]
649 1821 706 1851 Cic.
726 1821 762 1850 de
782 1820 877 1858 Arusp.
897 1819 977 1857 Resp.
996 1829 1038 1854 ςς.
1062 1817 1250 1846 Veruntamen
1266 1824 1317 1858 no-

201 1864 305 1893 eturriis
314 1862 446 1899 vigiliis&
454 1863 577 1892 coitione
587 1860 734 1889 hominum
743 1880 751 1894 ,
770 1858 904 1894 justitium
916 1857 987 1886 illud
999 1862 1168 1893 conceptum
1185 1864 1218 1884 ac
1228 1852 1317 1882 medi-

217 1907 306 1930 tatum
315 1901 361 1930 est.
1246 1928 1252 1934 .
1287 1928 1292 1933 Ι

198 1939 343 1969 Societatis
354 1937 449 1967 coitio.
488 1935 586 1966 Paulus
596 1935 654 1965 inl.
676 1933 769 1965 Nulla.
792 1933 825 1963 D.
838 1942 889 1971 pro
906 1931 998 1969 socio,
1025 1930 1111 1961 Nulla
1129 1929 1267 1959 societatls
1285 1937 1315 1956 in

218 1983 352 2006 :eternum
363 1976 448 2005 coitio
457 1975 504 2004 est.

200 2014 310 2049 Coitio,
331 2023 381 2051 pro
392 2013 506 2042 Ae‘tione
515 2021 613 2041 arcana
633 2009 789 2040 &iat‘tiosffi
812 2009 905 2044 unde,
927 2008 1071 2038 Coitiones
1091 2005 1314 2047 candidatorum.

218 2052 276 2081 Cic.
290 2061 314 2087 3.
325 2052 361 2091 Q.
374 2051 433 2080 frat.
449 2060 472 2080 1.
494 2050 580 2086 Quod
598 2048 693 2078 scribis
703 2054 731 2077 te
746 2047 850 2077 audiffe
861 2048 889 2076 in
900 2046 1111 2076 candidatorum
1123 2042 1315 2073 Consularium

218 2090 341 2119 coitione
350 2098 395 2118 me
410 2087 560 2118 interfuisse
572 2108 581 2122 ,
602 2087 630 2115 id
647 2085 745 2115 falsum
753 2086 799 2115 est.
841 2084 980 2121 Ejusmodi
995 2084 1069 2112 enim
1082 2082 1224 2119 paetiones
1234 2080 1269 2123 ‚in
1284 2088 1316 2108 ea

219 2128 342 2156 coitione
351 2127 428 2156 fact-x
439 2148 449 2161 ,
467 2135 535 2162 quas
546 2125 640 2164 postea
650 2124 801 2154 Memmius
815 2123 961 2160 patefecit,
981 2128 1013 2150 ut
1027 2129 1110 2150 nemo
1129 2119 1316 2162 1101103101οζ-

219 2165 272 2194 esse
288 2165 431 2193 debuerit:
454 2164 481 2193 &
498 2162 574 2192 simul
586 2162 656 2191 mihi
671 2161 903 2191 committendum
921 2170 978 2189 non
991 2159 1063 2193 fuit,
1084 2165 1115 2187 ut
1134 2157 1176 2186 his
1187 2163 1316 2185 emtioni-

222 2202 273 2231 bus
284 2201 455 2236 interessem,
476 2201 576 2237 quibus
588 2199 702 2229 Messala
715 2199 917 2228 excluderetur.
940 2197 973 2227 Et
984 2197 1040 2226 Liv.
1054 2205 1078 2232 3.
1091 2199 1137 2231 ⁶5-
1159 2194 1255 2231 Quum
1265 2201 1314 2231 per

220 2240 354 2269 coitiones
368 2239 560 2277 potentiorum
570 2238 671 2273 injuria
680 2237 765 2266 lieret.
789 2236 864 2265 conf.
887 2236 965 2265 ldeni
983 2243 1007 2271 3.
1022 2243 1063 2270 35.
1079 2235 1104 2263 &
1115 2244 1141 2268 4.
1156 2241 1198 2268 13.

201 2278 294 2308 Coitio
304 2277 424 2306 militum
436 2278 462 2306 &
473 2275 627 2312 congressio
638 2297 646 2310 ‚
667 2285 718 2313 pro
731 2274 822 2311 Pugna
831 2273 895 2311 ipsa.
911 2273 981 2316 ‚Ten
995 2272 1103 2301 Phorm.
1115 2280 1141 2301 2.
1161 2281 1184 2300 1.
1201 2278 1243 2306 32.

279 2315 371 2345 Senex
381 2314 457 2344 adest
467 2336 475 2349 ,
496 2313 560 2343 vide
571 2313 635 2350 quid
646 2323 708 2351 agas
720 2323 726 2342 :
750 2312 839 2350 prima
850 2312 935 2341 coitio
955 2311 993 2340 est
1013 2309 1152 2339 acerrima.
1250 2305 1315 2341 [Ita

218 2353 332 2390 quidem
345 2352 480 2382 Donatus.
519 2351 573 2381 Sed
594 2350 676 2381 satius
694 2351 733 2381 est
744 2350 856 2388 proprie
871 2349 907 2379 de
925 2347 1036 2379 Acceffu
1048 2369 1056 2383 ,
1078 2347 1222 2384 primaque
1239 2353 1316 2373 com-

219 2391 370 2428 pellatione
377 2391 513 2427 accipere.

201 2429 312 2464 Coitio,
333 2429 408 2457 idem
427 2437 460 2456 ac
474 2427 572 2456 Coitus
590 2434 733 2455 venereus.
758 2425 845 2455 Solin.
859 2427 974 2462 cap.46.
998 2423 1034 2452 de
1053 2421 1164 2463 camelis
1183 2419 1312 2463 feminisj

221 2467 263 2496 Ad
276 2465 380 2495 bellum
391 2466 502 2495 feminae
519 2470 705 2502 praeparantur
717 2484 724 2497 .
745 2463 945 2500 inventumque
966 2462 1003 2492 est
1013 2483 1021 2497 ,
1046 2467 1076 2489 ut
1095 2458 1260 2489 deiiderium
1275 2466 1314 2486 eis

220 2504 352 2533 coitionis
363 2503 482 2541 quadam
497 2502 657 2532 castratione
668 2501 850 2531 exsecaretur.

164 2545 322 2577 Coirus,
344 2542 384 2570 us.
406 2551 442 2570 m.
465 2537 601 2576 [oviw'x.
622 2539 735 2571 συνάφειαι
747 2561 755 2575 ,
773 2539 858 2575 μίξις,
879 2536 975 2572 ὶχεὶοι]
995 2536 1063 2567 Ρ1111.
1081 2534 1129 2565 lib.
1147 2543 1190 2564 10.
1201 2541 1314 2572 cap.52.

201 2580 298 2609 Coitus
310 2579 405 2608 avibus
415 2579 524 2608 duobus
532 2578 623 2607 modis
634 2598 642 2612 ,
663 2578 713 2606 810.

201 2617 359 2647 Monstrifer
368 2617 468 2646 coitus.
489 2616 556 2645 Stat.
572 2625 615 2644 10.
628 2614 717 2645 Theb.
735 2624 799 2651 790.

200 2655 322 2683 Nefandi
334 2655 432 2684 coitus.
454 2654 516 2683 Seri.
527 2651 643 2690 Hippol.
654 2661 680 2681 2.

200 2692 341 2723 Venerius.
379 2691 449 2721 Gell.
466 2691 515 2721 lib.
530 2701 569 2726 19.
581 2700 640 2727 cap.
652 2698 678 2719 α.
702 2689 884 2727 Hippocrates
893 2693 985 2718 autem
998 2686 1093 2716 divina
1102 2686 1142 2715 vir
1153 2685 1267 2716 scientia
1278 2685 1314 2714 de

219 2731 294 2759 coitu
304 2729 423 2759 Venerio
434 2729 471 2758 ita
487 2729 677 2758 existimabat:
699 2734 807 2765 partem
819 2726 872 2756 esse
891 2725 1030 2763 quandam
1047 2724 1136 2754 morbi
1153 2724 1293 2754 taeterrimi
1304 2745 1313 2757 ,

219 2778 302 2804 quem
311 2767 396 2796 nostri
406 2765 576 2797 comitialem
586 2766 690 2795 dixere.
711 2774 830 2802 namque
842 2764 925 2802 ipsius
936 2763 1018 2794 verba
1032 2763 1092 2793 haec
1109 2762 1264 2797 traduntur,
1276 2762 1316 2789 τὴν

219 2807 327 2832 autminus
344 2802 392 2832 01104
415 2805 508 2840 μικρρὲν
523 2802 667 2836 ἐπ-ιληψίιιν,

200 2843 298 2873 Coitus
309 2843 451 2877 humoris,
472 2842 625 2876 Coliestio,
647 2839 795 2870 Absceffus.
837 2838 905 2869 Cels.
921 2838 969 2869 lib.
986 2849 1010 2874 ς.
1022 2847 1084 2875 cap.
1098 2843 1140 2872 18.
1169 2836 1257 2866 Potest
1271 2846 1317 2866 ve-

219 2892 249 2910 ro
260 2892 292 2910 ea
307 2880 471 2918 compositio
487 2880 572 2910 etiam
583 2879 617 2908 ad
628 2878 768 2916 parotidas
779 2899 788 2914 ,
808 2878 956 2916 phymata,
976 2876 1123 2911 strumam,
1146 2884 1316 2912 omnemque

220 2920 325 2948 coitum
336 2918 461 2947 humoris
472 2917 684 2946 emolliendum.

201 2957 297 2986 Coitus
309 2956 409 2993 Lunae,
430 2966 480 2993 pro
491 2955 607 2994 Eclipsi,
630 2953 741 2991 quando
760 2952 865 2983 scilicet
877 2952 934 2983 Soli
945 2952 1107 2991 opponitur.
1129 2950 1198 2980 Plin.
1219 2949 1268 2979 lib.
1288 2959 1314 2980 2.

223 3004 253 3024 ca
263 3005 282 3023 1.
301 3004 309 3023 1
336 3017 342 3023 .

166 3003 358 3067 Coralfeds,
379 3041 404 3061 e.
426 3030 496 3061 Gell.
506 3030 553 3059 lib.
569 3033 611 3060 16.
622 3039 683 3067 cap.
698 3039 739 3064 19.
751 3039 791 3066 pr.
822 3027 911 3057 Celeri
928 3027 1080 3057 admodum
1100 3027 1126 3056 6:
1144 3026 1238 3055 coibili
1259 3036 1317 3056 ora-

202 3070 278 3098 tione
289 3091 296 3104 ,
316 3079 473 3106 vocumque
483 3068 530 3098 silo
538 3068 617 3097 tereti
630 3069 655 3097 &
667 3067 786 3096 candido
796 3088 804 3099 ,
824 3065 944 3095 fabulam
954 3065 1057 3103 scripsit
1070 3065 1227 3094 Herodotus
1238 3064 1317 3102 super

201 3107 314 3136 fidicine
325 3106 372 3136 illo
385 3108 492 3136 Arione.
524 3106 576 3136 Alii
588 3106 685 3142 legunt
697 3104 828 3134 Cohibili.
860 3103 890 3133 V.
914 3104 1036 3133 Gronov.
1050 3105 1075 3133 ἃς
1087 3102 1105 3132 s.
1119 3102 1136 3132 l.
1159 3112 1313 3132 cor-rimus.

202 3145 266 3180 Ejus
278 3144 459 3182 compositum
468 3143 609 3174 Incoibilis
619 3165 626 3176 .
648 3143 712 3172 vide
721 3142 768 3172 suo
780 3142 854 3171 loco.

167 3183 411 3217 Comitrrua,
438 3182 505 3211 Adv.
528 3183 545 3211 A
569 3180 606 3211 ul.
624 3181 671 3210 lib.
684 3181 720 3210 de
739 3181 798 3210 Deo
814 3179 947 3214 Socratis,
968 3179 998 3208 in
1015 3177 1109 3208 fabula
1133 3178 1168 3207 de
1187 3187 1270 3207 corvo
1289 3180 1317 3208 Sc

202 3220 247 3248 vul
271 3231 303 3254 e,
325 3220 447 3249 Eandem
458 3220 533 3249 istam
556 3218 665 3248 abulam
682 3219 713 3248 in
733 3228 821 3256 pauca
839 3226 986 3254 cogamuS,
1008 3225 1142 3253 quantuni
1153 3216 1241 3252 potest
1256 3216 1316 3246 fieri

203 3258 245 3286 coi
269 3257 348 3286 iliter.
390 3257 466 3287 ldem
484 3258 511 3286 in
530 3256 646 3295 Apolog.
672 3266 696 3286 1.
730 3256 892 3286 Ordinatius
912 3257 937 3284 &
957 3255 1085 3283 coibilius
1105 3254 1204 3283 eadem
1221 3254 1315 3283 Graece

208 3295 233 3324 &
244 3295 340 3324 Latine
350 3295 457 3325 adnitar
470 3295 651 3324 conscribere.
682 3294 738 3324 Sed
753 3295 835 3323 codd.
851 3292 990 3322 emendati
1003 3294 1087 3321 Stew.
1102 3301 1163 3329 pag.
1175 3296 1219 3325 68.
1230 3294 1256 3321 Sc
1275 3291 1318 3321 El-

169 3368 190 3396 C
201 3332 292 3361 monh.
305 3342 365 3398 pvag.
380 3342 443 3368 297·
464 3332 628 3362 Cohibiliter
639 3332 789 3368 exhibent,
811 3338 841 3362 ut
852 3331 971 3369 proinde
982 3331 1041 3360 liaec
1051 3339 1105 3359 vox
1115 3328 1203 3366 spuria
1215 3330 1255 3359 sit.

199 3378 224 3396 02
234 3379 249 3397 o
257 3379 268 3398 s
278 3391 286 3403 ,
338 3392 344 3398 .
365 3380 382 3398 0
392 3381 414 3398 AE
424 3381 452 3399 Α.

168 3406 224 3434 Coe
235 3416 264 3434 111
275 3417 309 3441 o,
331 3406 455 3443 [ἄρχωμαι
466 3429 474 3441 ,
491 3406 650 3442 {minimum
661 3429 668 3443 ,
684 3405 816 3443 ἐνιζ-ωμοιι]
839 3406 979 3441 Verbum,
999 3414 1054 3442 quo
1073 3410 1179 3434 veteres
1202 3403 1317 3433 uteban-

204 3448 247 3472 tur
260 3444 434 3481 prolncipio.
475 3444 558 3474 Plaut.
570 3445 647 3474 Men.
662 3455 685 3480 ς.
702 3455 725 3480 5.
740 3454 781 3480 57.

203 3516 228 3547 T
282 3481 377 3518 Neque
389 3492 440 3519 ego
450 3482 571 3518 insanio,
592 3492 682 3519 neque
696 3492 800 3519 pugnas
810 3504 818 3518 ‚
839 3491 929 3519 neque
939 3480 1063 3519 egolites
1074 3480 1178 3517 coepio.
1235 3479 1316 3510 Idem

231 3527 285 3547 rue.
301 3528 327 3548 2.
343 3528 419 3553 1-23·

284 3555 353 3584 Dum
364 3556 478 3591 habeat,
499 3562 558 3586 tum
567 3563 657 3586 amet:
679 3556 725 3585 ubi
737 3556 807 3585 nihil
818 3556 917 3585 habeat
928 3578 935 3591 ,
957 3555 1043 3584 alium
1055 3555 1186 3592 quaestum
1201 3564 1245 3584 coe
1254 3556 1314 3584 iiat.

203 3590 308 3621 Sallust.
318 3593 346 3621 iii
356 3593 505 3631 Catil.7.pr.
516 3594 569 3622 Sed
581 3604 612 3622 ea
621 3594 778 3631 tempestate
789 3604 901 3632 coepere
911 3593 938 3622 se
950 3593 1062 3629 quisque
1074 3593 1158 3629 magis
1168 3593 1242 3621 extol
1258 3602 1312 3622 ere.

204 3629 287 3671 Nunc
298 3631 461 3665 pra’teritum
472 3632 530 3666 ejus
546 3631 621 3660 verbi
634 3639 742 3660 tantum
760 3632 836 3661 estin
850 3632 913 3665 usu,
935 3631 1035 3668 Coepi,
1058 3640 1122 3659 cuin
1136 3629 1190 3660 suis
1211 3631 1316 3659 deriva-

223 3672 275 3699 tis,
297 3676 450 3703 coeperam,
471 3668 629 3705 crcpill‘em,
652 3679 781 3705 coepero,
804 3679 847 3698 coe
870 3669 936 3703 isl'e,
966 3676 1090 3705 coeptum
1109 3668 1157 3698 ire.
1197 3667 1312 3697 Terent.

222 3710 313 3731 tamen
329 3705 463 3746 prieterito
473 3706 632 3742 imperfecto
645 3706 809 3740 subjunctivi
823 3680 882 3735 111113
894 3708 932 3735 est
945 3706 1021 3735 Adel.
1033 3715 1056 3741 3.
1074 3715 1097 3739 3.
1110 3716 1156 3740 44.

235 3777 242 3784 ·
297 3741 369 3769 l'rius
377 3741 525 3771 olieciisem
537 3753 616 3778 quani
628 3743 674 3771 ille
684 3745 829 3781 quicquam
838 3751 970 3781 coeperet.
1055 3744 1119 3779 Quo
1132 3744 1160 3771 in
1171 3741 1234 3771 loco
1245 3741 1315 3772 mul-

222 3782 242 3806 ti
256 3777 353 3821 legunt
364 3778 494 3820 Coeperit.
532 3781 695 3809 AtPi-iscian.
705 3782 752 3810 lib.
769 3792 810 3811 10.
832 3783 915 3811 docet
934 3781 1084 3818 legendum
1102 3781 1241 3818 Coeperet.
1283 3779 1314 3809 ld

223 3816 297 3850 quod
310 3823 394 3851 exigit
408 3816 513 3843 senius:
542 3818 558 3845 i.
574 3827 596 3845 e.
622 3818 765 3854 lnciperet.
997 3831 1003 3837 *

201 3851 315 3888 Coeptus
328 3851 383 3880 sum
396 3873 403 3884 ,
426 3862 474 3887 pro
488 3852 575 3889 Coepi.
589 3854 867 3895 ἱ(Σ10.11οΩ1111.01111.
881 3864 942 3889 101.
965 3855 1125 3884 Hortensius
1138 3855 1219 3891 igitur
1227 3864 1313 3891 quum

219 3889 370 3932 admodum
381 3888 539 3918 adolescens
550 3892 621 3918 orsus
631 3892 695 3919 ulier
708 3894 733 3920 in
746 3893 804 3921 soro
813 3894 915 3927 dicere,
937 3894 1063 3922 celeriter
1076 3895 1110 3921 ad
1124 3894 1240 3926 maiores
1250 3902 1314 3922 cau-

219 3926 259 3956 sas
277 3926 401 3956 adhiberi
420 3932 529 3962 coeptus
549 3930 594 3956 eli.
616 3928 740 3958 Budaeus.
780 3930 814 3958 Et
834 3931 891 3960 Liv.
906 3940 951 3960 21.
967 3937 994 3965 8.
1028 3931 1119 3960 Vineae
1141 3938 1240 3967 coeptat
1258 3930 1311 3967 agi.

1394 264 1523 300 Cmpiani
1537 284 1544 295 ,
1567 264 1689 290 111-11111111]
1700 268 1810 298 tenipus
1821 264 1853 291 ab
1865 273 1898 291 eo
1909 263 1983 299 quod
1998 263 2036 292 est
2050 263 2141 300 Coepi.
2183 263 2255 291 Cato
2270 286 2278 297 ,
2300 263 2429 299 Coepiam
2446 263 2512 293 sedi.
2583 277 2586 290 1

1395 376 1499 406 Melius
1513 376 1618 412 crepidi
1636 384 1715 411 quam
1726 374 1833 404 desinis.
1857 375 1940 404 Ovid.
1953 385 1977 411 9.
1990 374 2071 412 Epist.
2083 383 2128 411 23.

1396 414 1462 444 Dies
1473 414 1558 449 coepit
1571 412 1624 441 eff:
1636 414 1742 449 primus
1752 413 1898 441 moenibus.
1921 413 2040 449 propert.
2057 412 2104 443 lib.
2115 424 2142 449 4.
2156 424 2183 449 4.
2195 422 2241 450 74.

1400 753 1505 788 Lingua
1516 753 1603 789 coepit
1612 751 1665 781 esse
1678 753 1703 779 in
1733 752 1825 781 uaestu.

1400 790 1519 821 Morbus
1531 790 1619 827 coepit
1628 790 1714 818 crude
1728 799 1790 818 cere
1801 811 1809 823 ,
1831 789 1870 818 Va
1884 790 1955 818 idior
1966 788 2034 818 fieri.
2057 789 2129 825 Virg.
2140 797 2164 826 3.
2183 789 2283 826 Georg.
2302 798 2364 826 504.

1402 867 1510 895 Odium
1524 867 1613 902 coepit
1623 865 1739 901 glandis.

1403 904 1654 940 Obsidiumcoepit.
1677 902 1768 932 Tacit.
1781 913 1806 937 4.
1821 906 1890 932 Ann.
1903 913 1948 938 49.

1402 942 1499 972 Oratio
1510 948 1603 978 coepta
1613 941 1650 970 est
1659 940 1717 970 fieri
1726 962 1734 975 ,
1754 951 1805 978 pro
1817 941 1920 978 Coepit.
1961 939 2019 970 Cic.
2030 938 2066 969 de
2076 939 2150 970 Clar.
2166 939 2244 969 Orat.
2257 942 2303 969 26.
2336 938 2400 976 Qua
2414 937 2443 967 in
2454 938 2520 969 urbe

1404 1244 1553 1274 Abundare
1566 1245 1661 1279 coepit.
1686 1244 1744 1273 Cic.
1758 1255 1779 1272 1.
1796 1244 1849 1272 Att.
1862 1253 1888 1273 ².
2601 1262 2604 1265 -

1404 1282 1531 1312 Deficere
1545 1282 1632 1318 coepit
1645 1281 1751 1318 aliquos
1766 1281 1834 1311 fides
1846 1283 1933 1311 81103.
1974 1280 2067 1311 Cic.2.
2078 1280 2109 1309 in
2119 1278 2202 1310 Catil.
2218 1289 2261 1309 10.
2289 1279 2345 1311 Res
2354 1287 2403 1309 eos
2413 1278 2523 1316 jampri.
2574 1279 2604 1318 „l

1372 1810 1395 1841 C
1406 1822 1432 1841 oe
1441 1822 1455 1840 Ρ
1463 1821 1483 1840 Τ
1492 1822 1508 1841 U
1520 1822 1532 1841 s
1542 1834 1550 1848 7
1571 1822 1587 1842 a
1596 1835 1604 1849 ²
1625 1822 1681 1842 um,
1701 1811 1901 1848 [ωωςχθέις]
1923 1811 2020 1840 Partic.
2049 1817 2081 1841 ut
2090 1832 2099 1847 ,
2127 1808 2236 1839 Bellum
2254 1812 2388 1847 coethm.
2410 1806 2482 1845 virg.

1372 2721 1507 2752 Coerwru
1520 2732 1556 2756 M,
1579 2721 1596 2750 i.
1616 2730 1644 2749 n.
1667 2720 1856 2756 [κμπιεκῖἓν]
1877 2729 1927 2758 pro
1938 2717 2086 2756 Principio.
2109 2716 2194 2747 Ovid.
2211 2725 2234 2746 1.
2250 2715 2320 2745 Met.
2332 2723 2360 2746 2.
2560 2731 2565 2751 ρ
2602 2727 2604 2757 1

1792 107 1821 140 C
1919 107 1954 141 O
2054 107 2081 141 E

1411 188 1489 217 Idem
1502 197 1545 216 21.
1560 195 1604 220 22.
1635 186 1778 216 Exercitus
1803 194 1917 229 *coeptus
1942 187 1979 216 est
2005 188 2124 218 traduci.
2164 188 2236 219 Item
2257 189 2353 226 Nepos
2375 198 2416 226 13.
2438 198 2463 226 3.
2485 200 2509 222 1.

1412 227 1506 262 Cir-pti
1521 224 1581 253 sunt
1592 227 1689 262 premi.
1738 226 1810 253 coni.
1828 226 1897 254 infra
1916 226 1943 253 in
1964 225 2058 255 i’artic.
2584 239 2585 268 1

1413 301 1481 367 teipsa
1493 300 1671 366 110111111011111.
1712 299 1854 330 111νο1111111
1869 310 1980 338 quoque
1999 302 2074 338 apud
2093 301 2211 336 majores
2236 302 2262 330 ὁὶ
2284 301 2415 331 infinitivi
2438 302 2514 332 modi
2601 294 2604 315 ¹

1440 348 1543 375 cepere.
1589 348 1613 365 ‘e
1640 347 1678 365 us.
2583 338 2584 344 ¹

2601 330 2604 347 l

2586 351 2604 404 ,1

1478 450 1545 480 Uibi
1561 451 1642 479 festus
1653 459 1725 483 erat,
1748 450 1842 479 dixere
1856 449 1947 479 Palilia
1959 451 2048 479 Patres
2064 460 2070 479 :
2585 402 2604 471 ³l

1516 488 1570 517 liic
1580 489 1685 525 primus
1700 488 1786 522 erepit
1798 488 1937 517 moenibus
1948 487 2002 517 ess‘e
2019 488 2087 518 dies.
2581 483 2586 495 ⁸

1621 526 1643 530 Η
1697 526 1701 530 ¹
1797 526 1801 530 ι
2182 488 2200 518 i.
2213 498 2237 518 e.
2269 488 2309 518 Eo
2332 488 2378 518 die
2397 487 2515 526 primuni

1417 535 1562 563 coeperunt
1575 526 1702 554 redilicari
1717 535 1828 554 moenia.

1398 564 1550 594 Exordium
1562 564 1659 599 coepit.
1683 562 1787 591 Ennius
1796 563 1871 601 apud
1883 562 1941 592 Cic.
1953 563 1987 592 de
1999 562 2066 592 Fato
2078 585 2085 598 ,
2103 571 2146 599 35.

1493 602 1514 630 N
1521 611 1569 630 eve
1579 601 1645 629 inde
1656 601 1734 629 navis
1744 600 1910 630 inchoanda*
1919 601 2065 630 exordium
2159 599 2300 638 Coepiffet.

1398 640 1574 676 Expugnatio
1585 644 1676 675 coepta
1686 645 1853 675 patrataque.
1875 638 1966 668 Tacit.
1980 648 2021 668 12.
2036 640 2105 668 Ann.
2119 641 2163 668 16.

1399 678 1494 714 Imago
1514 677 1602 713 coepit
1615 676 1700 712 loqui.
1724 676 1843 705 Martial.
1856 675 1904 705 lib.
1921 686 1961 705 11.
1978 684 2038 712 103.

1483 715 1641 743 Portentum
1651 714 1704 748 est,
1727 715 1835 751 quoties
1850 714 1936 750 coepit
1950 715 2042 751 imago
2051 712 2138 751 loqui.
2579 705 2581 757 1
2599 681 2604 740 i

1878 751 1966 780 uintil.
1982 752 2011 780 in
2024 761 2142 789 prooem.
2155 750 2203 780 lib.
2220 760 2244 780 1.
2600 746 2604 785 1

2601 798 2604 812 l

1493 828 1579 856 Sinin
1591 826 1715 865 processu
1725 837 1768 856 coe
1792 828 1812 856 it
1826 826 1988 857 crudescere
1998 826 2120 857 morbus.
2578 842 2579 862 1
2597 847 2604 861 .-

1785 872 1870 895 ucret.
1883 864 1931 894 lib.
1947 875 1971 900 ς.
1988 875 2069 901 1415.
2578 867 2597 903 1·

2577 934 2580 951 l

1423 1018 1511 1046 oratio
1522 1017 1559 1046 est
1571 1023 1664 1054 coepta
1673 1017 1807 1046 mandari.

1402 1055 1505 1086 Urbem
1517 1064 1628 1091 coepere
1642 1064 1742 1084 novam
1752 1053 1907 1092 mapalibus
1916 1053 2003 1091 Tyrii.
2038 1053 2056 1082 i.
2071 1062 2096 1083 e.
2128 1051 2415 1091 Incoeperunturbem
2422 1061 2520 1084 novam

1423 1094 1545 1124 condere
1556 1092 1717 1129 mapalibus.
1749 1092 1797 1121 Sil.
1810 1091 1858 1121 lib.
1873 1101 1916 1126 15.
1932 1101 1996 1127 419.

1497 1131 1578 1161 Forte
1589 1131 1647 1159 dies
1658 1129 1777 1168 priscum
1790 1129 1881 1167 Tyriis
1892 1129 2014 1159 solennis
2025 1128 2164 1158 honorem

1496 1168 1668 1202 Rettulerat,
1690 1178 1744 1204 quo
1754 1168 1936 1205 primuniorsi
1947 1166 2046 1196 Cartha
2066 1167 2118 1196 inis
2127 1167 2190 1196 altae

1497 1206 1691 1235 Fundamenta
1703 1228 1710 1239 ,
1732 1215 1833 1235 novam
1843 1214 1955 1243 coepere
1966 1214 2047 1242 mapa
2060 1204 2122 1234 ibus
2133 1205 2239 1235 urbem.

2601 882 2604 900 l

1421 981 1543 1018 primum
1558 979 1585 1007 se
1606 986 1699 1008 orator
1713 979 1830 1014 extulit,
1860 979 2038 1016 primumque
2057 978 2141 1008 etiam
2159 976 2357 1012 monimentis,
2377 977 2404 1006 &
2421 976 2519 1007 litteris
2576 987 2580 1027 ¹¹
2594 950 2604 1030 1

2594 1060 2604 1103 ¹.

1425 1321 1489 1349 dem
1501 1342 1509 1356 ,
1530 1320 1599 1349 fides
1610 1320 1729 1349 deficere
1741 1329 1829 1357 nuper
1837 1319 1933 1356 coepit.

1403 1357 1525 1388 Poeiiitet
1535 1357 1659 1394 coepiffe.
1696 1357 1753 1386 Cic.
1768 1367 1818 1394 pro
1829 1357 1860 1387 C.
1870 1357 1963 1388 Rabir.
1974 1355 2063 1385 Posth.
2079 1365 2103 1390 ς.
2126 1353 2207 1385 Ν11111
2216 1361 2309 1384 autem
2320 1359 2379 1384 erat
2388 1353 2438 1383 illo
2447 1352 2521 1383 blan-

1424 1434 1558 1463 desistere.

1424 1396 1486 1425 dius
1498 1418 1505 1431 ,
1527 1395 1597 1425 nihil
1608 1396 1662 1426 hoc
1681 1395 1844 1432 benignius:
1868 1402 1898 1425 ut
1906 1395 1993 1432 magis
2009 1394 2161 1432 poeniteret
2174 1391 2288 1431 coepiffe
2299 1414 2307 1429 ,
2329 1401 2413 1429 quam
2427 1390 2523 1422 liceret
2574 1368 2604 1429 'l

1405 1472 1542 1509 Recipere
1554 1471 1580 1500 se
1591 1471 1679 1508 coepit
1692 1470 1720 1500 iri
1734 1470 1855 1507 aliquem
1865 1470 1970 1500 locum.
1993 1468 2051 1499 Cic.
2069 1478 2112 1499 10.
2128 1468 2205 1498 Fam.
2220 1477 2265 1503 15.
2597 1449 2604 1539 1

1404 1509 1586 1546 Respondere
1597 1519 1661 1538 curii
1673 1509 1765 1547 primo
1777 1508 1954 1546 impudenter
1964 1506 2100 1546 coepiffet.
2122 1506 2181 1536 Cic.
2196 1515 2221 1544 3.
2231 1506 2262 1536 in
2271 1505 2351 1536 Catii.
2364 1514 2406 1536 12.

1406 1547 1498 1577 Ruere
1510 1547 1605 1585 coepit.
1631 1546 1689 1576 Cic.
1699 1556 1723 1584 7.
1737 1547 1791 1576 Att.
1807 1555 1852 1577 20.

1405 1586 1514 1615 Sentire
1525 1585 1600 1623 coepi
1609 1594 1654 1614 me
1666 1591 1815 1614 nocentem
1826 1583 1888 1613 esse.
1910 1583 1995 1613 Ovid.
2011 1593 2033 1613 1.
2045 1583 2139 1613 Amor.
2153 1590 2180 1618 7.
2196 1591 2241 1617 ς9.

1405 1623 1537 1653 Tractare
1545 1630 1627 1659 atque
1643 1632 1725 1660 agere
1735 1622 1827 1652 causas
1837 1622 1932 1659 eoepit.
1955 1621 2014 1651 Cic.
2026 1630 2050 1651 1.
2062 1621 2098 1650 de
2109 1620 2187 1650 Orat.
2202 1629 2265 1657 170.

1407 1661 1487 1699 Coepi
1500 1671 1562 1690 cum
1574 1660 1660 1690 verbo
1671 1661 1838 1691 inchoativo.
1863 1660 1936 1696 Virg.
1947 1668 1973 1694 3.
1987 1659 2086 1695 Georg.
2098 1666 2165 1694 237.

1487 1699 1506 1728 F
1509 1699 1599 1729 luctus
1615 1706 1645 1727 ut
1656 1699 1685 1727 in
1698 1699 1792 1728 medio
1802 1698 1890 1736 coepit
1899 1707 1985 1735 quum
1994 1695 2130 1727 albescere
2140 1701 2240 1734 ponto.

1409 1736 1520 1775 Coepit,
1541 1747 1592 1774 pro
1605 1736 1655 1765 Coe
1679 1737 1699 1765 it
1710 1736 1793 1774 loqui.
1817 1736 1888 1774 Virg.
1905 1745 1927 1764 1.
1939 1735 2001 1765 AEn.
2016 1744 2078 1770 5²5-

1489 1774 1630 1804 Maximus
1643 1775 1652 1803 1
1666 1775 1764 1804 ioneus
1774 1773 1889 1812 placido
1899 1773 1934 1803 sic
1944 1774 2056 1810 11061010
2067 1772 2165 1810 coepit.
2477 1789 2482 1795 »

1407 1850 1469 1880 1Ε11.
1483 1853 1545 1879 162.
1742 1865 1779 1869 —
1788 1850 1875 1887 coepti
1884 1849 1986 1879 fiducia
1994 1847 2061 1879 belli

1500 1887 1619 1917 Palladis
1630 1887 1740 1917 auxiliis
1750 1887 1857 1925 semper
1868 1887 1949 1916 stetit.

1408 1925 1543 1955 Amicitiae
1553 1932 1652 1963 coeptae
1681 1935 1784 1955 erenne
1794 1925 1897 1955 foedus.
1918 1925 1986 1955 Stat.
1998 1934 2025 1961 4.
2037 1922 2103 1954 Silv.
2117 1925 2143 1954 6.
2154 1931 2199 1955 22.

1407 1965 1492 1993 Amor
1508 1971 1626 2001 ereptus.
1679 1964 1735 1992 vid.
1750 1972 1792 1999 17.
1807 1963 1827 1993 E
1838 1963 1890 1992 iist.
1902 1968 1963 1999 189.

1408 2001 1536 2030 Carmina
1546 2009 1641 2039 coepta
1651 2000 1798 2038 tuisjussis.
1844 2001 1893 2038 irg.
1911 2007 1936 2036 8.
1953 1999 2010 2031 Ecl.
2023 2008 2066 2031 12.

1408 2039 1475 2068 Dies
1484 2046 1601 2076 coeptus.
1624 2039 1714 2069 Tacit.
1728 2050 1755 2074 4.
1769 2040 1892 2075 Ann.25.
2568 2069 2569 2073 ,

1406 2076 1463 2106 1101
1473 2085 1599 2114 coeptum
1610 2087 1749 2115 peragere.
1771 2077 1856 2107 Ovid.
1871 2087 1894 2107 1.
1908 2076 1975 2106 Fast.
1990 2080 2052 2110 188.
2566 2076 2574 2114 ⁴}

1407 2114 1508 2144 Limite
1518 2121 1613 2152 coepto
1625 2117 1750 2144 tendere.
1771 2115 1838 2144 Stat.
1852 2125 1876 2149 ς.
1892 2114 1956 2144 Silv.
1973 2124 1994 2144 1.
2011 2116 2073 2149 186.
2566 2114 2574 2126 ''

1407 2153 1489 2190 Opus
1502 2160 1626 2190 coeptum
1640 2153 1778 2190 perficere.
1801 2153 1885 2183 Ovid.
1898 2164 1923 2187 4.
1936 2152 2003 2182 Fast.
2018 2155 2061 2181 16.
2347 2185 2353 2191 ι
2566 2160 2575 2188 ’1

1408 2191 1488 2258 (ὲ111ἑ3
1497 2198 1757 2228 coeptumrevoeare
1768 2213 1775 2227 ‚
1796 2191 1815 2220 i.
1829 2201 1853 2222 e.
1874 2190 1977 2221 Iterare
1996 2192 2022 2220 &
2041 2187 2130 2219 rursus
2143 2187 2278 2225 incipere.
2299 2185 2385 2218 Ovid.
2402 2195 2426 2217 1.
2443 2184 2523 2225 Epist.
2565 2190 2581 2223 {ir

1446 2240 1460 2258 a
1482 2239 1518 2257 in.
1570 2251 1576 2258 .
2565 2227 2573 2256 'i

1500 2239 1667 2304 Et5<iloeptum
1679 2276 1792 2296 revoces
1802 2265 1901 2296 callida
1912 2264 2019 2303 semper
2030 2273 2111 2302 opus.
2360 2289 2364 2294 .
2570 2257 2573 2291 l

1408 2304 1465 2333 Ora
1477 2305 1578 2342 coeptis
1589 2305 1729 2333 transitum
1739 2304 1829 2334 verbis
1838 2311 1950 2341 negant.
1973 2304 2037 2333 Seri.
2055 2301 2171 2339 Hippol.
2187 2311 2211 2337 ς.
2569 2294 2576 2346 'L

1408 2342 1539 2380 Coeptus,
1562 2343 1656 2371 Active
1666 2342 1774 2372 sonans.
1800 2342 1829 2372 V.
1853 2342 1880 2370 iri
1893 2341 1951 2378 ipso
1962 2341 2055 2370 verbo.
2068 2340 2140 2377 Virg.
2153 2343 2179 2369 6.
2193 2338 2255 2370 AEn.
2267 2340 2333 2375 256.
2564 2343 2570 2376 (¹

1498 2379 1553 2447 {pr
1566 2380 1683 2417 pedibus
1696 2381 1802 2418 mugire
1817 2379 1906 2409 solum
1916 2401 1924 2415 ,
1946 2380 2046 2416 &juga
2055 2386 2149 2415 coepta
2159 2376 2265 2406 moveri
2568 2373 2572 2388 ³

1521 2428 1528 2446 i
1542 2428 1645 2447 varum.

1405 2455 1526 2486 Pecunia
1535 2463 1627 2493 coepta
1639 2455 1743 2484 deberi.
1785 2455 1845 2485 Cic.
1858 2464 1882 2484 1.
1897 2455 1933 2483 de
1946 2453 2022 2483 Orat.
2039 2457 2100 2487 168.
2126 2452 2163 2482 Ut
2174 2452 2191 2481 si
2204 2451 2251 2481 ille
2264 2450 2404 2481 inficiator
2420 2447 2525 2488 probast
2561 2447 2570 2491 1,

1426 2493 1465 2522 set
1478 2494 1560 2527 iudici
1573 2500 1637 2523 ante
1649 2494 1763 2531 petitam
1775 2493 1829 2523 esse
1842 2493 2009 2531 pecuniam,
2030 2500 2113 2528 quam
2127 2490 2193 2519 esset
2203 2496 2297 2527 coepta
2307 2489 2412 2518 deberi.
2543 2486 2545 2496 ¹
2562 2494 2570 2518 l·

1406 2531 1458 2600 11AE
1476 2532 1593 2568 coeptis,
1616 2531 1847 2570 participialiter,
1875 2531 1895 2561 i.
1914 2540 1939 2560 e.
1967 2529 2065 2566 Quum
2084 2529 2144 2558 haec
2165 2529 2378 2565 inceptaerunt.
2412 2525 2483 2563 Virg.
2496 2529 2523 2560 8·
2560 2521 2578 2568 11

1460 2579 1486 2598 n.
1508 2579 1548 2602 ις.
2560 2572 2561 2575 ’

1488 2607 1565 2642 Quid
1581 2606 1663 2635 struat
1674 2606 1716 2635 his
1727 2607 1838 2643 coeptis.
2560 2591 2562 2611 i
2576 2595 2578 2599 .

1965 2605 2085 2636 Servius.
2560 2613 2562 2627 ι

1370 2646 1605 2679 CoePTuaus,
1627 2654 1659 2678 a,
1682 2654 1738 2674 um.
1765 2640 1948 2680 [ἀρξόμῖμῶι]
1976 2641 2098 2680 Quintil.
2120 2640 2170 2671 lib.
2192 2650 2235 2671 10.
2256 2649 2318 2678 cap.
2341 2648 2366 2669 1.
2397 2638 2458 2670 Nos
2474 2636 2523 2667 rite
2559 2633 2561 2660 ι’

1408 2683 1528 2721 coepturi
1538 2682 1572 2711 ab
1588 2683 1710 2711 Homero
1721 2683 1857 2712 videniur.
2559 2695 2561 2723 1

1644 2774 1682 2778 -
1691 2758 1719 2787 di
1729 2758 1830 2796 coeptis
1851 2760 1936 2794 (nam
1945 2767 1994 2788 vos
2003 2755 2125 2787 mutastis
2137 2756 2164 2785 &
2174 2753 2258 2792 illas)

1502 2796 1622 2834 Aspirate
1635 2796 1715 2826 meis.

1407 2833 1505 2863 Audax
1516 2842 1650 2871 coeptuni.
1675 2834 1746 2871 Virg.
1757 2843 1781 2864 1.
1797 2833 1895 2872 Georg.
1908 2843 1955 2870 4ο.
2558 2858 2559 2870 1
2601 2841 2604 2872 1

1409 2871 1507 2901 Ferox.
1531 2873 1577 2901 Sil.
1591 2873 1637 2901 lib.
1651 2881 1692 2901 11.
1704 2880 1769 2901 202.
2557 2887 2559 2894 0
2584 2893 2587 2906 ‹

1500 2910 1600 2939 Audita
1608 2910 1753 2948 asperitate
1765 2910 1835 2945 viri,
1855 2915 2007 2947 coeptoque
2016 2908 2114 2938 feroci.

1407 2946 1579 2979 Immanibus
1590 2948 1690 2985 coeptis
1702 2948 1814 2982 efferus,
1828 2948 1952 2977 Furiatus
1964 2947 2037 2976 saevis
2047 2942 2348 2983 cogitationibusNirg.
2358 2953 2385 2978 4.
2396 2941 2521 2977 AEn.6420
2560 2946 2567 2964 Ἀ
2581 2945 2604 2999 11

1491 2988 1524 3015 At
1535 2986 1645 3023 trepida
1654 3007 1662 3021 ,
1686 2987 1711 3015 81
1724 2986 1824 3024 coeptis
1832 2985 2001 3015 immanibus
2011 2983 2094 3015 effera
2104 2982 2187 3013 Dido.
2269 2981 2388 3011 Servius.
2582 3014 2583 3017 Ἴ

1408 3022 1542 3060 Ingentia.
1569 3024 1638 3060 Virg.
1651 3033 1676 3058 9.
1692 3023 1753 3053 AEn.
1764 3027 1827 3058 296.
2167 3040 2182 3046 r
2555 3038 2557 3043 ·
2598 3033 2604 3063 1

1409 3061 1506 3091 Invida
1514 3071 1570 3091 nox
1578 3062 1687 3098 coeptis.
1710 3061 1794 3090 Ovid.
1809 3072 1834 3097 9.
1848 3060 1917 3090 Met.
1930 3066 1994 3096 485.

1408 3099 1488 3129 Vani.
1511 3108 1559 3134 ut,
1583 3100 1717 3129 Fremitus
1727 3098 1959 3136 vaniqueinsania
1970 3098 2065 3135 coepti.
2088 3096 2178 3127 Valer.
2187 3105 2213 3125 2.
2228 3095 2326 3132 Argon.
2343 3102 2405 3130 5²5·
2596 3109 2604 3139 c

1409 3138 1506 3166 Adesse
1516 3138 1615 3175 coeptis
1628 3137 1744 3173 alicujus
1756 3137 1859 3166 dicitur
1872 3136 1952 3166 Deus.
1977 3136 2060 3164 Ovid.
2074 3138 2099 3165 6.
2111 3135 2179 3165 Fast.
2189 3138 2253 3170 652.
2287 3132 2333 3162 Sic
2585 3117 2604 3191 11

1410 3175 1785 3213 111111110ῑο010011311110111113.
1808 3174 1879 3210 Virg¹
1892 3184 1914 3204 1.
1928 3174 2027 3210 Georg.
2039 3183 2085 3209 40.
2108 3174 2135 3202 &

1410 3213 1532 3250 aspirare
1542 3214 1643 3251 coeptis
1654 3212 1780 3249 alicujus.
1804 3212 1890 3242 Ovid.
1905 3221 1925 3241 1.
1941 3212 2008 3241 Met.
2023 3221 2049 3241 ².
2554 3231 2555 3243 l
2585 3212 2604 3254 ¹<

1410 3250 1517 3289 capere
1529 3252 1608 3280 taedia
1620 3251 1715 3288 coepti.
1738 3250 1822 3280 Ovid.
1835 3261 1860 3287 9.
1877 3249 1945 3279 Met.
1958 3253 2022 3282 615.
2553 3246 2556 3265 ἓ
2585 3251 2604 3292 ’.1

1504 3289 1634 3318 Vincetur
1645 3311 1653 3324 ,
1675 3289 1842 3325 repetendus
1854 3288 1913 3320 erit,
1936 3286 2077 3316 nectiedia
2089 3286 2178 3323 coepti
2584 3281 2587 3291 '

1503 3326 1564 3356 Ulla
1575 3328 1628 3356 mei
1641 3327 1749 3363 capiam
1759 3348 1767 3362 ,
1790 3327 1856 3354 dum
1865 3325 1971 3363 spiritus
1982 3324 2028 3353 iste
2038 3323 2169 3353 manebit.

1409 3364 1506 3394 Deesl'e
1517 3366 1617 3402 coeptis
1626 3365 1728 3393 dicitur
1738 3386 1746 3397 ,
1768 3363 1824 3400 Qui
1835 3364 1992 3400 incoeptum
2000 3372 2058 3392 non
2070 3361 2186 3400 perlicit.
2209 3359 2277 3390 Stat.
2289 3368 2331 3389 10.
2342 3356 2431 3388 Theb.
2441 3362 2502 3392 237·
2551 3383 2553 3402 ἶ

1502 3403 1562 3431 Νο0
1573 3402 1647 3431 deest
1656 3403 1766 3439 coeptis.

1408 3440 1510 3469 Manus
1522 3440 1619 3470 ultima
1630 3447 1725 3477 coepto
1733 3438 1830 3468 defuit.
1853 3437 1972 3467 Ovid.2.
1988 3436 2143 3472 T1·ist.5<⁶.

1408 3478 1535 3507 Deficere
1545 3478 1662 3512 emptis,
1685 3476 1790 3506 Deesse.
1814 3475 1902 3505 Vuler.
1915 3485 1940 3505 2.
1952 3476 2052 3512 Argon.
2065 3483 2127 3511 597.

1408 3515 1540 3544 Desistere
1551 3522 1655 3552 coepto.
1678 3516 1743 3544 Seri.
1760 3513 1850 3544 Theb.
1869 3524 1890 3542 1.

1409 3553 1527 3583 Differre
1539 3561 1638 3590 coepta.
1661 3553 1746 3581 Ovid.
1759 3561 1782 3588 3.
1794 3552 1829 3580 de
1839 3551 1916 3579 Pont.
1931 3561 1952 3579 1.
1969 3559 2030 3585 ¹39·

1501 3591 1528 3620 Si
1537 3591 1602 3626 1111111
1614 3597 1676 3626 aget
1687 3591 1773 3625 majus
1783 3612 1791 3625 ,
1813 3588 1895 3618 differ
1903 3595 1949 3618 tua
1957 3595 2059 3625 coepta.

1408 3628 1522 3665 Exequi.
1544 3630 1607 3657 Seu.
1625 3627 1738 3666 Hippol.
1752 3639 1775 3659 ς.

1408 3666 1592 3705 Expugnare,
1615 3667 1632 3694 i.
1651 3676 1674 3694 e.
1699 3665 1837 3694 Persicere.
1860 3663 1944 3693 Ovid.
1959 3673 1983 3699 9.
2002 3662 2070 3692 Met.
2084 3664 2148 3695 618.

1502 3705 1572 3734 Nam
1584 3704 1704 3741 primum
1725 3703 1761 3738 (si
1772 3704 1842 3732 laeta
1852 3702 1920 3731 milii
1931 3711 2061 3730 revocare
2073 3698 2191 3729 11001011

1500 3742 1566 3770 Non
1577 3741 1690 3778 coepill'e
1700 3742 1767 3770 fuit:
1791 3746 2050 3777 eoeptaexpugnare
2060 3759 2067 3772 ,
2088 3735 2242 3767 secundum
2255 3734 2302 3764 est.

1427 3779 1561 3816 loquendi
1576 3780 1684 3808 modus.
1729 3778 1797 3807 Puto
1806 3777 1955 3815 legendum
1966 3798 1973 3805 .
1994 3776 2096 3812 Coepto
2112 3797 2120 3809 ,
2140 3782 2299 3811 expugnare
2315 3770 2462 3802 secundum
2470 3766 2514 3799 est.

1428 3824 1458 3846 111
1478 3817 1508 3844 111
1527 3816 1667 3846 Ablativus
1684 3815 1843 3850 absolutus,
1866 3815 1940 3844 cons.
1962 3824 1987 3843 v.
2000 3818 2063 3849 ⁶¹5·
2081 3811 2164 3851 paulo
2179 3810 2258 3849 supra
2268 3810 2423 3848 allegatum.

1407 3854 1509 3884 Favere
1520 3855 1628 3891 coeptis.
1652 3853 1841 3892 8011111111101.
1857 3864 1882 3886 4.

1408 3892 1537 3929 Imposita
1553 3892 1590 3920 est
1602 3901 1700 3921 manus
1712 3891 1809 3920 ultima
1819 3896 1923 3926 coepm.
1945 3888 2028 3917 Ovid.
2040 3893 2066 3921 8.
2078 3886 2147 3916 Met.
2162 3896 2226 3916 200.

1408 3930 1451 3960 lre
1461 3930 1536 3959 haud
1547 3929 1658 3966 segnem
1669 3930 1769 3966 coeptis
1782 3950 1791 3964 ‚
1812 3927 1966 3964 Diligenter
1974 3932 2067 3963 coepta
2076 3934 2214 3963 peragere.
2235 3922 2338 3954 Sitlib.
2351 3931 2374 3959 7·
2383 3921 2514 3988 {aalma

2591 3349 2604 3674 ‚z—-Q-‘5‘5‘992—e—-e,
2600 3311 2604 3330 r,

2602 3698 2604 3708 1

2568 3635 2584 3747 Δ

2590 3679 2604 3750 ff?

2384 3729 2515 3769 [Insolens
2547 3698 2549 3780 Ξ

2593 3993 2604 4016 ,τε
2579 3956 2604 3983 ὲ
2580 3755 2604 3940 ξ’ῃὲἑῬ-ΞΞΤ
