2604 4222
784 165 812 199 A
904 161 924 194 S

196 251 218 280 C
230 261 249 279 A
259 259 298 280 s'r
307 261 315 278 1
324 259 341 278 c
353 259 369 278 A
380 260 394 278 s
404 251 415 278 ἵ
424 260 439 278 t
448 260 456 278 x
466 259 479 277 s
490 271 497 282 ,
519 258 542 278 e,
565 246 771 283 [νωφξονιςωὼ]
792 242 876 279 Quod
887 239 1006 277 castigari
1018 238 1109 267 debet.
1130 235 1214 266 Plaut.
1228 233 1306 264 Trin.
1321 235 1347 264 1·'

236 298 261 317 2.
278 292 303 317 6.
326 288 382 323 Qii
399 287 525 321 admisit,
547 287 574 314 in
586 284 728 321 seculpum
740 281 932 317 castigabilem.

198 326 417 359 CAsTiTAs,
439 324 689 353 CASTIMONzA
705 343 711 354 ,
735 320 807 348 CAS
822 328 853 346 ri
867 324 972 344 ruoo.
1017 313 1047 341 ln
1071 320 1226 354 missus.
1292 345 1330 352 ..

199 363 249 393 CA
259 373 317 392 s‘ri
330 372 349 391 Ν
360 373 368 390 ι
380 373 392 391 ιι
404 373 420 390 ,κ’
433 373 444 390 s
454 373 461 390 1
473 371 484 390 s
498 384 505 394 ,
527 362 618 389 Venus
637 354 877 391 cognominataest
887 375 893 387 ,
916 353 963 380 sub
983 360 1037 387 quo
1055 359 1170 378 nomine
1184 358 1198 376 a
1218 345 1347 389 [hostilis

236 400 325 435 culta,
347 401 419 437 apud
430 400 540 427 cosdem
557 399 651 426 sanum
665 389 758 424 habuit
770 416 776 426 ,
799 396 823 422 <Sc
841 391 918 420 aliud
940 390 967 417 iii
985 388 1049 431 Sida
1069 386 1235 430 Pamphylio:
1248 406 1255 419 ‚
1277 386 1302 427 ξ’(
1318 394 1346 412 in

235 438 364 476 Aspendo
378 438 551 472 Argivorum,
575 441 599 464 α’
615 434 685 467 Argis
696 455 703 464 .
725 433 753 460 in
763 431 829 459 sesto
841 429 915 465 quod
929 426 1050 463 hystein
1060 427 1180 454 dicmur:
1204 434 1234 466 in
1247 423 1346 464 quibus

236 483 336 514 pi'aete‘r
347 472 466 503 instituta
479 482 622 508 moresque
634 471 749 499 aliorum
762 491 769 502 .
791 468 850 496 sues
862 467 979 494 mactare
991 465 1058 492 licet
1071 485 1078 499 ‚
1100 472 1185 500 quum
1203 471 1232 489 in
1249 468 1347 489 ceteris

236 513 315 543 nullo
328 513 411 541 modo
423 512 462 540 sas
474 511 509 539 sit.
533 510 608 538 Alex.
625 508 729 537 (ienial.
743 506 788 534 lib.
803 515 827 541 7.
841 513 901 541 cap.
918 512 957 531 12.
1001 539 1006 544 ⁸
1168 537 1173 542 ¹
1329 535 1334 540 .

199 552 415 583 ΟΛετὸιιυε,
436 550 453 577 i.
476 558 512 577 ni.
535 545 699 581 [i<.2{„⁷0›.&]
720 544 811 580 Lydia:
825 541 905 570 urbs:
929 541 966 568 ita
979 539 1053 567 dic-*ta
1072 548 1087 566 a
1108 537 1228 566 Doribus
1249 534 1348 565 condi-

236 589 358 621 toribus.
387 596 455 624 quos
481 580 548 622 Lydi
574 582 689 612 Kar-iam
709 580 861 619 appellant.
900 578 975 607 Hinc
994 576 1094 606 Castoli
1111 583 1227 612 campus
1240 596 1248 609 ,
1270 572 1348 610 apud

234 625 465 662 Xenophontem.
510 623 536 650 V.
558 621 738 658 Stephanum.
1222 649 1228 655 ·
1329 648 1335 654 ⁴

201 664 223 694 C
233 675 251 692 A
261 673 272 692 s
282 674 299 691 vr
307 673 323 690 o
333 673 347 690 a
359 684 366 695 .
389 663 450 690 Oris.
474 670 508 688 m.
528 656 646 694 [miv-252]
668 655 775 687 Animal
785 664 820 684 ex
830 661 927 683 eorum
937 661 1047 690 genere,
1070 660 1129 688 quae
1139 650 1229 680 Graeci
1240 648 1349 686 amphi-

237 701 282 729 bia
292 706 402 733 vocant,
424 699 498 735 quod
511 697 603 725 tamin
619 703 699 729 terra.
713 703 793 731 quam
804 694 831 721 in
842 692 920 729 aquis
931 692 1034 719 vivant.
1058 690 1126 718 Plin.
1139 689 1187 717 lib.
1202 697 1244 731 3²:
1256 695 1345 724 cap.3.

234 737 398 775 Spectabilis
410 744 510 764 naturae
526 734 650 771 potentia
671 734 699 761 in
715 733 757 761 his
772 740 881 768 quoque
894 729 994 766 quibus
1010 731 1035 757 ce
1051 729 1079 756 in
1099 727 1178 755 tertis
1190 728 1215 754 ὁὶ
1235 734 1264 753 in
1278 734 1347 761 aqua

235 777 323 804 vicTus
335 775 371 803 est
384 796 391 809 ‚
414 774 512 802 sicut&
527 772 600 800 tibris
614 793 621 804 ,
644 780 712 807 quos
727 770 844 798 castores
859 774 976 801 vocant.
998 768 1024 795 ὃς
1045 765 1183 798 castorea⁷
1204 763 1347 806 testes‘eo-

235 822 305 842 rum.
348 811 440 840 Castor
455 816 567 839 vocatur
578 809 680 837 Latinis
694 807 771 837 Fiber
782 829 789 841 ‚
810 805 896 835 Gallis
912 806 1009 832 flievre.
1050 803 1158 832 Servius
1169 802 1252 831 tradit
1263 806 1347 829 etiam

232 850 378 880 Ponticum
390 858 487 878 canem
499 848 599 877 vocari.
637 846 736 875 Differt
745 855 760 874 a
773 844 863 873 Lutra.
885 842 914 871 V.
937 852 954 870 c
964 851 981 870 A
991 851 1003 870 s
1012 850 1031 869 *r
1041 849 1057 869 o
1067 850 1082 868 R
1091 850 1105 868 a
1116 850 1133 868 u
1143 850 1163 868 M
1185 840 1210 869 δι
1232 849 1245 866 r
1256 849 1265 866 1
1276 848 1290 865 R
1299 848 1313 880 ιτἱ
1321 847 1345 866 R.

196 888 218 917 C
228 899 245 916 A
256 898 267 916 s
276 898 292 915 vr
302 893 318 915 o
330 898 345 915 a
356 897 368 915 r
379 897 396 915 u
407 897 418 915 s
429 909 437 920 7
459 896 489 920 a,
511 895 567 914 um.
591 883 768 920 [καςὲεκῶ]
791 882 849 911 Adi.
870 887 901 910 ut
910 903 918 915 ‚
939 880 1082 909 Castoreus
1098 878 1188 906 odor.¹
1207 876 1275 905 Plin.
1296 875 1345 904 lib.

236 930 277 954 12,
292 935 352 962 cap.
365 934 410 958 24.
431 922 704 961 ilspalathiprobatio
718 921 757 950 est
776 921 805 948 in
826 919 920 948 colore
932 918 992 946 rufo
1005 939 1013 952 ‚
1034 916 1078 944 vel
1092 916 1175 952 igneo
1187 936 1196 949 ‚
1216 916 1347 949 tactuque

193 177 266 213 450
666 166 694 199 c

232 962 312 1000 spiffo
325 984 332 995 ,
352 964 377 991 a:
389 962 475 990 odore
486 961 615 990 castoreo.
637 961 663 989 h.
675 969 699 988 c.
722 958 846 992 foetido,
869 958 895 986 ἃ
908 956 998 993 putri,
1020 954 1064 984 vel
1079 961 1172 983 acuto,
1212 952 1268 981 Sed
1281 952 1349 980 Har-

232 1001 310 1029 duin.
323 1000 391 1037 legit
403 999 498 1029 Odore
511 998 633 1028 castorei.

195 1038 218 1068 C
227 1049 247 1067 A
257 1048 269 1067 s
278 1048 297 1066 T
308 1039 325 1066 ὅ
334 1048 350 1066 a
362 1048 374 1066 s
384 1047 402 1066 u
413 1049 431 1066 M
445 1059 453 1071 ,
474 1037 492 1066 i.
514 1047 541 1065 n.
562 1034 692 1072 [aalma
703 1034 785 1070 baffi]
804 1032 942 1066 Castorea,
962 1031 1074 1059 auctore
1084 1028 1153 1057 Plin.
1164 1026 1213 1056 lib.
1228 1036 1270 1061 ³2-
1283 1036 1344 1063 cap.

233 1085 259 1112 3.
281 1082 415 1104 vocantur
426 1075 521 1104 Testes
535 1073 655 1103 castoris.
696 1072 763 1101 Plin.
781 1072 885 1099 lib.26.
906 1079 966 1106 cap.
986 1078 1028 1097 ii.
1058 1066 1157 1096 Clavos
1178 1065 1283 1103 pedum
1302 1074 1348 1093 ex-

229 1113 452 1143 trahitladanum
463 1122 526 1142 cum
538 1111 660 1140 castoreo
670 1132 677 1145 ‚
698 1109 851 1138 verbenaca
867 1117 901 1136 ex
911 1107 985 1135 viiio.

227 1150 531 1188 Pharmacopolaeillud
543 1158 653 1192 quoque
663 1154 765 1176 vocant
783 1146 959 1175 Castoreum:
982 1143 1058 1181 quod
1080 1146 1256 1180 unguentum
1273 1149 1350 1170 com-

246 1189 365 1226 positum
380 1188 418 1217 est
431 1198 466 1218 ex
485 1187 596 1217 castoris
610 1186 723 1215 testibus
733 1184 836 1214 avulsis.

228 1227 316 1257 Grave
327 1227 489 1256 castoreum.
511 1225 620 1254 Lucret.
633 1224 681 1252 lib.
699 1227 724 1251 6.
739 1233 801 1258 794.

321 1264 506 1300 Castoreoque
515 1263 590 1300 gravi
601 1261 700 1291 mulier
711 1260 799 1298 sopita
808 1257 954 1289 recumbit.

247 1302 311 1331 tetri
324 1324 332 1337 ‚
355 1301 428 1331 male
439 1303 464 1331 δι
475 1301 590 1338 graviter
600 1299 709 1328 olentis.

227 1339 322 1370 Virosa
334 1340 464 1369 castorea.
490 1339 560 1375 Virg.
576 1348 598 1367 1.
611 1338 710 1373 Geoig.
724 1338 766 1371 56.

319 1378 399 1407 India
410 1376 494 1406 mittit
503 1376 571 1406 ebur
582 1398 590 1409 .
611 1375 710 1404 molles
722 1375 767 1403 sua
780 1373 860 1402 thura
876 1371 978 1401 Sabaei:

319 1416 354 1444 At
366 1414 502 1452 Chalybes
511 1413 689 1443 nudiferrum
704 1434 711 1446 ,
733 1410 873 1448 virosaque
885 1410 986 1439 Pontus

319 1453 455 1483 Castorea.
536 1451 663 1486 Servius,
696 1449 783 1484 Fibri,
805 1457 888 1478 canes
904 1447 966 1476 sunt
980 1446 1103 1476 Pontici:
1125 1454 1245 1482 quorum
1264 1443 1345 1474 testes

245 1491 304 1530 apti
317 1491 380 1520 sunt
399 1489 632 1519 medicaminibus
645 1510 652 1522 .
674 1495 789 1525 propter
802 1496 870 1522 quos
887 1486 934 1514 ubi
947 1485 973 1513 se
992 1485 1093 1522 requiri
1114 1483 1274 1517 senserunt,
1295 1492 1343 1511 eos

244 1530 357 1559 secant:
381 1529 415 1557 de
427 1529 469 1556 his
480 1527 578 1556 Cicero
592 1548 600 1562 ‚
622 1526 776 1555 Redimunt
790 1524 817 1553 se
830 1534 862 1553 ea
874 1530 953 1561 parte
967 1523 1092 1560 corporis
1104 1544 1111 1554 .
1132 1528 1247 1559 propter
1259 1530 1343 1556 quam

244 1567 367 1596 maxime
379 1571 554 1603 expetuntur.
592 1564 716 1593 Castores
725 1570 818 1592 autem
828 1573 842 1591 a
854 1561 1004 1591 Castrando
1015 1561 1082 1589 dieii
1094 1559 1163 1589 sunt.
1199 1558 1288 1587 Virosa
1297 1567 1343 1587 au-

243 1610 302 1634 tem
313 1626 321 1639 ‚
343 1604 499 1632 Venenata:
521 1611 585 1631 nam
597 1602 664 1631 licet
675 1602 726 1631 sint
736 1601 829 1630 multis
843 1601 968 1629 remedio
980 1621 988 1631 ,
1009 1605 1103 1627 tamen
1115 1604 1288 1635 praegnantes
1295 1606 1342 1625 eo-

243 1652 305 1671 rum
321 1642 408 1671 odore
416 1641 709 1677 abjiciunt&egerunt
718 1645 845 1677 partum,
868 1639 893 1667 &
911 1636 998 1666 virosa
1014 1637 1087 1665 dicia
1107 1635 1141 1664 ab
1160 1645 1195 1665 eo
1211 1635 1286 1672 quod
1304 1634 1341 1663 est

242 1681 326 1709 virus.
368 1679 419 1709 Alii
432 1680 512 1708 fortia
523 1679 681 1716 accipiunt,
701 1677 839 1707 aviribus.
865 1676 1006 1705 Hactenus
1024 1674 1144 1704 Servius.
1184 1672 1238 1702 Alii
1248 1679 1341 1702 tamen

243 1717 337 1748 Virosa
350 1718 404 1746 dici
416 1717 523 1746 malunt
535 1716 572 1745 ob
583 1716 676 1745 odoris
688 1716 858 1753 gravitatem.

185 1755 209 1786 C
218 1765 237 1785 A
247 1765 258 1785 s
268 1765 288 1784 τ
299 1757 315 1785 ὅ
324 1765 339 1784 R
350 1766 358 1783 ι
369 1765 389 1784 Ν
400 1765 417 1784 o
426 1765 438 1784 s
449 1777 456 1790 ‚
477 1765 492 1784 a
503 1777 510 1789 ‚
532 1764 589 1783 uin.
611 1760 641 1783 ut
652 1776 660 1789 ‚
682 1752 786 1783 Oleum
796 1751 972 1782 castorinuni.
995 1749 1080 1780 Marc.
1093 1749 1173 1787 Emp.
1186 1758 1248 1787 cap.
1262 1757 1305 1785 35.

223 1793 315 1822 Vestes
328 1794 477 1822 castorinae.
500 1792 620 1822 Ambros.
633 1792 668 1821 de
683 1792 815 1828 Dignitat.
827 1789 967 1820 Sacerdot.

185 1831 352 1861 CAsroin
363 1835 407 1860 ΝᾸ
418 1841 438 1859 τ
450 1840 504 1865 us,
526 1840 541 1860 a
556 1852 563 1865 ,
585 1839 641 1859 um.
674 1829 784 1859 Fibrina
800 1828 873 1857 veste
898 1828 1024 1856 amichis.
1055 1825 1152 1856 Sidon.
1166 1835 1193 1861 4.
1215 1824 1298 1863 Epist.
1313 1833 1339 1862 7.

222 1869 361 1898 Incedunt
370 1869 525 1898 castorinati
535 1868 570 1897 ad
581 1867 698 1897 litanias.
739 1866 772 1896 V.
794 1866 833 1895 ibi
847 1865 1037 1895 Sirmondum.

184 1907 206 1937 C
217 1917 237 1935 A
246 1917 258 1936 s
267 1916 286 1935 T
296 1916 313 1935 o
323 1917 338 1934 a
349 1929 356 1941 ‚
379 1907 510 1942 [Koirwe]
532 1906 624 1935 Frater
635 1905 754 1934 Pollucis
766 1914 772 1934 :
795 1904 841 1941 qui
860 1903 942 1933 ambo
957 1903 1017 1940 post
1031 1907 1150 1931 mortem
1166 1900 1240 1930 inter
1256 1900 1342 1930 sidera

216 1945 295 1974 relati
306 1944 386 1979 sunt,
407 1952 523 1979 quorum
533 1943 637 1981 lignum
649 1943 758 1972 Gemini
770 1942 891 1972 dicitur:
915 1943 940 1971 ἃ
951 1941 1103 1977 agentibus
1114 1948 1165 1977 pro
1180 1939 1233 1967 diis
1243 1938 1341 1973 habiti,

216 1990 299 2020 atque
323 1983 351 2011 in
367 1982 544 2020 proverbium
561 1981 669 2019 semper
689 1981 802 2010 adducti
825 1990 875 2018 pro
896 1977 1120 2008 Constantilsima
1142 1974 1341 2006 &inviolabili

216 2021 345 2050 amicitiae
359 2024 434 2049 nota.
476 2019 643 2048 Fabulantur
653 2020 729 2048 enim
738 2020 828 2056 poe‘tae
842 2040 850 2052 ,
871 2017 969 2053 Jovem
980 2017 1008 2045 in
1020 2016 1110 2053 specie
1118 2015 1200 2052 cycni
1214 2024 1279 2043 cum
1289 2013 1340 2044 Le-

216 2059 262 2094 da,
275 2058 399 2095 Tyndari
411 2067 507 2092 uxore,
521 2056 708 2086 concubuiffe.
732 2057 811 2086 Unde
821 2055 869 2084 illa
878 2064 963 2084 ovum
979 2054 1128 2091 concepit,
1149 2052 1219 2082 sicut
1229 2061 1264 2082 ex
1278 2053 1339 2081 viro

215 2097 335 2126 alterum
352 2106 444 2125 ovum.
482 2096 644 2124 secundum
668 2095 814 2124 Horatium
833 2093 948 2131 quidem
968 2093 1048 2128 cujus
1064 2091 1146 2120 verba
1161 2090 1234 2120 infra
1251 2100 1340 2128 pone-

217 2144 280 2164 mus
297 2156 303 2168 .
325 2143 359 2162 ex
371 2143 424 2162 ovo
435 2133 534 2162 eodem
553 2133 638 2170 geniti
658 2130 720 2162 sunt
729 2132 823 2162 Castor
841 2131 976 2161 &Pollux
988 2152 996 2165 ‚
1017 2129 1172 2159 secundum
1195 2127 1282 2163 alios,
1303 2138 1339 2158 ex

216 2182 271 2201 ovo
282 2172 376 2208 Jovis,
398 2171 505 2200 Helena
521 2173 547 2200 ἃ
558 2170 655 2200 Pollux
668 2169 838 2200 immortales
849 2191 857 2205 ‚
879 2170 906 2198 δι
924 2178 960 2198 ex
981 2178 1035 2197 ovo
1057 2167 1183 2204 Tyndari
1202 2166 1295 2195 Castor
1312 2168 1339 2195 Sc

215 2209 370 2239 Hermione
381 2209 519 2238 mortales.
559 2209 616 2238 Sed
632 2207 728 2238 Pollux
740 2213 852 2237 mortuo
862 2206 972 2236 Castore
990 2205 1165 2243 impetravit,
1186 2210 1218 2233 ut
1239 2204 1340 2233 divini-

215 2254 302 2277 tatem
313 2247 387 2276 suam
400 2247 438 2275 illi
453 2248 690 2282 communicaret,
710 2248 737 2276 Sc
759 2245 877 2276 viciffim
895 2243 1010 2274 alternis
1031 2243 1131 2273 diebus
1149 2246 1334 2271 morerentur.

214 2285 298 2316 Unde
317 2286 385 2321 Virg.
399 2289 423 2313 6.
438 2284 499 2315 JEn.
517 2294 576 2313 121.

307 2324 336 2352 Si
345 2324 456 2352 fratrem
469 2321 564 2351 Pollux
574 2321 677 2351 alterna
689 2327 778 2351 morte
789 2321 907 2350 redemit
922 2342 931 2355 ,

306 2361 386 2397 Itque
395 2362 522 2397 reditque
533 2361 604 2389 viani
618 2360 710 2389 toties.
793 2359 879 2395 Quod
890 2359 955 2388 ideo
966 2356 1078 2394 fingitur
1087 2378 1095 2391 ‚
1117 2356 1156 2385 ait
1166 2356 1195 2385 in
1209 2355 1284 2384 hunc
1297 2355 1336 2384 lo-

213 2409 279 2466 clum
288 2400 399 2429 Servius
410 2421 417 2434 ‚
440 2399 502 2436 quia
514 2398 613 2427 horum
627 2397 709 2427 stellae
718 2397 754 2426 ita
765 2396 791 2426 se
801 2397 906 2426 habent
916 2418 925 2432 .,
946 2402 977 2425 ut
999 2395 1148 2424 occidente
1162 2403 1217 2423 una
1232 2394 1336 2422 oriatur

212 2448 228 2467 a
242 2447 307 2467 tera.

212 2475 277 2505 Fuit
286 2481 377 2504 autem
393 2473 616 2511 Castoregregius
627 2482 762 2510 equorum
775 2472 898 2502 domitor
910 2493 919 2506 ,
939 2470 1037 2501 Pollux
1047 2480 1113 2500 vero
1123 2468 1210 2508 pugil.
1251 2468 1336 2498 Unde

232 2514 328 2543 Horat.
342 2523 368 2542 2.
386 2512 472 2541 Serm.
490 2521 512 2540 i.
525 2515 570 2540 26.

293 2550 385 2580 Castor
404 2549 505 2586 gaudet
517 2548 594 2585 equis
608 2570 617 2584 ‚
636 2558 691 2578 ovo
702 2553 851 2587 prognatus
864 2546 967 2577 eodem

213 2588 357 2618 Gemellus
367 2588 469 2617 Castor.
494 2586 593 2616 Catuli.
606 2597 632 2622 4.
645 2595 690 2623 27.

211 2626 341 2664 Magnus.
364 2626 429 2655 Hor.
446 2624 643 2661 Epod.17.⁴3.

211 2663 353 2703 Receptus
365 2663 458 2693 Castor
471 2664 499 2691 in
514 2661 619 2700 templa
630 2663 756 2692 deorum.
778 2660 846 2691 Hor.
861 2668 887 2690 2.
902 2659 986 2698 Epist.
999 2669 1023 2689 1.
1037 2665 1061 2695 ς.

406 2716 442 2721 —
451 2702 475 2730 ἅ
485 2710 549 2729 cuni
563 2700 672 2729 Castore
688 2700 787 2728 Pollux
796 2721 804 2734 ‚

304 2738 365 2768 Post
377 2739 500 2776 ingentia
510 2738 580 2767 fasta
590 2759 598 2771 ,
620 2738 735 2766 deorum
747 2738 775 2765 in
788 2735 892 2774 templa
905 2734 1020 2772 recepti.

209 2776 310 2808 Arbitri
323 2777 438 2806 &testes
448 2776 576 2813 legum&
588 2775 757 2810 judiciorum
769 2775 863 2804 Castor
873 2775 899 2803 Sc
914 2773 1020 2802 Pollux.
1061 2772 1120 2802 Cic.
1134 2780 1159 2808 7.
1179 2769 1255 2801 Verr.
1271 2773 1332 2806 186.

229 2815 340 2851 Vosque
352 2815 480 2843 omnium
491 2823 582 2842 rerum
595 2813 744 2842 forensium
761 2835 769 2847 ‚
800 2811 977 2841 consiliorum
992 2811 1179 2839 maximorum
1191 2832 1199 2844 ,
1219 2809 1332 2847 legum,

226 2853 451 2889 judiciorumque
465 2851 598 2881 arbitri&
618 2851 698 2880 testes
714 2873 722 2885 ‚
743 2849 926 2879 celeberrimo
950 2849 979 2877 in
1001 2848 1066 2877 loco
1092 2848 1212 2877 Praetorii
1229 2847 1333 2882 locati,

231 2891 327 2956 Castoxrl
336 2892 362 2920 δι
374 2889 471 2956 Pplllux
480 2912 488 2924 ‚
504 2891 577 2954 &cs
597 2889 699 2925 [Quia
715 2889 849 2917 nimirum
861 2887 933 2916 aedes
945 2896 1043 2916 eorum
1058 2886 1087 2915 iri
1102 2886 1163 2916 foro
1175 2886 1229 2915 fuit
1243 2892 1335 2915 extru-

231 2930 282 2958 eia.
331 2951 336 2957 .
353 2937 376 2963 3.
417 2938 466 2957 err.
484 2937 534 2962 129
572 2936 587 2955 e
609 2949 614 2955 .

212 2966 327 2996 Currere
335 2966 369 2995 ad
381 2937 1013 3000 Castoris7scilJl3dem.Cic.prolVlilon.91.Nis1
1025 2971 1092 2990 vero
1101 2960 1261 2991 sustinuistis
1272 2971 1332 2996 eos,

230 3005 352 3041 quicum
369 3004 475 3032 facibus
487 3003 523 3032 ad
533 3003 637 3031 curiam
654 3007 838 3031 cucurrerunt
848 3022 856 3035 ,
877 3008 941 3029 cum
952 2999 1057 3028 facibus
1069 3000 1103 3028 ad
1114 2999 1241 3034 Castoris,
1266 3009 1332 3029 cum

231 3043 330 3079 gladiis
346 3048 406 3070 toto
418 3042 479 3070 foro
492 3041 651 3069 volitarunt.
676 3040 692 3068 i.
707 3049 731 3068 e.
755 3039 795 3068 Ad
806 3039 896 3068 cedem
908 3037 953 3066 seu
965 3037 1102 3074 templum
1111 3037 1238 3066 Castoris.

212 3079 305 3109 Castor
317 3081 342 3109 Sc
355 3079 452 3109 Pollux
463 3101 472 3113 ‚
493 3078 615 3109 Castores
623 3078 705 3106 etiam
716 3077 806 3105 vocati
819 3075 923 3105 suntab
937 3075 1064 3110 antiquis.
1105 3073 1263 3104 Trebellius
1272 3074 1333 3104 Pol-

229 3117 269 3146 lio
281 3118 309 3146 iri
321 3118 374 3147 Vit.
388 3117 521 3146 Valerian.
539 3125 598 3153 cap.
613 3125 635 3144 1.
659 3115 755 3150 Quum
766 3114 801 3143 ob
814 3113 1002 3151 imperatorias
1014 3112 1117 3142 litteras
1128 3113 1158 3141 in
1165 3113 1224 3142 aede
1241 3113 1332 3142 Casto-

231 3165 292 3185 rum
305 3177 312 3190 ‚
339 3155 455 3184 Senatus
475 3154 630 3184 haberetur.
672 3150 848 3190 Capitolinus
871 3152 900 3180 in
921 3150 1084 3180 Maximinis
1095 3171 1103 3184 ,
1134 3160 1196 3188 cap.
1223 3155 1264 3179 16.
1289 3160 1330 3188 pr.

230 3194 325 3229 Quum
335 3200 448 3222 ventum
464 3191 530 3221 esset
545 3192 574 3220 in
582 3191 671 3221 aedem
682 3190 833 3219 Castorum.
873 3187 1010 3218 Arnobius
1021 3210 1029 3221 .
1052 3197 1076 3217 2.
1090 3198 1117 3225 p.
1129 3196 1173 3223 93.
1196 3188 1333 3225 Tyndari-

231 3231 272 3259 dac
283 3231 422 3265 Castores,
445 3240 515 3259 unus
525 3239 611 3267 equos
629 3229 766 3258 domitare
782 3226 945 3261 consuetus,
966 3226 1033 3254 alter
1044 3225 1182 3261 pugilator
1191 3226 1291 3255 bonus.

212 3267 305 3297 Castor
317 3290 324 3302 ,
359 3268 487 3297 Medicus
506 3267 709 3305 antiquissimus
721 3288 729 3301 ‚
759 3266 806 3303 qui
831 3264 929 3293 docuit
943 3263 1075 3301 piperitin
1093 3263 1225 3297 herbam,
1248 3274 1332 3301 quam

231 3305 285 3334 alio
300 3306 414 3334 nomine
426 3306 604 3343 siliquastrum
616 3305 774 3339 nominant,
795 3303 854 3332 bibi
864 3308 962 3331 contra
972 3301 1083 3330 morbos
1095 3301 1259 3331 comitiales.
1282 3305 1333 3331 iiu-

232 3344 290 3371 ctor
301 3342 367 3372 Plin.
381 3343 428 3372 lib.
444 3354 488 3372 20.
502 3353 562 3381 cap.
582 3352 622 3378 17.

177 3380 227 3410 CA
237 3389 249 3409 s
259 3390 278 3408 'r
289 3382 305 3408 ὂ
315 3391 328 3408 ii
339 3390 352 3408 ii
363 3391 380 3409 υ
390 3391 401 3409 s
415 3403 422 3415 ,
444 3391 475 3417 a.
497 3391 554 3410 um.
578 3380 637 3415 Adj.
660 3377 835 3416 [Κκάμῷε]
856 3387 871 3407 a
887 3377 1002 3407 nomine
1014 3376 1127 3414 proprio
1145 3376 1254 3406 Castor:
1282 3382 1334 3412 ut,

213 3418 316 3447 Ma'nus
325 3418 451 3448 castorea.
491 3419 553 3448 Seri.
569 3418 795 3456 Hippol.v.810.
822 3415 917 3446 Frenis
935 3415 1063 3445 Castorea
1083 3414 1216 3443 mobilior
1237 3424 1331 3444 manu.

215 3457 234 3484 i.
250 3465 274 3483 e.
297 3455 381 3492 Ipsius
395 3456 512 3485 Castoris
523 3479 531 3491 ‚
552 3457 598 3493 qui
609 3457 731 3494 optimus
743 3455 866 3484 domitor
879 3462 1015 3492 equorum
1027 3458 1094 3482 erat.

176 3493 433 3529 CAsTnicius‚
456 3494 484 3523 V.
509 3503 671 3523 CASTRA.

177 3531 226 3561 CA
238 3540 324 3573 s‘rRo
335 3551 343 3564 ,
365 3529 495 3565 [ω’κπέμιω
506 3552 514 3567 ‚
531 3528 645 3567 ἐωεχέζω
656 3553 663 3566 ,
680 3530 811 3567 affinga]
825 3532 880 3560 are.
903 3528 1016 3566 proprie
1026 3527 1064 3556 est
1075 3526 1168 3556 Virilia
1176 3533 1330 3564 amputare.

212 3568 280 3597 Plin.
295 3567 342 3596 lib.
356 3573 397 3600 ¹8-
414 3578 473 3606 cap.
490 3578 533 3605 32.
569 3569 676 3604 Verres,
696 3571 851 3605 juvencos,
871 3568 988 3602 arietes,
1017 3565 1135 3601 hoedos,
1157 3564 1334 3595 decrescente

211 3605 278 3634 luna
293 3605 413 3634 castrato.
628 3627 635 3631 .

211 3642 320 3671 Vitulos
330 3642 451 3672 castrare.
472 3643 609 3674 Columel.
624 3647 648 3673 6.
661 3646 706 3674 26.

211 3679 414 3716 Metaphorice.
436 3686 487 3716 ut,

211 3717 337 3747 Alvearia
347 3717 459 3760 castrare
469 3739 476 3752 ,
497 3718 535 3747 est
546 3717 643 3748 Alveos
652 3718 718 3748 favis
729 3718 846 3756 spoliare
862 3739 870 3753 ,
892 3719 918 3748 ἃ
930 3713 1020 3747 mellis
1033 3715 1206 3746 vindemiam
1218 3714 1309 3745 facere
1323 3724 1331 3745 :

231 3755 307 3791 quod
319 3764 372 3790 qua
389 3761 495 3783 ratione
507 3756 703 3785 faciendumsit
716 3779 723 3792 ,
745 3758 829 3786 docet
842 3755 980 3784 Columel.
993 3755 1040 3784 lib.
1053 3765 1078 3789 9.
1090 3764 1150 3792 cap.
1166 3763 1208 3789 ¹5-

210 3792 328 3822 Arbores
340 3792 452 3820 castrare
462 3814 470 3827 ,
492 3792 523 3821 ln
543 3793 600 3821 imo
623 3794 772 3831 perforare.
807 3793 875 3822 Plin.
892 3793 940 3822 lib.
954 3803 998 3826 ²4-
1012 3802 1070 3829 cap.
1084 3797 1110 3826 8.
1145 3792 1251 3821 Humor
1265 3801 1331 3828 quo-

229 3839 284 3896 qute
298 3839 313 3858 e
327 3829 448 3895 mtedlqlla
463 3851 471 3864 ‚
492 3830 532 3858 uti
543 3830 664 3860 diximus
679 3853 687 3866 ,
709 3832 827 3860 castratae
839 3830 944 3860 arboris
957 3831 1073 3860 effluens
1083 3852 1090 3866 ‚
1114 3829 1250 3868 capillum
1269 3829 1333 3858 red-

230 3877 258 3896 (ι
286 3876 346 3903 capi
363 3876 387 3894 ii
414 3876 475 3895 ius.

209 3905 319 3935 Caudas
330 3903 483 3933 catulorum
494 3904 615 3933 castrare.
637 3904 774 3934 Columel.
787 3905 836 3934 lib.
851 3915 876 3942 7.
891 3915 922 3934 ca
946 3927 952 3934 .
969 3914 1011 3934 12.
1033 3906 1148 3940 Roigner.

210 3942 332 3972 Libellos
345 3941 458 3970 castrare
469 3963 477 3975 ,
499 3941 654 3977 Expurgate
663 3942 803 3972 obscaenis.
826 3943 927 3972 Martia
941 3965 946 3971 .
961 3942 1010 3972 lib.
1028 3952 1052 3971 i.
1069 3945 1112 3979 36.

301 3979 326 4010 N
330 3988 363 4008 ec
378 3978 491 4008 castrare
501 3978 569 4009 velis
580 3989 657 4008 meos
668 3979 786 4009 libellos.

1051 1256 1145 1292 Gravi,
1165 1256 1184 1286 i.
1197 1265 1222 1286 e.
1243 1254 1347 1285 Odoris

1057 2544 1169 2583 Pugnis.

1914 154 1943 187 C
2041 155 2068 188 A
2166 156 2187 189 S

1440 230 1516 260 Vites
1537 230 1660 260 castrare.
1702 231 1771 275 Cato
1786 243 1844 271 cap.
1858 242 1901 270 3²·
1938 234 2014 264 Vites
2035 241 2143 265 teneras
2162 235 2368 273 quamprimum
2391 238 2558 272 propagato,
2583 232 2586 238 ¹

1461 278 1568 298 veteres
1583 278 1824 312 quam-minimum
1835 274 1947 302 castrato
1960 283 1965 302 :
1989 274 2082 311 potius
2093 274 2111 302 si
2122 284 2193 311 opus
2211 275 2265 303 erit
2281 274 2397 309 dejicito
2407 295 2415 307 7
2436 271 2560 300 biennio-

1463 316 1516 342 que
1525 308 1584 343 poll
1593 307 1747 343 pia-Cidrto.

1442 344 1512 373 Vina
1524 344 1638 387 castrare
1654 343 1746 386 saccis.
1789 345 1856 374 Plin.
1869 346 1916 376 lib.
1930 357 1971 382 19.
1992 359 2051 386 cap.
2065 359 2092 384 4.
2133 348 2166 378 V.
2189 348 2254 378 Cael.
2278 348 2325 378 lib.
2337 354 2381 382 28.
2398 356 2458 384 cap.
2468 349 2512 375 26.
2533 347 2558 376 δι

1463 383 1563 411 Saccus
1579 391 1700 410 nivarius
1712 404 1719 417 ‚
1740 382 1772 411 ln
1792 393 1804 412 s
1813 393 1831 412 A
1842 393 1859 412 c
1868 394 1885 413 c
1895 395 1912 413 u
1923 395 1946 414 s.

1445 420 1566 463 Castrum
1577 420 1605 447 in
1618 419 1788 449 sterilitatem
1800 421 1899 459 Lupini
1909 423 2074 453 umbilicum
2083 423 2238 454 vermiculi.
2259 421 2328 452 Plin.
2340 422 2438 456 lib.18.
2451 430 2558 458 cap.14.

1444 459 1592 487 Avaritiam
1606 457 1735 501 castrare3
1757 459 1773 487 i.
1785 468 1809 488 e.
1833 460 1944 490 Auferre
1953 462 1997 491 vel
2011 463 2153 492 Coercere.
2185 462 2282 492 Claud.
2299 473 2321 491 1.
2336 463 2366 490 in
2374 460 2487 497 Eutrop.
2500 468 2557 495 193.

1635 505 1719 524 —Vis
1729 496 1805 526 nulla
1816 504 1960 528 cruentam
2448 501 2453 503 ’

1539 531 1641 561 Cnstrat
1654 534 1806 564 avaritiam.

1407 571 1429 599 C
1438 581 1457 599 A
1467 580 1479 599 S
1488 579 1509 614 ‚T
1518 574 1558 637 ΒΕᾸ
1568 579 1587 637 tT
1597 580 1613 598 U
1624 579 1636 599 S
1648 592 1655 605 ι
1678 581 1693 599 a
1705 593 1713 605 ι
1736 581 1793 601 um.
1817 573 1984 609 [οὶκπμίσκ]
2004 573 2101 604 Partic.
2123 580 2155 604 ut
2169 596 2178 610 ,
2199 574 2334 603 Castratus
2344 573 2441 603 haeres.
2463 569 2558 602 Claud.

1445 619 1471 638 2.
1486 619 1515 637 in
1550 618 1566 637 u
1582 618 1641 645 rop.
1657 619 1718 643 ςςο.

1602 661 1639 665 -
1651 646 1743 675 Rufini
1754 647 1883 678 castratus
1894 648 2000 686 prosilit
2009 649 2105 679 haeres.

1443 683 1538 712 Homo
1547 683 1675 713 castratus
1685 706 1693 719 ‚
1709 685 1821 722 Bagoas.
1844 686 1919 716 Curt.
1930 690 1956 717 6.
1971 696 1995 724 3.
2009 697 2051 717 12.

1445 721 1590 750 Translate
1602 723 1685 750 etiam
1696 725 1809 760 ponitur
1819 746 1827 757 ,
1849 732 1879 753 ut
1889 747 1898 759 ‚

1444 759 1524 796 Resp.
1547 759 1665 788 Castrata
1675 766 1764 790 morte
1775 761 1891 797 alicujus
1900 762 2016 792 absurde
2026 761 2142 792 dicetur.
2173 762 2232 793 Cic.
2245 769 2270 800 3.
2284 762 2320 792 de
2330 761 2407 792 Orat.
2422 762 2484 790 161.
2506 758 2562 791 No-

1464 797 1491 825 lo
1504 804 1593 825 morte
1609 797 1665 826 dici
1676 798 1794 828 Africani
1804 800 1944 829 castratam
1953 800 2006 829 eise
2021 799 2172 838 Rempubl.

1446 834 1522 863 Vires
1536 835 1662 864 castratae.
1685 836 1753 865 Plin.
1765 836 1813 866 lib.
1833 847 1874 867 ii.
1893 848 1954 875 cap.
1970 843 2012 872 18.
2036 839 2071 867 de
2083 839 2170 869 fucis.
2191 838 2209 867 i.
2223 847 2246 867 e.
2269 838 2422 875 ademptae.

1408 872 1430 902 C
1442 883 1460 901 A
1469 882 1481 901 s
1490 882 1510 900 T
1519 882 1534 901 ι(
1545 882 1564 901 A
1574 882 1594 900 T
1604 883 1622 916 A
1633 895 1641 907 ,
1662 883 1693 902 εε-
1715 874 1735 904 f.
1754 874 1879 913 Siliginis
1888 886 1974 913 genus
1987 876 2040 912 est,
2061 876 2136 914 apud
2148 876 2217 906 Plin.
2232 875 2282 906 lib.
2297 881 2339 910 18.
2353 885 2413 914 cap.
2427 885 2454 911 9.
2475 874 2498 904 E
2507 878 2561 912 grac

1446 920 1483 939 no
1495 932 1503 945 ‚
1525 910 1600 947 quod
1612 921 1641 939 in
1656 912 1807 950 Campania
1818 914 2008 951 proveniebat.
2602 909 2604 918 γ

1407 948 1429 977 C
1439 958 1457 976 A
1466 958 1478 977 s
1487 957 1506 976 T
1515 959 1531 976 R
1541 958 1561 977 A
1571 958 1591 977 N
1602 959 1619 977 o
1630 959 1648 977 u
1657 958 1679 983 s,
1692 960 1716 993 a,
1727 960 1784 980 um.
1806 949 2003 987 [chumaea]
2026 951 2103 982 aliud
2112 951 2211 982 Partic.
2221 951 2348 981 Claud.1.
2359 951 2389 980 in
2397 951 2559 989 Eutrop.46·
2594 949 2595 954 ¹

1544 1027 1561 1031 η
1600 1001 1638 1007 --
1649 995 1753 1024 rapitur
1763 989 1919 1019 castrandus
1931 991 1964 1019 ab
1978 989 2038 1027 ipso
2119 989 2219 1019 Ubere.
2564 995 2566 998 '
2593 1005 2594 1008 ¹

1408 1023 1459 1069 CA
1469 1033 1481 1053 s
1491 1033 1510 1052 T
1519 1034 1534 1052 a
1544 1034 1561 1052 A
1570 1033 1590 1052 'r
1600 1036 1608 1052 1
1617 1035 1634 1053 o
1645 1047 1653 1060 ‚
1675 1027 1745 1055 onis.
1767 1026 1786 1055 f.
1807 1027 1947 1063 [ommi]
1968 1027 2098 1057 Viriliu'm
2107 1027 2270 1066 amputatiO.
2312 1025 2449 1056 Columel.
2466 1025 2516 1055 lib.
2531 1028 2558 1057 6.
2596 1055 2598 1058 .

1444 1071 1505 1099 cap.
1520 1066 1563 1091 26.
1587 1062 1618 1092 ld
1629 1064 1767 1107 optimum
1781 1073 1867 1108 genus
1882 1066 2080 1095 castrationum
2092 1087 2100 1101 ,
2122 1066 2197 1102 quod
2215 1064 2362 1094 adhibetur
2369 1070 2470 1094 tenerae
2479 1064 2559 1094 aetati.
2592 1062 2604 1100 1

1444 1100 1581 1144 Arborum
1593 1102 1725 1131 castratio.
1767 1102 1836 1131 Plin.
1849 1101 1896 1132 lib.
1910 1107 1950 1132 16.
1964 1113 2026 1142 cap.
2038 1114 2084 1139 40.
2107 1103 2202 1133 Ramis
2212 1103 2281 1141 saepe
2291 1103 2448 1140 deputatis,
2469 1102 2561 1132 castra·-

1461 1143 1502 1166 tio
1518 1137 1564 1167 illa
1576 1139 1622 1167 est.
1635 1177 1640 1182 ¹
1664 1138 1800 1170 Columel.
1814 1140 1863 1169 lib.
1874 1152 1900 1176 4.
1915 1151 1976 1179 cap.
1992 1150 2035 1176 32.
2058 1142 2094 1171 de
2109 1142 2290 1172 Arundinetis
2300 1163 2308 1175 ,
2329 1140 2385 1170 Sed
2397 1139 2467 1169 illud
2478 1139 2513 1168 de
2521 1139 2562 1173 in..
2594 1135 2602 1189 Ι

1461 1181 1540 1212 tegro
1552 1176 1641 1220 rei-'odi
1653 1177 1753 1213 debet,
1773 1178 1828 1208 hoc
1836 1179 2066 1216 potestintercidi
2078 1181 2104 1210 δι
2120 1179 2260 1209 disrarari:
2281 1179 2358 1216 quod
2377 1187 2448 1216 opus
2468 1174 2559 1207 rustici
2598 1185 2599 1189 ¹

1464 1214 1659 1244 castrationem
1671 1222 1782 1245 vocant.

1406 1252 1428 1281 C
1437 1262 1457 1281 A
1468 1262 1480 1281 s
1489 1262 1533 1280 TR
1543 1262 1563 1281 A
1572 1261 1591 1280 T
1600 1256 1618 1281 ῠ
1628 1263 1641 1296 a
1652 1263 1671 1281 A
1684 1275 1692 1288 ‚
1701 1263 1743 1298 ΗΞ.
1764 1254 1783 1283 f.
1806 1253 1973 1290 [ἔρχοπμίοε]
1993 1255 2072 1285 Idem
2092 1255 2168 1293 quod
2180 1255 2322 1285 Castratio.
2361 1253 2431 1283 Plin.
2451 1251 2501 1282 lib.
2516 1257 2557 1287 18.
2591 1258 2593 1263 ⁴

1444 1300 1505 1328 cap.
1519 1300 1544 1325 9.
1567 1290 1602 1319 de
1614 1291 1731 1328 pistoriis
1747 1292 1929 1328 demolitum.
1952 1295 1977 1322 δι
1996 1294 2084 1323 farina
2104 1293 2223 1331 loquens
2238 1314 2246 1328 ‚
2266 1291 2373 1328 ‚Iustum
2385 1291 2423 1320 est
2441 1300 2456 1320 e
2477 1296 2559 1328 grano
2592 1322 2593 1326 ,

1443 1328 1594 1372 Canipanae
1604 1350 1612 1363 ,
1634 1339 1716 1366 quam
1730 1337 1831 1359 vocant
1839 1331 1979 1360 castratam
1990 1353 1997 1366 ,
2019 1341 2034 1360 e
2044 1332 2142 1360 modio
2155 1331 2245 1360 redire
2255 1330 2386 1362 sextarios
2399 1334 2518 1366 quatuor
2528 1328 2559 1358 fia

1441 1365 1537 1404 liginis
1548 1388 1555 1401 ‚
1577 1365 1621 1395 vel
1632 1376 1647 1396 e
1662 1368 1763 1404 gregali
1777 1368 1832 1397 fine
1844 1369 1989 1398 castratura
2000 1369 2130 1398 sextarios
2145 1369 2276 1406 quinque.

1403 1404 1453 1434 CA
1463 1414 1527 1433 s>ri³
1538 1413 1584 1432 AT
1594 1414 1635 1433 oa
1647 1427 1655 1440 ‚
1677 1407 1741 1434 oris.
1766 1415 1803 1435 m.
1825 1412 1873 1441 ut,
1895 1406 1991 1436 Carnis
2012 1407 2150 1437 castrator.
2171 1406 2290 1437 Tertull.
2310 1406 2374 1437 adv.
2391 1404 2481 1435 Marc.
2494 1413 2518 1434 ι.
2531 1408 2566 1435 ῐ.’

1443 1441 1526 1472 Gloff.
1540 1443 1584 1472 Gr.
1603 1442 1661 1472 Lat.
1686 1440 1820 1480 ἐυνεχςνὶς,
1841 1445 1977 1474 castrator.

1403 1479 1451 1510 CA
1460 1489 1499 1509 εἰ
1509 1490 1525 1509 R
1534 1490 1606 1524 A'ijo
1615 1491 1648 1509 ιιι
1660 1491 1678 1510 U
1687 1491 1713 1516 s,
1735 1492 1750 1510 a
1761 1503 1770 1516 ,
1791 1492 1849 1511 um.
1873 1484 1913 1512 Ad
1925 1483 2118 1512 castrationem
2126 1483 2287 1521 pertinens3
2309 1488 2341 1512 ut
2353 1504 2362 1518 ,
2385 1481 2558 1511 Ferramenta

1441 1518 1605 1548 castratoria.
1625 1519 1731 1563 Pallad.
1754 1530 1776 1564 ι.
1790 1527 1859 1550 extr.

1401 1556 1424 1586 C
1433 1567 1452 1586 A
1462 1566 1527 1600 sTR
1535 1567 1554 1586 υ
1563 1567 1585 1585 Μ
1593 1579 1610 1600 ,.
1623 1567 1640 1585 ι.
1665 1567 1692 1587 n.
1714 1559 1879 1593 [πολισκρι]
1900 1558 1988 1588 Locus
1999 1559 2084 1589 muris
2095 1560 2218 1589 munitus
2228 1581 2237 1593 ‚
2262 1557 2373 1588 castello
2395 1556 2482 1590 maius
2498 1577 2507 1591 ‚
2529 1556 2555 1587 ἀ

1436 1603 1531 1624 minus
1543 1595 1663 1632 oppido.
1680 1633 1686 1640 μ
1703 1595 1870 1625 Callistratus
1880 1598 1910 1625 in
1920 1597 1938 1626 l.
1960 1597 2026 1626 Non
2046 1603 2155 1626 tantum
2175 1597 2314 1633 inquilini.
2338 1596 2370 1625 D.
2387 1595 2422 1624 de
2433 1592 2554 1624 Excusat.
2586 1598 2588 1602 ’

1436 1639 1594 1677 tutorum¹⁷¹
1608 1631 1741 1670 lnquilini
1751 1634 1899 1664 castrorum
1916 1645 1931 1664 a
1941 1635 2035 1664 tutelis
2048 1635 2172 1665 excusari
2181 1635 2269 1664 solent
2278 1657 2286 1669 ‚
2307 1634 2355 1663 nisi
2368 1642 2465 1663 eorum
2474 1631 2519 1669 qui
2529 1631 2554 1662 ἃ
2592 1663 2594 1668 ,

1436 1671 1485 1709 ipsi
1496 1671 1627 1708 inquilini
1637 1671 1700 1700 sunt
1711 1693 1719 1707 ‚
1741 1673 1767 1701 &
1780 1673 1808 1701 iri
1820 1673 1922 1702 eodem
1934 1673 2020 1702 castro
2031 1695 2038 1707 ‚
2059 1674 2214 1710 eademque
2227 1673 2391 1702 conditione
2401 1670 2471 1700 sunt.
2502 1668 2556 1699 Sed

1435 1708 1530 1739 Isidor.
1546 1719 1588 1744 ις.
1605 1720 1631 1743 4.
1662 1709 1805 1746 Castrum,
1826 1711 1880 1745 ait,
1902 1712 2008 1747 antiqui
2028 1711 2160 1740 dicebant
2179 1711 2326 1748 Oppidum
2341 1710 2406 1739 loco
2428 1706 2554 1738 altissimo

1433 1747 1537 1814 guduli
1556 1748 1637 1814 quasi}
1640 1746 1734 1777 Casani
1745 1748 1846 1778 altam:
1868 1749 1947 1785 cujus
1956 1748 2070 1787 pluralis
2079 1758 2211 1778 numerus
2229 1749 2336 1784 Castra,
2357 1746 2555 1777 diminutivum

1463 1795 1477 1814 a
1501 1795 1515 1814 e
1540 1795 1587 1814 um
1598 1796 1612 1815 e
1638 1808 1644 1815 .

1397 1822 1420 1852 C
1430 1833 1448 1851 A
1457 1833 1469 1852 s
1479 1833 1499 1851 ‘r
1508 1833 1524 1851 R
1535 1833 1551 1852 υ
1561 1834 1582 1852 M
1613 1830 1741 1867 Novum
1753 1845 1762 1859 ‚
1782 1819 1870 1854 ltaliae
1880 1823 2021 1862 oppidum
2029 1824 2068 1854 est
2079 1846 2088 1861 ,
2109 1834 2168 1854 non
2180 1823 2279 1862 procul
2291 1823 2327 1854 ab
2340 1822 2414 1852 ostiis
2428 1821 2553 1857 Tiberim
2565 1836 2568 1849 ι

1434 1861 1511 1904 apud
1522 1861 1656 1899 Pompon.
1671 1861 1718 1890 lib.
1732 1871 1757 1890 2.
1771 1872 1798 1898 4.
1816 1864 1842 1892 &
1852 1862 1922 1892 Plin.
1939 1862 1988 1892 lib.
2003 1871 2028 1898 3.
2046 1873 2108 1901 cap.
2125 1874 2150 1899 5.
2174 1862 2383 1901 Vulgo-Corneto
2394 1882 2404 1897 ‚
2423 1865 2456 1890 ut
2465 1858 2555 1890 scribit

1434 1899 1575 1929 Olivarius
1587 1900 1616 1928 in
1630 1899 1745 1929 Melam.
2578 1882 2588 1936 ί

1396 1936 1550 1966 CAsTRA
1562 1959 1571 1971 ,
1593 1945 1681 1967 orum.
1704 1936 1742 1975 pl.
1757 1942 1875 1967 tantum.
1899 1934 2055 1974 [ςροιτόσηδὶν
2067 1958 2074 1969 ,
2094 1939 2258 1976 παρεμβολὴ,
2279 1937 2368 1966 Locus
2380 1935 2418 1966 est
2426 1931 2554 1965 ubimili.
2572 1937 2587 1963 ¹3

1430 1981 1471 2005 tes
1481 1975 1602 2019 tentoria
1613 1975 1719 2013 figunt,
1739 1985 1754 2004 a
1764 1975 1842 2005 castri
1853 1975 2035 2006 similitudine
2047 1986 2053 2006 :
2076 1977 2152 2014 quod
2162 1976 2230 2006 fossa
2238 1975 2366 2012 valloque
2378 1997 2386 2010 ‚
2409 1972 2482 2011 quali
2494 1981 2552 2001 mu-
2564 1965 2586 1994 =='

1431 2022 1479 2048 ro,
1500 2013 1668 2043 circumdari
1688 2013 1786 2042 solent.
1833 2013 1928 2043 Graece
1944 2011 1968 2040 v}
1989 2011 2125 2050 ςρατόπδαι
2138 2036 2146 2051 ‚
2167 2021 2224 2043 tam
2241 2023 2292 2052 pro
2314 2012 2454 2047 exercitu,
2474 2018 2560 2047 quarn
2577 1986 2585 2035 i

1431 2061 1482 2089 pro
1497 2051 1597 2094 castris.
1639 2051 1697 2081 Cic.
1713 2060 1757 2086 ις.
1772 2051 1890 2088 Fam-4.
1914 2051 1992 2081 Vallo
2009 2053 2036 2082 ἀ
2055 2051 2124 2082 foffa
2143 2052 2333 2082 circumdedi:
2354 2050 2402 2080 sex
2420 2047 2551 2086 catellis,

1431 2089 1580 2127 castrisque
1591 2089 1720 2118 maximis
1732 2089 1807 2126 sepsi.
2513 2117 2516 2119 Α
2568 2089 2569 2095 ’

1431 2126 1522 2157 Castra
1538 2148 1547 2161 ‚
1568 2127 1587 2156 f.
1612 2137 1636 2164 g.
1658 2127 1727 2157 teste
1743 2127 1848 2157 Nonio.
1870 2127 1970 2157 Accius
1984 2125 2114 2158 lEneadis
2125 2149 2134 2164 ‚
2156 2133 2204 2158 aut
2215 2127 2303 2157 Decio
2314 2148 2323 2162 ‚

1524 2164 1616 2194 Castra
1629 2164 1687 2194 haec
1697 2165 1784 2194 vestra
1792 2165 1846 2200 est,
1867 2173 1985 2203 optume
1998 2166 2076 2201 effis,
2097 2167 2213 2196 meritus
2228 2175 2243 2195 a
2252 2165 2343 2194 nobis.

1430 2198 1554 2246 Metator
1566 2203 1723 2232 castrorum.
1747 2203 1805 2233 Cic.
1822 2213 1863 2232 ιι.
1881 2203 2001 2241 Philipp.
2018 2213 2059 2233 12.
2083 2204 2201 2233 Accedit
2210 2201 2380 2233 Saxanescio
2391 2201 2463 2238 quis,
2473 2206 2550 2236 quem
2573 2221 2575 2225 .

1450 2240 1536 2270 nobis
1546 2240 1633 2270 Caesar
1643 2251 1678 2270 ex
1691 2240 1790 2270 ultima
1803 2240 1954 2270 Celtiberia
1970 2241 2130 2272 Tribunum
2140 2241 2216 2280 pleb.
2231 2241 2311 2270 dedit
2322 2261 2330 2276 ‚
2351 2239 2499 2269 castrorum
2508 2245 2552 2266 an-

1450 2285 1495 2307 tea
1509 2285 1644 2313 metator,
1668 2289 1744 2308 nunc
1758 2279 1887 2316 utsperat
1901 2279 1984 2309 urbis.

1431 2315 1580 2346 Obsidium
1594 2317 1753 2346 castrorum.
1793 2316 1884 2347 Tacit.
1897 2329 1922 2353 4.
1940 2317 2008 2346 Hist.
2019 2326 2065 2353 24.
2087 2316 2323 2347 Flaccusinterim
2333 2314 2447 2352 cognito
2457 2312 2550 2343 castro·
2568 2329 2575 2339 «s

1449 2364 1516 2397 rum¹
1524 2354 1630 2384 obsidio
1642 2377 1649 2389 ‚
1671 2356 1697 2384 Sc
1708 2354 1793 2384 missis
1804 2364 1854 2393 per
1867 2355 1969 2385 Gallias
1978 2356 2025 2392 qui
2036 2355 2141 2386 auxilia
2157 2355 2322 2390 concitent,
2335 2355 2388 2384 &c-

1431 2391 1532 2421 Castris
1545 2399 1703 2430 promptus.
1724 2393 1814 2422 Tacit.
1834 2402 1857 2422 1.
1874 2395 1946 2423 Anii.
1961 2401 2005 2431 57.

1429 2430 1532 2460 AEstiva
1547 2430 1638 2460 castra.
1661 2431 1737 2460 Suet.
1749 2430 1847 2460 Claud.
1862 2441 1886 2460 1.

1431 2467 1550 2497 Confusa
1559 2468 1681 2497 fremunt
1689 2469 1782 2498 castra.
1805 2468 1907 2498 Lucan.
1921 2469 1969 2498 lib.
1984 2478 2010 2507 7.

1428 2505 1595 2536 Domestica.
1616 2506 1715 2542 Juven.
1736 2516 1778 2536 10.
1796 2506 1852 2536 Sat.
1867 2517 1913 2542 95.

1427 2542 1575 2580 Fulgentia
1588 2544 1678 2581 signis.
1702 2544 1768 2574 Hor.
1786 2544 2007 2583 1.Carm.7.20.

1428 2580 1557 2611 Horrida.
1581 2582 1652 2620 Virg.
1669 2592 1710 2611 io.
1726 2582 1782 2612 Ecl.
1796 2592 1841 2618 23.

1623 2634 1660 2640 -—
1671 2626 1718 2649 tua
1730 2630 1795 2650 cura
1805 2620 1918 2659 Lycoris

1462 2694 1470 2700 ·
1508 2656 1613 2694 Perque
1624 2657 1702 2688 nives
1713 2658 1798 2687 alium
1808 2681 1817 2694 ‚
1838 2669 1943 2697 perque
1949 2658 2063 2688 horrida
2073 2658 2157 2688 castra
2167 2657 2260 2688 secuta
2271 2657 2319 2687 est.

1427 2693 1533 2738 Iniqua.
1559 2696 1626 2739 Hor.
1642 2707 1663 2725 1.
1677 2696 1768 2726 Carni.
1781 2706 1824 2726 10.
1837 2702 1880 2727 16.
1902 2698 1929 2726 h.
1942 2707 1967 2726 e.
1990 2697 2117 2727 Inimica.
2141 2697 2273 2734 Porphyr.

1426 2732 1537 2767 Martia.
1560 2732 1653 2763 Tibul.
1667 2733 1714 2762 lib.
1731 2744 1752 2764 1.
1766 2744 1791 2763 2.
1805 2744 1850 2771 70.

1425 2769 1527 2814 Mollia
1540 2771 1632 2801 Castra
1644 2794 1651 2806 ,
1674 2772 1765 2801 Castra
1775 2772 1926 2810 Cupidinis
1937 2778 2021 2802 vocat
2034 2772 2118 2801 Ovid.
2130 2771 2178 2802 lib.
2193 2781 2219 2800 2.
2242 2771 2277 2800 de
2289 2771 2351 2800 Arte
2362 2770 2419 2800 [lm.
2430 2770 2493 2805 236.
2512 2788 2513 2791 =
2550 2779 2562 2808 χ

1425 2807 1552 2838 Navalia.
1588 2809 1654 2839 Caes.
1671 2820 1693 2843 ς.
1708 2810 1776 2839 Bell.
1790 2810 1859 2840 Gall.
1874 2820 1918 2839 22.
1942 2813 2029 2848 litque
2041 2811 2073 2840 iis
2092 2811 2228 2847 imperat,
2250 2815 2280 2838 ut
2300 2809 2403 2838 coaCtis
2424 2804 2560 2836 omnibu

1425 2847 1554 2913 Νεᾶουιίἱίῗθ,
1574 2848 1826 2915 (Ιῑέξξὶιςιιιιῑινῗίειὺάε
1840 2849 2181 2915 ξιιηζῖογέβιᾶιιάοιίειηῑυι,
2203 2854 2286 2885 atque
2299 2851 2470 2885 expugnent.
2500 2875 2503 2877 ,

1549 2908 1555 2914 .
1644 2895 1705 2915 iius
1740 2896 1770 2914 ro
1793 2896 1939 2915 usinrci
1962 2897 1986 2915 ia
2010 2896 2033 2915 e.
2056 2896 2116 2915 ca.
2148 2908 2154 2915 .

1426 2921 1589 2952 Praetoriana
1602 2924 1694 2952 castra.
1718 2924 1795 2953 Suet.
1808 2923 1905 2953 Claud.
1919 2934 1964 2954 21.
2006 2924 2037 2954 V.
2060 2896 2181 2953 Ushaiia.

1424 2959 1551 2997 Profuga.
1573 2960 1670 2991 Claud.
1683 2961 1719 2990 de
1727 2961 1793 2991 Bell.
1812 2962 1873 2992 Get.
1888 2968 1950 2999 393.

1424 2997 1564 3036 Prospera.
1585 2998 1684 3033 Juven.
1704 3003 1745 3028 16.
1762 3001 1816 3030 Sat.
1831 3010 1856 3029 2.

1425 3036 1564 3066 Scelerata
1576 3038 1660 3066 castra
1671 3038 1746 3067 dieta
1757 3060 1765 3072 ‚
1788 3038 1819 3068 In
1855 3037 1935 3067 uibus
1944 3035 2046 3066 Drusus
2056 3037 2134 3067 obiit.
2157 3036 2231 3067 Suet.
2244 3035 2342 3066 Claud.
2362 3044 2386 3064 1.

1424 3074 1537 3118 stativa..
1574 3075 1634 3104 Cic.
1646 3084 1671 3112 7.
1689 3075 1761 3104 Verr.
1777 3085 1822 3107 20.
1859 3076 1895 3104 ste
1907 3085 1982 3104 novo
1996 3075 2116 3111 quodam
2129 3085 2164 3105 ex
2179 3083 2281 3111 genere
2293 3074 2466 3112 Imperator,
2481 3078 2513 3110 Ρ
2536 3087 2537 3091 =

1445 3112 1583 3141 cherrimo
1597 3113 1789 3150 Syracusarum
1799 3113 1863 3143 loco
1875 3114 1970 3142 stativa
1982 3113 2029 3141 sibi
2045 3112 2129 3142 castra
2139 3113 2267 3143 faciebat.

1426 3148 1514 3179 Surda
1525 3172 1533 3184 ,
1555 3151 1777 3188 inobsequentia.
1799 3151 1845 3181 Sil.
1859 3151 1906 3180 lib:
1921 3157 1945 3185 8.
1961 3155 2022 3186 346.

1425 3187 1610 3226 Trepidantia
1622 3190 1706 3218 callra
1719 3189 1859 3219 invadere.
1882 3189 1955 3226 Virg.
1967 3199 1992 3223 9.
2010 3188 2071 3218 ffin.
2085 3197 2146 3224 147.

1620 3243 1658 3247 ——
1668 3229 1693 3257 δι
1708 3237 1819 3256 mecum
1833 3227 1940 3256 invadit
1952 3225 2119 3264 trepidantia
2132 3225 2226 3255 castra.

1426 3262 1550 3294 Turbata
1559 3264 1644 3294 castra
1656 3265 1784 3302 arripere.
1809 3265 1883 3302 Virg.
1894 3275 1918 3299 9.
1937 3264 1998 3294 ffin.
2018 3274 2059 3299 13.

1520 3302 1630 3340 Rumpe
1641 3312 1732 3332 moras
1742 3312 1839 3332 omnes
1851 3325 1858 3337 ‚
1879 3304 1905 3332 ἃ
1919 3302 2027 3331 turbata
2039 3301 2128 3339 'arripe
2143 3300 2237 3330 castra.

1426 3338 1565 3369 Victricia.
1588 3341 1687 3370 Claud.
1703 3340 1784 3369 Cous.
1799 3340 1875 3370 Prob.
1889 3341 1914 3370 Sc
1926 3339 2010 3377 Olyb.
2025 3348 2087 3376 137.

1427 3377 1553 3413 vigilata.
1576 3378 1643 3408 Stat.
1660 3389 1700 3407 io.
1720 3378 1810 3408 Theb.
1825 3383 1887 3414 382.

1427 3414 1537 3459 Urbana
1546 3417 1646 3451 castra.
1671 3416 1760 3445 Locus
1770 3416 1804 3445 ad
1814 3416 1912 3445 urbem
1923 3424 2011 3481 {rope
2023 3418 2117 3444 muros
2127 3412 2275 3449 nonlonge
2286 3419 2301 3441 a
2309 3411 2354 3441 via
2362 3405 2543 3441 Nomentana*

1446 3452 1493 3483 ubi
1528 3455 1689 3483 raetorianus
1707 3453 1787 3483 miles
1812 3454 1924 3483 contine
1947 3460 2022 3481 atur:
2051 3452 2129 3481 unde
2144 3452 2170 3480 ἃ
2187 3451 2349 3480 Praetoriana
2366 3447 2516 3487 appellantu
2532 3452 2534 3479 ζ

1446 3485 1478 3520 V.
1520 3498 1575 3521 uet.
1589 3491 1687 3521 Claud.
1701 3501 1745 3521 21.
1768 3491 1888 3527 Capitol.
1904 3490 2010 3520 Balbin.
2024 3500 2084 3528 cap.
2101 3500 2142 3518 10.
2163 3489 2189 3518 Sc
2211 3487 2269 3517 vet.
2286 3485 2378 3518 Schol.
2395 3487 2429 3516 ad
2447 3483 2510 3520 Juve
2542 3495 2543 3499 ¹

1448 3538 1490 3557 ιο.
1505 3529 1559 3558 Sat.
1576 3539 1619 3564 9ς.
1641 3531 1666 3559 ὃ(
1685 3529 1750 3559 Lex.
1763 3528 1850 3558 Pitisc.
2484 3555 2491 3565 ,
2542 3535 2543 3538 ’

1425 3565 1591 3603 adequitare
1600 3568 1700 3596 castris.
1741 3566 1833 3596 Tacit.
1845 3569 1871 3596 6.
1887 3566 1954 3594 sinn.
1968 3574 2011 3600 34.
2022 3575 2063 3603 pr.
2084 3564 2199 3594 Interim
2209 3563 2334 3593 Orodem
2345 3561 2521 3601 sociorumin·
2538 3582 2540 3586 ,

1443 3606 1621 3641 pensandus
1633 3605 1737 3634 auxilio
1749 3604 1942 3633 Pharasmenes
1955 3612 2054 3632 vocare
2068 3603 2103 3631 ad
2116 3602 2279 3640 pugnam&
2294 3601 2507 3629 detrectantem!
2524 3610 2530 3622 ..

1444 3641 1555 3685 cellere,
1567 3643 1726 3680 adequitare
1736 3642 1836 3677 castris,
1849 3640 1986 3671 infensare
2003 3639 2115 3679 pabula,
2139 3648 2172 3669 ac
2187 3638 2258 3677 saepe
2272 3639 2302 3667 in
2315 3637 2432 3666 modum
2444 3631 2516 3680 lobfid
2543 3643 2547 3661 ι

1442 3679 1605 3709 stationibus
1615 3680 1754 3718 cingebat.
2530 3680 2531 3683 ’

1425 3716 1591 3754 Adpugnare
1605 3718 1697 3747 castra.
1738 3717 1867 3751 Tacitus.
1887 3716 1955 3745 Ann.
1970 3721 2017 3751 48.
2041 3714 2092 3744 Alii
2106 3714 2190 3743 castra
2200 3711 2368 3742 Romanaad
2391 3711 2529 3747 ugnarent⁴

1445 3764 1502 3783 non
1514 3755 1561 3792 spe
1571 3756 1715 3793 capiendi,
1738 3755 1785 3784 sed
1795 3762 1827 3784 ut
1838 3754 1970 3787 clamore,
1992 3752 2054 3782 telis
2064 3774 2072 3788 ,
2093 3751 2141 3781 suo
2151 3751 2264 3789 quisque
2276 3750 2370 3787 pericu
2384 3758 2400 3778 o
2410 3749 2522 3780 intentu

1445 3791 1574 3834 sonorem
1592 3792 1706 3823 alterius
1717 3793 1805 3830 praelii
1818 3801 1875 3821 non
1886 3792 2035 3827 acciperet.
2079 3789 2118 3819 Al.
2140 3789 2355 3826 Oppugnarent.
2526 3787 2531 3804 .-

1425 3829 1566 3859 Adlultare
1575 3831 1676 3860 castris.
1713 3831 1804 3860 Tacit.
1817 3839 1843 3859 2.
1863 3830 1934 3859 Ann.
1951 3837 1993 3865 ¹³·
2015 3827 2112 3857 Tertia
2128 3827 2216 3857 ferme
2227 3824 2320 3863 vigilia
2331 3821 2525 3858 adsultatum*
2544 3843 2547 3846 ,

1444 3867 1546 3902 castris,
1567 3868 1623 3897 sine
1635 3869 1764 3904 conjectu
1775 3866 1833 3897 teli.
2524 3864 2531 3869 '⁴

1425 3905 1511 3941 Agere
1522 3905 1549 3934 in
1559 3906 1650 3936 castris
1664 3906 1817 3935 stationem.
1839 3903 1931 3934 Tacit.
1950 3913 1973 3932 1.
1989 3902 2057 3933 Hist.
2067 3906 2112 3936 28.

1426 3941 1532 3980 capere
1544 3944 1635 3973 callra.
1658 3943 1717 3974 Liv.
1739 3941 1958 3979 aliiquepassim.

1426 3980 1546 4017 Cingere
1559 3980 1641 4011 vallo.
1683 3982 1717 4011 ln
1746 3990 1810 4010 ciN
1820 3989 1837 4009 G
1847 3989 1873 4009 ο.

2186 650 2204 679 i.
2214 659 2239 680 e.
2260 648 2424 678 Eunuchus.

2580 1854 2587 1880 ἰ
