2604 4222
128 133 192 173 508
587 113 616 149 C
711 111 727 146 I
830 110 854 143 B

164 207 182 237 s
198 205 286 235 eciem
297 201 470 239 complicata.
490 197 618 234 Legimus
634 200 726 224 tamen
737 190 811 229 apud
821 188 981 228 Athenaeum
991 194 1006 214 a
1021 181 1162 221 principio
1173 178 1237 225 libri
1249 182 1277 213 ἵ.

193 244 311 272 iborium
322 238 485 277 poculorum
496 243 581 272 genus
591 233 653 262 ell'e.
677 229 850 260 Dioscorides
862 231 926 268 vero
938 222 975 251 lib
996 232 1021 250 2.
1037 230 1097 256 cap.
1112 224 1169 251 128.
1194 216 1277 261 Cibo.

168 283 241 312 rium
252 280 335 316 longe
349 276 426 306 aliter
440 275 648 309 interpretatur:
671 269 706 297 sic
716 268 789 296 enim
801 266 899 306 inqui-t.
921 270 975 304 quo
985 259 1048 287 loco
1057 258 1092 286 de
1104 256 1166 284 saba
1178 255 1277 290 ffigyp-

170 321 208 349 tia
220 318 275 353 agit
315 315 428 343 Caulem
447 309 594 340 cubitalem
603 329 611 342 ,
633 305 806 335 crassitudine
826 298 931 335 digitali
942 321 948 330 .
970 293 1161 338 florensroseo
1184 291 1278 320 colore

172 356 258 392 dupla
268 339 301 383 acl
313 350 455 389 papaveris
466 349 560 377 florem
571 343 777 381 magnitudine:
800 339 844 376 qui
862 344 946 374 quum
965 334 1094 363 defloruit
1106 353 1114 364 ,
1135 329 1280 366 vesparum

171 394 241 425 favis
253 390 351 420 similes
362 385 494 417 utriculos
504 383 608 421 profert
620 403 628 415 ,
653 381 680 409 in
696 378 793 416 quibus
816 375 885 405 fabae
905 373 967 416 sunt
985 370 1127 415 paululum
1143 367 1280 411 bullarum

175 432 263 462 mocio
274 429 351 465 supra
362 423 522 462 operculum
535 424 715 455 emergentes.
756 415 875 443 Vocatur
884 412 912 439 id
923 408 1076 452 Ciborium‚
1097 407 1131 435 ab
1144 405 1282 446 aliquibus

175 476 269 498 autem
280 464 421 494 Cibotium
431 483 439 495 ‚
458 459 531 496 quasi
542 455 723 487 Scriniolum:
746 458 892 490 propterea
901 448 976 485 quod
987 446 1081 490 seritur
1092 444 1153 473 faba
1169 443 1227 471 haec
1235 450 1284 484 *in*-

177 506 237 534 dito
258 502 379 532 madenti
392 499 477 536 glebae
495 495 597 525 semine
616 493 674 528 eius
717 490 806 526 sicque
825 489 853 516 in
870 495 969 522 aquam
979 484 1113 522 projesto.
1153 481 1286 510 Meminit

180 541 312 573 &Caelius
323 538 370 567 lib.
385 547 410 570 9.
426 544 486 571 czip.
502 542 543 561 12.
563 531 593 560 V.
616 533 640 559 ὅ(
652 513 762 558 Saimas.
776 527 870 555 Exere.
885 524 951 553 Plin.
963 561 969 565 Ι
1193 556 1198 561 -

141 582 264 612 Cisoros
278 572 467 612 [xiz'osa‘ewrbs
478 580 537 607 quae
549 568 640 605 postea
653 565 778 599 eelaenae,
787 573 864 593 nunc
875 566 987 600 Apamia
997 564 1121 592 vocatur,
1136 562 1233 586 tertius
1240 563 1287 582 eo-

181 627 240 647 rum
251 600 296 652 q’ui
306 609 548 642 cii-calilaeandrum
557 606 669 634 fluvium
679 594 1178 638 accolunt,c0nventus,testel’linlib.
1186 601 1285 628 5.c.29.

142 656 269 687 cinus,
292 653 307 679 i.
325 660 361 679 m.
387 645 493 683 [mim.
511 642 621 677 3520720‘,
640 634 729 674 ἐᾸῖυὸἧ.
746 639 845 674 βυ-’έμ-η,
866 637 949 671 θοίνη]
970 635 1037 672 quid
1047 632 1178 678 significet
1188 637 1287 659 notum

180 693 227 721 est.
267 689 366 718 Cibum
378 696 393 714 a
406 685 482 712 Viciu
493 682 527 711 sic
539 681 643 717 separat
655 679 779 707 Donatus
790 677 825 706 ad
838 676 917 705 Andr.
935 674 999 703 Ter.
1017 684 1038 701 i.
1056 683 1076 715 ¹.·
1101 679 1132 699 ut
1143 670 1226 712 Cibus
1240 666 1288 709 sit,

180 730 226 757 uui
236 728 317 756 etiarn
333 722 456 752 delicatis
468 719 619 757 praebetur:
643 716 736 745 Victus
746 715 848 744 veroin
862 713 952 750 parvis
966 733 975 745 ‚
996 708 1133 745 aridisque
1146 707 1289 750 'alimoniis

179 758 210 796 sit
221 764 392 794 constitutus.
432 758 522 788 Festus
536 778 543 791 ,
565 755 650 785 Cibus
660 752 816 792 appellatur
830 761 866 781 ex
880 750 976 780 Graeco
987 770 996 785 ‚
1017 747 1092 786 quod
1110 745 1152 775 illi
1174 751 1268 782 peram
1279 761 1288 776 ς

179 805 208 832 in
219 812 271 839 qua
281 800 374 829 cibum
384 796 540 826 recondunt
548 815 556 828 ‚
577 792 681 823 κιβώῃον
695 790 845 828 appellant,

178 840 275 871 Fames
287 837 433 865 vetitorum
445 833 580 862 ciborum.
602 829 686 859 Ovid.
705 840 745 862 ις.
758 827 824 857 Met.
844 831 903 862 138.

271 874 352 903 Unde
369 873 454 901 fames
464 870 571 899 liomini
583 868 731 896 vetitorum
745 873 823 895 tanta
840 864 966 895 ciborum
975 861 1034 891 est‘?

180 913 285 944 Gaudia
296 911 359 940 cibi.
382 910 479 945 juven.
495 917 535 936 ιο.
548 907 603 935 Sat.
616 915 680 940 203.
1128 933 1134 939 ⁶

272 950 335 979 Non
348 949 445 976 cadem
457 946 515 974 vini
526 950 607 980 atque
619 943 674 972 cibi
685 965 692 978 ‚
711 946 841 978 torpente
855 938 946 977 palato
955 959 964 973 ⁷
1045 933 1162 965 Gaudia.

181 988 255 1018 Hora
268 987 321 1015 cibi
334 1008 340 1017 .
365 987 381 1014 i.
399 994 421 1013 e.
446 983 554 1012 Edendi
565 990 684 1018 teinpus.
707 980 791 1009 Ovid.
807 988 830 1007 1.
841 978 876 1006 de
888 977 965 1006 Pont.
981 982 1023 1003 10.
1036 979 1063 1007 8.

180 1026 306 1056 Maturus
317 1024 388 1053 cibo.
412 1021 478 1050 Plin.
489 1020 536 1049 lib.
553 1029 594 1048 12.
605 1029 664 1056 cap.
678 1028 722 1053 27.
931 1050 936 1056 .

181 1063 314 1094 Novit-ate
325 1061 382 1093 cibi,
392 1059 453 1097 capi
467 1080 475 1094 ‚
496 1058 514 1087 i.
527 1067 551 1087 e.
572 1056 710 1086 Delectari
720 1063 794 1084 novo
806 1053 900 1090 aliquo
913 1050 1041 1080 ciborum
1053 1055 1162 1086 genere.
1184 1044 1293 1075 Lucret.

200 1101 248 1131 lib.
264 1111 285 1133 ς.
299 1105 360 1133 928.

261 1137 322 1167 Nec
332 1135 411 1165 facile
422 1144 457 1163 ex
468 1132 530 1162 aestu
541 1154 549 1169 a
570 1141 623 1161 nec
633 1130 733 1168 frigore
744 1128 819 1166 quod
830 1132 974 1164 caperetur
982 1146 992 1161 ‚

261 1175 321 1204 Nec
335 1173 455 1202 novitate
464 1171 519 1200 cibi
532 1192 539 1203 ,
561 1179 614 1198 nec
629 1168 683 1197 labi
694 1168 817 1206 corporis
830 1165 894 1195 ulla.

180 1213 298 1244 Penuria
312 1212 376 1240 cibi.
402 1211 506 1239 Liicret.
519 1208 566 1237 lib.
580 1219 604 1243 5.
621 1216 700 1242 1005.

181 1252 280 1281 Satias.
303 1249 409 1278 Liicret.
424 1247 469 1276 lib.
484 1257 507 1279 ς.
524 1255 603 1281 ¹390·
1133 1273 1139 1279 .
1209 1269 1216 1280 .
1279 1269 1286 1276 ⁸

183 1289 340 1318 Varietas&
353 1286 442 1323 copia.
484 1284 540 1313 Cic.
553 1293 578 1312 2.
593 1283 627 1312 de
638 1281 700 1310 Nat.
711 1281 794 1310 Deor.
808 1280 871 1308 106.
901 1276 962 1312 jam
978 1284 1044 1304 vero
1062 1272 1193 1311 operibus
1209 1279 1300 1300 nomio

202 1336 269 1356 num
283 1348 291 1360 ,
311 1325 340 1354 id
350 1325 387 1353 est
399 1322 526 1352 manibus
535 1343 544 1357 ,
564 1320 619 1350 cibi
629 1320 712 1349 etiam
723 1319 837 1348 varietas
851 1316 991 1344 in‘venitur
1000 1315 1026 1343 St
1035 1312 1126 1350 copia.

184 1365 288 1395 Avidus
299 1362 363 1392 cibi.
385 1361 447 1391 Ter.
469 1360 536 1389 Eun.
552 1369 575 1393 ς.
593 1369 617 1393 4.
637 1361 676 1386 ι6.

185 1402 319 1431 Contenti
330 1399 400 1429 cibis
412 1397 488 1427 nullo
499 1403 618 1433 cogente
628 1394 734 1424 creatis.
758 1390 842 1422 Ovid.
858 1400 880 1420 i.
893 1389 964 1420 Met.
976 1397 1038 1425 1⁰3·

184 1439 292 1478 Expers
303 1461 311 1473 ‚
333 1438 389 1474 Qui
401 1445 457 1465 non
468 1435 600 1464 comedit.
623 1433 704 1462 Ovid.
718 1442 744 1467 4.
758 1431 826 1460 Met.
840 1432 920 1471 ²⁶42

268 1477 370 1512 Perque
382 1483 482 1503 novem
493 1472 569 1501 luces
580 1480 679 1507 expers
692 1470 828 1504 undaeque
837 1488 845 1501 ‚
866 1465 977 1502 orbique
988 1484 997 1500 ,

268 1514 341 1544 Rore
353 1522 428 1541 mero
439 1533 447 1546 ,
467 1509 647 1548 lacrymisque
658 1508 711 1538 suis
718 1506 824 1544 jejunia
837 1504 923 1543 pavit.

187 1553 280 1583 lieres.
321 1551 352 1581 Iri
374 1558 471 1579 Acts.

188 1591 277 1620 Acuti.
315 1590 346 1619 ln
370 1598 387 1617 A
396 1597 412 1616 c
424 1597 441 1615 u
453 1596 478 1615 0.

189 1627 311 1658 Alienus.
351 1622 415 1655 Ter.
429 1625 497 1653 Eun.
507 1631 532 1652 2.
546 1631 571 1651 2.
589 1630 632 1658 34.
653 1620 751 1650 Viden’
763 1619 865 1654 otium,
877 1618 903 1647 <Sc
915 1615 993 1646 cibus
1001 1613 1068 1652 quid
1078 1611 1162 1643 faciat
1174 1604 1303 1641 alienus?

210 1665 238 1695 h-.
252 1675 276 1693 e.
300 1664 337 1692 Ab
349 1663 402 1692 alio
413 1663 492 1691 datus
504 1682 512 1696 ‚
532 1660 585 1689 sive
600 1659 693 1688 mensa
703 1658 802 1688 aliena.

190 1704 307 1740 Anceps.
349 1702 378 1731 ln
401 1711 419 1729 A
430 1710 449 1728 N
459 1709 476 1728 c
486 1709 499 1727 s
509 1708 522 1726 Ρ
531 1707 550 1726 s.

191 1741 289 1771 Aridus
301 1739 378 1768 cibus
392 1761 400 1773 ‚
421 1739 534 1767 &tener
545 1735 654 1764 humor.
674 1731 844 1762 Lucret.1ib.
861 1740 885 1760 1.
905 1734 967 1765 809.

270 1777 384 1806 Scilicet
395 1778 419 1805 ἃ
430 1774 477 1804 nisi
491 1783 543 1803 nos
555 1772 632 1801 cibus
643 1772 735 1800 aridus
747 1792 754 1805 ‚
775 1771 802 1800 δι
811 1776 890 1799 terier
900 1768 1002 1797 humor

272 1816 407 1849 Adiuver,
421 1815 473 1842 &c.
555 1810 604 1839 Per
615 1809 715 1838 Cibum
733 1808 859 1842 aridum,
881 1806 981 1835 Panem
1002 1801 1120 1839 intelligi
1136 1798 1309 1838 potissimum

209 1853 385 1884 crediderim.
422 1849 536 1880 Ponitur
546 1855 639 1877 autem
656 1849 681 1876 ἃ
695 1847 774 1876 Panis
793 1854 851 1874 non
868 1853 927 1873 raro
943 1852 992 1881 pro
1015 1840 1086 1871 Cibo
1107 1837 1307 1869 indifferenter.

211 1891 297 1920 Cibus
307 1890 398 1919 aridus
407 1911 415 1923 ‚
438 1890 551 1917 &tener
561 1885 661 1914 humor
671 1906 680 1920 ‚
701 1884 728 1914 h.
741 1894 765 1914 e.
789 1883 874 1913 Cibus
886 1883 911 1912 &
920 1889 1010 1920 potus.

192 1929 279 1959 Cibus
291 1928 458 1956 conditivus.
498 1924 530 1954 In
551 1933 568 1952 c
579 1934 595 1952 0
606 1933 626 1952 N
637 1933 655 1952 D
664 1932 691 1952 o.

192 1967 310 1997 Crudus.
352 1965 382 1994 In
405 1974 446 1993 ci(
455 1973 472 1992 u
484 1973 501 1991 D
513 1972 529 1991 υ
539 1971 560 1991 s.

191 2003 329 2035 Difficilis.
367 2003 397 2031 V.
421 1998 660 2030 Crescerecibum.

192 2043 315 2072 Diurnos
334 2040 410 2069 cibos
421 2039 496 2077 apud
511 2037 609 2066 Claud.
629 2037 665 2065 de
674 2034 742 2065 Bell.
756 2033 870 2064 Gildon.
883 2040 927 2068 72.
950 2030 1013 2060 illos
1027 2028 1208 2072 intelligimus
1225 2048 1233 2062 ‚
1255 2024 1313 2061 Qui

212 2080 242 2109 in
256 2080 315 2108 dies
328 2078 445 2115 lingulos
457 2081 638 2114 apponuntur
647 2096 656 2111 ‚
678 2075 704 2104 Sc
715 2082 751 2102 ex
762 2072 861 2110 quibus
879 2071 909 2099 in
924 2069 1086 2107 sequentem
1095 2065 1168 2096 nihil
1178 2063 1313 2095 reservare

213 2117 305 2146 liceat.

193 2155 300 2185 Dulcis.
322 2153 392 2190 Virg.
407 2162 430 2181 2.
447 2151 547 2188 Georg.
562 2151 625 2178 216.
1064 2154 1066 2160 ·
1147 2178 1155 2185 ι

194 2193 317 2229 Exiguus
330 2192 408 2220 cibus
418 2189 516 2218 sufficit
528 2194 584 2217 rate
596 2185 690 2216 mersa.
730 2182 872 2220 ,Iuvenalis
893 2182 1015 2212 ostendit
1031 2181 1202 2210 dementiam
1219 2185 1312 2206 avaro-

216 2240 277 2261 rum
287 2251 295 2263 .
319 2229 364 2265 qui
376 2226 484 2265 praevisa
494 2225 618 2264 pericula
627 2233 683 2252 non
694 2224 828 2251 evitarent
837 2243 844 2256 ‚
868 2221 954 2258 Satyr.
968 2230 1010 2256 ¹4·
1023 2228 1086 2255 301.

276 2267 385 2303 Frigida
401 2264 537 2293 sufficient
547 2262 670 2292 velantes
683 2261 796 2297 inguina
805 2259 909 2296 panni,

278 2303 453 2341 Exiguusque
469 2302 547 2330 cibus
554 2299 639 2329 mersa
649 2305 706 2328 rate
715 2320 723 2334 ‚
744 2298 892 2334 naufragus
901 2295 984 2325 assem

196 2342 314 2374 Faciles.
336 2344 400 2371 Seri.
417 2339 530 2377 Hippol.
540 2349 567 2374 4.

196 2381 319 2412 Fallaces
330 2401 338 2412 ,
359 2378 424 2408 Esca
436 2387 488 2414 qua
500 2376 587 2414 pisces
597 2375 753 2412 capiuntur.
777 2372 860 2402 Ovid.
876 2381 918 2407 15.
934 2371 1004 2401 Met.
1018 2372 1083 2408 476.

292 2418 352 2447 Nec
361 2417 447 2446 celate
456 2415 525 2443 cibis
540 2423 628 2443 uncos
642 2411 787 2441 fallacibus
804 2410 911 2439 hamos.

196 2456 301 2493 Frigidi
318 2457 344 2485 S:
357 2453 466 2496 repoiiti
476 2453 614 2481 fastidium
626 2455 750 2479 movent.
773 2447 892 2485 Quintil.
903 2446 953 2476 lib.
966 2455 992 2475 2.
1006 2455 1102 2483 cap.4.

199 2494 294 2524 Gravis
308 2515 315 2528 ‚
337 2491 464 2521 Diilicilis
474 2491 509 2519 ad
522 2488 768 2525 concoquendum.
790 2487 848 2515 Cic.
858 2495 884 2515 2.
898 2486 933 2514 de
944 2483 1099 2515 Nat.Deor.
1111 2491 1158 2518 24.
1191 2475 1223 2510 V.
1246 2478 1317 2510 Coria

218 2540 338 2567 coquere
349 2530 451 2558 cibum.

198 2569 297 2599 Idonei
307 2565 499 2597 conservandis
509 2563 621 2594 viribus.
644 2561 764 2599 Quintil.
776 2560 825 2591 lib.
838 2570 865 2590 2.
876 2570 937 2598 cap.
951 2568 995 2589 10.

197 2605 352 2637 Illiberalis.
395 2604 424 2633 V.
447 2614 457 2632 1
468 2614 508 2631 LL
517 2613 525 2630 i
534 2612 548 2630 B
560 2612 574 2630 E
583 2612 600 2629 R
610 2611 628 2629 A
639 2612 654 2629 1.
665 2612 673 2628 i
684 2610 704 2629 s.

199 2644 299 2675 Inanes
309 2643 386 2672 cibos
395 2647 476 2670 vocat
487 2639 585 2669 Claud.
609 2638 664 2675 Qui
676 2638 761 2674 magis
772 2635 869 2665 oculos
885 2643 966 2670 quam
979 2640 1106 2664 ventrem
1121 2631 1253 2669 pascunt,
1277 2629 1319 2660 lu=

218 2691 270 2712 xus
281 2687 390 2710 tantum
399 2681 424 2709 Sc
437 2678 530 2707 nimiae
539 2676 689 2713 voluptatis
699 2674 778 2704 causa
789 2673 956 2711 comparati,
977 2671 1024 2702 lib.
1039 2683 1062 2702 1.
1079 2672 1109 2701 in
1124 2669 1201 2701 Ruff.
1213 2672 1278 2700 206.

200 2718 376 2750 indiscretus.
416 2716 446 2746 V.
471 2727 480 2744 1
488 2724 509 2744 N
518 2725 552 2743 Di
563 2724 574 2743 s
585 2724 602 2742 c
612 2724 628 2742 R
637 2724 651 2742 E
659 2723 678 2742 'r
688 2723 705 2741 u
715 2723 736 2741 s.

201 2756 306 2788 Invisus
316 2779 323 2792 ,
345 2756 485 2792 ingratus,
507 2751 659 2782 Fastiditus.
680 2750 764 2780 Ovid.
780 2759 803 2778 1.
816 2749 850 2777 de
862 2748 941 2777 Pont.
953 2758 995 2777 10.
1008 2752 1035 2782 8.

282 2794 316 2824 Et
327 2803 425 2832 queror
434 2814 442 2823 .
463 2789 540 2820 invisi
551 2798 637 2826 quum
652 2789 729 2819 venit
742 2787 810 2817 hora
822 2786 886 2816 cibi.

200 2832 313 2862 Lautus.
352 2831 383 2860 ln
407 2841 423 2858 L
433 2838 452 2858 A
462 2839 481 2857 υ
491 2838 510 2857 T
521 2838 539 2857 u
549 2837 571 2857 s.

202 2870 301 2901 Lenes.
342 2868 373 2899 ln
394 2875 510 2896 LEle.

202 2908 315 2973 Lentuss.
340 2906 426 2935 Ovid.
442 2902 577 2969 iagpist.
591 2903 654 2931 226.
680 2899 820 2930 Crescit&
832 2898 922 2928 invito
936 2897 1028 2927 lentus
1046 2897 1075 2926 in
1092 2905 1140 2926 ore
1157 2895 1245 2926 cibus.
1271 2891 1322 2924 ubi

224 2946 295 2975 Hein
311 2967 316 2973 .
335 2945 360 2973 ἀ
377 2944 467 2973 Burm.
515 2964 521 2970 .

204 2983 290 3014 Leves
302 2981 366 3011 cibi.
405 2981 422 3009 i.
438 2990 463 3009 e.
484 2977 565 3008 Pauci
575 2975 747 3006 nutrimenti.
788 2973 857 3004 Cels.
868 2973 916 3003 lib.
928 2983 952 3009 3.
964 2983 1025 3011 cap.
1037 2982 1063 3010 7.
1093 2971 1179 3002 Cibus
1190 2980 1226 3000 ex
1237 2976 1323 3000 mate-

223 3022 262 3050 ria
273 3029 355 3056 quam
365 3017 506 3047 levilsima.
528 3016 620 3052 Quam
632 3016 658 3044 ἃ.
668 3012 911 3043 lmbecillissimam
922 3018 1012 3040 vocat.

205 3058 387 3089 meridianus.
409 3056 484 3085 Suet.
497 3052 606 3091 August.
622 3058 666 3089 78.
688 3051 744 3081 Hic
754 3050 822 3080 levis
832 3056 889 3078 erat
898 3050 924 3078 δε
936 3048 1033 3084 facilis,
1052 3053 1083 3078 ut
1092 3053 1169 3086 patet
1177 3056 1213 3077 ex
1223 3046 1321 3076 Hom.

225 3097 312 3126 Serm.
325 3100 350 3124 ὁ.
368 3104 398 3123 12
422 3117 427 3123 .

286 3103 464 3162 pransusiion
476 3129 558 3159 avide
568 3150 576 3164 ,
596 3132 731 3165 quantum
743 3123 903 3163 interpellet
912 3124 990 3152 inani

287 3170 389 3199 Ventre
399 3169 473 3198 diem
483 3168 590 3197 durare.

210 3208 350 3246 operosus
362 3230 369 3242 .
391 3207 495 3236 Gravis.
517 3204 586 3234 Plin.
600 3202 649 3232 lib.
665 3212 706 3237 ῐς.
720 3210 781 3239 cap.
793 3209 837 3236 23.
859 3199 902 3228 De
914 3199 1055 3228 castaneis.

210 3246 331 3282 Opimus
341 3245 427 3274 cibus.
457 3243 525 3274 Plin.
538 3242 586 3271 lib.
597 3251 640 3271 22.
654 3250 715 3278 cap.
728 3249 773 3269 22.
795 3238 881 3268 Hard.
903 3246 938 3266 ex
950 3236 1011 3266 Mss.
1033 3235 1175 3273 Optimus.

210 3282 369 3319 Perpetuus.
410 3282 440 3311 ln
467 3291 482 3310 P
492 3291 506 3309 ir
514 3291 529 3309 a
537 3290 551 3309 i>
560 3290 573 3309 s
581 3289 600 3308 T
609 3289 626 3308 u
638 3289 654 3307 u
662 3288 682 3308 s.

213 3320 348 3349 Robustus
360 3342 367 3355 ‚
387 3319 470 3349 Multi
483 3318 623 3348 Alimenti.
646 3314 773 3345 Celslib.
786 3323 811 3344 2.
824 3323 885 3351 cap.
902 3317 944 3347 ¹8.

213 3358 345 3394 Simplex.
386 3357 451 3386 Plin.
467 3356 564 3385 lib.ri.
577 3364 638 3393 cap.
651 3363 692 3390 53.
712 3353 827 3382 Homini
838 3351 917 3381 cibus
928 3348 1087 3379 utili-[limus
1098 3347 1222 3386 fimplex.
1244 3346 1326 3377 Acer-

233 3396 306 3423 vatio
320 3394 443 3431 saporum
453 3393 578 3432 pestifera
589 3415 596 3427 ‚
619 3393 644 3421 Sc
654 3391 835 3420 condimenta
848 3388 1051 3427 pernicioliora.

214 3432 333 3466 Solitus⁷
352 3432 416 3467 Quo
423 3433 483 3469 quis
494 3431 533 3460 uti
544 3429 695 3459 consuevit.
718 3429 802 3458 Ovid.
818 3439 839 3456 i.
853 3428 888 3455 de
899 3429 960 3456 llrte
973 3426 1032 3454 Am.
1043 3434 1088 3461 94.

308 3468 448 3498 Granifero
459 3468 568 3497 solitum
580 3468 647 3496 dum
657 3466 733 3496 vehit
741 3475 788 3494 ore
799 3465 903 3494 cibum.

216 3506 345 3536 Summus
356 3527 364 3540 ‚
386 3507 536 3535 Extremus.
558 3505 625 3534 Plin.
634 3504 680 3541 lib.
694 3514 738 3533 20.
751 3511 813 3541 cap.
827 3514 854 3538 4.

215 3544 391 3573 Suavillimus
402 3543 581 3572 &facillimus
592 3543 626 3571 ad
637 3541 882 3578 concoquendum.
921 3539 979 3568 Cic.
993 3547 1019 3567 2.
1032 3535 1137 3566 deFin.
1151 3537 1196 3568 64.
1227 3531 1328 3564 Uteba.

236 3587 279 3610 tur
291 3581 322 3609 iis
340 3581 581 3609 exercitationibus
592 3602 599 3615 ,
620 3587 650 3608 ut
659 3580 693 3608 ad
703 3588 811 3608 coenam
821 3580 845 3607 ἃ
859 3577 980 3606 esuriens
997 3578 1022 3605 &
1041 3575 1133 3604 sitiens
1148 3573 1271 3602 veniret:
1293 3582 1328 3602 eo

237 3618 301 3646 cibo
312 3640 320 3652 ‚
340 3619 419 3653 qui&
432 3618 599 3646 suavill‘imus
611 3616 677 3646 elset
686 3638 693 3652 ,
716 3618 741 3646 δι
752 3617 829 3645 idern
840 3614 988 3645 facillimus
1001 3613 1036 3643 ad
1046 3610 1291 3649 concoquendum.

217 3654 304 3684 Tetri.
327 3656 422 3683 Claud.
435 3660 458 3684 6.
473 3655 553 3684 Coris.
567 3656 639 3683 lion.
654 3665 716 3689 ²4¹·

219 3692 286 3720 Vilis
297 3714 305 3726 ,
327 3692 381 3728 Qui
391 3701 446 3731 non
457 3701 555 3729 magno
565 3694 678 3721 constat.
703 3691 769 3720 Hor.
780 3700 805 3719 2.
820 3690 906 3720 Serm.
917 3698 944 3719 2.
958 3697 1000 3724 ις.

220 3729 300 3758 Utilis
317 3738 387 3765 aegro
399 3750 407 3762 ‚
428 3731 557 3758 Salubris.
578 3730 660 3758 Ovid.
676 3739 700 3764 3.
712 3728 791 3758 Trist.
806 3737 864 3764 3.9.

204 3768 261 3796 sAd
273 3766 357 3795 cibos.
400 3766 429 3794 ln
451 3776 506 3794 Au.

219 3804 354 3833 Abdicare
362 3803 454 3831 cibum
465 3803 593 3839 aliquem.
631 3802 663 3831 Iri
684 3813 703 3831 A
712 3813 727 3831 u
736 3813 753 3831 n
763 3814 770 3830 i
782 3812 799 3831 c
808 3813 836 3832 ο.

220 3841 335 3877 Abigere
347 3850 360 3868 a
376 3841 447 3869 cibo.
489 3841 517 3867 ln
539 3849 557 3867 A
567 3850 580 3866 ii
590 3850 598 3866 i
608 3849 625 3866 c,
634 3850 660 3867 o.

220 3878 361 3907 Abstinere
372 3877 452 3906 cibo:
476 3879 502 3906 &
511 3875 580 3904 Cibo
589 3876 722 3905 abstinere
734 3886 846 3914 aegrum.
885 3875 920 3906 In
940 3884 960 3904 A
968 3885 985 3904 is
994 3884 1006 3905 s
1016 3883 1036 3904 τ
1044 3885 1054 3904 i
1063 3883 1139 3905 uiro.

222 3916 335 3945 Accedit
344 3915 430 3944 cibus.
453 3914 520 3944 Hor.
533 3923 559 3942 2.
572 3913 658 3942 Serm.
672 3923 696 3949 ς.
710 3922 753 3949 53.

1077 2293 1154 2324 Dum
1164 2297 1250 2329 rogat,
1261 2291 1312 2320 &c.

1786 87 1815 123 C
1911 87 1927 123 1
2024 90 2048 124 B

1454 169 1592 200 Deficient
1602 170 1716 208 inopem
1727 179 1805 199 venae
1815 175 1842 199 te
1854 192 1862 205 ,
1883 171 1911 199 ni
1926 170 2020 205 cibus,
2041 176 2123 208 atque

1418 245 1424 252 ²
1440 209 1552 252 'Ingens
1565 209 1680 236 accedat
1692 208 1832 236 stoinziclio
1844 208 1945 237 fultura
1958 210 2058 238 ruenti.
2597 212 2604 237 'r

1374 246 1515 277 Adnibere
1525 267 1542 289 ,q
1553 252 1583 273 ut
1594 245 1717 274 Tantum
1727 245 1782 274 cibi
1795 247 1818 274 ὀὶ
1833 247 1956 282 potionis
1968 244 2160 276 adhibendum
2169 268 2177 283 ,
2203 251 2235 276 ut
2244 244 2401 276 reficiantur
2409 247 2490 285 vires„

1394 294 1452 313 non
1464 290 1664 320 opprimantur.
1687 283 1746 312 Cic.
1764 282 1798 311 de
1807 283 1916 313 Senedt.
1930 287 1974 320 36.

1377 322 1503 355 Adjicere
1512 321 1583 349 cibo.
1604 320 1637 349 In
1657 330 1676 348 A
1689 330 1727 355 DJ
1739 331 1746 348 i
1757 330 1790 348 ci
1801 330 1827 349 o.

1377 360 1493 389 Admitti
1509 359 1537 387 in
1552 358 1637 387 cibos.
1676 357 1705 386 ln
1728 367 1913 388 ADM1TT0.

1379 397 1535 427 Admovere
1548 395 1651 424 cibum.
1692 394 1723 424 In
1746 405 1765 424 A
1776 404 1794 424 u
1804 406 1823 424 M
1833 406 1850 425 o
1859 407 1875 426 v
1885 406 1899 425 it
1908 406 1935 427 o.

1381 435 1496 464 Adultus
1510 431 1598 462 cibus.
1621 432 1652 462 In
1672 442 1692 462 A
1702 443 1719 461 r>
1728 443 1746 461 u
1755 442 1770 461 a
1781 443 1806 462 0.

1381 472 1484 502 Afferre
1494 471 1587 500 cibum
1599 471 1633 499 ad
1643 480 1682 500 os.
1721 470 1753 499 In
1773 480 1792 499 A
1803 480 1860 499 eriz
1870 479 1921 500 Ro.

1381 510 1460 540 Allici
1474 508 1697 537 benevolentiam
1712 508 1784 537 cibo.
1807 509 1864 538 Cic.
1878 517 1927 544 pro
1942 508 2052 538 Muren.
2068 512 2113 545 ⁶74.

1382 550 1530 584 Apponere
1544 546 1650 582 aliquid
1664 546 1740 575 cibis.
1763 546 1793 575 In
1814 556 1833 574 A
1843 554 1932 574 PPON
1943 556 1968 575 o.
2548 550 2553 574 '1

1383 585 1525 621 aspernari
1538 583 1639 627 cibos..
1665 584 1786 620 Quintil.
1797 583 1846 613 lib.
1860 593 1886 614 2.
1901 593 1964 621 cap.
1979 587 2021 614 16.
2043 583 2128 614 Cibos
2137 580 2327 622 aspernemurt
2347 578 2496 616 attulerunt
2552 600 2554 610 ›

1404 623 1474 659 saepe
1487 622 1654 650 valetudinis
1664 621 1764 651 causas.
2551 618 2555 636 ²
2600 628 2604 635 ⁸

1385 661 1532 690 Ass'umere.
1555 658 1662 688 Lucret.
1673 671 1699 692 4·
1713 665 1792 695 1084.
2550 650 2552 655 ¹

1386 699 1501 741 Carpere.
1543 696 1600 726 Cic.
1617 700 1658 725 16.
1671 697 1745 726 Fam.
1761 707 1783 727 1.
1805 696 1854 726 Sin
1863 701 1956 726 autem
1967 696 2060 732 postea
2071 705 2153 733 quam
2165 695 2259 727 cibum
2271 696 2377 735 cepisti,
2397 697 2498 729 videris

1404 736 1474 770 tibi,
1495 733 1570 772 posse
1581 743 1626 764 me
1638 735 1788 772 consequi,
1809 742 1889 764 tuum
1902 733 2047 764 consilium
2063 734 2110 764 est.

1387 774 1494 839 Gazette:
1505 772 1600 839 egigni
1612 782 1676 802 cum
1686 772 1788 810 aliquo.
1828 772 1894 803 Ter.
1908 773 1978 802 Euri.
1989 781 2016 802 2.
2030 780 2054 809 3.
2066 776 2112 809 76.
2133 771 2235 802 Cibum
2245 778 2448 810 nonnunquam
2458 782 2504 804 ca·

1406 822 1435 849 pi
1498 821 1513 838 u
1572 820 1595 839 a.

1390 850 1495 886 Capere
1505 847 1600 876 alienis
1611 847 1711 884 digitis.
1732 847 1831 884 Juven.
1846 857 1890 877 10.
1901 847 1955 877 Sat.
1969 856 2033 884 229.

1388 885 1541 924 vCapessere.
1564 885 1596 915 In
1617 895 1635 914 c
1645 896 1663 914 A
1671 895 1686 914 1>
1694 895 1708 914 Ε
1718 895 1729 914 s
1738 895 1749 914 s
1758 895 1783 914 o.

1390 923 1552 962 Capeliere,
1573 923 1712 960 arripere,
1731 923 1837 961 sugere,
1858 933 1980 961 carpere,
2000 931 2108 959 vorare,
2129 923 2156 954 &
2169 923 2304 954 mandere
2316 923 2421 954 cibum.
2442 923 2501 955 Cic·

1410 972 1435 992 2.
1448 962 1484 990 de
1494 961 1558 990 Nat.
1572 961 1654 990 Deor.
1670 971 1731 990 122.

1391 1000 1512 1038 Carpere
1522 999 1624 1035 digitis.
1647 999 1731 1028 Ovid.
1743 1008 1766 1033 3.
1779 999 1814 1028 de
1824 999 1887 1028 Arte
1897 999 1956 1028 Am.
1968 1008 2033 1036 755.

1388 1039 1583 1074 Concoquere.
1624 1036 1682 1066 Cic.
1695 1047 1721 1066 2.
1733 1037 1768 1066 de
1779 1037 1841 1066 Nat.
1856 1037 1936 1065 Deor.
1951 1046 1996 1072 24.
2018 1035 2165 1066 Cleanthes
2186 1041 2269 1074 negat
2287 1035 2378 1068 ullum
2397 1035 2452 1068 effe
2469 1034 2512 1067 cia«

1412 1076 1478 1105 bum
1491 1083 1547 1104 tam
1558 1084 1667 1112 gravem
1678 1097 1686 1109 ‚
1708 1076 1774 1112 quin
1783 1075 1805 1103 is
1816 1076 1899 1105 nocte
1909 1076 1935 1104 δι
1949 1075 1994 1105 die
2007 1080 2206 1112 concoquetur.

1392 1113 1543 1143 Conficere.
1581 1107 1612 1142 In
1640 1121 1658 1141 c
1667 1122 1683 1141 o
1694 1122 1713 1141 N
1723 1124 1736 1141 r
1746 1123 1753 1141 i
1764 1122 1781 1141 c
1792 1123 1800 1140 i
1811 1122 1838 1142 0.
2515 1110 2520 1131 ¹

1393 1152 1530 1187 Coquere.
1553 1149 1661 1180 Lucret.
1674 1150 1721 1179 lib.
1742 1159 1765 1185 5.
1782 1160 1862 1180 1001.

1392 1189 1535 1230 Crescere3
1549 1187 1647 1223 Juven.
1665 1197 1702 1224 13·
1714 1188 1768 1217 Sat.
1778 1197 1843 1225 ²¹3-
1955 1188 2127 1224 -interque
2133 1186 2252 1217 molares

1474 1226 1587 1256 Difficili
1597 1226 1738 1255 crescente
1748 1226 1820 1255 cibo.
1937 1226 2012 1255 conf.
2034 1226 2136 1254 Lentus
2147 1225 2236 1255 cibus.

1394 1264 1450 1295 Dat
1461 1265 1557 1295 cibum
1565 1273 1690 1301 quercus.
1711 1264 1794 1293 Ovid.
1807 1273 1832 1293 2.
1845 1263 1880 1292 de
1889 1263 1951 1292 Arte
1963 1265 2021 1293 Am.
2036 1267 2100 1293 662.

1586 1318 1624 1322 —
1635 1302 1682 1331 sed
1693 1311 1810 1339 quercus
1821 1303 1894 1331 tetta
1907 1301 2058 1339 cibumque
2068 1301 2161 1331 dabat.

1393 1340 1549 1371 Deducere.
1572 1339 1603 1370 In
1624 1350 1643 1368 D
1654 1350 1668 1368 E
1677 1350 1694 1368 u
1706 1350 1724 1369 υ
1733 1349 1750 1369 c
1759 1350 1785 1370 o.

1394 1379 1551 1409 Deficiente
1562 1378 1627 1407 cibo
1636 1378 1725 1415 perire
1738 1399 1747 1413 ‚
1768 1378 1785 1406 i.
1799 1387 1823 1407 e.
1844 1377 1929 1407 Fame
1940 1377 2077 1407 &inedizu
2099 1375 2184 1406 Ovid.
2193 1376 2222 1405 in
2232 1372 2298 1406 Ibin
2310 1396 2320 1412 ‚
2338 1383 2401 1412 524.

1477 1415 1580 1446 Invisus
1593 1425 1689 1453 pereas
1703 1437 1711 1450 ‚
1732 1415 1880 1444 deficiente
1891 1414 1965 1444 cibo.

1396 1453 1529 1485 Defectus
1541 1454 1613 1483 cibo.
1635 1492 1640 1497 .
1655 1453 1774 1489 Quintil.
1792 1453 1839 1482 lib.
1854 1462 1879 1490 3.
1892 1457 1989 1490 cap.8.
2011 1451 2050 1480 Ut
2061 1451 2154 1487 enim,
2175 1452 2193 1481 si
2213 1449 2310 1480 obsessi
2327 1456 2410 1488 atque
2428 1449 2466 1479 im
2487 1459 2513 1480 aa

1417 1502 1461 1522 res
1471 1514 1479 1527 ‚
1501 1494 1607 1560 &&aqua
1617 1491 1737 1529 ciboque
1749 1491 1851 1521 defec'ti
1860 1513 1868 1527 ,
1889 1491 1925 1520 de
1943 1490 2072 1520 facienda
2081 1490 2118 1520 ad
2129 1490 2237 1520 hostem
2251 1489 2397 1519 deditione
2412 1487 2468 1518 deli
2488 1488 2523 1519 ei

1416 1537 1478 1560 rent
1490 1552 1498 1565 ‚
1546 1540 1569 1559 c.

1397 1568 1535 1603 Depulsus
1544 1567 1622 1597 cibus
1633 1567 1669 1596 de
1682 1568 1804 1605 pectore.
1825 1566 1883 1596 Cic.
1897 1576 1922 1595 2.
1936 1565 1971 1595 de
1980 1565 2075 1596 Divin.
2087 1575 2131 1602 57.

1398 1606 1616 1648 Depulsatames
1626 1605 1698 1634 cibo.
1739 1605 1797 1634 Cic.
1816 1615 1838 1634 1.
1853 1605 1889 1634 de
1901 1605 1958 1634 Fin.
1972 1613 2016 1640 ³7.
2040 1604 2076 1632 Ut
2089 1604 2165 1634 enirn
2185 1612 2271 1639 quum
2289 1602 2371 1637 cibo,
2390 1601 2517 1640 potione-

1420 1655 1472 1682 que
1483 1644 1569 1673 fames
1582 1644 1691 1680 litisque
1702 1641 1815 1680 depulsa
1825 1643 1878 1677 est,
1898 1642 1956 1680 ipsa
1968 1642 2102 1672 detrad'tio
2117 1641 2249 1671 molestiae
2268 1640 2517 1678 consequutionem

1419 1682 1500 1711 affert
1508 1682 1672 1719 voluptatis:
1692 1681 1764 1710 sicin
1772 1682 1849 1710 omni
1859 1690 1886 1709 re
1895 1702 1903 1715 ,
1923 1682 1975 1709 &c.

1399 1720 1513 1764 Diditur
1523 1719 1641 1749 cibusin
1651 1728 1742 1749 venas.
1783 1717 1950 1748 Lucret.l·1b.
1960 1727 1987 1748 2.
2001 1726 2082 1753 1¹²4·
2104 1727 2157 1755 pro
2177 1715 2338 1752 Dividitur,
2356 1716 2376 1746 i.
2392 1724 2416 1746 e.
2438 1715 2519 1753 Dige-

1422 1766 1498 1787 titur.

1401 1795 1510 1826 Divisus
1523 1794 1600 1825 cibus
1611 1795 1640 1823 in
1657 1801 1741 1823 omne
1755 1803 1864 1832 corpus.
1889 1793 1946 1823 Cic.
1958 1803 1983 1823 2.
1998 1793 2034 1822 de
2045 1791 2139 1822 Divin.
2156 1801 2198 1828 57.
2221 1792 2398 1822 Democritus
2407 1790 2520 1828 quidem

1422 1834 1536 1872 optimis
1545 1832 1750 1863 verbiscausam
1762 1833 1900 1870 explicat.
1922 1838 2047 1861 curante
2067 1831 2160 1860 lucem
2178 1829 2244 1867 galli
2263 1837 2383 1860 canant:
2406 1827 2520 1866 depulso

1420 1873 1498 1902 enim
1509 1872 1544 1901 de
1555 1872 1667 1909 pectore
1677 1892 1685 1905 ‚
1707 1871 1733 1899 Sc
1747 1871 1777 1899 in
1787 1880 1871 1900 omne
1890 1879 1991 1908 corpus
2006 1869 2093 1899 diviso
2109 1870 2135 1898 &
2154 1867 2300 1899 mitificato
2320 1867 2385 1898 cibo
2396 1889 2405 1904 ,
2425 1872 2522 1897 cantus

1421 1911 1524 1945 edere,
1546 1909 1638 1946 quiete
1651 1908 1770 1937 satiatos.

1405 1947 1541 1978 Exercere
1551 1954 1644 1985 guttur
1655 1946 1727 1975 cibo.
1750 1945 1834 1975 Ovid.
1848 1951 1874 1980 8.
1890 1945 1958 1974 Met.
1973 1948 2036 1979 826.
2053 1945 2090 1974 de
2101 1945 2258 1974 dormiente
2269 1965 2279 1980 ,

1600 2000 1638 2005 —
1647 1985 1718 2022 petit
1726 1983 1773 2012 ille
1785 1985 1870 2022 dapes
1877 1983 1925 2012 sub
1937 1983 2057 2020 imagine
2071 1983 2177 2012 somni:

1486 2022 1599 2059 Oraque
1612 2032 1681 2051 vana
1690 2028 1788 2051 movet
1798 2043 1806 2056 ‚
1828 2023 1999 2058 dentemque
2009 2022 2038 2049 iri
2047 2021 2133 2050 dente
2141 2020 2254 2058 fatigat:

1486 2060 1659 2097 Exercetque
1668 2059 1731 2089 cibo
1741 2059 1865 2088 delusum
1879 2067 1974 2096 guttur
1989 2059 2074 2088 inani.

1406 2099 1569 2137 Exprimere
1578 2098 1670 2127 cibum
1686 2097 1857 2127 mandendo.
1880 2099 1986 2127 Lucret.
2000 2096 2048 2126 lib.
2061 2107 2088 2132 4.
2105 2098 2170 2126 622.

1407 2137 1508 2168 Facere
1518 2137 1611 2165 cibum
1623 2158 1630 2170 ‚
1652 2135 1800 2173 pro,Cibos
1812 2145 1915 2173 parare.
1937 2135 2023 2164 Plaut.
2039 2134 2156 2164 Trucul.

1408 2176 1490 2206 Ferre
1500 2175 1594 2204 cibum
1606 2174 1699 2203 liberis
1711 2173 1764 2203 suis
1781 2181 1908 2211 parentes
1917 2173 2109 2210 prohibentur.
2133 2172 2191 2201 Cic.
2206 2179 2232 2208 7.
2246 2169 2321 2199 Verr.
2337 2175 2399 2207 117.

1409 2213 1517 2243 Fulcire
1526 2212 1596 2242 cibis
1606 2221 1741 2249 corpora,
1763 2212 1781 2241 i.
1797 2220 1821 2241 e.
1842 2210 2035 2241 Corroborare.
2054 2208 2221 2239 Lucret.lib.
2233 2217 2258 2237 2.
2274 2211 2354 2242 1146.

1409 2249 1822 2287 Habetmagnaminflationem
1832 2249 1919 2279 cibus.
1936 2249 1979 2278 De
1987 2248 2048 2278 faba
2057 2248 2189 2285 loquitur.
2230 2246 2289 2281 Cic.
2306 2255 2327 2274 i.
2340 2245 2375 2273 de
2385 2243 2525 2275 Divinam.
2566 2271 2568 2283 ι

1429 2289 1471 2319 Ex
1481 2298 1536 2325 quo
1551 2289 1634 2317 etiam
1647 2286 1833 2325 Pythagoricis
1852 2287 2034 2317 interdictum
2047 2293 2161 2324 putatur
2172 2307 2180 2320 ‚
2202 2294 2238 2313 ne
2255 2282 2318 2312 faba
2338 2281 2526 2318 vescerentur,
2566 2309 2568 2315 ,

1430 2327 1506 2370 quod
1515 2325 1778 2369 habetinflationcm
1794 2335 1922 2363 magnam
1940 2326 1964 2355 is
1980 2324 2059 2354 cibus
2074 2346 2083 2361 ,
2103 2321 2301 2362 tranquillitati
2317 2320 2418 2351 mentis
2429 2337 2439 2357 ⁵
2457 2328 2527 2357 quaes

1430 2372 1518 2393 tentis
1529 2374 1593 2393 Vera
1602 2385 1610 2399 5
1631 2370 1809 2393 contrariam.

1411 2401 1529 2432 inescari
1543 2401 1615 2431 cibo.
1634 2401 1744 2430 Petron.
1759 2409 1822 2437 140.

1411 2440 1538 2477 ingerere
1548 2439 1641 2469 cibum
1656 2444 1767 2476 aegroto.
1809 2438 1839 2468 V.
1861 2445 2008 2468 INGFR'O.

1412 2478 1586 2514 Ingurgitare
1595 2477 1621 2506 se
1632 2477 1711 2506 cibis.
1753 2475 1783 2506 V.
1806 2487 1815 2505 1
1825 2485 1845 2505 N
1856 2486 1875 2505 c-
1885 2486 1902 2505 υ
1911 2486 1928 2505 R
1938 2485 1957 2505 G
1966 2486 2040 2507 ιτο.

1413 2514 1619 2546 Interminatus.
1642 2515 1709 2544 Hor.
1723 2514 1811 2552 Epod.
1825 2525 1849 2550 ς.
1864 2523 1906 2550 39.

1507 2553 1687 2583 interminato
1700 2561 1786 2589 quum
1798 2551 1882 2581 semel
1891 2551 1953 2581 fixae
1962 2551 2028 2582 cibo

1546 2590 1726 2620 lntabuiffent
1735 2589 1855 2628 pupulae.

1413 2629 1491 2660 Intro
1507 2629 1576 2658 ferre
1589 2629 1681 2657 alicui.
1704 2628 1762 2657 Cic.
1778 2637 1803 2664 7.
1821 2627 1894 2657 Verr.
1909 2631 1971 2665 11¹7.

1412 2668 1515 2704 *Juvare
1527 2668 1600 2696 cibo.
1623 2667 1723 2701 juven.
1736 2674 1761 2701 3.
1771 2665 1826 2695 Sat.
1838 2675 1868 2694 2ι
1879 2676 1902 2695 1.

1414 2706 1548 2735 Lambere
1560 2705 1646 2734 cibos.
1686 2704 1717 2732 ln
1738 2715 1753 2732 L
1763 2713 1782 2731 A
1795 2715 1814 2732 M
1826 2714 1840 2732 s
1850 2713 1876 2733 o.

1415 2743 1524 2773 Latrare
1533 2743 1619 2771 cibos.
1641 2741 1670 2770 V.
1696 2742 1818 2770 Latratu:
1830 2763 1837 2776 ‚
1863 2741 1960 2779 partic.
1978 2740 2008 2769 in
2028 2744 2171 2776 LA‘rssor
2192 2738 2283 2769 latras.
2544 2763 2545 2766 ,

1415 2781 1513 2811 Libare
1528 2781 1621 2810 cibum
1633 2780 1736 2817 digitis.
1759 2778 1844 2808 Ovid.
1861 2789 1881 2808 i.
1897 2780 1933 2808 de
1945 2780 2005 2807 Arte
2019 2779 2073 2806 rim.
2087 2786 2148 2813 577.
2518 2771 2528 2798 ὅ

1509 2818 1542 2848 Et
1551 2826 1744 2855 quemcunque
1758 2817 1852 2846 cibum
1863 2815 1955 2853 digitis
1967 2816 2094 2845 libaverit
2102 2815 2150 2845 illa
2159 2835 2169 2851 ,
2284 2812 2330 2843 Tu
2341 2815 2414 2851 pete·

1416 2855 1513 2886 Libare
1525 2856 1602 2886 cibos
1614 2865 1669 2884 ore.
1692 2854 1776 2884 Ovid.
1792 2864 1814 2884 1.
1826 2856 1917 2884 Amor.
1928 2865 1955 2891 4.
1969 2862 2014 2891 34.

1417 2894 1564 2927 Nandere.
1586 2894 1654 2923 Cels
1672 2893 1719 2922 lib.
1736 2904 1763 2927 4.
1778 2902 1838 2930 cap.
1854 2901 1878 2928 3.

1418 2932 1558 2963 Minuere.
1593 2931 1662 2960 Cels.
1675 2931 1721 2960 lib.
1740 2940 1840 2967 ςμεερ.
1855 2940 1900 2965 29.

1418 2971 1583 3000 mendicato
1594 2969 1657 2998 cibo
1667 2969 1749 3007 pasci.
1773 2968 1858 2998 Ovid.
1876 2979 1900 3005 ς.
1913 2966 1992 2997 nist.
2015 2968 2041 3000 8.
2056 2974 2099 3002 14.

1418 3008 1584 3038 ministrare.
1607 3009 1670 3037 Sen.
1683 3005 1798 3044 Hippol.
1810 3017 1838 3043 4.

1418 3046 1576 3076 Mitilicare.
1619 3046 1650 3074 ln
1672 3053 1787 3073 Miris.

1420 3084 1559 3121 Mitigare.
1598 3083 1630 3113 ln
1652 3094 1671 3111 M
1682 3093 1691 3110 ι
1702 3091 1721 3110 τ
1730 3093 1738 3110 ι
1748 3092 1765 3111 c
1774 3092 1801 3111 o.

1422 3122 1551 3151 Odorari.
1576 3121 1641 3150 Hor.
1656 3120 1742 3157 Epod.
1755 3124 1780 3148 6.
1795 3129 1837 3148 10.
2596 3140 2597 3145 ,

1422 3160 1544 3189 Onustus
1555 3159 1629 3188 cibo.
1655 3159 1712 3187 Cic.
1728 3167 1749 3186 r.
1763 3158 1798 3186 de
1813 3156 1903 3186 Divin.
1918 3158 1963 3186 60.
1985 3154 2070 3185 Nunc
2082 3176 2091 3191 ‚
2110 3152 2278 3184 onusticibo
2291 3152 2317 3183 ἃ
2331 3149 2415 3187 vino,
2435 3152 2537 3189 pertut·
2584 3155 2586 3158 ’

1441 3198 1505 3226 bata
1520 3199 1543 3226 6<
1556 3196 1668 3226 confusa
1679 3196 1828 3225 cernimus.

1421 3234 1664 3271 Paritlanguorem
1676 3232 1951 3269 cibusimperfee'tus.
1976 3230 2114 3266 Juven.3.
2133 3231 2188 3259 Sat.
2201 3237 2264 3264 2³3·
2299 3228 2317 3256 i.
2330 3236 2354 3256 e.
2376 3224 2536 3263 indigestus.

1422 3272 1578 3339 Pirrtiuntur
1588 3282 1651 3301 aves
1662 3271 1764 3301 teneris
1774 3269 1941 3307 infirmisque
1950 3268 2066 3298 foetibus
2076 3267 2156 3298 cibos
2165 3274 2212 3297 ore
2222 3265 2270 3296 suo
2280 3264 2405 3295 collatos.
2420 3259 2537 3300 Quintil.
2580 3280 2591 3286 „

1455 3317 1491 3340 io.
1506 3320 1531 3339 2.
1547 3320 1578 3339 ca
1602 3333 1607 3339 .
1621 3314 1647 3339 6.

1423 3348 1499 3378 Pasci
1510 3321 1756 3377 ciboi'nendicato.
1779 3345 1862 3375 Ovid.
1879 3355 1902 3380 ς.
1918 3343 1997 3374 Trist.
2012 3348 2038 3378 8.
2053 3353 2096 3380 14.

1423 3386 1554 3421 Peragere
1564 3385 1638 3415 cibo.
1677 3384 1707 3414 ln
1727 3394 1741 3413 Ρ
1752 3393 1817 3412 ERA
1829 3392 1881 3412 co.

1425 3424 1566 3453 Perficere.
1599 3423 1629 3452 ln
1649 3433 1663 3451 Ρ
1675 3431 1839 3451 εκιιιοιο.
1871 3419 1945 3450 conf.
1968 3417 2211 3455 Paritlanguorem
2225 3415 2312 3451 cibus.

1424 3461 1521 3491 Petere
1532 3461 1626 3491 cibum
1641 3470 1656 3489 e
1669 3460 1788 3489 flamma.
1828 3458 1892 3488 Ter.
1903 3457 1971 3486 Eun.
1984 3466 2008 3492 3.
2022 3466 2046 3485 2.
2062 3461 2105 3490 28.
2128 3455 2214 3491 Quod
2231 3464 2246 3483 e
2262 3453 2374 3482 flamma
2386 3450 2480 3481 cibum
2493 3455 2539 3487 pe·

1444 3506 1503 3529 tere
1513 3499 1661 3529 Terentius
1673 3497 1764 3532 dixit,
1785 3496 1814 3525 id
1836 3495 1966 3532 equidem
1987 3495 2022 3523 ad
2037 3494 2123 3532 dapes
2137 3492 2314 3522 referendum
2325 3489 2462 3527 suspicor,
2482 3491 2539 3524 q'uae

1445 3548 1498 3576 pro
1507 3537 1610 3566 inferiis
1623 3537 1651 3565 iii
1662 3545 1758 3573 rogum
1770 3534 1967 3569 mittebantur:
1990 3531 2066 3561 unde
2081 3529 2206 3561 Catullus
2215 3527 2317 3566 scripsit
2327 3549 2335 3561 ,
2352 3537 2394 3562 ς7.
2410 3535 2433 3561 3.
2548 3563 2550 3566 .

1508 3575 1617 3611 Vidistis
1628 3573 1686 3611 ipso
1695 3578 1807 3610 carpere
1818 3581 1833 3600 e
1845 3580 1911 3608 rogo
1925 3579 2045 3599 coenam.
2129 3567 2215 3604 Quod
2224 3567 2337 3604 quidem
2350 3565 2378 3593 iri
2389 3563 2467 3594 illum
2478 3568 2540 3600 poe·
2602 3568 2604 3583 ³

1447 3618 1503 3640 tam
1518 3612 1642 3641 Muretus
1654 3610 1864 3644 animadvertit,
1886 3608 1996 3638 Donato
2008 3617 2066 3636 non
2077 3605 2139 3635 satis
2150 3603 2331 3642 perspec‘tum.
2352 3602 2388 3632 al.
2408 3601 2521 3640 Rapere.

1428 3649 1551 3679 Praebere
1562 3649 1655 3678 cibum
1666 3649 1701 3678 de
1713 3648 1825 3686 proprio
1838 3656 1965 3685 corpore.
1988 3644 2098 3675 Lucret.
2111 3643 2159 3672 lib.
2177 3651 2203 3680 3.
2218 3651 2298 3678 10⁰⁴·

1428 3687 1599 3721 Praegullare.
1623 3687 1705 3716 Ovid.
1721 3696 1743 3715 r.
1759 3689 1848 3714 Amor.
1860 3696 1886 3721 4.
1899 3692 1942 3721 33.

1430 3724 1575 3759 Pi-ojicere.
1599 3724 1665 3754 Hor.
1682 3724 1767 3761 Epod.
1780 3727 1804 3752 6.
1822 3732 1864 3751 10.

1431 3762 1571 3798 Quaerere.
1612 3762 1718 3791 Lucret.
1732 3761 1780 3790 lib.
1792 3772 1817 3795 ⁴-
1830 3766 1893 3798 847.
1917 3759 1991 3788 Varr.
2002 3766 2029 3788 2.
2042 3756 2077 3786 de
2091 3754 2124 3786 R.
2140 3755 2174 3785 R.
2190 3763 2251 3793 cap.
2262 3762 2288 3790 9.
2309 3751 2351 3783 Ad
2367 3746 2542 3790 quaerendum

1452 3799 1545 3828 cibum
1558 3800 1643 3828 fames
1660 3800 1739 3828 ducit
1749 3808 1838 3828 canes.

1431 3835 1536 3866 Redire
1549 3838 1582 3866 ad
1595 3837 1709 3865 similem
1722 3837 1825 3865 cibum.
1847 3833 1916 3865 Cels.
1932 3832 1978 3862 lib.
1992 3840 2017 3867 3.
2029 3841 2060 3861 ca
2084 3854 2089 3860 .
2103 3838 2127 3867 7.

1432 3873 1612 3918 Recuperatre
1621 3875 1683 3903 cibo
1695 3874 1847 3911 somnoque
1855 3870 2044 3905 vireS.Tacit.3
2053 3841 2178 3898 snitu.
2190 3867 2221 3897 At
2227 3865 2393 3896 Vitellianus
2399 3860 2541 3899 exercitus,

1452 3921 1498 3941 cui
1508 3911 1679 3949 acquiescere
1692 3912 1837 3942 Cremonae
1850 3931 1859 3945 ‚
1881 3911 1907 3939 ἃ
1916 3907 2086 3946 recuperatis
2098 3906 2163 3936 cibo
2172 3904 2324 3941 somnoque
2337 3899 2540 3967 vitibus’Rffficei

2554 703 2555 724 l

2553 725 2555 744 l

2566 1983 2570 2014 ...ψ
2563 1909 2570 1975 ..ά
2555 1111 2577 1900 ..u-‘mmm

2579 3735 2581 3743 >
2578 3711 2580 3726 υ
2578 3662 2579 3690 Αᾼ
2578 3644 2579 3652 ⁴
2575 3346 2583 3630 -—.—Y-÷ffffl.
2579 3302 2581 3310 ⁴
