2641 4187
15 2528 17 2537 ¹
43 2517 46 2520 ”
87 2521 205 2552 Pulchra
220 2521 379 2559 significatio
390 2522 588 2560 metaphorica.

42 3215 48 3223 -’
85 3204 244 3235 Nebulosus
251 3228 259 3241 ,
301 3205 330 3235 V.

448 139 485 174 AE
566 138 602 173 'S
698 140 729 175 T

111 213 184 262 Virg.
200 230 222 249 1.
246 221 306 251 Ηῖη.
321 229 380 250 112.
462 237 499 241 —
516 220 595 250 Furit
613 221 688 250 aestus
705 223 802 252 arenis.
824 223 863 252 Ab
882 224 933 253 hac
950 225 1148 263 significatione
1161 226 1200 255 le-

108 265 198 292 gimus
210 259 349 288 aestuosum
369 267 451 286 marc.

91 292 215 325 Marinus
227 319 235 331 ,
255 296 306 325 sive
320 296 475 325 Maritimus
489 295 574 324 cestus.
607 295 666 324 Cic.
681 305 706 325 2.
729 296 764 325 de
777 297 869 328 Divin.
885 309 907 333 3.
923 312 948 336 4.
980 301 1022 329 De
1038 301 1100 330 Nat.
1116 301 1201 330 Deor.

111 340 136 359 2.
155 342 163 359 i
189 355 195 361 .

90 344 236 406 Recissroci
254 371 330 398 festus
350 369 390 397 vis
413 368 610 398 inenarrabilis.
640 369 708 398 Plin.
722 371 749 398 in
765 371 880 402 Prooem.
898 373 946 403 lib.
961 384 1002 411 32.
1022 377 1082 404 622.
1097 385 1140 410 97.

92 404 163 435 Vasti
175 406 357 444 aestuspelagi.
386 406 474 435 Catul.
497 407 594 442 Argon.
617 410 661 443 ⁶4·
689 417 746 445 127.
1121 406 1125 411 ’

90 443 179 474 ΙΕΓτυε
189 445 267 473 maiis
279 443 431 477 accedunt,
448 445 498 473 ἃς.
522 444 590 473 Plin.
604 443 651 473 lib.
667 455 692 473 2.
704 454 764 482 cap.
777 456 820 482 97.
850 448 937 477 ffistiis
947 450 1027 478 maris
1038 449 1203 478 accedere&

111 483 281 518 reciprocare
294 503 301 514 ,
322 482 441 509 maxime
456 482 576 510 mirum:
600 482 724 520 pluribus
736 484 847 518 quidem
859 486 964 521 modis,
982 497 1076 516 verum
1089 485 1204 515 causain

108 516 164 546 sole
179 519 307 555 lunaque.
358 518 401 547 Bis
420 519 491 548 inter
505 519 574 548 duos
595 528 707 549 exortus
721 519 791 549 luna·
806 523 938 557 affluunt,
961 523 1058 561 bisque
1081 529 1204 552 remeant

107 556 215 585 vicenis
234 556 426 593 quaternisque
444 556 550 594 semper
568 556 649 586 horis.
703 557 735 586 Et
750 559 869 594 primum
890 561 1033 590 attollente
1052 562 1076 590 se
1092 571 1155 589 cuni
1174 570 1205 588 ea

110 594 218 622 mundo
229 617 236 629 ,
263 593 490 623 intumescentes:
513 604 579 623 mox
589 606 603 623 a
613 595 767 624 meridiano
779 596 842 624 coeli
859 598 963 633 fastigio
977 604 1107 634 vei-gente
1121 599 1147 626 in
1160 608 1207 626 oc-

106 629 200 660 casum
211 653 218 665 ,
240 631 386 660 rendentes
399 641 404 660 :
428 632 570 667 rursusque
580 633 613 661 ab
625 631 721 661 occasu
732 631 822 661 subter
841 634 905 663 coeli
924 637 976 665 ima
987 659 995 671 ,
1017 636 1206 666 &meridiano

107 670 246 698 contraria
255 668 406 697 accedente
417 691 424 703 ,
446 669 630 699 inundantes:
652 670 718 698 hinc
729 670 819 699 donec
834 672 933 701 iterum
944 675 1082 703 exoriatur
1094 695 1102 707 ,
1117 673 1143 701 se
1153 673 1207 701 soi·-

108 705 217 735 bentes.
259 707 318 735 Nec
336 716 458 742 unquam
480 707 581 736 eodem
603 714 727 745 tempore
749 718 803 744 quo
820 710 929 745 pridie,
955 712 1050 740 rciiui:
1074 718 1104 740 ut
1122 709 1207 738 :incil-

109 744 185 773 lante
205 743 289 772 fidere
308 766 315 777 ,
336 744 517 781 trahenteque
531 745 622 774 secum
633 745 713 774 avido
732 745 826 774 haustu
842 749 922 775 maria
934 770 942 782 ,
964 751 988 778 ἀ
1004 749 1107 778 ailidue
1120 747 1207 776 aliun-

109 782 147 810 de
165 791 245 818 quam
264 782 352 818 pridie
365 783 508 811 exoriente
525 793 531 811 :
554 783 663 820 paribus
675 789 767 811 tamen
779 784 927 813 intervallis
944 787 1094 823 reciproci,
1125 785 1208 814 senis-

109 829 164 856 que
174 819 279 855 semper
297 819 389 853 horis,
411 829 468 848 non
477 821 610 858 cujusque
621 820 698 855 diei,
719 827 766 850 aut
779 823 886 858 noctis,
912 824 1039 859 autioci,
1061 823 1106 853 sed
1125 824 1208 860 aequi-

110 856 284 886 noctialibus.
326 857 467 886 Hactenus
478 857 548 886 Plin.

90 893 179 926 ZEstus
193 895 274 923 maris
288 894 402 929 crescit,
427 895 556 930 decedit,
584 895 698 924 recedit.
740 894 808 924 Plin.
825 896 872 926 lib.
893 907 918 927 2.
930 908 994 936 cap.
1009 907 1054 936 97.
1094 898 1125 928 ln
1148 898 1207 935 ripa

110 931 191 962 Baetis
214 933 351 969 oppidum
362 932 416 967 est,
443 933 521 969 cujus
538 933 613 969 putei
629 932 767 962 crescente
782 934 843 962 aestu
860 936 1038 971 minuuntur,
1060 935 1208 971 augescunt

110 970 278 999 decedente.
318 970 352 999 Et
361 980 421 1007 cap.
431 975 475 1005 98.
512 970 562 1000 His
573 970 650 999 addit
664 970 818 1000 Aristoteles
827 994 835 1007 ,
856 973 963 1002 nullum
974 974 1074 1003 animal
1085 974 1133 1002 nili
1144 973 1207 1002 aestu

109 1007 258 1036 recedente
274 1008 410 1044 expirare.

87 1044 179 1077 lEstus
201 1045 334 1082 reciproci
346 1046 386 1074 vis
396 1045 594 1074 inenarrabilis.
615 1045 743 1075 Plin.h'b.
757 1055 800 1082 32.
818 1047 847 1075 in
866 1057 975 1077 irooem.

87 1082 267 1114 IEstiismaris
277 1082 399 1118 modici,
425 1084 475 1112 &a
491 1083 557 1112 Plin.
570 1082 617 1113 lib.
632 1093 657 1112 2.
680 1093 740 1121 cap.
755 1093 799 1120 97.
832 1057 938 1114 iiiodiei
956 1086 1020 1116 luna
1038 1095 1109 1116 nova
1119 1086 1206 1121 aestus,

131 1120 236 1149 leniore
246 1120 278 1149 ab
292 1129 324 1149 ea
338 1121 496 1155 exundant,
524 1120 660 1159 plenaque
675 1122 797 1150 maxime
813 1122 927 1152 fervent.
968 1125 1034 1154 lnde
1049 1124 1204 1153 mitescunt.

107 1130 188 1188 {ares
200 1158 235 1187 ad
242 1157 385 1195 septimam
395 1159 499 1196 primis.
540 1159 698 1196 iterumque
712 1158 766 1187 zilio
778 1158 860 1189 latere
868 1161 982 1191 dividua
993 1169 1135 1199 augentur.
1175 1161 1207 1190 In

109 1197 186 1226 coitu
196 1195 266 1225 Solis
275 1206 363 1233 pares.

107 1234 250 1270 mitiores,
284 1243 366 1270 quam
381 1243 467 1270 quum
488 1234 517 1262 in
537 1235 643 1264 Austros
664 1234 797 1271 digressa,
818 1237 960 1272 propriore
978 1238 1037 1266 nisu
1057 1238 1113 1266 vim
1132 1236 1207 1266 suam

106 1278 228 1301 exercet.
268 1271 353 1300 Paulo
363 1273 431 1309 post,
456 1271 572 1301 Duobus
589 1272 761 1309 aequinoctiis
771 1274 890 1302 maxime
900 1281 1047 1308 tumentes,
1060 1277 1086 1305 ὁὶ
1101 1281 1208 1304 autum-

107 1309 166 1338 nali
179 1307 298 1346 amplius
313 1319 395 1346 quam
407 1319 501 1338 verne.
526 1309 624 1338 Inanes
633 1319 698 1338 vero
710 1310 806 1339 bruma
815 1333 822 1344 ,
845 1313 870 1340 δε
882 1313 966 1349 inagis
979 1313 1100 1342 solstitio.
1128 1312 1209 1341 vete-

106 1357 170 1376 rum
181 1346 328 1376 sententias
347 1347 382 1376 de
395 1348 477 1377 maris
496 1348 718 1385 reciprocatione
736 1348 880 1379 recensent
893 1350 1060 1380 Conimbric.
1081 1350 1129 1380 lib.
1147 1350 1208 1380 Me-

106 1390 179 1414 teor.
202 1384 292 1413 Trat‘t.
313 1394 354 1416 10.
377 1395 400 1419 ς.
976 1391 984 1399 ·

90 1421 188 1453 Fervet
202 1423 263 1451 aestu
274 1422 396 1460 pelagus.
419 1422 478 1452 Cic.
491 1432 515 1459 3.
536 1422 572 1453 de
585 1423 661 1453 Orat.
677 1433 738 1459 155.

89 1461 166 1493 AEstu
182 1460 315 1497 frangitur
331 1470 413 1490 mare.
444 1460 552 1490 Lueret.
572 1460 619 1489 lib.
635 1466 661 1490 6.
676 1471 736 1497 143.

88 1497 179 1530 AEstus
195 1507 243 1535 pro
256 1498 325 1527 Mari
338 1498 458 1527 aestuoso.
481 1499 553 1535 Virg.
566 1508 591 1527 2.
608 1498 706 1536 Georg.
730 1502 789 1534 164.

171 1536 366 1573 Tyrrenusque
383 1536 459 1565 fretis
477 1537 634 1565 immittitur
655 1538 731 1566 aestus
747 1538 867 1567 Avernis.

89 1573 182 1616 AEstus
202 1573 312 1603 ulceris.
333 1573 391 1603 Cic.
406 1584 432 1604 2.
453 1573 533 1604 Tusc.
557 1584 598 1609 19.

129 1611 247 1647 Jamjam
265 1611 391 1641 absumor
403 1634 410 1647 ,
429 1612 543 1641 conficit
562 1612 682 1641 animam

127 1648 176 1679 Vis
192 1649 329 1684 vulneris,
350 1649 450 1679 ulceris
468 1650 553 1679 aestus.
595 1651 612 1679 i.
635 1660 658 1679 e.
681 1649 784 1680 Ulceris
794 1651 984 1681 inflammatio.
1025 1652 1132 1682 Eodem
1149 1660 1209 1681 mo-

111 1687 150 1716 do
162 1687 236 1716 calor
246 1687 292 1716 ille
304 1687 389 1717 febris
402 1687 594 1717 intenlissimus
606 1710 614 1722 ,
634 1688 722 1718 AEstus
737 1698 846 1726 quoque
859 1689 968 1719 dicitur.

90 1723 198 1761 AEstus,
219 1725 379 1754 translatum
389 1725 423 1755 ad
440 1725 578 1755 Animum.
602 1725 659 1755 Cic.
670 1726 704 1754 de
713 1725 782 1755 Clar.
797 1727 871 1756 Orat.
893 1733 955 1760 281-
993 1728 1047 1758 Sed
1059 1728 1209 1764 huncquo-

107 1762 165 1801 que
175 1762 314 1792 absorbuit
323 1764 399 1792 aestus
409 1763 522 1801 quidam
541 1773 598 1792 non
610 1763 725 1793 insolitae
735 1763 954 1794 adolescentibus
966 1765 1075 1802 gloriae:
1097 1775 1147 1803 pro
1158 1765 1209 1794 Ve-

109 1801 278 1830 hementiori
289 1801 441 1838 cupiditate
449 1803 475 1831 Sc
485 1801 583 1831 ardore
597 1801 726 1839 quodam.

90 1839 179 1871 IEstus
192 1839 286 1868 animi.
308 1839 415 1868 Firmic.
438 1839 486 1868 lib.
506 1849 529 1875 3.
551 1849 610 1877 cap.
625 1850 647 1875 5.
670 1840 757 1869 Erunt
772 1846 865 1870 autern
875 1840 981 1878 semper
993 1841 1061 1871 tales
1072 1863 1080 1877 ,
1101 1841 1130 1870 in
1144 1840 1208 1870 aestu

110 1877 216 1912 animi,
238 1878 264 1906 ἃ
278 1877 310 1906 in
317 1878 446 1906 maximis
464 1877 666 1906 necessitatibus
677 1878 827 1908 constituti.

50 1928 51 1933 ¹
88 1914 166 1945 Inter
174 1915 251 1944 cestus
262 1915 411 1945 iracundiae
426 1915 566 1944 flut‘tuare.
588 1915 713 1945 Macrob.
726 1927 751 1952 4.
763 1916 870 1945 Saturn.
883 1925 908 1945 2.

91 1952 252 1990 Magnoque
267 1953 367 1982 irarum
386 1953 502 1982 fluctuat
515 1953 587 1982 aestu.
619 1953 691 1990 Virg.
712 1964 738 1989 4.
761 1954 821 1983 AEn.
839 1963 899 1987 <32-

89 1990 207 2027 Ingenii.
230 1991 288 2020 Cic.
304 2000 328 2027 3.
349 1991 384 2021 de
396 1991 472 2021 Orat.
488 2000 548 2027 143.
570 1991 636 2027 Quo
649 2001 734 2028 quum
744 1992 875 2028 ingressus
884 1991 960 2027 esses,
970 1998 1085 2031 repente
1096 1998 1124 2022 te
1135 1992 1207 2030 quasi

128 2028 223 2057 uidam
238 2029 315 2058 aestus
326 2029 430 2068 ingenii
447 2029 487 2058 tui
499 2029 596 2066 procul
612 2039 627 2058 a
639 2036 709 2058 terra
721 2029 840 2068 abripuit
851 2052 859 2065 ,
880 2038 961 2068 atque
973 2031 1002 2059 in
1010 2031 1097 2060 altum
1113 2041 1129 2060 a
1141 2040 1208 2060 con-

120 2067 203 2104 peon
217 2076 289 2104 pene
310 2067 436 2095 omnium
452 2066 589 2096 abstraxit.

88 2103 321 2139 Consuetudinis‚
341 2104 481 2142 Impetus,
501 2105 551 2134 vis.
592 2104 694 2134 Allufio
714 2105 753 2134 est
772 2106 806 2134 ad
820 2105 912 2135 aestum
933 2107 1024 2136 maris.
1056 2106 1114 2136 Cic.
1127 2115 1152 2136 2.
1171 2106 1207 2136 de

111 2141 205 2179 Legib.
222 2152 248 2178 9.
289 2142 333 2172 Ne
348 2143 426 2172 aestus
442 2152 492 2172 rios
506 2141 716 2172 consuetudinis
731 2143 878 2173 absorbeat.

90 2180 274 2211 Commovere
292 2181 370 2210 aestus
382 2180 456 2210 belli.
479 2179 587 2209 Lucret.
599 2180 647 2209 lib.
661 2192 685 2215 ς.
703 2191 782 2217 1434.

127 2218 162 2247 Et
169 2217 236 2248 belli
245 2227 360 2256 magnos
368 2219 521 2248 commovit
532 2219 658 2248 funditus
669 2218 755 2249 aestus.
783 2220 811 2249 h.
828 2229 852 2248 e.
880 2219 1031 2250 Tumultus
1042 2220 1167 2250 bellicos.

89 2256 179 2288 ffistus
193 2277 201 2291 ,
221 2266 272 2294 pro
286 2257 394 2286 Amore.
425 2256 507 2286 Ovid.
524 2266 566 2292 14.
587 2256 657 2286 Met.
675 2266 736 2293 352.
821 2258 827 2261 “

65 2296 69 2301 ”
168 2294 206 2323 Ut
216 2295 339 2332 primum
355 2293 448 2323 valido
462 2300 586 2324 mentem
597 2294 710 2332 collegit
723 2295 757 2324 ab
776 2296 850 2325 aestu.

89 2331 197 2368 AEstus,
220 2332 356 2369 Agitatio,
379 2333 405 2362 δι
424 2332 581 2362 difficultas.
612 2333 732 2369 Quintil.
753 2332 801 2362 lib.
828 2343 870 2362 11.
893 2343 954 2371 cap.
978 2343 1001 2363 1.

108 2371 185 2400 aestus
204 2369 252 2400 ubi
271 2371 331 2407 quis
349 2370 482 2408 pudenda
500 2371 629 2408 queritur.

87 2408 195 2443 Imus,
217 2407 379 2444 Dubitatio,
399 2408 556 2438 solicitudo.
579 2408 647 2438 Plin.
668 2408 716 2438 lib.
732 2418 754 2438 1.
775 2409 853 2447 epist.
869 2408 974 2446 penult.
992 2408 1027 2437 ad
1041 2408 1207 2447 Pompeium

47 2452 51 2455 '
106 2446 258 2476 Falconem
269 2468 277 2481 ,
307 2446 369 2475 Erat
378 2446 424 2475 hic
436 2456 546 2484 quoque
557 2447 634 2475 aestus
651 2453 715 2475 ante
724 2447 820 2476 oculos
831 2469 839 2481 ,
865 2448 883 2476 ii
893 2448 963 2475 forte
979 2457 1023 2476 me
1035 2447 1203 2490 appellasset.

106 2484 187 2514 {dem
200 2484 287 2519 alibi,
309 2483 633 2521 Explicaaestummeum.
657 2485 675 2514 i.
700 2494 724 2513 e.
746 2485 1202 2522 Dubitationem,inquitBudaeus.

636 2522 669 2552 In
686 2522 740 2551 hoc
760 2523 823 2552 cestu
843 2522 1049 2560 periculorum,
1071 2522 1203 2558 Justinus.

109 2560 141 2590 V,
164 2556 237 2596 migqi
257 2556 366 2595 Badais,
379 2560 427 2590 ubi
439 2569 502 2598 exp,
526 2559 604 2596 Ϊδ>8π
619 2560 715 2596 'effide-to,
735 2566 765 2590 ut
779 2559 833 2588 i'diov
844 2582 852 2596 ,
869 2560 899 2588 ὼς
912 2563 1001 2590 ἐνσηπι.
1023 2560 1059 2590 H.
1079 2562 1117 2591 St.
1140 2561 1203 2591 Vid.

44 2621 52 2629 ,.
106 2597 176 2628 Bud.
191 2597 300 2627 Comm.
310 2608 338 2636 p.
350 2607 412 2636 331.
427 2598 472 2627 ed.
483 2597 540 2628 Bas.
554 2608 635 2635 1530.

87 2637 196 2674 Anceps
207 2635 292 2665 aestus.
312 2636 376 2666 Sen.
390 2635 493 2665 Medea
505 2646 547 2666 12.
568 2637 678 2674 Anceps
688 2636 764 2666 aestus
776 2636 909 2666 incertam
918 2636 998 2674 rapit„
1019 2637 1047 2667 h.
1059 2646 1085 2666 e·
1112 2636 1204 2667 Incer-

106 2680 152 2703 tus
171 2674 258 2703 animi
272 2674 347 2703 furor
360 2676 387 2704 Sc
402 2675 522 2711 agitatio.

49 2734 56 2739 .
87 2712 194 2748 IEstus,
209 2722 260 2750 pro
270 2711 330 2750 Ipsa
338 2712 435 2742 caloris
446 2713 473 2742 vi
487 2735 495 2748 ,
516 2712 603 2750 qualis
618 2712 707 2741 aestate
718 2711 786 2741 solet
795 2711 856 2742 effe.

86 2750 193 2780 Ardens
203 2750 288 2780 aestus.
327 2750 401 2788 Virg.
418 2750 453 2780 de
467 2757 583 2788 quatuor
594 2751 660 2780 anni
669 2749 803 2788 partibus.

86 2787 188 2817 Calidi.
209 2787 317 2817 Lucret.
338 2787 387 2818 lib.
404 2798 427 2817 1.
450 2798 512 2824 301.

87 2825 206 2855 Dubius.
229 2825 326 2856 Claud.
341 2826 371 2855 in
380 2826 454 2856 Ruff.
469 2826 516 2856 lib.
538 2837 561 2857 1.

87 2862 230 2893 Fervidus.
260 2863 326 2893 Hor.
342 2874 365 2893 1.
386 2864 474 2894 Serm.
491 2875 514 2894 1.
527 2871 570 2902 38.

76 2901 207 2936 ¹Gravem
218 2901 310 2931 aestum
318 2901 397 2931 solari
410 2903 510 2932 fluviis.
532 2903 598 2933 Hor.
609 2912 635 2932 2.
656 2902 746 2932 Carm.
763 2914 785 2940 ς.
797 2913 823 2942 7.

422 1195 504 1225 Plane
515 1197 612 1225 eadem
622 1196 770 1233 Aquilonia
779 1219 786 1231 ,
808 1199 834 1227 Sc
844 1208 858 1226 a
870 1200 946 1228 terris
956 1200 1038 1236 longe
1050 1200 1206 1234 recedente,

1042 2332 1102 2363 Illic
1119 2334 1208 2370 maior

17 2973 20 2981 Ι
87 2938 232 2969 Horriferi.
273 2939 304 2968 V.
318 2939 446 2970 Eructare
460 2942 537 2971 aestus
552 2941 714 2975 horriferos,
736 2941 765 2971 in
785 2952 798 2971 r.
808 2953 823 2970 a
833 2950 906 2971 uc'r
913 2952 940 2972 o.

86 2976 192 3014 Ignavi.
214 2976 254 3006 Ab
263 2976 364 3007 effeffitu
380 3000 388 3014 ‚
407 2979 483 3016 quod
493 2979 608 3016 Ignavos
619 2979 748 3009 homines
757 2980 881 3009 reddant.
903 2978 986 3009 Ovid.
997 2988 1021 3017 7.
1036 2978 1107 3009 Met.
1121 2988 1182 3016 529.

50 3039 53 3046 .
84 3014 216 3045 Incensos
226 3016 439 3046 aestusavertere.
452 3016 504 3047 i.e.
522 3017 647 3047 Febrem.
668 3017 739 3054 Virg.
752 3027 776 3055 3.
791 3018 888 3055 Georg.
902 3028 966 3054 459.

19 3058 22 3085 2
47 3086 53 3094 ι
86 3052 209 3082 Letiferi.
232 3053 315 3083 Ovid.
334 3063 359 3083 7.
381 3054 451 3084 Met.

86 3090 189 3126 Medii,
200 3091 227 3121 h.
242 3101 266 3121 e.
280 3084 423 3128 Meridies,
434 3103 488 3130 quo
497 3097 623 3132 tempore
631 3093 670 3122 sol
680 3094 758 3123 ardet
765 3094 894 3123 maxime.
906 3093 978 3130 Virg.
992 3100 1017 3128 3.
1030 3092 1127 3130 Georg.
1135 3101 1163 3128 33
1173 3102 1195 3121 1.

65 3164 70 3169 1
85 3127 283 3159 mustulentus.
305 3129 389 3159 Plaut.
402 3130 482 3160 Most.
495 3142 521 3167 4.
533 3141 558 3160 2.
573 3142 617 3168 90.
639 3131 827 3161 Mustulentus
836 3131 913 3161 aestus
924 3140 1006 3164 nares
1013 3131 1110 3168 attigit.
1132 3130 1202 3166 Joco

57 3181 71 3191 -u
105 3167 213 3196 dietum
224 3167 258 3197 de
267 3177 368 3205 vapore
385 3168 442 3198 vini
453 3170 572 3199 recentis
585 3171 610 3199 δι
624 3170 732 3199 mustei.

352 3215 373 3235 N
383 3216 396 3235 a
404 3216 420 3234 B
428 3216 447 3236 u
456 3217 472 3234 L
481 3217 509 3236 A.

85 3242 285 3273 Rabidiaestus.
307 3243 325 3272 i.
344 3253 368 3273 e.
390 3243 510 3274 calores.
533 3245 631 3275 Aulbn.
644 3254 667 3282 3.
689 3246 759 3275 Serft.
776 3253 800 3283 3.
822 3245 858 3274 ad
869 3244 1014 3274 Paulinum
1023 3243 1107 3281 Epist.

16 3276 20 3287 '¹
56 3285 63 3309 J
85 3279 220 3319 Rapidus.
260 3281 334 3319 Virg.
352 3291 377 3311 2.
404 3281 462 3311 Ecl.
488 3293 529 3312 10.

235 3335 273 3340 —
292 3321 318 3349 Sc
332 3320 429 3357 rapido
442 3319 514 3349 fellis
529 3320 691 3350 mefforibus
713 3321 777 3350 aestu

164 3356 248 3392 Allia,
262 3356 303 3386 ser
324 3356 465 3395 yllumque
473 3380 481 3393 ,
492 3358 588 3388 herbas
598 3359 748 3388 contundit
759 3358 875 3390 olentes.

102 3394 172 3432 pido
184 3395 247 3424 aestu
256 3417 264 3429 ,
309 3395 451 3425 chementi
466 3397 492 3425 δ’(
505 3396 631 3425 ferventi.

82 3432 166 3462 Sicci.
188 3432 325 3462 Columel.
343 3434 379 3462 de
396 3433 474 3462 cultu
485 3434 627 3463 hortorum
641 3456 649 3469 ,
667 3433 714 3463 lib.
735 3444 776 3464 10.

83 3470 222 3500 Sidereus.
244 3470 326 3500 Ovid.
345 3474 370 3500 6.
390 3471 460 3500 Met.
484 3481 545 3508 341.
566 3472 592 3501 h.
614 3482 638 3501 e.
659 3470 731 3502 Solis
747 3472 866 3502 ardores.

84 3508 206 3538 Steriles.
228 3507 325 3538 Claud.
337 3509 366 3537 in
376 3508 428 3538 sec.
446 3509 526 3538 Coris.
536 3509 609 3539 Hori.
619 3519 683 3546 277.

232 3563 269 3567 —
286 3546 389 3576 steriles
405 3547 481 3583 juvat
498 3548 537 3576 ire
554 3558 604 3585 per
616 3548 702 3577 aestus.

41 3595 43 3598 ⁴
83 3582 214 3613 Torrens.
235 3583 305 3613 Plin.
316 3584 365 3613 lib.
376 3590 401 3618 8.
417 3594 476 3622 cap.
493 3595 534 3615 12.
557 3585 719 3624 Elephantis
733 3584 936 3623 frigidissimum
954 3582 1009 3614 effe
1019 3583 1198 3622 sanguinem,

60 3633 61 3636 ¹
105 3621 142 3650 ob
156 3621 185 3649 id
200 3621 262 3650 aestu
275 3628 396 3651 torrente
406 3623 545 3661 prascipue
557 3634 572 3653 a
583 3623 749 3653 draconibus
766 3623 870 3661 expeti.

83 3657 243 3688 Tremulus.
264 3659 371 3689 Lucret.
383 3660 431 3689 lib.
446 3664 471 3689 6.
485 3667 546 3698 875.

85 3695 208 3726 Validus.
230 3697 312 3726 Ovid.
334 3708 376 3734 14.
398 3698 468 3727 Met.
486 3708 548 3734 352.

84 3732 238 3764 Exaestuare
256 3735 342 3765 aestus.
364 3735 471 3765 Lucret.
485 3736 532 3766 lib.
548 3740 573 3766 6.
587 3740 650 3771 816.
669 3738 696 3767 δε
707 3746 732 3766 2.
750 3739 828 3773 1136.

166 3772 224 3801 Hos
235 3772 317 3810 igitur
331 3773 413 3802 tellus
431 3784 529 3803 omnes
544 3775 673 3804 exrestuat
688 3776 774 3804 aestus.
805 3775 822 3803 i.
840 3783 865 3803 e.
896 3772 1003 3802 Ebullit
1016 3774 1043 3803 ἃ
1058 3773 1140 3805 efflat.

85 3808 170 3845 AEstu,
178 3809 305 3847 febrique
317 3811 416 3845 iarstari.
438 3811 524 3841 Cim.
539 3813 567 3841 in
578 3812 674 3848 Catil.3
685 3823 705 3842 i.
723 3813 801 3849 Saepe
811 3811 937 3840 homines
950 3812 1022 3848 regri,
1034 3812 1132 3842 morbo
1141 3822 1199 3850 gra.

104 3847 141 3881 vi,
150 3857 236 3884 quum
245 3848 306 3877 aestu
315 3848 439 3886 febrique
446 3850 590 3885 jaciantur,
600 3850 616 3878 si
625 3860 722 3887 aquam
733 3850 851 3888 gelidam
859 3849 988 3884 biberint,
1000 3849 1075 3887 prius
1083 3851 1197 3882 relevari

103 3885 251 3915 videntur:
275 3886 377 3915 deinde
393 3886 482 3916 multo
500 3889 605 3923 gravius
622 3888 869 3925 vehementiusque
887 3887 1060 3917 afflictantur.

86 3920 224 3952 Inlinuare
241 3923 342 3953 aestum.
364 3924 471 3953 Lucret.
484 3924 532 3954 lib.
547 3929 572 3955 6.
584 3932 646 3959 859.
661 3926 696 3955 de
706 3926 779 3957 Sole.

932 3357 987 3388 Ubi
999 3356 1107 3387 Servius
1116 3378 1124 3393 ‚
1144 3356 1197 3387 Ra-

1 3939 5 3946 1
67 3965 69 3967 “
85 3957 222 3991 Laborare
236 3961 308 3992 aestu.
330 3962 467 3994 Columel.
480 3962 529 3994 lib.
541 3975 568 4000 4.
582 3973 642 4002 cap.
655 3973 700 4000 24.

1727 150 1766 185 AE
1867 153 1887 187 S
1987 154 2017 188 T

1296 226 1426 258 Reievarc
1444 229 1527 258 zrstus.
1551 228 1635 259 Ovid.
1648 239 1672 267 3.
1689 231 1725 260 de
1737 232 1798 261 Arte
1811 233 1867 262 Am.
1883 237 1946 272 697.

1295 265 1400 293 Securc.
1434 267 1503 303 Virg.
1530 272 1555 299 8.
1578 269 1638 297 lhn.
1657 273 1719 304 ⁶7⁴·

1375 304 1408 331 Μ
1420 305 1523 332 circum
1538 314 1650 338 uri-‚ento
1667 306 1730 335 clatri
1745 307 1890 345 delphines
1909 308 1936 336 in
1952 309 2047 337 orbem

1330 376 1335 380 1
1377 341 1492 377 Frquorii
1509 343 1652 371 verrebant
1667 345 1781 379 caudis,
1797 346 1948 382 «minuique
1963 347 2098 375 iccubunt.
2138 348 2164 375 h.
2182 356 2205 376 e.
2230 348 2312 379 Maris
2334 352 2417 385 agim-

1315 383 1430 405 tionem.
1472 378 1579 407 Servius
1590 381 1740 410 nziiui·.ilciii
1758 392 1813 410 rein
1827 383 1955 412 ostendit.
1999 385 2070 413 Niun
2081 384 2186 422 semper
2196 395 2270 414 maire
2284 387 2415 424 turb-itur,

1316 423 1399 454 quoin
1418 415 1564 452 delphines
1582 428 1777 454 apparuerunt.

1297 448 1383 478 Satin
1397 452 1486 480 aestum
1502 454 1598 481 fluviis.
1640 456 1667 484 V.
1690 460 1806 486 (iriu'em
1825 458 1918 487 aestum
1933 458 2010 488 solari
2025 459 2124 488 fluviis.

1299 487 1372 514 Solvi
1395 489 1465 516 altu.
1489 488 1594 518 Lucrer.
1614 491 1659 521 lib.
1687 504 1707 522 i.
1733 504 1796 530 493.

1298 522 1436 552 Sultiuere
1453 526 1537 554 arstus.
1562 529 1644 557 ‹ix-id.
1672 540 1692 559 i.
1718 532 1782 561 illes.
1803 538 1866 566 228.

1299 559 1420 603 Torrens
1438 563 1499 602 iustu
1515 571 1591 592 terrai.
1615 567 1748 597 Columel.
1770 570 1816 598 lib.
1836 582 1861 604 4.
1880 580 1940 607 εἴη).
1967 580 2007 605 19.

1300 597 1363 625 „thiu
1376 620 1383 631 ,
1401 608 1448 634 pro
1458 600 1564 642 stistus.¹
1578 602 1671 632 l'iicuv.
1684 606 1775 643 Chi-is.
1795 608 1854 636 finili
1870 608 1939 636 sorte
1951 618 1982 636 cx
1993 608 2079 637 arido.
2102 608 2218 638 Nonius.

1262 631 1295 660 IE
1305 644 1316 662 s
1327 644 1345 661 Τ
1357 645 1372 677 u
1384 645 1401 676 (ι
1413 646 1426 662 Ρ.
1439 646 1445 662 ι
1458 646 1472 664 i.
1485 648 1504 678 2⁸¹
1518 658 1526 668 ,
1549 648 1574 678 η.
1603 641 1760 680 mut-num.
1784 645 1911 673 t'hstuurizi
1934 653 1939 674 i
1955 654 1984 674 iit
1998 646 2094 675 S'tribo
2110 647 2167 675 uiti
2189 648 2249 675 sunt
2271 647 2343 676 Loca
2352 658 2415 684 quw:

1299 681 1412 713 nixiriiiis
1428 682 1505 709 aquis
1519 676 1614 715 reiert‘i
1627 678 1730 719 iiiutex
1743 681 1969 710 inundationibus
1980 684 2066 720 pelugi
2080 705 2087 717 ,
2105 694 2152 721 per
2163 695 2228 721 quus
2245 685 2312 722 supe
2324 685 2349 713 in
2360 696 2416 715 nie-

1300 709 1453 738 diterruuea
1470 710 1616 752 lhlv¹⁰s¹l¹³¹
1638 716 1717 743 instar
1736 719 1892 752 nuviouuitts·
1912 720 2082 750 ascendunt:
2112 722 2261 758 aliquando
2286 733 2340 750 non
2366 724 2413 751 nili

1299 747 1393 788 nando
1403 749 1506 775 tranliri
1522 749 1649 790 pollunt,
1671 755 1795 782 :ilirartis
1819 767 1951 791 αναχυσκ,
1972 758 1996 786 h.
2016 770 2039 787 e.
2063 759 2210 787 inundatio
2229 760 2336 788 dicitur.
2371 761 2415 789 fe.

1300 784 1355 812 stus
1368 783 1468 829 ait'eise
1479 794 1587 818 omnia,
1614 798 1667 828 qua
1678 799 1751 818 mure
1764 792 1876 820 vitulini
1889 797 2062 824 tumne-cedit
2075 819 2083 830 ,
2107 805 2165 826 tum
2176 798 2288 826 recedit.
2310 798 2373 826 §.rs
2388 807 2413 826 2.

1300 820 1368 850 Bell·
1393 821 1462 863 (ΝΗ-
1482 827 1526 853 28-
1563 823 1680 859 ffi-‘UUWS
1701 835 1782 870 nutu,
1804 840 1871 865 quos
1890 841 1943 859 υηιι
1958 843 2021 861 cum
2045 835 2137 870 pueris
2156 835 2370 871 mulieribusque
2389 837 2416 863 iii

1300 860 1461 902 zrstuiiriazic
1476 859 1593 902 plaudes
1607 861 1737 892 collectos
1754 866 1915 895 dixeramus.
1941 869 2005 897 l'lin.
2025 870 2074 900 lib.
2097 883 2118 906 ς.
2137 882 2195 909 οφ.
2212 883 2234 901 i.
2258 873 2416 901 iill‘unditur

1300 903 1392 925 autem
1411 896 1475 925 huic
1493 898 1644 927 aestuarium
1663 910 1677 927 e
1696 903 1763 929 miii'i
1780 902 1900 932 flexuoso
1919 914 2018 935 meatu.

1299 933 1464 971 intelligitur
1478 934 1581 971 Virgilii
1592 937 1753 974 periphmlis
1765 939 1790 966 in
1807 949 1830 967 2.
1852 942 1948 977 (it-orig.
1965 949 2026 978 480.

1457 988 1495 993 ——
1515 983 1567 1009 qua
1585 974 1611 1002 vi
1630 976 1714 1004 maria
1731 975 1784 1004 alta
1801 978 1955 1007 tumescunt

1318 1046 1323 1052 ι
1380 1008 1516 1052 Obicibus
1525 1012 1628 1048 ruptis:
1651 1013 1793 1050 rursusque
1813 1014 1841 1042 in
1858 1015 1940 1052 scipsa
1957 1017 2082 1047 relidunt.
2120 1019 2300 1056 UbiServius,
2317 1023 2416 1052 lkstua-

1301 1055 1341 1074 τιτι
1359 1046 1464 1075 Oceani
1476 1049 1638 1091 accipi-inus,
1651 1059 1703 1087 qua
1713 1061 1762 1088 per
1774 1051 1874 1080 Gallias
1895 1056 1920 1082 ὅ(
1932 1054 2072 1090 Hispaniis
2087 1057 2262 1087 ininiinitiim
2284 1062 2414 1097 erumpit,

1300 1091 1462 1127 contempta
1477 1084 1537 1121 lege
1549 1096 1670 1123 riparum
1680 1110 1688 1122 ,
1709 1089 1743 1118 ad
1763 1098 1829 1126 quas
1844 1090 1932 1119 rursus
1943 1094 2064 1121 recurrit.

1300 1121 1480 1164 Jhstuarium,
1503 1124 1692 1162 Quoviipores
1711 1127 1892 1161 exhalantur,
1914 1129 1931 1156 i.
1957 1139 1981 1157 e.
2008 1131 2170 1159 emittuntur
2182 1154 2189 1165 ,
2213 1132 2263 1161 sive
2284 1134 2313 1163 sit
2326 1134 2414 1164 hiatus

1320 1159 1467 1194 naturalis,
1489 1160 1541 1189 sive
1553 1162 1618 1190 follit
1632 1164 1800 1193 manufacta:
1823 1165 1898 1201 quod
1915 1165 2126 1203 &vapor-trium
2143 1171 2167 1196 ἃ·
2183 1169 2344 1205 iiiiraiculuin
2358 1174 2412 1201 diei

1318 1198 1415 1239 potest.
1429 1197 1541 1240 'Vitruiu
1556 1199 1601 1242 lib.
1616 1206 1640 1233 8.
1653 1211 1712 1238 cap.
1725 1211 1748 1239 7.
1776 1202 1896 1232 Lucerna
1913 1204 2024 1233 accensa
2041 1205 2199 1234 demittatur
2218 1217 2224 1234 :
2253 1218 2310 1243 qim·
2324 1210 2339 1236 ii
2358 1219 2414 1246 per-

1317 1236 1567 1277 xrianlerittardens,
1579 1240 1638 1279 line
1648 1239 1771 1275 periculo
1789 1240 1979 1270 descendetur.
2019 1242 2066 1270 Sin
2081 1250 2170 1270 autem
2181 1245 2309 1280 eripietur
2322 1246 2415 1275 lumen

1320 1281 1347 1300 vi
1362 1282 1480 1310 vaporis,
1492 1281 1557 1302 tunc
1571 1276 1722 1307 iocundum
1735 1284 1850 1315 puteum
1865 1278 1961 1307 dextra
1985 1289 2016 1308 ac
2034 1280 2131 1307 finistra
2146 1280 2311 1310 effodit-ntur
2327 1285 2416 1312 mittiu-

1318 1311 1361 1339 ria
1374 1332 1381 1345 ,
1402 1311 1439 1339 itu
1451 1312 1699 1347 (quemadmodum
1715 1325 1763 1352 per
1775 1316 1865 1350 nares)
1885 1315 1993 1353 spiritus
2014 1326 2049 1346 ex
2065 1317 2191 1346 miluinis
2207 1319 2414 1356 dillipiibunrur.

1320 1347 1444 1376 Eandem
1455 1348 1628 1385 sententiam,
1641 1351 1686 1380 sed
1696 1352 1804 1381 brevius
1814 1353 1895 1382 habet
1909 1353 1976 1382 l'ljn.
1987 1354 2005 1383 l.
2019 1364 2060 1390 3¹·
2074 1364 2097 1382 e.
2111 1363 2134 1389 3.

1302 1385 1522 1415 ffistuariaerant
1541 1388 1650 1417 Meatus
1669 1390 1702 1418 ab
1723 1390 1891 1428 hypocziusto
1911 1393 2038 1429 perpetui
2058 1392 2131 1420 uude
2145 1391 2248 1421 calores
2270 1395 2369 1423 occulti
2386 1396 2414 1424 in

1317 1432 1440 1490 gailneras
1474 1424 1662 1456 Caldariorum
1686 1428 1807 1465 ipsorum
1829 1429 2020 1466 penetrabant.
2079 1430 2165 1465 Quod
2184 1431 2273 1467 tetigit
2302 1434 2367 1462 Sunt.
2390 1444 2414 1462 ι,

1469 1516 1506 1521 —
1525 1501 1573 1530 ubi
1591 1501 1736 1539 languidus
1754 1503 1825 1540 ignis
1841 1504 1943 1532 inerrat

1379 1537 1511 1573 AEdibus,
1538 1542 1564 1568 ok
1579 1546 1693 1568 tenuem
1716 1540 1832 1570 volvunt
1856 1541 2024 1579 hypocausta
2045 1552 2184 1580 vaporem.

1320 1573 1433 1605 Therni.
1474 1575 1533 1605 vet.
1554 1587 1614 1615 cap.
1626 1588 1651 1613 9.

1262 1609 1413 1647 AEs'ruo,
1435 1611 1622 1650 [zava-iomar]
1642 1618 1696 1645 are.
1728 1615 1802 1645 AEstu
1820 1615 1941 1651 fervere,
1964 1619 1990 1647 S:
2009 1616 2080 1654 quali
2091 1616 2188 1646 Calore
2198 1615 2332 1647 suffocari.
2370 1618 2417 1654 Jn-

1300 1659 1364 1679 ven.
1383 1660 1406 1687 3.
1430 1652 1484 1680 Sat.
1503 1662 1562 1688 103.
1723 1669 1759 1673 —
1779 1653 1796 1682 ii
1809 1654 1910 1683 dixeris
1926 1677 1933 1689 ,
1951 1655 2032 1684 aestuo
2045 1677 2053 1689 ,
2072 1654 2158 1683 sudat.
2321 1656 2414 1686 eim.

1300 1687 1382 1717 Tuse.
1430 1688 1554 1726 Itemque
1569 1689 1705 1727 Lycurgi,
1731 1690 1871 1721 laboribus
1897 1693 2027 1721 erudiunt
2046 1693 2239 1728 juventutem,
2273 1694 2416 1730 venando,

1300 1726 1453 1761 currendo,
1474 1726 1635 1763 esuriendo,
1656 1728 1772 1757 sitiendo
1785 1750 1793 1763 ,
1821 1729 1938 1766 algendo
1956 1752 1964 1766 ,
1986 1730 2133 1760 aestuando,
2175 1729 2312 1760 Columel.
2351 1731 2385 1760 Ut
2400 1742 2416 1760 a

1298 1762 1355 1791 sole
1368 1764 1494 1793 aestuante
1505 1775 1563 1794 uvae
1577 1767 1602 1795 ἐξ
1616 1776 1630 1794 a
1643 1766 1731 1795 ventis
1741 1773 1927 1804 protegantur.

1298 1801 1418 1830 AEstuare
1428 1824 1436 1836 ,
1458 1802 1590 1832 Exhalare
1602 1813 1610 1832 .·
1633 1804 1660 1832 h.
1672 1813 1695 1833 e.
1722 1804 1854 1833 Emittere
1865 1805 1986 1834 calidum
1994 1814 2124 1843 vaporem
2134 1827 2142 1840 ,
2163 1805 2295 1843 quiaestus
2305 1806 2414 1837 dicitur.

1319 1838 1390 1876 Virg.
1405 1844 1430 1868 6.
1453 1840 1514 1869 AEn.
1526 1850 1588 1877 297.

1379 1877 1520 1907 Turbidus
1538 1879 1584 1907 hic
1597 1888 1696 1913 coeno,
1722 1879 1847 1916 vastaque
1864 1881 1994 1917 voragine
2013 1890 2113 1918 gurges

1379 1915 1503 1945 AEstuat:
1537 1923 1617 1953 atque
1639 1926 1753 1946 omnem
1770 1917 1876 1955 Cocyto
1896 1920 2001 1948 eructat
2026 1927 2144 1948 arenam.

1320 1951 1430 1982 aestuare
1448 1953 1559 1983 dicitur.

1298 1990 1351 2018 Aer
1372 1991 1471 2020 aestuat.
1504 1992 1624 2029 Proper-t.
1649 1991 1695 2021 lib.
1712 2001 1737 2021 2.
1751 2002 1796 2029 29.

1300 2027 1445 2058 Caloribus
1461 2029 1580 2059 aestuare.
1605 2029 1740 2060 Columel.
1760 2030 1778 2060 l.
1792 2041 1818 2064 4.
1830 2040 1890 2069 cap.
1904 2037 1930 2065 8.

1298 2065 1450 2096 Desiderio.
1473 2067 1530 2097 Cic.
1543 2077 1568 2103 7.
1591 2067 1663 2097 Fam.
1680 2073 1721 2101 18-
1759 2069 1814 2098 Sed
1829 2069 1915 2105 magis
1928 2074 1959 2099 ut
1969 2068 2104 2098 defiderio
2119 2068 2201 2098 nostri
2213 2075 2240 2098 te
2249 2069 2356 2099 aestuare
2366 2080 2417 2107 pu·-

1318 2110 1414 2133 tarem.
1436 2105 1454 2134 i.
1476 2115 1500 2134 e.
1532 2105 1718 2136 Vehementer
1733 2115 1780 2136 me
1796 2106 1970 2137 defiderare:
2007 2107 2083 2143 quali
2100 2106 2171 2136 Cum
2193 2107 2313 2144 quodam
2329 2108 2417 2137 animi

1320 2142 1383 2170 aestu
1397 2164 1405 2176 ,
1427 2143 1445 2171 i.
1468 2152 1491 2172 e.
1512 2143 1628 2172 fervore.

1298 2178 1365 2208 Dies
1384 2179 1482 2209 aestuat.
1512 2180 1614 2211 Lucan.
1633 2180 1681 2210 lib.
1697 2191 1720 2211 1.
1741 2185 1782 2211 16.

1301 2216 1419 2247 Humor.
1448 2219 1518 2256 Virg.
1535 2230 1562 2255 4.
1579 2220 1677 2256 Georg.
1697 2224 1758 2255 308.

1378 2255 1486 2323 isstissea
1508 2258 1610 2286 teneris
1632 2257 1784 2295 tepefactus
1805 2258 1835 2286 in
1856 2256 1959 2288 ossibus
1972 2258 2073 2288 humor

1417 2296 1424 2322 1
1458 2300 1494 2324 at.

1297 2330 1383 2369 Ignis.
1404 2331 1476 2369 Virg.
1489 2344 1514 2368 4.
1539 2332 1637 2370 Georg.
1648 2335 1711 2369 269.

1377 2368 1482 2400 ffistuat
1500 2376 1530 2399 ut
1550 2370 1644 2400 clauiis
1660 2370 1772 2409 rapidus
1792 2370 1950 2400 fornacibus
1970 2371 2050 2408 ignis.

1297 2406 1387 2437 Mare.
1405 2407 1423 2436 i.
1435 2417 1459 2437 e.
1482 2409 1610 2446 Agitatur.
1633 2406 1788 2445 [numium
1809 2408 1931 2443 &gaeci-a]
1953 2408 2028 2438 Curt.
2048 2407 2170 2438 AEstiiare
2179 2407 2285 2446 {emper
2294 2408 2411 2439 fictum:

1317 2454 1429 2482 quoque
1436 2447 1535 2476 arduus
1546 2446 1685 2476 volutetur
1694 2447 1766 2475 inter
1777 2446 1893 2475 insulam
1906 2448 1932 2475 dt
1944 2447 2145 2481 continentem,
2159 2447 2213 2475 hoc
2222 2447 2308 2476 acrius
2319 2447 2413 2476 furere.

1297 2482 1436 2519 AEstuare,
1458 2485 1473 2520 [
1488 2485 1611 2520 ὶλφῇςῖν]
1633 2485 1701 2521 Angi
1714 2506 1721 2520 ,
1753 2487 1779 2514 ἅ
1800 2494 1865 2513 cum
1877 2485 2038 2521 aegritudine
2052 2485 2137 2513 animi
2156 2484 2303 2513 sollicitum
2317 2487 2341 2514 ἃ
2354 2495 2412 2522 per-

1317 2520 1457 2550 turbatum
1475 2521 1536 2551 effe.
1559 2521 1617 2551 Cic.
1632 2523 1666 2551 de
1678 2521 1769 2559 Arusp.
1788 2521 1866 2559 Resp.
1877 2531 1902 2550 2.
1942 2522 2079 2559 Exanguis
2090 2531 2171 2559 atque
2183 2522 2295 2552 aestuans
2309 2522 2335 2551 sc
2345 2533 2359 2551 e
2370 2533 2416 2551 cu-

1316 2559 1356 2587 ria
1376 2560 1513 2597 proripuit
1526 2569 1592 2589 cum
1608 2560 1773 2597 quibusdam
1793 2560 1883 2588 fractis
1894 2560 1949 2595 jam
1960 2567 2041 2597 atque
2054 2560 2183 2589 inanibus
2196 2561 2287 2589 minis.
2324 2560 2416 2590 Trala-

1317 2597 1358 2625 tio
1369 2598 1450 2626 dut‘ta
1464 2598 1568 2626 amaris
1583 2598 1688 2627 aestibus
1703 2607 1778 2626 nunc
1789 2596 1996 2633 accedentibus,
2012 2608 2088 2627 nunc
2096 2597 2298 2628 recedentibus.
2339 2600 2354 2634 [
2367 2599 2413 2627 Po-

1315 2635 1372 2664 tius
1385 2635 1418 2663 ab
1433 2635 1496 2664 cestu
1512 2635 1645 2665 &sudore
1658 2635 1841 2664 laborantium
1853 2635 1882 2663 in
1896 2635 1959 2671 aliq.
1975 2645 2010 2665 re.

1297 2672 1419 2703 AEstuare
1432 2673 1462 2702 in
1479 2683 1584 2702 aurum.
1606 2673 1703 2702 Claud.
1723 2674 1752 2701 in
1763 2673 1875 2710 Eutrop.
1895 2672 1943 2702 lib.
1959 2683 1982 2702 1..

1378 2710 1428 2740 Iste
1443 2720 1495 2740 nec
1516 2711 1656 2740 Eunuchis
1671 2710 1795 2748 placidus
1806 2733 1814 2747 ,
1834 2711 1881 2740 sed
1892 2711 1972 2748 pejus
1987 2711 2017 2740 in
2037 2720 2134 2741 aur-um

1296 2746 1389 2777 Pudor
1403 2749 1495 2778 aestuat
1508 2749 1537 2778 in
1551 2749 1643 2778 corde.
1666 2749 1738 2786 Virg.
1758 2759 1800 2778 10.
1821 2749 1884 2779 AEn.
1903 2747 1966 2786 870.

1295 2785 1449 2816 Insolenter
1469 2787 1585 2816 aestuare.
1617 2786 1706 2816 Catu-l.
1726 2796 1771 2816 22..

1295 2823 1408 2853 Lenius.
1431 2825 1514 2854 Ovid.
1527 2835 1552 2860 9.
1574 2824 1643 2854 Met.
1661 2829 1725 2862 764.

1295 2861 1416 2892 IEstuare
1428 2864 1453 2892 ἃ
1466 2862 1641 2900 tergiversari.
1668 2863 1727 2892 Cic.
1741 2871 1791 2900 pro
1802 2862 1892 2892 Flaoc.
1905 2871 1951 2899 47.
1971 2860 2056 2893 Hunc
2069 2862 2226 2891 aestuantem
2244 2861 2269 2890 Sc
2284 2861 2409 2898 tergiver-

1314 2899 1419 2930 santem
1434 2901 1540 2937 judicio
1552 2900 1599 2930 ille
1615 2901 1792 2938 persequitur.

1297 2937 1503 2976 Cupiditatibus
1524 2939 1641 2968 aestuare.
1664 2938 1771 2968 Firmic.
1784 2937 1833 2967 li-b.
1848 2947 1872 2974 3.
1889 2947 1952 2976 cap.
1962 2943 1992 2972 8.
2140 2974 2145 2978 ι
2189 2973 2194 2977 ,

1295 2975 1485 3006 Dubitatione.
1508 2976 1566 3006 Cic.
1589 2988 1615 3013 4.
1638 2976 1711 3006 Verr.
1735 2985 1780 3012 74.
1818 2976 1912 3013 Itaque
1933 2975 2061 3005 aestuabat
2081 2974 2265 3008 dubitatione,
2287 2973 2407 3003 versabat

1314 3014 1341 3043 se
1360 3015 1389 3043 in
1410 3022 1544 3052 utrunque
1569 3021 1694 3052 partem,
1714 3024 1774 3043 non
1787 3013 1875 3042 solum
1888 3021 1998 3048 mente,
2019 3012 2195 3041 verumetiam
2209 3020 2332 3053 corpore.
2352 3049 2357 3053 θ
2384 3050 2388 3054 .

1298 3052 1420 3083 ffistuare
1432 3053 1545 3082 invidia..
1566 3051 1672 3082 Sallust.
1695 3052 1753 3082 Cat.
1766 3052 1798 3081 C.
1812 3061 1854 3088 32.
1877 3052 1996 3089 Natique
2014 3050 2141 3088 pleraque
2158 3047 2284 3077 nobilitas
2303 3049 2407 3078 invidia

1256 3091 1458 3164 Εςξίὶυὲἳξιὲἳ
1480 3129 1559 3158 ansts,
1579 3127 1676 3158 partic,
1698 3129 1716 3165 ‘[
1727 3124 1872 3164 κυμιάνων]
1894 3127 1983 3157 CatuL
2005 3131 2046 3162 58-
2067 3125 2165 3154 Animo
2178 3123 2306 3152 aestuantc
2317 3124 2406 3152 rursus

1295 3166 1416 3196 reditum
1434 3167 1469 3196 ad
1483 3167 1552 3196 vada
1570 3167 1672 3196 retulit.

2347 171 2412 205 103

2076 909 2115 938 Dc
2133 910 2268 944 ejusmodi
2289 910 2416 939 aestuariis

2255 1543 2366 1573 Raecius
2378 1545 2417 1574 de

2227 1918 2272 1948 Sic
2280 1941 2288 1955 ,
2307 1917 2416 1948 Fornax

2225 2711 2335 2741 JEstnat

1295 3205 1445 3234 AEstuantia
1455 3205 1620 3242 refrigerare.
1642 3204 1711 3234 Plin.
1726 3203 1775 3233 lib.
1793 3212 1833 3240 17.
1856 3212 1915 3241 cap.
1927 3213 1953 3238 4.

1257 3243 1568 3277 AEsruitssuunus,
1590 3243 1650 3278 Adj.
1673 3242 1759 3271 Idem.
1781 3241 1937 3270 Palladii.
1956 3248 1996 3282 17.
2218 3274 2250 3279 ..
2366 3275 2372 3280 θ

1256 3281 1466 3311 ἱΕεΤυΑτιο
1479 3303 1487 3316 ,
1508 3281 1578 3310 onis.
1601 3281 1619 3309 f.
1643 3277 1806 3316 [κύμμνσις]
1827 3285 1857 3307 ut
1873 3278 2002 3308 ffisturitio
2015 3273 2181 3303 urbanorum
2196 3283 2308 3317 civium.
2333 3272 2403 3304 rslm.

1294 3317 1342 3347 lib.
1360 3325 1400 3352 18.
1413 3329 1472 3356 cap.
1493 3329 1514 3347 i.
1549 3319 1678 3355 Quorum
1693 3317 1869 3346 aestimatione
1879 3318 1905 3345 ὃς
1917 3314 2016 3352 gaudio
2025 3321 2076 3341 nos
2085 3320 2194 3354 quoque
2203 3311 2304 3354 relictis
2315 3312 2406 3341 astiti-

1294 3357 1365 3385 tioni
1380 3356 1432 3386 suae
1453 3356 1507 3385 istis
1519 3356 1666 3385 hominum
1675 3355 1779 3388 turbis,
1801 3362 1943 3391 pergamus
1963 3349 2089 3380 excolere
2110 3357 2202 3394 vitam.
2224 3359 2243 3393 ι.
2262 3359 2287 3392 e.
2320 3351 2406 3393 '‘5¹³⁰ss

1293 3394 1434 3423 mentibus
1453 3393 1593 3423 desideri-is
1605 3396 1631 3423 oz
1647 3391 1853 3431 cupiditatibus.
1875 3391 1920 3419 hic
1931 3399 1994 3418 vcro
2004 3396 2057 3416 tres
2075 3387 2153 3416 MSS.
2169 3386 2243 3416 Libri
2263 3388 2406 3416 hxuieom

1294 3431 1412 3468 liabent,
1434 3432 1578 3461 Harduino
1597 3431 1720 3460 testante.
1852 3461 1856 3470 7
2033 3463 2039 3471 Ι
2337 3463 2343 3467 ,

1255 3468 1290 3499 AE
1299 3478 1310 3498 S
1320 3480 1365 3499 Tu
1374 3474 1391 3500 6
1402 3480 1413 3499 s
1422 3480 1440 3498 u
1449 3480 1461 3499 s
1473 3492 1480 3504 ,
1513 3470 1573 3502 Adi.
1595 3471 1609 3504 [
1621 3466 1749 3501 πνιγώὺς,
1778 3461 1912 3498 navo-naht,
1937 3459 2102 3506 ξρασμαῷὴς]
2124 3462 2211 3498 Quod
2235 3463 2297 3491 aestu
2306 3485 2315 3497 ,
2328 3473 2355 3508 „¹-
2377 3473 2403 3506 e.

1294 3508 1385 3537 calore
1401 3507 1517 3545 plenum
1533 3507 1579 3535 est.
1603 3504 1739 3535 Columel.
1758 3503 1804 3532 lib.
1820 3513 1860 3531 ii.
1876 3511 1900 3531 c.
1913 3510 1938 3530 2.
1969 3501 2093 3538 Septimo
2107 3500 2165 3529 Cal.
2178 3501 2307 3537 Augustas
2321 3505 2406 3529 ‘cani-

1293 3547 1357 3576 cula
1370 3553 1500 3583 apparct,
1516 3544 1604 3581 caligo
1622 3542 1736 3572 iestiiosa.
1862 3577 1867 3582 Ι
1977 3576 1982 3581 .
2038 3575 2042 3580 ⁴

1293 3584 1431 3615 AEstuofiis
1443 3583 1534 3612 Auster
1544 3604 1552 3616 ,
1576 3581 1723 3610 Vulturnus
1732 3582 1757 3607 δε
1768 3577 1911 3619 Favonius.
1944 3575 2012 3605 Plin.
2026 3574 2072 3618 lib.
2085 3585 2109 3604 2.
2118 3585 2180 3613 cap.
2191 3584 2236 3611 47.

1293 3621 1414 3654 AEstuosa
1434 3622 1459 3650 S:
1472 3618 1663 3658 pulverulenta
1673 3618 1716 3645 via
1729 3617 1778 3660 iter
1790 3613 1981 3643 ConhCiebam.
2004 3614 2062 3643 Cic.
2078 3625 2100 3650 5.
2125 3615 2178 3642 Att.
2199 3623 2240 3648 14.

1293 3659 1419 3690 Calabria
1435 3657 1551 3687 aestuosa.
1583 3657 1648 3685 Hor.
1672 3665 1694 3682 i.
1724 3654 1811 3681 Carni.
1827 3661 1868 3688 31.
1882 3663 1906 3687 5.

1293 3698 1390 3734 Caligo
1404 3695 1520 3725 aestuosa.
1562 3693 1590 3721 V.
1614 3703 1635 3721 ee
1645 3702 1656 3720 s
1664 3701 1683 3719 τ
1692 3700 1733 3719 co
1743 3700 1754 3718 s
1765 3700 1781 3732 [ἦ
1791 3700 1811 3718 s.
2145 3726 2150 3731 ⁸
2249 3724 2258 3730 .

1292 3735 1405 3765 Coelum
1424 3731 1573 3761 asstuosum.
1601 3727 1735 3758 Columel.
1755 3727 1802 3756 lib.
1823 3738 1849 3762 4.
1880 3724 1995 3755 Coelum
2010 3735 2101 3764 neque
2123 3724 2212 3755 nivale
2233 3734 2331 3761 vinea,
2352 3734 2404 3755 nec

1311 3772 1399 3802 rursus
1411 3768 1551 3799 restuosum
1561 3767 1702 3796 desiderat.

1292 3811 1380 3841 freta.
1404 3808 1469 3836 Hor.
1482 3816 1506 3834 2.
1530 3805 1618 3834 Carni.
1631 3814 1655 3840 7.
1678 3806 1718 3832 16.
1742 3801 1788 3831 Ob
1804 3801 1881 3830 aestus
1895 3801 2056 3831 maritimos.

1291 3845 1468 3885 liupotentia.
1490 3843 1556 3871 Hor.
1571 3841 1658 3884 Epod.
1677 3845 1718 3870 16.
1734 3844 1778 3869 62.
1895 3877 1900 3882 “
2103 3876 2109 3882 .
2163 3876 2170 3882 ἱ
2253 3875 2260 3883 Ἰ
2274 3886 2278 3888 Π
2347 3875 2353 3880 .

1290 3886 1406 3923 jupiter.
1428 3882 1455 3910 h.
1477 3889 1501 3909 e.
1522 3879 1630 3916 Jupiter
1652 3879 1786 3912 Ammon,
1810 3876 1934 3912 adcujus
1945 3875 2086 3905 oraculum
2102 3886 2131 3905 in
2141 3874 2226 3905 Libva
2239 3874 2405 3912 Cyrenaica,

1312 3922 1405 3952 Austro
1419 3919 1512 3951 flante,
1525 3916 1561 3946 lic
1583 3918 1719 3954 agitantur
1733 3917 1759 3945 <Sc
1774 3915 1885 3944 aestuant
1895 3924 1981 3943 arenae
1991 3936 1998 3948 ,
2022 3921 2052 3943 ut
2063 3924 2136 3944 mare
2148 3909 2284 3944 fluetibus.
2304 3912 2409 3941 Autho-

1312 3970 1356 3991 res
1366 3957 1476 3992 rimus,
1498 3954 1574 3985 Mela
1591 3977 1598 3991 ,
1626 3954 1756 3988 Solinus,
1780 3952 1903 3983 Catullus
1914 3962 1939 3988 7.
1962 3952 2037 3991 Epig.
2310 3985 2399 4016 Locus
