<?xml version="1.0" encoding="UTF-8"?>
<!DOCTYPE html PUBLIC "-//W3C//DTD XHTML 1.0 Transitional//EN"
    "http://www.w3.org/TR/xhtml1/DTD/xhtml1-transitional.dtd">
<html xmlns="http://www.w3.org/1999/xhtml" xml:lang="en" lang="en">
 <head>
  <title>
</title>
<meta http-equiv="Content-Type" content="text/html;charset=utf-8" />
  <meta name='ocr-system' content='tesseract 3.04.00' />
  <meta name='ocr-capabilities' content='ocr_page ocr_carea ocr_par ocr_line ocrx_word'/>
</head>
<body>
  <div class='ocr_page' id='page_1' title='image "./robertistephanil01esti_0772.png"; bbox 0 0 2604 4222; ppageno 0'>
   <div class='ocr_carea' id='block_1_1' title="bbox 151 56 848 114">
    <p class='ocr_par' dir='ltr' id='par_1_1' title="bbox 151 56 848 114">
     <span class='ocr_line' id='line_1_1' title="bbox 151 56 848 114; baseline 0.001 -6"><span class='ocrx_word' id='word_1_1' title='bbox 151 58 224 114; x_wconf 36' lang='lat'>698*</span> <span class='ocrx_word' id='word_1_2' title='bbox 560 60 590 95; x_wconf 85' lang='lat' dir='ltr'>C</span> <span class='ocrx_word' id='word_1_3' title='bbox 688 58 722 93; x_wconf 90' lang='lat' dir='ltr'>O</span> <span class='ocrx_word' id='word_1_4' title='bbox 819 56 848 90; x_wconf 81' lang='lat' dir='ltr'>R</span> 
     </span>
    </p>
   </div>
   <div class='ocr_carea' id='block_1_2' title="bbox 176 125 1303 367">
    <p class='ocr_par' dir='ltr' id='par_1_2' title="bbox 176 125 1303 367">
     <span class='ocr_line' id='line_1_2' title="bbox 211 125 1301 180; baseline -0.028 1"><span class='ocrx_word' id='word_1_5' title='bbox 211 151 238 180; x_wconf 61' lang='lat' dir='ltr'>&amp;c</span> <span class='ocrx_word' id='word_1_6' title='bbox 249 149 275 178; x_wconf 89' lang='lat' dir='ltr'>in</span> <span class='ocrx_word' id='word_1_7' title='bbox 290 148 439 179; x_wconf 58' lang='lat' dir='ltr'>anfractum</span> <span class='ocrx_word' id='word_1_8' title='bbox 451 145 567 175; x_wconf 83' lang='lat' dir='ltr'>arietum</span> <span class='ocrx_word' id='word_1_9' title='bbox 579 140 689 179; x_wconf 82' lang='lat' dir='ltr'>generi:</span> <span class='ocrx_word' id='word_1_10' title='bbox 710 133 900 177; x_wconf 73' lang='lat' dir='ltr'>rupicaprisin</span> <span class='ocrx_word' id='word_1_11' title='bbox 911 130 1018 161; x_wconf 88' lang='lat' dir='ltr'>dorsum</span> <span class='ocrx_word' id='word_1_12' title='bbox 1030 128 1139 170; x_wconf 74' lang='lat' dir='ltr'>adunca</span> <span class='ocrx_word' id='word_1_13' title='bbox 1148 148 1155 161; x_wconf 91' lang='lat'>,</span> <span class='ocrx_word' id='word_1_14' title='bbox 1177 125 1263 154; x_wconf 71' lang='lat' dir='ltr'>damis</span> <span class='ocrx_word' id='word_1_15' title='bbox 1272 131 1301 165; x_wconf 76' lang='lat' dir='ltr'>in</span> 
     </span>
     <span class='ocr_line' id='line_1_3' title="bbox 176 162 1303 217; baseline -0.028 2"><span class='ocrx_word' id='word_1_16' title='bbox 176 189 177 192; x_wconf 68' lang='grc'>’</span> <span class='ocrx_word' id='word_1_17' title='bbox 212 187 352 217; x_wconf 83' lang='lat' dir='ltr'>adversum</span> <span class='ocrx_word' id='word_1_18' title='bbox 364 196 370 215; x_wconf 78' lang='lat' dir='ltr'>z</span> <span class='ocrx_word' id='word_1_19' title='bbox 393 185 488 214; x_wconf 72' lang='lat' dir='ltr'>Erecta</span> <span class='ocrx_word' id='word_1_20' title='bbox 500 188 591 211; x_wconf 82' lang='lat' dir='ltr'>autem</span> <span class='ocrx_word' id='word_1_21' title='bbox 601 183 782 215; x_wconf 83' lang='lat' dir='ltr'>rugarumque</span> <span class='ocrx_word' id='word_1_22' title='bbox 792 172 895 201; x_wconf 76' lang='lat' dir='ltr'>ambitu</span> <span class='ocrx_word' id='word_1_23' title='bbox 909 175 1035 213; x_wconf 72' lang='lat' dir='ltr'>contorta</span> <span class='ocrx_word' id='word_1_24' title='bbox 1047 188 1055 200; x_wconf 94' lang='lat'>,</span> <span class='ocrx_word' id='word_1_25' title='bbox 1075 167 1101 195; x_wconf 71' lang='grc' dir='ltr'>δι</span> <span class='ocrx_word' id='word_1_26' title='bbox 1116 174 1145 207; x_wconf 83' lang='lat' dir='ltr'>1n</span> <span class='ocrx_word' id='word_1_27' title='bbox 1158 163 1218 205; x_wconf 82' lang='lat' dir='ltr'>leve</span> <span class='ocrx_word' id='word_1_28' title='bbox 1233 162 1303 190; x_wconf 75' lang='lat' dir='ltr'>fasti-</span> 
     </span>
     <span class='ocr_line' id='line_1_4' title="bbox 215 199 1301 262; baseline -0.026 -7"><span class='ocrx_word' id='word_1_29' title='bbox 215 226 289 262; x_wconf 86' lang='lat' dir='ltr'>gium</span> <span class='ocrx_word' id='word_1_30' title='bbox 310 229 424 253; x_wconf 85' lang='lat' dir='ltr'>exacuta</span> <span class='ocrx_word' id='word_1_31' title='bbox 445 223 497 255; x_wconf 86' lang='lat' dir='ltr'>(ut</span> <span class='ocrx_word' id='word_1_32' title='bbox 516 219 578 248; x_wconf 90' lang='lat' dir='ltr'>liras</span> <span class='ocrx_word' id='word_1_33' title='bbox 599 215 723 247; x_wconf 83' lang='lat' dir='ltr'><strong>diceres)</strong></span> <span class='ocrx_word' id='word_1_34' title='bbox 743 209 928 253; x_wconf 72' lang='lat' dir='ltr'>strepsiceroti.</span> <span class='ocrx_word' id='word_1_35' title='bbox 968 205 1035 234; x_wconf 82' lang='lat' dir='ltr'>Haec</span> <span class='ocrx_word' id='word_1_36' title='bbox 1054 212 1088 232; x_wconf 85' lang='lat' dir='ltr'>ex</span> <span class='ocrx_word' id='word_1_37' title='bbox 1100 201 1170 232; x_wconf 79' lang='lat' dir='ltr'>Plrn.</span> <span class='ocrx_word' id='word_1_38' title='bbox 1195 199 1244 229; x_wconf 80' lang='lat' dir='ltr'>lib.</span> <span class='ocrx_word' id='word_1_39' title='bbox 1259 207 1301 227; x_wconf 89' lang='lat'>11.</span> 
     </span>
     <span class='ocr_line' id='line_1_5' title="bbox 215 242 1048 300; baseline -0.03 -6"><span class='ocrx_word' id='word_1_40' title='bbox 215 273 275 300; x_wconf 66' lang='lat' dir='ltr'>cap.</span> <span class='ocrx_word' id='word_1_41' title='bbox 289 270 331 298; x_wconf 87' lang='lat'>37.</span> <span class='ocrx_word' id='word_1_42' title='bbox 353 258 496 290; x_wconf 86' lang='lat' dir='ltr'>ubimulta</span> <span class='ocrx_word' id='word_1_43' title='bbox 508 263 640 286; x_wconf 89' lang='lat' dir='ltr'>cornuum</span> <span class='ocrx_word' id='word_1_44' title='bbox 652 258 750 288; x_wconf 85' lang='lat' dir='ltr'>genera</span> <span class='ocrx_word' id='word_1_45' title='bbox 762 248 864 290; x_wconf 72' lang='lat' dir='ltr'>vndeto.</span> <span class='ocrx_word' id='word_1_46' title='bbox 899 243 938 288; x_wconf 75' lang='grc' dir='ltr'>ᾼΙ.</span> <span class='ocrx_word' id='word_1_47' title='bbox 958 242 1048 279; x_wconf 85' lang='lat' dir='ltr'>Lyras.</span> 
     </span>
     <span class='ocr_line' id='line_1_6' title="bbox 197 278 1140 336; baseline -0.028 -5"><span class='ocrx_word' id='word_1_48' title='bbox 197 301 274 331; x_wconf 73' lang='lat' dir='ltr'>neria</span> <span class='ocrx_word' id='word_1_49' title='bbox 283 308 370 336; x_wconf 78' lang='lat' dir='ltr'>caprae</span> <span class='ocrx_word' id='word_1_50' title='bbox 381 306 484 327; x_wconf 85' lang='lat' dir='ltr'>cornua</span> <span class='ocrx_word' id='word_1_51' title='bbox 495 317 503 329; x_wconf 85' lang='lat'>,</span> <span class='ocrx_word' id='word_1_52' title='bbox 523 302 570 330; x_wconf 87' lang='lat' dir='ltr'>per</span> <span class='ocrx_word' id='word_1_53' title='bbox 581 287 758 333; x_wconf 80' lang='lat' dir='ltr'>Hyperbolen</span> <span class='ocrx_word' id='word_1_54' title='bbox 773 285 845 313; x_wconf 77' lang='lat' dir='ltr'>dlxlt</span> <span class='ocrx_word' id='word_1_55' title='bbox 858 281 943 311; x_wconf 83' lang='lat' dir='ltr'>Ovrd.</span> <span class='ocrx_word' id='word_1_56' title='bbox 963 291 986 316; x_wconf 86' lang='lat'>5.</span> <span class='ocrx_word' id='word_1_57' title='bbox 999 278 1065 309; x_wconf 87' lang='lat' dir='ltr'>Fast.</span> <span class='ocrx_word' id='word_1_58' title='bbox 1077 285 1140 312; x_wconf 84' lang='lat'>119.</span> 
     </span>
     <span class='ocr_line' id='line_1_7' title="bbox 197 322 868 367; baseline -0.028 1"><span class='ocrx_word' id='word_1_59' title='bbox 197 338 316 367; x_wconf 79' lang='lat' dir='ltr'>Arborea</span> <span class='ocrx_word' id='word_1_60' title='bbox 327 343 468 365; x_wconf 85' lang='lat' dir='ltr'>cervorum</span> <span class='ocrx_word' id='word_1_61' title='bbox 480 338 587 361; x_wconf 89' lang='lat' dir='ltr'>cornua.</span> <span class='ocrx_word' id='word_1_62' title='bbox 607 327 651 355; x_wconf 77' lang='lat' dir='ltr'>Vir</span> <span class='ocrx_word' id='word_1_63' title='bbox 672 347 677 354; x_wconf 96' lang='lat'>.</span> <span class='ocrx_word' id='word_1_64' title='bbox 692 335 715 354; x_wconf 87' lang='lat'>1.</span> <span class='ocrx_word' id='word_1_65' title='bbox 730 322 792 353; x_wconf 80' lang='lat' dir='ltr'>AEn.</span> <span class='ocrx_word' id='word_1_66' title='bbox 807 330 868 356; x_wconf 86' lang='lat'>190.</span> 
     </span>
    </p>
   </div>
   <div class='ocr_carea' id='block_1_3' title="bbox 198 367 1302 443">
    <p class='ocr_par' dir='ltr' id='par_1_3' title="bbox 198 367 1302 443">
     <span class='ocr_line' id='line_1_8' title="bbox 198 367 1302 443; baseline -0.026 0"><span class='ocrx_word' id='word_1_67' title='bbox 198 367 840 443; x_wconf 43' lang='grc' dir='ltr'>ἐὲζιῗῖιῖἷέἒτῐῐὶῑιῗέῗῐδῦιῖἐηέεῐῐῦἰοῗοῐῧήῗὶξὲζ</span> <span class='ocrx_word' id='word_1_68' title='bbox 849 394 971 424; x_wconf 83' lang='lat' dir='ltr'>Camerae</span> <span class='ocrx_word' id='word_1_69' title='bbox 981 390 1166 430; x_wconf 82' lang='lat' dir='ltr'>appellantur.</span> <span class='ocrx_word' id='word_1_70' title='bbox 1184 387 1257 424; x_wconf 83' lang='lat' dir='ltr'>Virg.</span> <span class='ocrx_word' id='word_1_71' title='bbox 1277 394 1302 422; x_wconf 88' lang='lat'>3.</span> 
     </span>
    </p>
   </div>
   <div class='ocr_carea' id='block_1_4' title="bbox 199 451 1301 556">
    <p class='ocr_par' dir='ltr' id='par_1_4' title="bbox 199 451 1301 556">
     <span class='ocr_line' id='line_1_9' title="bbox 217 451 1301 511; baseline -0.025 5"><span class='ocrx_word' id='word_1_72' title='bbox 217 451 315 486; x_wconf 45' lang='lat' dir='ltr'>Georss.</span> <span class='ocrx_word' id='word_1_73' title='bbox 332 458 374 484; x_wconf 44' lang='lat'>55⁶</span> <span class='ocrx_word' id='word_1_74' title='bbox 397 498 433 504; x_wconf 94' lang='lat'>——</span> <span class='ocrx_word' id='word_1_75' title='bbox 442 483 468 511; x_wconf 69' lang='grc' dir='ltr'><strong>ἃ</strong></span> <span class='ocrx_word' id='word_1_76' title='bbox 479 478 595 509; x_wconf 89' lang='lat' dir='ltr'>camuris</span> <span class='ocrx_word' id='word_1_77' title='bbox 603 476 679 506; x_wconf 81' lang='lat' dir='ltr'>hirtae</span> <span class='ocrx_word' id='word_1_78' title='bbox 690 473 738 503; x_wconf 92' lang='lat' dir='ltr'>sub</span> <span class='ocrx_word' id='word_1_79' title='bbox 749 470 880 501; x_wconf 87' lang='lat' dir='ltr'>cornibus</span> <span class='ocrx_word' id='word_1_80' title='bbox 891 477 979 498; x_wconf 91' lang='lat' dir='ltr'>aures.</span> <span class='ocrx_word' id='word_1_81' title='bbox 1058 464 1091 493; x_wconf 88' lang='lat' dir='ltr'>V.</span> <span class='ocrx_word' id='word_1_82' title='bbox 1114 473 1132 492; x_wconf 84' lang='lat' dir='ltr'>e</span> <span class='ocrx_word' id='word_1_83' title='bbox 1140 473 1157 507; x_wconf 53' lang='lat' dir='ltr'>a</span> <span class='ocrx_word' id='word_1_84' title='bbox 1166 473 1187 491; x_wconf 80' lang='lat' dir='ltr'>M</span> <span class='ocrx_word' id='word_1_85' title='bbox 1197 472 1215 491; x_wconf 91' lang='lat' dir='ltr'>u</span> <span class='ocrx_word' id='word_1_86' title='bbox 1224 472 1240 491; x_wconf 73' lang='lat' dir='ltr'>a</span> <span class='ocrx_word' id='word_1_87' title='bbox 1252 471 1270 491; x_wconf 86' lang='lat' dir='ltr'>u</span> <span class='ocrx_word' id='word_1_88' title='bbox 1279 470 1301 490; x_wconf 80' lang='lat' dir='ltr'>s.</span> 
     </span>
     <span class='ocr_line' id='line_1_10' title="bbox 199 502 1213 556; baseline -0.026 -1"><span class='ocrx_word' id='word_1_89' title='bbox 199 525 313 556; x_wconf 79' lang='lat' dir='ltr'>Flexum</span> <span class='ocrx_word' id='word_1_90' title='bbox 328 522 429 551; x_wconf 89' lang='lat' dir='ltr'>circum</span> <span class='ocrx_word' id='word_1_91' title='bbox 444 527 506 548; x_wconf 80' lang='lat' dir='ltr'>cava</span> <span class='ocrx_word' id='word_1_92' title='bbox 518 523 641 552; x_wconf 89' lang='lat' dir='ltr'>tempora</span> <span class='ocrx_word' id='word_1_93' title='bbox 650 521 746 542; x_wconf 89' lang='lat' dir='ltr'>cornu.</span> <span class='ocrx_word' id='word_1_94' title='bbox 767 508 850 538; x_wconf 88' lang='lat' dir='ltr'>Ovid.</span> <span class='ocrx_word' id='word_1_95' title='bbox 862 516 888 545; x_wconf 92' lang='lat'>7.</span> <span class='ocrx_word' id='word_1_96' title='bbox 901 506 969 536; x_wconf 84' lang='lat' dir='ltr'>Met.</span> <span class='ocrx_word' id='word_1_97' title='bbox 984 511 1046 541; x_wconf 81' lang='lat'>313.</span> <span class='ocrx_word' id='word_1_98' title='bbox 1067 502 1109 532; x_wconf 88' lang='lat' dir='ltr'>Dc</span> <span class='ocrx_word' id='word_1_99' title='bbox 1119 507 1213 531; x_wconf 79' lang='lat' dir='ltr'>ariete.</span> 
     </span>
    </p>
   </div>
   <div class='ocr_carea' id='block_1_5' title="bbox 192 554 1303 1002">
    <p class='ocr_par' dir='ltr' id='par_1_5' title="bbox 192 554 1303 1002">
     <span class='ocr_line' id='line_1_11' title="bbox 197 554 774 592; baseline -0.029 0"><span class='ocrx_word' id='word_1_100' title='bbox 197 562 301 592; x_wconf 67' lang='lat' dir='ltr'>inflexa</span> <span class='ocrx_word' id='word_1_101' title='bbox 311 561 338 588; x_wconf 84' lang='lat' dir='ltr'>in</span> <span class='ocrx_word' id='word_1_102' title='bbox 349 558 374 587; x_wconf 90' lang='lat' dir='ltr'>se</span> <span class='ocrx_word' id='word_1_103' title='bbox 384 565 494 587; x_wconf 84' lang='lat' dir='ltr'>cornua.</span> <span class='ocrx_word' id='word_1_104' title='bbox 524 554 554 583; x_wconf 91' lang='lat' dir='ltr'>In</span> <span class='ocrx_word' id='word_1_105' title='bbox 575 562 611 581; x_wconf 79' lang='lat' dir='ltr'>rN</span> <span class='ocrx_word' id='word_1_106' title='bbox 623 563 635 579; x_wconf 78' lang='lat' dir='ltr'>r</span> <span class='ocrx_word' id='word_1_107' title='bbox 644 560 681 579; x_wconf 65' lang='grc' dir='ltr'>ιιι</span> <span class='ocrx_word' id='word_1_108' title='bbox 692 558 738 592; x_wconf 64' lang='lat' dir='ltr'>cr·</span> <span class='ocrx_word' id='word_1_109' title='bbox 747 557 774 576; x_wconf 91' lang='lat' dir='ltr'>o.</span> 
     </span>
     <span class='ocr_line' id='line_1_12' title="bbox 198 584 886 657; baseline -0.026 -28"><span class='ocrx_word' id='word_1_110' title='bbox 198 598 321 634; x_wconf 78' lang='lat' dir='ltr'>Larisque</span> <span class='ocrx_word' id='word_1_111' title='bbox 331 591 577 657; x_wconf 58' lang='lat' dir='ltr'>sericornibusgrri.</span> <span class='ocrx_word' id='word_1_112' title='bbox 599 590 662 619; x_wconf 87' lang='lat' dir='ltr'>Sen.</span> <span class='ocrx_word' id='word_1_113' title='bbox 678 584 790 624; x_wconf 81' lang='lat' dir='ltr'>Hippol.</span> <span class='ocrx_word' id='word_1_114' title='bbox 802 593 827 613; x_wconf 91' lang='lat' dir='ltr'>v.</span> <span class='ocrx_word' id='word_1_115' title='bbox 840 586 886 618; x_wconf 81' lang='lat'>65.</span> 
     </span>
     <span class='ocr_line' id='line_1_13' title="bbox 415 636 1200 660; baseline -0.02 12"><span class='ocrx_word' id='word_1_116' title='bbox 415 643 418 647; x_wconf 50' lang='grc' dir='ltr'>ι</span> <span class='ocrx_word' id='word_1_117' title='bbox 463 653 469 660; x_wconf 64' lang='grc'><em>.</em></span> <span class='ocrx_word' id='word_1_118' title='bbox 500 651 506 659; x_wconf 63' lang='grc'><em>,</em></span> <span class='ocrx_word' id='word_1_119' title='bbox 542 636 551 656; x_wconf 64' lang='lat' dir='ltr'>x</span> <span class='ocrx_word' id='word_1_120' title='bbox 576 650 583 657; x_wconf 44' lang='lat'><strong>⁹</strong></span> <span class='ocrx_word' id='word_1_121' title='bbox 1048 653 1053 659; x_wconf 80' lang='grc' dir='ltr'>ι</span> <span class='ocrx_word' id='word_1_122' title='bbox 1153 650 1158 656; x_wconf 79' lang='grc' dir='ltr'>ι</span> <span class='ocrx_word' id='word_1_123' title='bbox 1194 649 1200 656; x_wconf 70' lang='grc' dir='ltr'>ι</span> 
     </span>
     <span class='ocr_line' id='line_1_14' title="bbox 197 633 1303 706; baseline -0.024 -3"><span class='ocrx_word' id='word_1_124' title='bbox 197 633 494 706; x_wconf 45' lang='grc' dir='ltr'><strong>ξῖἶιιτῖηῗῗῖεῐῗέἑιζξίξι.ἳ</strong></span> <span class='ocrx_word' id='word_1_125' title='bbox 518 639 585 695; x_wconf 66' lang='lat' dir='ltr'>Ho‘i.</span> <span class='ocrx_word' id='word_1_126' title='bbox 596 673 622 701; x_wconf 86' lang='lat'>3.</span> <span class='ocrx_word' id='word_1_127' title='bbox 634 663 723 693; x_wconf 87' lang='lat' dir='ltr'>Carm.</span> <span class='ocrx_word' id='word_1_128' title='bbox 737 668 778 697; x_wconf 79' lang='lat'>13.</span> <span class='ocrx_word' id='word_1_129' title='bbox 787 669 815 696; x_wconf 86' lang='lat'>4.</span> <span class='ocrx_word' id='word_1_130' title='bbox 844 656 970 694; x_wconf 87' lang='lat' dir='ltr'>Turgida</span> <span class='ocrx_word' id='word_1_131' title='bbox 979 652 1108 685; x_wconf 79' lang='lat' dir='ltr'>cornibus</span> <span class='ocrx_word' id='word_1_132' title='bbox 1117 659 1215 689; x_wconf 81' lang='lat' dir='ltr'>primis</span> <span class='ocrx_word' id='word_1_133' title='bbox 1229 649 1303 680; x_wconf 82' lang='lat' dir='ltr'>frons</span> 
     </span>
     <span class='ocr_line' id='line_1_15' title="bbox 216 710 310 740; baseline -0.021 0"><span class='ocrx_word' id='word_1_134' title='bbox 216 710 310 740; x_wconf 83' lang='lat' dir='ltr'>hoedo.</span> 
     </span>
     <span class='ocr_line' id='line_1_16' title="bbox 197 739 663 780; baseline -0.021 -3"><span class='ocrx_word' id='word_1_135' title='bbox 197 747 311 778; x_wconf 84' lang='lat' dir='ltr'>Ramosa</span> <span class='ocrx_word' id='word_1_136' title='bbox 322 745 404 775; x_wconf 90' lang='lat' dir='ltr'>cervi.</span> <span class='ocrx_word' id='word_1_137' title='bbox 425 743 498 780; x_wconf 88' lang='lat' dir='ltr'>Virg.</span> <span class='ocrx_word' id='word_1_138' title='bbox 511 750 535 778; x_wconf 87' lang='lat'>7.</span> <span class='ocrx_word' id='word_1_139' title='bbox 549 739 606 770; x_wconf 85' lang='lat' dir='ltr'>Ecl.</span> <span class='ocrx_word' id='word_1_140' title='bbox 619 747 663 774; x_wconf 80' lang='lat'>30.</span> 
     </span>
     <span class='ocr_line' id='line_1_17' title="bbox 196 780 636 816; baseline -0.023 -1"><span class='ocrx_word' id='word_1_141' title='bbox 196 786 327 816; x_wconf 86' lang='lat' dir='ltr'>Recurva.</span> <span class='ocrx_word' id='word_1_142' title='bbox 354 782 437 812; x_wconf 88' lang='lat' dir='ltr'>Ovid.</span> <span class='ocrx_word' id='word_1_143' title='bbox 453 791 476 816; x_wconf 81' lang='grc' dir='ltr'>ς.</span> <span class='ocrx_word' id='word_1_144' title='bbox 492 780 559 809; x_wconf 80' lang='lat' dir='ltr'>Met.</span> <span class='ocrx_word' id='word_1_145' title='bbox 574 782 636 812; x_wconf 83' lang='lat'>3²8-</span> 
     </span>
     <span class='ocr_line' id='line_1_18' title="bbox 196 812 786 856; baseline -0.02 -4"><span class='ocrx_word' id='word_1_146' title='bbox 196 824 320 852; x_wconf 79' lang='lat' dir='ltr'>Recurva</span> <span class='ocrx_word' id='word_1_147' title='bbox 332 822 360 849; x_wconf 93' lang='lat' dir='ltr'>in</span> <span class='ocrx_word' id='word_1_148' title='bbox 373 827 486 856; x_wconf 77' lang='lat' dir='ltr'>tergum.</span> <span class='ocrx_word' id='word_1_149' title='bbox 509 816 592 846; x_wconf 88' lang='lat' dir='ltr'>Ovid.</span> <span class='ocrx_word' id='word_1_150' title='bbox 608 825 631 850; x_wconf 83' lang='grc' dir='ltr'>ς.</span> <span class='ocrx_word' id='word_1_151' title='bbox 647 812 712 843; x_wconf 83' lang='lat' dir='ltr'>Fast.</span> <span class='ocrx_word' id='word_1_152' title='bbox 726 819 786 846; x_wconf 84' lang='lat'>119.</span> 
     </span>
     <span class='ocr_line' id='line_1_19' title="bbox 193 855 628 897; baseline -0.021 -7"><span class='ocrx_word' id='word_1_153' title='bbox 193 861 332 897; x_wconf 79' lang='lat' dir='ltr'>Rigidum.</span> <span class='ocrx_word' id='word_1_154' title='bbox 355 858 439 887; x_wconf 85' lang='lat' dir='ltr'>Ovid.</span> <span class='ocrx_word' id='word_1_155' title='bbox 450 865 474 885; x_wconf 91' lang='lat'>2.</span> <span class='ocrx_word' id='word_1_156' title='bbox 487 855 552 884; x_wconf 87' lang='lat' dir='ltr'>Fast.</span> <span class='ocrx_word' id='word_1_157' title='bbox 566 855 628 888; x_wconf 84' lang='lat'>346.</span> 
     </span>
     <span class='ocr_line' id='line_1_20' title="bbox 194 888 958 932; baseline -0.024 -5"><span class='ocrx_word' id='word_1_158' title='bbox 194 898 316 927; x_wconf 78' lang='lat' dir='ltr'>sicciora</span> <span class='ocrx_word' id='word_1_159' title='bbox 327 904 441 932; x_wconf 85' lang='lat' dir='ltr'>corpora</span> <span class='ocrx_word' id='word_1_160' title='bbox 452 902 546 922; x_wconf 88' lang='lat' dir='ltr'>cornu.</span> <span class='ocrx_word' id='word_1_161' title='bbox 568 888 657 919; x_wconf 87' lang='lat' dir='ltr'>Catul.</span> <span class='ocrx_word' id='word_1_162' title='bbox 670 896 714 931; x_wconf 85' lang='lat'>².¹·</span> <span class='ocrx_word' id='word_1_163' title='bbox 728 896 770 930; x_wconf 86' lang='lat'>¹.²·</span> <span class='ocrx_word' id='word_1_164' title='bbox 953 899 958 909; x_wconf 83' lang='lat'>.</span> 
     </span>
     <span class='ocr_line' id='line_1_21' title="bbox 192 921 1017 964; baseline -0.021 0"><span class='ocrx_word' id='word_1_165' title='bbox 192 935 312 964; x_wconf 82' lang='lat' dir='ltr'><strong>Summis</strong></span> <span class='ocrx_word' id='word_1_166' title='bbox 322 935 366 961; x_wconf 86' lang='lat' dir='ltr'>vix</span> <span class='ocrx_word' id='word_1_167' title='bbox 375 931 503 961; x_wconf 84' lang='lat' dir='ltr'>cornibus</span> <span class='ocrx_word' id='word_1_168' title='bbox 512 935 606 958; x_wconf 70' lang='lat' dir='ltr'>extant</span> <span class='ocrx_word' id='word_1_169' title='bbox 615 936 696 956; x_wconf 80' lang='lat' dir='ltr'>cervi.</span> <span class='ocrx_word' id='word_1_170' title='bbox 717 924 790 962; x_wconf 78' lang='lat' dir='ltr'>Vrrg.</span> <span class='ocrx_word' id='word_1_171' title='bbox 806 931 828 960; x_wconf 76' lang='lat'>3.</span> <span class='ocrx_word' id='word_1_172' title='bbox 841 921 940 957; x_wconf 82' lang='lat' dir='ltr'>Georg.</span> <span class='ocrx_word' id='word_1_173' title='bbox 954 926 1017 957; x_wconf 77' lang='lat'>370.</span> 
     </span>
     <span class='ocr_line' id='line_1_22' title="bbox 194 970 604 1002; baseline -0.017 -1"><span class='ocrx_word' id='word_1_174' title='bbox 194 973 284 1002; x_wconf 84' lang='lat' dir='ltr'>Torva</span> <span class='ocrx_word' id='word_1_175' title='bbox 296 972 371 1000; x_wconf 82' lang='lat' dir='ltr'>tauri.</span> <span class='ocrx_word' id='word_1_176' title='bbox 393 970 491 998; x_wconf 78' lang='lat' dir='ltr'>Lucan.</span> <span class='ocrx_word' id='word_1_177' title='bbox 509 978 529 995; x_wconf 89' lang='lat'>1.</span> <span class='ocrx_word' id='word_1_178' title='bbox 541 971 604 995; x_wconf 79' lang='lat'>612.</span> 
     </span>
    </p>
   </div>
   <div class='ocr_carea' id='block_1_6' title="bbox 194 996 1298 1079">
    <p class='ocr_par' dir='ltr' id='par_1_6' title="bbox 194 996 1298 1079">
     <span class='ocr_line' id='line_1_23' title="bbox 194 996 1017 1043; baseline -0.018 -4"><span class='ocrx_word' id='word_1_179' title='bbox 194 1011 409 1039; x_wconf 80' lang='lat' dir='ltr'>Adderecornua</span> <span class='ocrx_word' id='word_1_180' title='bbox 423 1004 545 1043; x_wconf 83' lang='lat' dir='ltr'>pauperi.</span> <span class='ocrx_word' id='word_1_181' title='bbox 581 1003 611 1032; x_wconf 85' lang='lat' dir='ltr'>ln</span> <span class='ocrx_word' id='word_1_182' title='bbox 633 1008 742 1030; x_wconf 80' lang='lat' dir='ltr'>Anno.</span> <span class='ocrx_word' id='word_1_183' title='bbox 764 998 795 1027; x_wconf 91' lang='lat' dir='ltr'>V.</span> <span class='ocrx_word' id='word_1_184' title='bbox 817 996 895 1040; x_wconf 77' lang='lat' dir='ltr'>infra.</span> <span class='ocrx_word' id='word_1_185' title='bbox 1011 1031 1017 1036; x_wconf 41' lang='lat'><strong>·</strong></span> 
     </span>
     <span class='ocr_line' id='line_1_24' title="bbox 194 1027 1298 1079; baseline -0.021 -2"><span class='ocrx_word' id='word_1_186' title='bbox 194 1048 323 1076; x_wconf 83' lang='lat' dir='ltr'>Curvare.</span> <span class='ocrx_word' id='word_1_187' title='bbox 364 1046 433 1079; x_wconf 68' lang='lat' dir='ltr'>Virg.</span> <span class='ocrx_word' id='word_1_188' title='bbox 449 1055 474 1078; x_wconf 87' lang='lat'>4.</span> <span class='ocrx_word' id='word_1_189' title='bbox 490 1042 588 1078; x_wconf 81' lang='lat' dir='ltr'>Georg.</span> <span class='ocrx_word' id='word_1_190' title='bbox 599 1050 662 1074; x_wconf 84' lang='lat'>299.</span> <span class='ocrx_word' id='word_1_191' title='bbox 684 1036 789 1067; x_wconf 89' lang='lat' dir='ltr'>Vitulus</span> <span class='ocrx_word' id='word_1_192' title='bbox 800 1036 995 1064; x_wconf 76' lang='lat' dir='ltr'>bimacurvans</span> <span class='ocrx_word' id='word_1_193' title='bbox 1009 1038 1064 1066; x_wconf 82' lang='lat' dir='ltr'>Jam</span> <span class='ocrx_word' id='word_1_194' title='bbox 1077 1036 1181 1059; x_wconf 89' lang='lat' dir='ltr'>cornua</span> <span class='ocrx_word' id='word_1_195' title='bbox 1198 1027 1298 1056; x_wconf 80' lang='lat' dir='ltr'>fronte.</span> 
     </span>
    </p>
   </div>
   <div class='ocr_carea' id='block_1_7' title="bbox 192 1067 1228 1114">
    <p class='ocr_par' dir='ltr' id='par_1_7' title="bbox 192 1067 1228 1114">
     <span class='ocr_line' id='line_1_25' title="bbox 192 1067 1228 1114; baseline -0.02 0"><span class='ocrx_word' id='word_1_196' title='bbox 192 1085 348 1114; x_wconf 79' lang='lat' dir='ltr'>Decernere</span> <span class='ocrx_word' id='word_1_197' title='bbox 360 1083 428 1111; x_wconf 86' lang='lat' dir='ltr'>inter</span> <span class='ocrx_word' id='word_1_198' title='bbox 437 1082 462 1109; x_wconf 85' lang='lat' dir='ltr'>se</span> <span class='ocrx_word' id='word_1_199' title='bbox 472 1080 601 1110; x_wconf 88' lang='lat' dir='ltr'>cornibus</span> <span class='ocrx_word' id='word_1_200' title='bbox 611 1077 709 1113; x_wconf 81' lang='lat' dir='ltr'>subigit</span> <span class='ocrx_word' id='word_1_201' title='bbox 718 1081 807 1104; x_wconf 91' lang='lat' dir='ltr'>tauros</span> <span class='ocrx_word' id='word_1_202' title='bbox 819 1081 910 1101; x_wconf 86' lang='lat' dir='ltr'>vacca.</span> <span class='ocrx_word' id='word_1_203' title='bbox 931 1070 1003 1106; x_wconf 83' lang='lat' dir='ltr'>Virg.</span> <span class='ocrx_word' id='word_1_204' title='bbox 1015 1077 1039 1103; x_wconf 83' lang='lat'>3.</span> <span class='ocrx_word' id='word_1_205' title='bbox 1053 1067 1152 1104; x_wconf 83' lang='lat' dir='ltr'>Georg.</span> <span class='ocrx_word' id='word_1_206' title='bbox 1164 1071 1228 1099; x_wconf 83' lang='lat'>²18·</span> 
     </span>
    </p>
   </div>
   <div class='ocr_carea' id='block_1_8' title="bbox 190 1114 1148 1563">
    <p class='ocr_par' dir='ltr' id='par_1_8' title="bbox 193 1114 993 1193">
     <span class='ocr_line' id='line_1_26' title="bbox 194 1114 822 1154; baseline -0.019 -3"><span class='ocrx_word' id='word_1_207' title='bbox 194 1123 299 1151; x_wconf 63' lang='lat' dir='ltr'>Ductus</span> <span class='ocrx_word' id='word_1_208' title='bbox 309 1130 394 1150; x_wconf 79' lang='lat' dir='ltr'>cornu</span> <span class='ocrx_word' id='word_1_209' title='bbox 406 1120 506 1147; x_wconf 87' lang='lat' dir='ltr'>hircus.</span> <span class='ocrx_word' id='word_1_210' title='bbox 528 1117 599 1154; x_wconf 90' lang='lat' dir='ltr'>Virg.</span> <span class='ocrx_word' id='word_1_211' title='bbox 609 1125 635 1144; x_wconf 85' lang='lat'>2.</span> <span class='ocrx_word' id='word_1_212' title='bbox 649 1114 746 1150; x_wconf 87' lang='lat' dir='ltr'>Georg.</span> <span class='ocrx_word' id='word_1_213' title='bbox 761 1120 822 1148; x_wconf 82' lang='lat'>395.</span> 
     </span>
     <span class='ocr_line' id='line_1_27' title="bbox 193 1148 993 1193; baseline -0.02 -4"><span class='ocrx_word' id='word_1_214' title='bbox 193 1160 346 1189; x_wconf 77' lang='lat' dir='ltr'>Exsecturn.</span> <span class='ocrx_word' id='word_1_215' title='bbox 368 1157 436 1187; x_wconf 87' lang='lat' dir='ltr'>Hor.</span> <span class='ocrx_word' id='word_1_216' title='bbox 449 1165 472 1184; x_wconf 87' lang='lat' dir='ltr'>r.</span> <span class='ocrx_word' id='word_1_217' title='bbox 491 1156 578 1185; x_wconf 86' lang='lat' dir='ltr'>Serm.</span> <span class='ocrx_word' id='word_1_218' title='bbox 591 1164 615 1189; x_wconf 82' lang='grc' dir='ltr'>ς.</span> <span class='ocrx_word' id='word_1_219' title='bbox 630 1162 673 1187; x_wconf 82' lang='grc' dir='ltr'>ς9.</span> <span class='ocrx_word' id='word_1_220' title='bbox 713 1187 719 1193; x_wconf 43' lang='grc'>.</span> <span class='ocrx_word' id='word_1_221' title='bbox 765 1163 801 1169; x_wconf 88' lang='lat'>—-</span> <span class='ocrx_word' id='word_1_222' title='bbox 813 1148 831 1176; x_wconf 73' lang='lat' dir='ltr'>o</span> <span class='ocrx_word' id='word_1_223' title='bbox 845 1152 891 1176; x_wconf 91' lang='lat' dir='ltr'>tua</span> <span class='ocrx_word' id='word_1_224' title='bbox 904 1154 993 1174; x_wconf 83' lang='lat' dir='ltr'>cornu</span> 
     </span>
    </p>

    <p class='ocr_par' dir='ltr' id='par_1_9' title="bbox 284 1184 1077 1226">
     <span class='ocr_line' id='line_1_28' title="bbox 284 1184 1077 1226; baseline -0.021 0"><span class='ocrx_word' id='word_1_225' title='bbox 284 1197 320 1226; x_wconf 91' lang='lat' dir='ltr'>Ni</span> <span class='ocrx_word' id='word_1_226' title='bbox 332 1193 517 1225; x_wconf 63' lang='lat' dir='ltr'>foretcxsecto</span> <span class='ocrx_word' id='word_1_227' title='bbox 529 1193 603 1221; x_wconf 82' lang='lat' dir='ltr'>frons</span> <span class='ocrx_word' id='word_1_228' title='bbox 621 1187 752 1226; x_wconf 72' lang='lat' dir='ltr'>(inquit)</span> <span class='ocrx_word' id='word_1_229' title='bbox 773 1185 840 1223; x_wconf 77' lang='lat' dir='ltr'>quid</span> <span class='ocrx_word' id='word_1_230' title='bbox 849 1184 971 1218; x_wconf 84' lang='lat' dir='ltr'>faceres,</span> <span class='ocrx_word' id='word_1_231' title='bbox 992 1189 1077 1219; x_wconf 90' lang='lat' dir='ltr'>quum</span> 
     </span>
    </p>

    <p class='ocr_par' dir='ltr' id='par_1_10' title="bbox 190 1228 1148 1454">
     <span class='ocr_line' id='line_1_29' title="bbox 284 1228 621 1263; baseline -0.021 0"><span class='ocrx_word' id='word_1_232' title='bbox 284 1234 330 1263; x_wconf 89' lang='lat' dir='ltr'>Sic</span> <span class='ocrx_word' id='word_1_233' title='bbox 340 1232 452 1262; x_wconf 84' lang='lat' dir='ltr'>mutilus</span> <span class='ocrx_word' id='word_1_234' title='bbox 466 1229 599 1260; x_wconf 86' lang='lat' dir='ltr'>miniteris</span> <span class='ocrx_word' id='word_1_235' title='bbox 608 1228 621 1256; x_wconf 73' lang='lat'>⁶?</span> 
     </span>
     <span class='ocr_line' id='line_1_30' title="bbox 190 1261 1093 1310; baseline -0.02 -8"><span class='ocrx_word' id='word_1_236' title='bbox 190 1271 322 1310; x_wconf 75' lang='lat' dir='ltr'>Explorat</span> <span class='ocrx_word' id='word_1_237' title='bbox 332 1270 470 1300; x_wconf 85' lang='lat' dir='ltr'>cornuain</span> <span class='ocrx_word' id='word_1_238' title='bbox 482 1267 692 1297; x_wconf 82' lang='lat' dir='ltr'>truncistaurus.</span> <span class='ocrx_word' id='word_1_239' title='bbox 713 1261 816 1291; x_wconf 85' lang='lat' dir='ltr'>Lucan.</span> <span class='ocrx_word' id='word_1_240' title='bbox 832 1266 858 1289; x_wconf 77' lang='lat'>2.</span> <span class='ocrx_word' id='word_1_241' title='bbox 875 1262 938 1295; x_wconf 86' lang='lat'>603.</span> <span class='ocrx_word' id='word_1_242' title='bbox 1087 1292 1093 1298; x_wconf 41' lang='lat'><strong>·</strong></span> 
     </span>
     <span class='ocr_line' id='line_1_31' title="bbox 193 1293 1148 1346; baseline -0.019 -7"><span class='ocrx_word' id='word_1_243' title='bbox 193 1309 319 1346; x_wconf 73' lang='lat' dir='ltr'>fregitin</span> <span class='ocrx_word' id='word_1_244' title='bbox 330 1308 426 1338; x_wconf 87' lang='lat' dir='ltr'>arbore</span> <span class='ocrx_word' id='word_1_245' title='bbox 439 1315 533 1336; x_wconf 90' lang='lat' dir='ltr'>cornu.</span> <span class='ocrx_word' id='word_1_246' title='bbox 554 1303 637 1334; x_wconf 89' lang='lat' dir='ltr'>Ovid.</span> <span class='ocrx_word' id='word_1_247' title='bbox 652 1312 676 1337; x_wconf 89' lang='lat'>5.</span> <span class='ocrx_word' id='word_1_248' title='bbox 691 1300 757 1330; x_wconf 88' lang='lat' dir='ltr'>Fast.</span> <span class='ocrx_word' id='word_1_249' title='bbox 772 1307 832 1328; x_wconf 79' lang='lat'>121.</span> <span class='ocrx_word' id='word_1_250' title='bbox 870 1296 912 1327; x_wconf 90' lang='lat' dir='ltr'>De</span> <span class='ocrx_word' id='word_1_251' title='bbox 921 1305 1006 1334; x_wconf 81' lang='lat' dir='ltr'>capra</span> <span class='ocrx_word' id='word_1_252' title='bbox 1018 1293 1148 1330; x_wconf 81' lang='lat' dir='ltr'>loquitur.</span> 
     </span>
     <span class='ocr_line' id='line_1_32' title="bbox 193 1338 833 1377; baseline -0.017 0"><span class='ocrx_word' id='word_1_253' title='bbox 193 1348 292 1377; x_wconf 88' lang='lat' dir='ltr'>Gerere</span> <span class='ocrx_word' id='word_1_254' title='bbox 303 1355 405 1375; x_wconf 88' lang='lat' dir='ltr'>cornua</span> <span class='ocrx_word' id='word_1_255' title='bbox 415 1344 512 1373; x_wconf 88' lang='lat' dir='ltr'>fronte.</span> <span class='ocrx_word' id='word_1_256' title='bbox 535 1341 618 1371; x_wconf 85' lang='lat' dir='ltr'>Ovid.</span> <span class='ocrx_word' id='word_1_257' title='bbox 630 1350 674 1374; x_wconf 78' lang='grc' dir='ltr'>ις.</span> <span class='ocrx_word' id='word_1_258' title='bbox 688 1338 757 1368; x_wconf 80' lang='lat' dir='ltr'>Met.</span> <span class='ocrx_word' id='word_1_259' title='bbox 772 1340 833 1371; x_wconf 83' lang='lat'>596.</span> 
     </span>
     <span class='ocr_line' id='line_1_33' title="bbox 192 1377 870 1415; baseline -0.019 -1"><span class='ocrx_word' id='word_1_260' title='bbox 192 1384 330 1415; x_wconf 79' lang='lat' dir='ltr'>incursare</span> <span class='ocrx_word' id='word_1_261' title='bbox 341 1382 457 1413; x_wconf 74' lang='lat' dir='ltr'>adversis</span> <span class='ocrx_word' id='word_1_262' title='bbox 468 1380 605 1410; x_wconf 81' lang='lat' dir='ltr'>cornibus.</span> <span class='ocrx_word' id='word_1_263' title='bbox 644 1377 675 1407; x_wconf 91' lang='lat' dir='ltr'>In</span> <span class='ocrx_word' id='word_1_264' title='bbox 695 1387 704 1404; x_wconf 87' lang='lat'>1</span> <span class='ocrx_word' id='word_1_265' title='bbox 712 1385 731 1404; x_wconf 80' lang='lat' dir='ltr'>N</span> <span class='ocrx_word' id='word_1_266' title='bbox 739 1384 757 1404; x_wconf 86' lang='lat' dir='ltr'>c</span> <span class='ocrx_word' id='word_1_267' title='bbox 767 1384 783 1403; x_wconf 91' lang='lat' dir='ltr'>u</span> <span class='ocrx_word' id='word_1_268' title='bbox 792 1383 809 1402; x_wconf 83' lang='lat' dir='ltr'>R</span> <span class='ocrx_word' id='word_1_269' title='bbox 818 1383 833 1402; x_wconf 81' lang='lat' dir='ltr'>R</span> <span class='ocrx_word' id='word_1_270' title='bbox 843 1382 870 1402; x_wconf 81' lang='grc' dir='ltr'>ο.</span> 
     </span>
     <span class='ocr_line' id='line_1_34' title="bbox 191 1418 680 1454; baseline -0.016 -2"><span class='ocrx_word' id='word_1_271' title='bbox 191 1421 330 1452; x_wconf 84' lang='lat' dir='ltr'>Lacerare.</span> <span class='ocrx_word' id='word_1_272' title='bbox 352 1420 418 1450; x_wconf 87' lang='lat' dir='ltr'>Hor.</span> <span class='ocrx_word' id='word_1_273' title='bbox 434 1429 458 1454; x_wconf 82' lang='grc'>3.</span> <span class='ocrx_word' id='word_1_274' title='bbox 476 1418 565 1447; x_wconf 86' lang='lat' dir='ltr'>Carm.</span> <span class='ocrx_word' id='word_1_275' title='bbox 576 1425 622 1453; x_wconf 83' lang='lat'>²7-</span> <span class='ocrx_word' id='word_1_276' title='bbox 635 1423 680 1451; x_wconf 89' lang='lat'>72.</span> 
     </span>
    </p>

    <p class='ocr_par' dir='ltr' id='par_1_11' title="bbox 283 1447 813 1496">
     <span class='ocr_line' id='line_1_35' title="bbox 283 1447 813 1496; baseline -0.021 -7"><span class='ocrx_word' id='word_1_277' title='bbox 283 1459 377 1496; x_wconf 85' lang='lat' dir='ltr'>Quum</span> <span class='ocrx_word' id='word_1_278' title='bbox 393 1457 445 1487; x_wconf 90' lang='lat' dir='ltr'>tibi</span> <span class='ocrx_word' id='word_1_279' title='bbox 454 1455 555 1486; x_wconf 82' lang='lat' dir='ltr'>invisus</span> <span class='ocrx_word' id='word_1_280' title='bbox 563 1451 707 1483; x_wconf 88' lang='lat' dir='ltr'>laceranda</span> <span class='ocrx_word' id='word_1_281' title='bbox 716 1447 813 1480; x_wconf 87' lang='lat' dir='ltr'>reddet</span> 
     </span>
    </p>

    <p class='ocr_par' dir='ltr' id='par_1_12' title="bbox 469 1493 1123 1523">
     <span class='ocr_line' id='line_1_36' title="bbox 469 1493 1123 1523; baseline -0.02 0"><span class='ocrx_word' id='word_1_282' title='bbox 469 1493 580 1523; x_wconf 86' lang='lat' dir='ltr'>Cornua</span> <span class='ocrx_word' id='word_1_283' title='bbox 593 1498 695 1520; x_wconf 86' lang='lat' dir='ltr'>taurus.</span> <span class='ocrx_word' id='word_1_284' title='bbox 965 1516 968 1517; x_wconf 40' lang='lat'>.</span> <span class='ocrx_word' id='word_1_285' title='bbox 1120 1516 1123 1517; x_wconf 40' lang='lat'>.</span> 
     </span>
    </p>

    <p class='ocr_par' dir='ltr' id='par_1_13' title="bbox 190 1519 1137 1563">
     <span class='ocr_line' id='line_1_37' title="bbox 190 1519 1137 1563; baseline -0.017 0"><span class='ocrx_word' id='word_1_286' title='bbox 190 1534 338 1563; x_wconf 61' lang='lat' dir='ltr'>Luctantur</span> <span class='ocrx_word' id='word_1_287' title='bbox 349 1533 419 1563; x_wconf 87' lang='lat' dir='ltr'>inter</span> <span class='ocrx_word' id='word_1_288' title='bbox 427 1530 452 1560; x_wconf 86' lang='lat' dir='ltr'>se</span> <span class='ocrx_word' id='word_1_289' title='bbox 460 1529 577 1560; x_wconf 79' lang='lat' dir='ltr'>adversis</span> <span class='ocrx_word' id='word_1_290' title='bbox 589 1527 718 1558; x_wconf 86' lang='lat' dir='ltr'>cornibus</span> <span class='ocrx_word' id='word_1_291' title='bbox 727 1523 815 1555; x_wconf 86' lang='lat' dir='ltr'>hoedi.</span> <span class='ocrx_word' id='word_1_292' title='bbox 835 1523 943 1561; x_wconf 62' lang='lat' dir='ltr'>Virga.</span> <span class='ocrx_word' id='word_1_293' title='bbox 958 1521 1057 1558; x_wconf 86' lang='lat' dir='ltr'>Georg.</span> <span class='ocrx_word' id='word_1_294' title='bbox 1075 1519 1137 1555; x_wconf 80' lang='lat'>52⁶·</span> 
     </span>
    </p>
   </div>
   <div class='ocr_carea' id='block_1_9' title="bbox 188 1569 1297 1639">
    <p class='ocr_par' dir='ltr' id='par_1_14' title="bbox 188 1569 1297 1639">
     <span class='ocr_line' id='line_1_38' title="bbox 190 1569 720 1601; baseline -0.015 0"><span class='ocrx_word' id='word_1_295' title='bbox 190 1571 306 1601; x_wconf 85' lang='lat' dir='ltr'>Mutilus</span> <span class='ocrx_word' id='word_1_296' title='bbox 317 1569 455 1600; x_wconf 86' lang='lat' dir='ltr'>cornibus.</span> <span class='ocrx_word' id='word_1_297' title='bbox 495 1569 525 1597; x_wconf 91' lang='lat' dir='ltr'>ln</span> <span class='ocrx_word' id='word_1_298' title='bbox 546 1579 566 1596; x_wconf 82' lang='lat' dir='ltr'>M</span> <span class='ocrx_word' id='word_1_299' title='bbox 576 1577 593 1595; x_wconf 86' lang='lat' dir='ltr'>u</span> <span class='ocrx_word' id='word_1_300' title='bbox 603 1576 623 1594; x_wconf 80' lang='grc' dir='ltr'><strong>τ</strong></span> <span class='ocrx_word' id='word_1_301' title='bbox 631 1575 689 1594; x_wconf 70' lang='grc' dir='ltr'>ιιυ</span> <span class='ocrx_word' id='word_1_302' title='bbox 698 1573 720 1594; x_wconf 88' lang='lat' dir='ltr'>s.</span> 
     </span>
     <span class='ocr_line' id='line_1_39' title="bbox 188 1593 1297 1639; baseline -0.014 0"><span class='ocrx_word' id='word_1_303' title='bbox 188 1609 340 1639; x_wconf 89' lang='lat' dir='ltr'>Obvertere</span> <span class='ocrx_word' id='word_1_304' title='bbox 360 1616 461 1636; x_wconf 88' lang='lat' dir='ltr'>cornua</span> <span class='ocrx_word' id='word_1_305' title='bbox 479 1606 560 1635; x_wconf 90' lang='lat' dir='ltr'>alicui</span> <span class='ocrx_word' id='word_1_306' title='bbox 579 1605 608 1633; x_wconf 88' lang='lat' dir='ltr'>in</span> <span class='ocrx_word' id='word_1_307' title='bbox 619 1613 647 1633; x_wconf 85' lang='lat' dir='ltr'>re</span> <span class='ocrx_word' id='word_1_308' title='bbox 656 1600 782 1632; x_wconf 87' lang='lat' dir='ltr'>secunda.</span> <span class='ocrx_word' id='word_1_309' title='bbox 803 1598 889 1629; x_wconf 86' lang='lat' dir='ltr'>Plaut.</span> <span class='ocrx_word' id='word_1_310' title='bbox 897 1597 992 1627; x_wconf 89' lang='lat' dir='ltr'>Pseud.</span> <span class='ocrx_word' id='word_1_311' title='bbox 1005 1606 1031 1632; x_wconf 86' lang='lat'>4.</span> <span class='ocrx_word' id='word_1_312' title='bbox 1045 1604 1069 1631; x_wconf 86' lang='lat'>3.</span> <span class='ocrx_word' id='word_1_313' title='bbox 1085 1605 1108 1629; x_wconf 83' lang='grc' dir='ltr'>ς.</span> <span class='ocrx_word' id='word_1_314' title='bbox 1137 1593 1165 1622; x_wconf 92' lang='lat' dir='ltr'>h.</span> <span class='ocrx_word' id='word_1_315' title='bbox 1175 1601 1199 1622; x_wconf 69' lang='lat' dir='ltr'>e.</span> <span class='ocrx_word' id='word_1_316' title='bbox 1221 1593 1297 1624; x_wconf 66' lang='lat' dir='ltr'>velut</span> 
     </span>
    </p>
   </div>
   <div class='ocr_carea' id='block_1_10' title="bbox 185 1632 1297 3927">
    <p class='ocr_par' dir='ltr' id='par_1_15' title="bbox 208 1632 1169 1682">
     <span class='ocr_line' id='line_1_40' title="bbox 208 1632 1169 1682; baseline -0.016 -6"><span class='ocrx_word' id='word_1_317' title='bbox 208 1646 346 1676; x_wconf 90' lang='lat' dir='ltr'>Cornibus</span> <span class='ocrx_word' id='word_1_318' title='bbox 354 1646 488 1682; x_wconf 89' lang='lat' dir='ltr'>impetere</span> <span class='ocrx_word' id='word_1_319' title='bbox 499 1665 507 1678; x_wconf 93' lang='lat'>,</span> <span class='ocrx_word' id='word_1_320' title='bbox 527 1645 553 1672; x_wconf 73' lang='grc' dir='ltr'>δι</span> <span class='ocrx_word' id='word_1_321' title='bbox 564 1639 760 1671; x_wconf 74' lang='lat' dir='ltr'>nocerealicui.</span> <span class='ocrx_word' id='word_1_322' title='bbox 799 1637 830 1667; x_wconf 88' lang='lat' dir='ltr'>V.</span> <span class='ocrx_word' id='word_1_323' title='bbox 852 1636 924 1666; x_wconf 89' lang='lat' dir='ltr'>infra</span> <span class='ocrx_word' id='word_1_324' title='bbox 933 1635 1042 1665; x_wconf 86' lang='lat' dir='ltr'>Cornua</span> <span class='ocrx_word' id='word_1_325' title='bbox 1053 1655 1062 1669; x_wconf 98' lang='lat'>,</span> <span class='ocrx_word' id='word_1_326' title='bbox 1082 1632 1169 1662; x_wconf 84' lang='lat' dir='ltr'>Vires.</span> 
     </span>
    </p>

    <p class='ocr_par' dir='ltr' id='par_1_16' title="bbox 188 1680 709 1715">
     <span class='ocr_line' id='line_1_41' title="bbox 188 1680 709 1715; baseline -0.013 -1"><span class='ocrx_word' id='word_1_327' title='bbox 188 1683 282 1715; x_wconf 85' lang='lat' dir='ltr'>Petere</span> <span class='ocrx_word' id='word_1_328' title='bbox 298 1692 393 1713; x_wconf 83' lang='lat' dir='ltr'>cornu.</span> <span class='ocrx_word' id='word_1_329' title='bbox 415 1681 497 1711; x_wconf 87' lang='lat' dir='ltr'>Ovid.</span> <span class='ocrx_word' id='word_1_330' title='bbox 512 1690 552 1710; x_wconf 75' lang='grc' dir='ltr'>η.</span> <span class='ocrx_word' id='word_1_331' title='bbox 567 1680 635 1709; x_wconf 82' lang='lat' dir='ltr'>Met.</span> <span class='ocrx_word' id='word_1_332' title='bbox 648 1686 709 1713; x_wconf 83' lang='lat'>¹03·</span> 
     </span>
    </p>

    <p class='ocr_par' dir='ltr' id='par_1_17' title="bbox 280 1708 1282 1756">
     <span class='ocr_line' id='line_1_42' title="bbox 280 1708 1282 1756; baseline -0.017 -5"><span class='ocrx_word' id='word_1_333' title='bbox 280 1721 350 1750; x_wconf 90' lang='lat' dir='ltr'>Cum</span> <span class='ocrx_word' id='word_1_334' title='bbox 362 1714 766 1756; x_wconf 83' lang='lat' dir='ltr'>straterribilipetitirritamina</span> <span class='ocrx_word' id='word_1_335' title='bbox 780 1721 876 1743; x_wconf 89' lang='lat' dir='ltr'>cornu.</span> <span class='ocrx_word' id='word_1_336' title='bbox 957 1708 997 1739; x_wconf 87' lang='lat' dir='ltr'>De</span> <span class='ocrx_word' id='word_1_337' title='bbox 1006 1715 1093 1739; x_wconf 86' lang='lat' dir='ltr'>tauro.</span> <span class='ocrx_word' id='word_1_338' title='bbox 1132 1745 1138 1751; x_wconf 44' lang='grc'><em>·</em></span> <span class='ocrx_word' id='word_1_339' title='bbox 1162 1745 1168 1752; x_wconf 46' lang='lat'><strong>·</strong></span> <span class='ocrx_word' id='word_1_340' title='bbox 1275 1745 1282 1751; x_wconf 31' lang='grc' dir='ltr'>ἱ</span> 
     </span>
    </p>

    <p class='ocr_par' dir='ltr' id='par_1_18' title="bbox 187 1747 1297 1826">
     <span class='ocr_line' id='line_1_43' title="bbox 187 1747 1297 1795; baseline -0.014 -6"><span class='ocrx_word' id='word_1_341' title='bbox 187 1758 293 1789; x_wconf 83' lang='lat' dir='ltr'>Profert</span> <span class='ocrx_word' id='word_1_342' title='bbox 301 1760 356 1795; x_wconf 88' lang='lat' dir='ltr'>jam</span> <span class='ocrx_word' id='word_1_343' title='bbox 366 1767 470 1788; x_wconf 88' lang='lat' dir='ltr'>cornua</span> <span class='ocrx_word' id='word_1_344' title='bbox 479 1756 579 1787; x_wconf 82' lang='lat' dir='ltr'>vultur.</span> <span class='ocrx_word' id='word_1_345' title='bbox 612 1754 710 1784; x_wconf 82' lang='lat' dir='ltr'>Claud.</span> <span class='ocrx_word' id='word_1_346' title='bbox 722 1762 746 1782; x_wconf 88' lang='lat'>1.</span> <span class='ocrx_word' id='word_1_347' title='bbox 760 1750 789 1781; x_wconf 88' lang='lat' dir='ltr'>in</span> <span class='ocrx_word' id='word_1_348' title='bbox 799 1751 911 1787; x_wconf 79' lang='lat' dir='ltr'>Eutrop.</span> <span class='ocrx_word' id='word_1_349' title='bbox 924 1757 936 1785; x_wconf 89' lang='lat'><em>3</em></span> <span class='ocrx_word' id='word_1_350' title='bbox 945 1757 988 1785; x_wconf 75' lang='lat'>52.</span> <span class='ocrx_word' id='word_1_351' title='bbox 1009 1747 1050 1777; x_wconf 87' lang='lat' dir='ltr'>De</span> <span class='ocrx_word' id='word_1_352' title='bbox 1059 1756 1088 1776; x_wconf 88' lang='lat' dir='ltr'>re</span> <span class='ocrx_word' id='word_1_353' title='bbox 1101 1755 1217 1776; x_wconf 80' lang='lat' dir='ltr'>minime</span> <span class='ocrx_word' id='word_1_354' title='bbox 1225 1754 1297 1776; x_wconf 76' lang='lat' dir='ltr'>vert-</span> 
     </span>
     <span class='ocr_line' id='line_1_44' title="bbox 208 1797 296 1826; baseline -0.011 0"><span class='ocrx_word' id='word_1_355' title='bbox 208 1797 296 1826; x_wconf 68' lang='lat' dir='ltr'>simili.</span> 
     </span>
    </p>

    <p class='ocr_par' dir='ltr' id='par_1_19' title="bbox 188 1828 1141 1868">
     <span class='ocr_line' id='line_1_45' title="bbox 188 1828 1141 1868; baseline -0.013 -4"><span class='ocrx_word' id='word_1_356' title='bbox 188 1834 297 1864; x_wconf 83' lang='lat' dir='ltr'>Tenere</span> <span class='ocrx_word' id='word_1_357' title='bbox 307 1839 413 1863; x_wconf 88' lang='lat' dir='ltr'>taurum</span> <span class='ocrx_word' id='word_1_358' title='bbox 424 1841 518 1862; x_wconf 91' lang='lat' dir='ltr'>cornu.</span> <span class='ocrx_word' id='word_1_359' title='bbox 539 1830 612 1868; x_wconf 86' lang='lat' dir='ltr'>Virg.</span> <span class='ocrx_word' id='word_1_360' title='bbox 626 1839 650 1865; x_wconf 82' lang='grc' dir='ltr'>ς.</span> <span class='ocrx_word' id='word_1_361' title='bbox 660 1828 721 1859; x_wconf 79' lang='lat' dir='ltr'>AEn.</span> <span class='ocrx_word' id='word_1_362' title='bbox 732 1832 794 1864; x_wconf 79' lang='lat'><em>38²-</em></span> <span class='ocrx_word' id='word_1_363' title='bbox 1136 1860 1141 1866; x_wconf 41' lang='lat'><strong>·</strong></span> 
     </span>
    </p>

    <p class='ocr_par' dir='ltr' id='par_1_20' title="bbox 187 1859 1196 1905">
     <span class='ocr_line' id='line_1_46' title="bbox 187 1859 1196 1905; baseline -0.014 -3"><span class='ocrx_word' id='word_1_364' title='bbox 187 1872 300 1902; x_wconf 85' lang='lat' dir='ltr'>Tollere</span> <span class='ocrx_word' id='word_1_365' title='bbox 309 1881 411 1901; x_wconf 90' lang='lat' dir='ltr'>cornua</span> <span class='ocrx_word' id='word_1_366' title='bbox 426 1891 435 1905; x_wconf 88' lang='lat'>,</span> <span class='ocrx_word' id='word_1_367' title='bbox 455 1869 592 1899; x_wconf 78' lang='lat' dir='ltr'>translate.</span> <span class='ocrx_word' id='word_1_368' title='bbox 614 1868 679 1897; x_wconf 90' lang='lat' dir='ltr'>Hor.</span> <span class='ocrx_word' id='word_1_369' title='bbox 693 1866 781 1903; x_wconf 88' lang='lat' dir='ltr'>Epod.</span> <span class='ocrx_word' id='word_1_370' title='bbox 792 1867 818 1894; x_wconf 90' lang='lat'>6.</span> <span class='ocrx_word' id='word_1_371' title='bbox 835 1872 878 1892; x_wconf 86' lang='lat'>11.</span> <span class='ocrx_word' id='word_1_372' title='bbox 908 1861 940 1892; x_wconf 90' lang='lat' dir='ltr'>V.</span> <span class='ocrx_word' id='word_1_373' title='bbox 962 1861 1071 1891; x_wconf 84' lang='lat' dir='ltr'>Cornua</span> <span class='ocrx_word' id='word_1_374' title='bbox 1081 1882 1089 1897; x_wconf 92' lang='lat'>,</span> <span class='ocrx_word' id='word_1_375' title='bbox 1109 1859 1196 1890; x_wconf 77' lang='lat' dir='ltr'>Vires.</span> 
     </span>
    </p>

    <p class='ocr_par' dir='ltr' id='par_1_21' title="bbox 189 1900 1093 1946">
     <span class='ocr_line' id='line_1_47' title="bbox 189 1900 1093 1946; baseline -0.012 -6"><span class='ocrx_word' id='word_1_376' title='bbox 189 1910 310 1940; x_wconf 82' lang='lat' dir='ltr'>Trahere</span> <span class='ocrx_word' id='word_1_377' title='bbox 320 1916 427 1938; x_wconf 91' lang='lat' dir='ltr'>taurum</span> <span class='ocrx_word' id='word_1_378' title='bbox 442 1907 541 1946; x_wconf 81' lang='lat' dir='ltr'>prensis</span> <span class='ocrx_word' id='word_1_379' title='bbox 551 1905 689 1936; x_wconf 91' lang='lat' dir='ltr'>cornibus.</span> <span class='ocrx_word' id='word_1_380' title='bbox 709 1905 775 1934; x_wconf 86' lang='lat' dir='ltr'>Stat.</span> <span class='ocrx_word' id='word_1_381' title='bbox 789 1912 815 1932; x_wconf 86' lang='lat'>2.</span> <span class='ocrx_word' id='word_1_382' title='bbox 826 1900 917 1931; x_wconf 90' lang='lat' dir='ltr'>Theb.</span> <span class='ocrx_word' id='word_1_383' title='bbox 929 1903 993 1930; x_wconf 80' lang='lat'>616.</span> <span class='ocrx_word' id='word_1_384' title='bbox 1088 1936 1093 1941; x_wconf 87' lang='lat'>.</span> 
     </span>
    </p>

    <p class='ocr_par' dir='ltr' id='par_1_22' title="bbox 188 1936 1212 1986">
     <span class='ocr_line' id='line_1_48' title="bbox 188 1936 1212 1986; baseline -0.012 -9"><span class='ocrx_word' id='word_1_385' title='bbox 188 1947 268 1976; x_wconf 88' lang='lat' dir='ltr'>Versa</span> <span class='ocrx_word' id='word_1_386' title='bbox 278 1948 306 1976; x_wconf 88' lang='lat' dir='ltr'>in</span> <span class='ocrx_word' id='word_1_387' title='bbox 317 1947 435 1976; x_wconf 88' lang='lat' dir='ltr'>obnixos</span> <span class='ocrx_word' id='word_1_388' title='bbox 445 1952 571 1982; x_wconf 83' lang='lat' dir='ltr'>urgentur</span> <span class='ocrx_word' id='word_1_389' title='bbox 578 1952 689 1986; x_wconf 68' lang='lat' dir='ltr'>cornua.</span> <span class='ocrx_word' id='word_1_390' title='bbox 712 1941 784 1976; x_wconf 81' lang='lat' dir='ltr'>virg.</span> <span class='ocrx_word' id='word_1_391' title='bbox 797 1949 822 1976; x_wconf 87' lang='lat'>3.</span> <span class='ocrx_word' id='word_1_392' title='bbox 834 1939 932 1975; x_wconf 86' lang='lat' dir='ltr'>Georg.</span> <span class='ocrx_word' id='word_1_393' title='bbox 944 1947 1007 1967; x_wconf 80' lang='lat'>222.</span> <span class='ocrx_word' id='word_1_394' title='bbox 1029 1936 1071 1966; x_wconf 92' lang='lat' dir='ltr'>De</span> <span class='ocrx_word' id='word_1_395' title='bbox 1083 1945 1212 1972; x_wconf 76' lang='lat' dir='ltr'>juvenca.</span> 
     </span>
    </p>

    <p class='ocr_par' dir='ltr' id='par_1_23' title="bbox 187 1978 1073 2017">
     <span class='ocr_line' id='line_1_49' title="bbox 187 1978 1073 2017; baseline -0.014 -3"><span class='ocrx_word' id='word_1_396' title='bbox 187 1985 264 2014; x_wconf 87' lang='lat' dir='ltr'>Vires</span> <span class='ocrx_word' id='word_1_397' title='bbox 275 1985 303 2014; x_wconf 92' lang='lat' dir='ltr'>in</span> <span class='ocrx_word' id='word_1_398' title='bbox 310 1994 412 2013; x_wconf 85' lang='lat' dir='ltr'>cornua</span> <span class='ocrx_word' id='word_1_399' title='bbox 421 1983 504 2012; x_wconf 91' lang='lat' dir='ltr'>sumit</span> <span class='ocrx_word' id='word_1_400' title='bbox 516 1990 615 2011; x_wconf 89' lang='lat' dir='ltr'>taurus.</span> <span class='ocrx_word' id='word_1_401' title='bbox 636 1979 719 2009; x_wconf 80' lang='lat' dir='ltr'>Ovrd.</span> <span class='ocrx_word' id='word_1_402' title='bbox 730 1984 755 2013; x_wconf 83' lang='lat'>3.</span> <span class='ocrx_word' id='word_1_403' title='bbox 770 1978 838 2008; x_wconf 85' lang='lat' dir='ltr'>Met.</span> <span class='ocrx_word' id='word_1_404' title='bbox 848 1982 910 2013; x_wconf 86' lang='lat'>883.</span> <span class='ocrx_word' id='word_1_405' title='bbox 1068 2012 1073 2017; x_wconf 33' lang='grc' dir='ltr'>Π</span> 
     </span>
    </p>

    <p class='ocr_par' dir='ltr' id='par_1_24' title="bbox 189 2010 1294 2093">
     <span class='ocr_line' id='line_1_50' title="bbox 189 2010 1294 2059; baseline -0.012 -7"><span class='ocrx_word' id='word_1_406' title='bbox 189 2023 298 2057; x_wconf 87' lang='lat' dir='ltr'>Cornu,</span> <span class='ocrx_word' id='word_1_407' title='bbox 320 2032 370 2059; x_wconf 88' lang='lat' dir='ltr'>pro</span> <span class='ocrx_word' id='word_1_408' title='bbox 385 2021 434 2051; x_wconf 90' lang='lat' dir='ltr'>Rei</span> <span class='ocrx_word' id='word_1_409' title='bbox 443 2020 559 2056; x_wconf 87' lang='lat' dir='ltr'>alicujus</span> <span class='ocrx_word' id='word_1_410' title='bbox 569 2024 721 2048; x_wconf 85' lang='lat' dir='ltr'>curvatura.</span> <span class='ocrx_word' id='word_1_411' title='bbox 742 2022 789 2052; x_wconf 91' lang='lat' dir='ltr'>ut,</span> <span class='ocrx_word' id='word_1_412' title='bbox 809 2015 919 2045; x_wconf 84' lang='lat' dir='ltr'>Cornua</span> <span class='ocrx_word' id='word_1_413' title='bbox 928 2012 1020 2043; x_wconf 80' lang='lat' dir='ltr'>Lunae.</span> <span class='ocrx_word' id='word_1_414' title='bbox 1042 2011 1114 2049; x_wconf 77' lang='lat' dir='ltr'>Vrrg.</span> <span class='ocrx_word' id='word_1_415' title='bbox 1127 2020 1150 2048; x_wconf 87' lang='lat'>3.</span> <span class='ocrx_word' id='word_1_416' title='bbox 1164 2010 1294 2047; x_wconf 67' lang='lat' dir='ltr'>IEn.64q.</span> 
     </span>
     <span class='ocr_line' id='line_1_51' title="bbox 206 2060 450 2093; baseline -0.012 -3"><span class='ocrx_word' id='word_1_417' title='bbox 206 2061 270 2090; x_wconf 90' lang='lat' dir='ltr'>Sen.</span> <span class='ocrx_word' id='word_1_418' title='bbox 284 2060 359 2089; x_wconf 84' lang='lat' dir='ltr'>Med.</span> <span class='ocrx_word' id='word_1_419' title='bbox 371 2069 395 2089; x_wconf 93' lang='lat' dir='ltr'>v.</span> <span class='ocrx_word' id='word_1_420' title='bbox 408 2067 450 2093; x_wconf 86' lang='lat'>97.</span> 
     </span>
    </p>

    <p class='ocr_par' dir='ltr' id='par_1_25' title="bbox 280 2090 833 2167">
     <span class='ocr_line' id='line_1_52' title="bbox 280 2090 833 2126; baseline -0.011 0"><span class='ocrx_word' id='word_1_421' title='bbox 280 2098 350 2126; x_wconf 84' lang='lat' dir='ltr'>Cum</span> <span class='ocrx_word' id='word_1_422' title='bbox 360 2096 461 2126; x_wconf 83' lang='lat' dir='ltr'>Phoebe</span> <span class='ocrx_word' id='word_1_423' title='bbox 475 2094 595 2124; x_wconf 88' lang='lat' dir='ltr'>solidum</span> <span class='ocrx_word' id='word_1_424' title='bbox 604 2092 710 2123; x_wconf 89' lang='lat' dir='ltr'>lumine</span> <span class='ocrx_word' id='word_1_425' title='bbox 718 2100 775 2121; x_wconf 89' lang='lat' dir='ltr'>non</span> <span class='ocrx_word' id='word_1_426' title='bbox 784 2090 833 2120; x_wconf 87' lang='lat' dir='ltr'>suo</span> 
     </span>
     <span class='ocr_line' id='line_1_53' title="bbox 281 2130 827 2167; baseline -0.011 -3"><span class='ocrx_word' id='word_1_427' title='bbox 281 2135 385 2164; x_wconf 89' lang='lat' dir='ltr'>Orbem</span> <span class='ocrx_word' id='word_1_428' title='bbox 395 2133 515 2162; x_wconf 89' lang='lat' dir='ltr'>circuitis</span> <span class='ocrx_word' id='word_1_429' title='bbox 526 2131 656 2161; x_wconf 86' lang='lat' dir='ltr'>cornibus</span> <span class='ocrx_word' id='word_1_430' title='bbox 666 2130 768 2167; x_wconf 85' lang='lat' dir='ltr'>alligat.</span> <span class='ocrx_word' id='word_1_431' title='bbox 826 2161 827 2164; x_wconf 14' lang='grc' dir='ltr'><strong>Ἴ</strong></span> 
     </span>
    </p>

    <p class='ocr_par' dir='ltr' id='par_1_26' title="bbox 190 2157 1293 2248">
     <span class='ocr_line' id='line_1_54' title="bbox 190 2157 1293 2204; baseline -0.009 -2"><span class='ocrx_word' id='word_1_432' title='bbox 190 2172 322 2203; x_wconf 63' lang='lat' dir='ltr'>Coactum</span> <span class='ocrx_word' id='word_1_433' title='bbox 335 2181 419 2200; x_wconf 82' lang='lat' dir='ltr'>cornu</span> <span class='ocrx_word' id='word_1_434' title='bbox 429 2169 552 2199; x_wconf 80' lang='lat' dir='ltr'>Phoebes.</span> <span class='ocrx_word' id='word_1_435' title='bbox 593 2169 694 2198; x_wconf 85' lang='lat' dir='ltr'>Lucan.</span> <span class='ocrx_word' id='word_1_436' title='bbox 709 2175 804 2204; x_wconf 81' lang='lat'>1·537·</span> <span class='ocrx_word' id='word_1_437' title='bbox 826 2165 880 2195; x_wconf 60' lang='lat' dir='ltr'>te.</span> <span class='ocrx_word' id='word_1_438' title='bbox 899 2157 1180 2201; x_wconf 67' lang='lat' dir='ltr'>ConjunotumLunae</span> <span class='ocrx_word' id='word_1_439' title='bbox 1188 2168 1293 2193; x_wconf 57' lang='lat' dir='ltr'>cornu&amp;</span> 
     </span>
     <span class='ocr_line' id='line_1_55' title="bbox 210 2207 528 2248; baseline -0.013 -9"><span class='ocrx_word' id='word_1_440' title='bbox 210 2218 306 2248; x_wconf 84' lang='lat' dir='ltr'>utpote</span> <span class='ocrx_word' id='word_1_441' title='bbox 322 2211 349 2238; x_wconf 92' lang='lat' dir='ltr'>in</span> <span class='ocrx_word' id='word_1_442' title='bbox 365 2207 528 2246; x_wconf 84' lang='lat' dir='ltr'>plenilunio.</span> 
     </span>
    </p>

    <p class='ocr_par' dir='ltr' id='par_1_27' title="bbox 190 2238 1033 2282">
     <span class='ocr_line' id='line_1_56' title="bbox 190 2238 1033 2282; baseline -0.012 -5"><span class='ocrx_word' id='word_1_443' title='bbox 190 2247 302 2282; x_wconf 90' lang='lat' dir='ltr'>Lunaria</span> <span class='ocrx_word' id='word_1_444' title='bbox 312 2256 415 2276; x_wconf 87' lang='lat' dir='ltr'>cornua</span> <span class='ocrx_word' id='word_1_445' title='bbox 424 2245 490 2274; x_wconf 90' lang='lat' dir='ltr'>orbe</span> <span class='ocrx_word' id='word_1_446' title='bbox 499 2253 575 2273; x_wconf 90' lang='lat' dir='ltr'>nono</span> <span class='ocrx_word' id='word_1_447' title='bbox 584 2242 734 2280; x_wconf 85' lang='lat' dir='ltr'>resurgunt.</span> <span class='ocrx_word' id='word_1_448' title='bbox 756 2240 840 2270; x_wconf 82' lang='lat' dir='ltr'>Ovid.</span> <span class='ocrx_word' id='word_1_449' title='bbox 851 2248 877 2270; x_wconf 80' lang='lat'>2.</span> <span class='ocrx_word' id='word_1_450' title='bbox 888 2238 957 2270; x_wconf 83' lang='lat' dir='ltr'>Met.</span> <span class='ocrx_word' id='word_1_451' title='bbox 969 2249 1033 2275; x_wconf 80' lang='lat'>454.</span> 
     </span>
    </p>

    <p class='ocr_par' dir='ltr' id='par_1_28' title="bbox 207 2275 1295 2352">
     <span class='ocr_line' id='line_1_57' title="bbox 281 2275 1295 2321; baseline -0.009 -7"><span class='ocrx_word' id='word_1_452' title='bbox 281 2285 356 2313; x_wconf 88' lang='lat' dir='ltr'>Orbe</span> <span class='ocrx_word' id='word_1_453' title='bbox 366 2282 538 2321; x_wconf 80' lang='lat' dir='ltr'>resurgebant</span> <span class='ocrx_word' id='word_1_454' title='bbox 547 2281 650 2311; x_wconf 87' lang='lat' dir='ltr'>lunaria</span> <span class='ocrx_word' id='word_1_455' title='bbox 663 2289 765 2310; x_wconf 89' lang='lat' dir='ltr'>cornua</span> <span class='ocrx_word' id='word_1_456' title='bbox 775 2288 861 2309; x_wconf 87' lang='lat' dir='ltr'>nono.</span> <span class='ocrx_word' id='word_1_457' title='bbox 955 2277 974 2306; x_wconf 84' lang='lat' dir='ltr'>i.</span> <span class='ocrx_word' id='word_1_458' title='bbox 984 2285 1009 2306; x_wconf 83' lang='lat' dir='ltr'>e.</span> <span class='ocrx_word' id='word_1_459' title='bbox 1034 2276 1132 2306; x_wconf 87' lang='lat' dir='ltr'>Nonus</span> <span class='ocrx_word' id='word_1_460' title='bbox 1142 2275 1295 2314; x_wconf 74' lang='lat' dir='ltr'>incipiebas</span> 
     </span>
     <span class='ocr_line' id='line_1_58' title="bbox 207 2322 313 2352; baseline 0.009 -1"><span class='ocrx_word' id='word_1_461' title='bbox 207 2322 313 2352; x_wconf 81' lang='lat' dir='ltr'>meniis.</span> 
     </span>
    </p>

    <p class='ocr_par' dir='ltr' id='par_1_29' title="bbox 186 2359 496 2389">
     <span class='ocr_line' id='line_1_59' title="bbox 186 2359 496 2389; baseline -0.01 0"><span class='ocrx_word' id='word_1_462' title='bbox 186 2359 298 2389; x_wconf 77' lang='lat' dir='ltr'>Lunata.</span> <span class='ocrx_word' id='word_1_463' title='bbox 337 2359 366 2388; x_wconf 95' lang='lat' dir='ltr'>V.</span> <span class='ocrx_word' id='word_1_464' title='bbox 389 2368 457 2388; x_wconf 71' lang='lat' dir='ltr'>tun</span> <span class='ocrx_word' id='word_1_465' title='bbox 469 2364 496 2387; x_wconf 77' lang='grc' dir='ltr'>Α.</span> 
     </span>
    </p>

    <p class='ocr_par' dir='ltr' id='par_1_30' title="bbox 187 2392 882 2435">
     <span class='ocr_line' id='line_1_60' title="bbox 187 2392 882 2435; baseline -0.01 -8"><span class='ocrx_word' id='word_1_466' title='bbox 187 2397 342 2428; x_wconf 89' lang='lat' dir='ltr'>Obscurum</span> <span class='ocrx_word' id='word_1_467' title='bbox 354 2396 435 2426; x_wconf 86' lang='lat' dir='ltr'>Lunae</span> <span class='ocrx_word' id='word_1_468' title='bbox 446 2405 542 2426; x_wconf 91' lang='lat' dir='ltr'>cornu.</span> <span class='ocrx_word' id='word_1_469' title='bbox 562 2393 635 2432; x_wconf 88' lang='lat' dir='ltr'>Virg.</span> <span class='ocrx_word' id='word_1_470' title='bbox 650 2402 672 2423; x_wconf 83' lang='lat'>1.</span> <span class='ocrx_word' id='word_1_471' title='bbox 688 2392 859 2430; x_wconf 81' lang='lat' dir='ltr'>Georg.428.</span> <span class='ocrx_word' id='word_1_472' title='bbox 875 2428 882 2435; x_wconf 39' lang='grc' dir='ltr'><strong>ο</strong></span> 
     </span>
    </p>

    <p class='ocr_par' dir='ltr' id='par_1_31' title="bbox 187 2430 1291 2658">
     <span class='ocr_line' id='line_1_61' title="bbox 267 2430 970 2470; baseline -0.01 -6"><span class='ocrx_word' id='word_1_473' title='bbox 267 2435 343 2464; x_wconf 92' lang='lat' dir='ltr'>Luna</span> <span class='ocrx_word' id='word_1_474' title='bbox 354 2441 521 2464; x_wconf 87' lang='lat' dir='ltr'>revertentes</span> <span class='ocrx_word' id='word_1_475' title='bbox 532 2442 616 2469; x_wconf 87' lang='lat' dir='ltr'>quum</span> <span class='ocrx_word' id='word_1_476' title='bbox 629 2432 749 2470; x_wconf 88' lang='lat' dir='ltr'>primum</span> <span class='ocrx_word' id='word_1_477' title='bbox 760 2430 864 2467; x_wconf 81' lang='lat' dir='ltr'>colligit</span> <span class='ocrx_word' id='word_1_478' title='bbox 874 2437 951 2466; x_wconf 74' lang='lat' dir='ltr'>ignes</span> <span class='ocrx_word' id='word_1_479' title='bbox 960 2444 970 2463; x_wconf 71' lang='lat'><strong>‚</strong></span> 
     </span>
     <span class='ocr_line' id='line_1_62' title="bbox 265 2469 944 2507; baseline -0.01 -5"><span class='ocrx_word' id='word_1_480' title='bbox 265 2474 292 2502; x_wconf 90' lang='lat' dir='ltr'>Si</span> <span class='ocrx_word' id='word_1_481' title='bbox 304 2473 412 2506; x_wconf 59' lang='lat' dir='ltr'>nigrum</span> <span class='ocrx_word' id='word_1_482' title='bbox 426 2471 541 2500; x_wconf 89' lang='lat' dir='ltr'>obscuro</span> <span class='ocrx_word' id='word_1_483' title='bbox 552 2469 755 2507; x_wconf 78' lang='lat' dir='ltr'>comprenderit</span> <span class='ocrx_word' id='word_1_484' title='bbox 767 2477 828 2497; x_wconf 82' lang='lat' dir='ltr'>aera</span> <span class='ocrx_word' id='word_1_485' title='bbox 839 2476 925 2496; x_wconf 90' lang='lat' dir='ltr'>cornu</span> <span class='ocrx_word' id='word_1_486' title='bbox 935 2488 944 2500; x_wconf 91' lang='lat'>,</span> 
     </span>
     <span class='ocr_line' id='line_1_63' title="bbox 266 2505 954 2552; baseline -0.009 -13"><span class='ocrx_word' id='word_1_487' title='bbox 266 2511 404 2540; x_wconf 74' lang='lat' dir='ltr'>Maximus</span> <span class='ocrx_word' id='word_1_488' title='bbox 414 2508 538 2545; x_wconf 82' lang='lat' dir='ltr'>agricolis</span> <span class='ocrx_word' id='word_1_489' title='bbox 547 2508 700 2552; x_wconf 81' lang='lat' dir='ltr'>pelagoque</span> <span class='ocrx_word' id='word_1_490' title='bbox 711 2505 847 2544; x_wconf 83' lang='lat' dir='ltr'>parabitur</span> <span class='ocrx_word' id='word_1_491' title='bbox 858 2505 954 2534; x_wconf 86' lang='lat' dir='ltr'>imber.</span> 
     </span>
     <span class='ocr_line' id='line_1_64' title="bbox 187 2536 1291 2616; baseline -0.007 -39"><span class='ocrx_word' id='word_1_492' title='bbox 187 2547 291 2616; x_wconf 55' lang='lat' dir='ltr'>Ogmsa</span> <span class='ocrx_word' id='word_1_493' title='bbox 307 2547 389 2577; x_wconf 79' lang='lat' dir='ltr'>Lunae</span> <span class='ocrx_word' id='word_1_494' title='bbox 406 2555 509 2576; x_wconf 91' lang='lat' dir='ltr'>cornua</span> <span class='ocrx_word' id='word_1_495' title='bbox 527 2546 674 2580; x_wconf 80' lang='lat' dir='ltr'>dicuntur,</span> <span class='ocrx_word' id='word_1_496' title='bbox 695 2543 805 2581; x_wconf 79' lang='lat' dir='ltr'>quando</span> <span class='ocrx_word' id='word_1_497' title='bbox 831 2542 908 2572; x_wconf 90' lang='lat' dir='ltr'>Luna</span> <span class='ocrx_word' id='word_1_498' title='bbox 924 2550 992 2580; x_wconf 90' lang='lat' dir='ltr'>pura</span> <span class='ocrx_word' id='word_1_499' title='bbox 1017 2547 1075 2570; x_wconf 85' lang='lat' dir='ltr'>non</span> <span class='ocrx_word' id='word_1_500' title='bbox 1092 2539 1139 2570; x_wconf 87' lang='lat' dir='ltr'>est.</span> <span class='ocrx_word' id='word_1_501' title='bbox 1169 2536 1246 2578; x_wconf 81' lang='lat' dir='ltr'>Virg.</span> <span class='ocrx_word' id='word_1_502' title='bbox 1267 2549 1291 2570; x_wconf 79' lang='lat'>1.</span> 
     </span>
     <span class='ocr_line' id='line_1_65' title="bbox 232 2595 381 2615; baseline -0.007 0"><span class='ocrx_word' id='word_1_503' title='bbox 232 2595 277 2615; x_wconf 90' lang='lat' dir='ltr'>eor</span> <span class='ocrx_word' id='word_1_504' title='bbox 298 2609 304 2614; x_wconf 97' lang='lat'>.</span> <span class='ocrx_word' id='word_1_505' title='bbox 374 2606 381 2614; x_wconf 92' lang='lat'>.</span> 
     </span>
     <span class='ocr_line' id='line_1_66' title="bbox 277 2593 921 2658; baseline -0.009 -6"><span class='ocrx_word' id='word_1_506' title='bbox 277 2593 367 2656; x_wconf 45' lang='lat' dir='ltr'>Plias?</span> <span class='ocrx_word' id='word_1_507' title='bbox 382 2630 435 2650; x_wconf 87' lang='lat' dir='ltr'>nec</span> <span class='ocrx_word' id='word_1_508' title='bbox 444 2620 544 2650; x_wconf 80' lang='lat' dir='ltr'>obtusis</span> <span class='ocrx_word' id='word_1_509' title='bbox 555 2630 602 2658; x_wconf 88' lang='lat' dir='ltr'>per</span> <span class='ocrx_word' id='word_1_510' title='bbox 614 2619 711 2649; x_wconf 80' lang='lat' dir='ltr'>caelum</span> <span class='ocrx_word' id='word_1_511' title='bbox 721 2617 851 2648; x_wconf 84' lang='lat' dir='ltr'>cornibus</span> <span class='ocrx_word' id='word_1_512' title='bbox 861 2616 921 2647; x_wconf 87' lang='lat' dir='ltr'>ibit.</span> 
     </span>
    </p>

    <p class='ocr_par' dir='ltr' id='par_1_32' title="bbox 187 2654 947 2696">
     <span class='ocr_line' id='line_1_67' title="bbox 187 2654 947 2696; baseline -0.008 -6"><span class='ocrx_word' id='word_1_513' title='bbox 187 2660 260 2690; x_wconf 87' lang='lat' dir='ltr'>Puris</span> <span class='ocrx_word' id='word_1_514' title='bbox 275 2660 403 2690; x_wconf 91' lang='lat' dir='ltr'>cornibus</span> <span class='ocrx_word' id='word_1_515' title='bbox 414 2657 435 2687; x_wconf 89' lang='lat' dir='ltr'>it</span> <span class='ocrx_word' id='word_1_516' title='bbox 446 2658 521 2688; x_wconf 84' lang='lat' dir='ltr'>Luna</span> <span class='ocrx_word' id='word_1_517' title='bbox 530 2666 609 2696; x_wconf 89' lang='lat' dir='ltr'>rupta</span> <span class='ocrx_word' id='word_1_518' title='bbox 618 2657 700 2687; x_wconf 89' lang='lat' dir='ltr'>nube.</span> <span class='ocrx_word' id='word_1_519' title='bbox 721 2657 784 2686; x_wconf 89' lang='lat' dir='ltr'>Sen.</span> <span class='ocrx_word' id='word_1_520' title='bbox 795 2654 910 2694; x_wconf 81' lang='lat' dir='ltr'>Hippol.</span> <span class='ocrx_word' id='word_1_521' title='bbox 919 2664 947 2691; x_wconf 83' lang='lat'>4.</span> 
     </span>
    </p>

    <p class='ocr_par' dir='ltr' id='par_1_33' title="bbox 185 2694 794 2727">
     <span class='ocr_line' id='line_1_68' title="bbox 185 2694 794 2727; baseline -0.007 0"><span class='ocrx_word' id='word_1_522' title='bbox 185 2698 310 2727; x_wconf 85' lang='lat' dir='ltr'>Tenuius</span> <span class='ocrx_word' id='word_1_523' title='bbox 322 2698 403 2726; x_wconf 88' lang='lat' dir='ltr'>Lunae</span> <span class='ocrx_word' id='word_1_524' title='bbox 413 2706 508 2725; x_wconf 84' lang='lat' dir='ltr'>cornu.</span> <span class='ocrx_word' id='word_1_525' title='bbox 528 2696 594 2726; x_wconf 77' lang='lat' dir='ltr'>Stat.</span> <span class='ocrx_word' id='word_1_526' title='bbox 607 2704 650 2725; x_wconf 80' lang='lat'>12.</span> <span class='ocrx_word' id='word_1_527' title='bbox 664 2694 756 2725; x_wconf 86' lang='lat' dir='ltr'>Theb.</span> <span class='ocrx_word' id='word_1_528' title='bbox 768 2703 794 2723; x_wconf 86' lang='lat'>2.</span> 
     </span>
    </p>

    <p class='ocr_par' dir='ltr' id='par_1_34' title="bbox 186 2733 874 2769">
     <span class='ocr_line' id='line_1_69' title="bbox 186 2733 874 2769; baseline -0.006 -6"><span class='ocrx_word' id='word_1_529' title='bbox 186 2735 287 2764; x_wconf 82' lang='lat' dir='ltr'>Velatis</span> <span class='ocrx_word' id='word_1_530' title='bbox 299 2735 428 2765; x_wconf 89' lang='lat' dir='ltr'>cornibus</span> <span class='ocrx_word' id='word_1_531' title='bbox 438 2733 521 2763; x_wconf 89' lang='lat' dir='ltr'>Luna.</span> <span class='ocrx_word' id='word_1_532' title='bbox 543 2733 630 2762; x_wconf 82' lang='lat' dir='ltr'>Valer.</span> <span class='ocrx_word' id='word_1_533' title='bbox 644 2738 672 2766; x_wconf 84' lang='lat'>8.</span> <span class='ocrx_word' id='word_1_534' title='bbox 685 2733 781 2769; x_wconf 79' lang='lat' dir='ltr'>Argon.</span> <span class='ocrx_word' id='word_1_535' title='bbox 792 2740 837 2766; x_wconf 85' lang='lat'>²9·</span> <span class='ocrx_word' id='word_1_536' title='bbox 873 2763 874 2766; x_wconf 14' lang='grc' dir='ltr'><strong>Ἴ</strong></span> 
     </span>
    </p>

    <p class='ocr_par' dir='ltr' id='par_1_35' title="bbox 187 2763 1104 2806">
     <span class='ocr_line' id='line_1_70' title="bbox 187 2763 1104 2806; baseline -0.008 -4"><span class='ocrx_word' id='word_1_537' title='bbox 187 2773 294 2802; x_wconf 86' lang='lat' dir='ltr'>Coeunt</span> <span class='ocrx_word' id='word_1_538' title='bbox 304 2779 362 2802; x_wconf 84' lang='lat' dir='ltr'>tota</span> <span class='ocrx_word' id='word_1_539' title='bbox 373 2781 491 2806; x_wconf 87' lang='lat' dir='ltr'>cornua,</span> <span class='ocrx_word' id='word_1_540' title='bbox 511 2770 690 2806; x_wconf 86' lang='lat' dir='ltr'>efficiuntque</span> <span class='ocrx_word' id='word_1_541' title='bbox 700 2770 804 2799; x_wconf 90' lang='lat' dir='ltr'>orbern.</span> <span class='ocrx_word' id='word_1_542' title='bbox 826 2767 909 2798; x_wconf 90' lang='lat' dir='ltr'>Ovid.</span> <span class='ocrx_word' id='word_1_543' title='bbox 919 2775 944 2804; x_wconf 90' lang='lat'>7.</span> <span class='ocrx_word' id='word_1_544' title='bbox 959 2763 1027 2796; x_wconf 85' lang='lat' dir='ltr'>Met.</span> <span class='ocrx_word' id='word_1_545' title='bbox 1044 2775 1104 2804; x_wconf 80' lang='lat'>¹79·</span> 
     </span>
    </p>

    <p class='ocr_par' dir='ltr' id='par_1_36' title="bbox 186 2807 625 2848">
     <span class='ocr_line' id='line_1_71' title="bbox 186 2807 625 2848; baseline -0.002 -9"><span class='ocrx_word' id='word_1_546' title='bbox 186 2810 344 2848; x_wconf 86' lang='lat' dir='ltr'>Complent.</span> <span class='ocrx_word' id='word_1_547' title='bbox 367 2809 437 2846; x_wconf 83' lang='lat' dir='ltr'>Virg.</span> <span class='ocrx_word' id='word_1_548' title='bbox 451 2817 475 2844; x_wconf 82' lang='grc'>3.</span> <span class='ocrx_word' id='word_1_549' title='bbox 487 2807 548 2839; x_wconf 79' lang='lat' dir='ltr'>AEn.</span> <span class='ocrx_word' id='word_1_550' title='bbox 560 2812 625 2844; x_wconf 77' lang='lat'>645.</span> 
     </span>
    </p>

    <p class='ocr_par' dir='ltr' id='par_1_37' title="bbox 207 2835 1293 2922">
     <span class='ocr_line' id='line_1_72' title="bbox 275 2835 1293 2884; baseline -0.005 -8"><span class='ocrx_word' id='word_1_551' title='bbox 275 2846 368 2877; x_wconf 88' lang='lat' dir='ltr'>Tertia</span> <span class='ocrx_word' id='word_1_552' title='bbox 377 2848 432 2883; x_wconf 89' lang='lat' dir='ltr'>jam</span> <span class='ocrx_word' id='word_1_553' title='bbox 445 2845 526 2875; x_wconf 83' lang='lat' dir='ltr'>Lunae</span> <span class='ocrx_word' id='word_1_554' title='bbox 539 2845 566 2876; x_wconf 87' lang='lat' dir='ltr'>se</span> <span class='ocrx_word' id='word_1_555' title='bbox 575 2854 679 2876; x_wconf 86' lang='lat' dir='ltr'>cornua</span> <span class='ocrx_word' id='word_1_556' title='bbox 699 2842 805 2874; x_wconf 88' lang='lat' dir='ltr'>lumine</span> <span class='ocrx_word' id='word_1_557' title='bbox 825 2842 978 2881; x_wconf 84' lang='lat' dir='ltr'>complent.</span> <span class='ocrx_word' id='word_1_558' title='bbox 1060 2835 1090 2884; x_wconf 57' lang='lat' dir='ltr'>Q</span> <span class='ocrx_word' id='word_1_559' title='bbox 1105 2850 1129 2871; x_wconf 88' lang='lat' dir='ltr'>e.</span> <span class='ocrx_word' id='word_1_560' title='bbox 1159 2840 1222 2876; x_wconf 79' lang='lat' dir='ltr'>Jam</span> <span class='ocrx_word' id='word_1_561' title='bbox 1241 2845 1293 2871; x_wconf 86' lang='lat' dir='ltr'>tet-</span> 
     </span>
     <span class='ocr_line' id='line_1_73' title="bbox 207 2884 523 2922; baseline -0.003 -9"><span class='ocrx_word' id='word_1_562' title='bbox 207 2885 274 2914; x_wconf 90' lang='lat' dir='ltr'>tium</span> <span class='ocrx_word' id='word_1_563' title='bbox 285 2885 321 2914; x_wconf 86' lang='lat' dir='ltr'>est</span> <span class='ocrx_word' id='word_1_564' title='bbox 332 2884 523 2922; x_wconf 79' lang='lat' dir='ltr'>plenilunium.</span> 
     </span>
    </p>

    <p class='ocr_par' dir='ltr' id='par_1_38' title="bbox 189 2918 876 2952">
     <span class='ocr_line' id='line_1_74' title="bbox 189 2918 876 2952; baseline -0.006 -2"><span class='ocrx_word' id='word_1_565' title='bbox 189 2922 358 2952; x_wconf 57' lang='lat' dir='ltr'>hanefe-unt</span> <span class='ocrx_word' id='word_1_566' title='bbox 369 2931 471 2951; x_wconf 90' lang='lat' dir='ltr'>cornua</span> <span class='ocrx_word' id='word_1_567' title='bbox 483 2921 574 2950; x_wconf 86' lang='lat' dir='ltr'>Lunae.</span> <span class='ocrx_word' id='word_1_568' title='bbox 595 2919 714 2949; x_wconf 85' lang='lat' dir='ltr'>Ovid.2.</span> <span class='ocrx_word' id='word_1_569' title='bbox 728 2918 798 2948; x_wconf 83' lang='lat' dir='ltr'>Met.</span> <span class='ocrx_word' id='word_1_570' title='bbox 815 2927 844 2947; x_wconf 86' lang='lat'>11</span> <span class='ocrx_word' id='word_1_571' title='bbox 869 2940 876 2947; x_wconf 89' lang='lat'>.</span> 
     </span>
    </p>

    <p class='ocr_par' dir='ltr' id='par_1_39' title="bbox 186 2926 1060 2996">
     <span class='ocr_line' id='line_1_75' title="bbox 186 2926 1060 2996; baseline -0.006 -9"><span class='ocrx_word' id='word_1_572' title='bbox 186 2960 290 2994; x_wconf 62' lang='lat' dir='ltr'>,lunens</span> <span class='ocrx_word' id='word_1_573' title='bbox 299 2957 428 2988; x_wconf 85' lang='lat' dir='ltr'>cornibus</span> <span class='ocrx_word' id='word_1_574' title='bbox 436 2959 562 2996; x_wconf 84' lang='lat' dir='ltr'>implerat</span> <span class='ocrx_word' id='word_1_575' title='bbox 572 2957 668 2987; x_wconf 88' lang='lat' dir='ltr'>orbem</span> <span class='ocrx_word' id='word_1_576' title='bbox 680 2956 764 2986; x_wconf 87' lang='lat' dir='ltr'>Luna.</span> <span class='ocrx_word' id='word_1_577' title='bbox 785 2926 868 2985; x_wconf 74' lang='lat' dir='ltr'>Ovid7.</span> <span class='ocrx_word' id='word_1_578' title='bbox 878 2963 904 2984; x_wconf 83' lang='lat'>2.</span> <span class='ocrx_word' id='word_1_579' title='bbox 916 2953 984 2984; x_wconf 83' lang='lat' dir='ltr'>Met.</span> <span class='ocrx_word' id='word_1_580' title='bbox 997 2961 1060 2990; x_wconf 80' lang='lat'>344.</span> 
     </span>
    </p>

    <p class='ocr_par' dir='ltr' id='par_1_40' title="bbox 186 2991 1007 3034">
     <span class='ocr_line' id='line_1_76' title="bbox 186 2991 1007 3034; baseline -0.005 -10"><span class='ocrx_word' id='word_1_581' title='bbox 186 2997 279 3033; x_wconf 66' lang='lat' dir='ltr'>jungit</span> <span class='ocrx_word' id='word_1_582' title='bbox 290 2997 364 3026; x_wconf 91' lang='lat' dir='ltr'>Luna</span> <span class='ocrx_word' id='word_1_583' title='bbox 374 2997 434 3026; x_wconf 88' lang='lat' dir='ltr'>suos</span> <span class='ocrx_word' id='word_1_584' title='bbox 446 2998 521 3034; x_wconf 78' lang='lat' dir='ltr'>ignes</span> <span class='ocrx_word' id='word_1_585' title='bbox 531 3002 650 3025; x_wconf 85' lang='lat' dir='ltr'>coeunte</span> <span class='ocrx_word' id='word_1_586' title='bbox 660 3004 754 3023; x_wconf 92' lang='lat' dir='ltr'>cornu.</span> <span class='ocrx_word' id='word_1_587' title='bbox 777 2993 842 3023; x_wconf 88' lang='lat' dir='ltr'>Sen.</span> <span class='ocrx_word' id='word_1_588' title='bbox 855 2991 968 3030; x_wconf 83' lang='lat' dir='ltr'>Hippol.</span> <span class='ocrx_word' id='word_1_589' title='bbox 980 2995 1007 3021; x_wconf 87' lang='lat'>⁶.</span> 
     </span>
    </p>

    <p class='ocr_par' dir='ltr' id='par_1_41' title="bbox 189 3030 935 3071">
     <span class='ocr_line' id='line_1_77' title="bbox 189 3030 935 3071; baseline -0.004 -10"><span class='ocrx_word' id='word_1_590' title='bbox 189 3035 304 3071; x_wconf 71' lang='lat' dir='ltr'>lleparat</span> <span class='ocrx_word' id='word_1_591' title='bbox 318 3045 390 3063; x_wconf 88' lang='lat' dir='ltr'>nova</span> <span class='ocrx_word' id='word_1_592' title='bbox 401 3044 502 3063; x_wconf 89' lang='lat' dir='ltr'>cornua</span> <span class='ocrx_word' id='word_1_593' title='bbox 516 3033 628 3063; x_wconf 76' lang='lat' dir='ltr'>Phoebe.</span> <span class='ocrx_word' id='word_1_594' title='bbox 651 3032 736 3061; x_wconf 88' lang='lat' dir='ltr'>Ovid.</span> <span class='ocrx_word' id='word_1_595' title='bbox 753 3041 774 3061; x_wconf 72' lang='grc' dir='ltr'>ι.</span> <span class='ocrx_word' id='word_1_596' title='bbox 788 3030 857 3060; x_wconf 85' lang='lat' dir='ltr'>Met.</span> <span class='ocrx_word' id='word_1_597' title='bbox 872 3034 935 3064; x_wconf 77' lang='lat'><strong>⁶40·</strong></span> 
     </span>
    </p>

    <p class='ocr_par' dir='ltr' id='par_1_42' title="bbox 186 3066 1290 3144">
     <span class='ocr_line' id='line_1_78' title="bbox 186 3066 1290 3106; baseline -0.002 -6"><span class='ocrx_word' id='word_1_598' title='bbox 186 3072 292 3101; x_wconf 80' lang='lat' dir='ltr'>Cornua</span> <span class='ocrx_word' id='word_1_599' title='bbox 306 3073 450 3100; x_wconf 86' lang='lat' dir='ltr'>montium.</span> <span class='ocrx_word' id='word_1_600' title='bbox 472 3078 502 3100; x_wconf 89' lang='lat' dir='ltr'>ut</span> <span class='ocrx_word' id='word_1_601' title='bbox 514 3093 521 3105; x_wconf 82' lang='grc'>,</span> <span class='ocrx_word' id='word_1_602' title='bbox 543 3071 653 3100; x_wconf 85' lang='lat' dir='ltr'>Cornua</span> <span class='ocrx_word' id='word_1_603' title='bbox 662 3066 782 3098; x_wconf 84' lang='lat' dir='ltr'>Parnasi:</span> <span class='ocrx_word' id='word_1_604' title='bbox 804 3069 849 3104; x_wconf 91' lang='lat' dir='ltr'>qui</span> <span class='ocrx_word' id='word_1_605' title='bbox 861 3068 958 3097; x_wconf 88' lang='lat' dir='ltr'>eadem</span> <span class='ocrx_word' id='word_1_606' title='bbox 967 3067 1002 3096; x_wconf 84' lang='lat' dir='ltr'>de</span> <span class='ocrx_word' id='word_1_607' title='bbox 1011 3066 1089 3097; x_wconf 87' lang='lat' dir='ltr'>causa</span> <span class='ocrx_word' id='word_1_608' title='bbox 1102 3066 1290 3106; x_wconf 84' lang='lat' dir='ltr'>etiamBiccps</span> 
     </span>
     <span class='ocr_line' id='line_1_79' title="bbox 204 3108 606 3144; baseline 0.002 -7"><span class='ocrx_word' id='word_1_609' title='bbox 204 3109 311 3138; x_wconf 88' lang='lat' dir='ltr'>dicitur.</span> <span class='ocrx_word' id='word_1_610' title='bbox 329 3109 394 3140; x_wconf 87' lang='lat' dir='ltr'>Stat.</span> <span class='ocrx_word' id='word_1_611' title='bbox 409 3119 431 3143; x_wconf 83' lang='grc' dir='ltr'>ς.</span> <span class='ocrx_word' id='word_1_612' title='bbox 441 3108 530 3137; x_wconf 83' lang='lat' dir='ltr'>Theb.</span> <span class='ocrx_word' id='word_1_613' title='bbox 545 3117 606 3144; x_wconf 76' lang='lat'>54²·</span> 
     </span>
    </p>

    <p class='ocr_par' dir='ltr' id='par_1_43' title="bbox 263 3143 902 3217">
     <span class='ocr_line' id='line_1_80' title="bbox 264 3143 902 3183; baseline -0.006 -7"><span class='ocrx_word' id='word_1_614' title='bbox 264 3147 389 3183; x_wconf 80' lang='lat' dir='ltr'>Quantus</span> <span class='ocrx_word' id='word_1_615' title='bbox 400 3147 424 3175; x_wconf 67' lang='lat' dir='ltr'>S&lt;</span> <span class='ocrx_word' id='word_1_616' title='bbox 437 3146 482 3174; x_wconf 85' lang='lat' dir='ltr'>ille</span> <span class='ocrx_word' id='word_1_617' title='bbox 492 3146 554 3174; x_wconf 77' lang='lat' dir='ltr'>sacri</span> <span class='ocrx_word' id='word_1_618' title='bbox 568 3145 645 3183; x_wconf 87' lang='lat' dir='ltr'>spiris</span> <span class='ocrx_word' id='word_1_619' title='bbox 660 3144 759 3173; x_wconf 86' lang='lat' dir='ltr'>intorta</span> <span class='ocrx_word' id='word_1_620' title='bbox 771 3143 902 3172; x_wconf 87' lang='lat' dir='ltr'>movebat</span> 
     </span>
     <span class='ocr_line' id='line_1_81' title="bbox 263 3183 574 3217; baseline 0 -5"><span class='ocrx_word' id='word_1_621' title='bbox 263 3187 370 3212; x_wconf 74' lang='lat' dir='ltr'>Cornua</span> <span class='ocrx_word' id='word_1_622' title='bbox 385 3183 485 3213; x_wconf 80' lang='lat' dir='ltr'>Parnasi</span> <span class='ocrx_word' id='word_1_623' title='bbox 497 3205 504 3217; x_wconf 92' lang='lat'>,</span> <span class='ocrx_word' id='word_1_624' title='bbox 525 3184 574 3212; x_wconf 60' lang='lat' dir='ltr'>erc.</span> 
     </span>
    </p>

    <p class='ocr_par' dir='ltr' id='par_1_44' title="bbox 188 3215 1291 3287">
     <span class='ocr_line' id='line_1_82' title="bbox 188 3215 1291 3255; baseline -0.005 -6"><span class='ocrx_word' id='word_1_625' title='bbox 188 3220 293 3250; x_wconf 81' lang='lat' dir='ltr'>Cornua</span> <span class='ocrx_word' id='word_1_626' title='bbox 308 3222 451 3250; x_wconf 72' lang='lat' dir='ltr'>fluminum</span> <span class='ocrx_word' id='word_1_627' title='bbox 463 3243 470 3255; x_wconf 81' lang='lat'>,</span> <span class='ocrx_word' id='word_1_628' title='bbox 491 3221 618 3249; x_wconf 86' lang='lat' dir='ltr'>dicuntur</span> <span class='ocrx_word' id='word_1_629' title='bbox 632 3218 740 3253; x_wconf 80' lang='lat' dir='ltr'>Flexus,</span> <span class='ocrx_word' id='word_1_630' title='bbox 761 3219 786 3247; x_wconf 64' lang='grc' dir='ltr'><strong><em>ἃ</em></strong></span> <span class='ocrx_word' id='word_1_631' title='bbox 798 3217 945 3246; x_wconf 83' lang='lat' dir='ltr'>curvitates</span> <span class='ocrx_word' id='word_1_632' title='bbox 956 3215 1096 3246; x_wconf 82' lang='lat' dir='ltr'>alveorum</span> <span class='ocrx_word' id='word_1_633' title='bbox 1107 3238 1115 3251; x_wconf 98' lang='lat'>,</span> <span class='ocrx_word' id='word_1_634' title='bbox 1135 3217 1209 3254; x_wconf 90' lang='lat' dir='ltr'>quod</span> <span class='ocrx_word' id='word_1_635' title='bbox 1221 3217 1291 3247; x_wconf 91' lang='lat' dir='ltr'>mul.</span> 
     </span>
     <span class='ocr_line' id='line_1_83' title="bbox 205 3255 1089 3287; baseline -0.003 -2"><span class='ocrx_word' id='word_1_636' title='bbox 205 3258 238 3286; x_wconf 85' lang='lat' dir='ltr'>tis</span> <span class='ocrx_word' id='word_1_637' title='bbox 250 3260 275 3286; x_wconf 90' lang='lat' dir='ltr'>in</span> <span class='ocrx_word' id='word_1_638' title='bbox 291 3259 356 3287; x_wconf 78' lang='lat' dir='ltr'>locis</span> <span class='ocrx_word' id='word_1_639' title='bbox 371 3259 405 3286; x_wconf 78' lang='lat' dir='ltr'>ad</span> <span class='ocrx_word' id='word_1_640' title='bbox 419 3268 553 3287; x_wconf 87' lang='lat' dir='ltr'>cornuum</span> <span class='ocrx_word' id='word_1_641' title='bbox 564 3257 768 3286; x_wconf 83' lang='lat' dir='ltr'>similitudinem</span> <span class='ocrx_word' id='word_1_642' title='bbox 780 3256 934 3284; x_wconf 76' lang='lat' dir='ltr'>flectantur.</span> <span class='ocrx_word' id='word_1_643' title='bbox 957 3255 1089 3283; x_wconf 81' lang='lat' dir='ltr'>Perottus.</span> 
     </span>
    </p>

    <p class='ocr_par' dir='ltr' id='par_1_45' title="bbox 187 3291 1290 3436">
     <span class='ocr_line' id='line_1_84' title="bbox 187 3291 1289 3329; baseline 0 -7"><span class='ocrx_word' id='word_1_644' title='bbox 187 3293 299 3325; x_wconf 79' lang='lat' dir='ltr'>Gemina</span> <span class='ocrx_word' id='word_1_645' title='bbox 312 3297 534 3325; x_wconf 82' lang='lat' dir='ltr'>auratustaurinn</span> <span class='ocrx_word' id='word_1_646' title='bbox 552 3305 654 3323; x_wconf 81' lang='lat' dir='ltr'>cornua</span> <span class='ocrx_word' id='word_1_647' title='bbox 668 3294 755 3322; x_wconf 86' lang='lat' dir='ltr'>vultu.</span> <span class='ocrx_word' id='word_1_648' title='bbox 780 3294 849 3329; x_wconf 78' lang='lat' dir='ltr'>Virg.</span> <span class='ocrx_word' id='word_1_649' title='bbox 862 3305 887 3327; x_wconf 81' lang='lat'>4.</span> <span class='ocrx_word' id='word_1_650' title='bbox 902 3293 1001 3329; x_wconf 78' lang='lat' dir='ltr'>Georg.</span> <span class='ocrx_word' id='word_1_651' title='bbox 1015 3301 1076 3328; x_wconf 76' lang='lat'>371.</span> <span class='ocrx_word' id='word_1_652' title='bbox 1118 3291 1158 3321; x_wconf 85' lang='lat' dir='ltr'>De</span> <span class='ocrx_word' id='word_1_653' title='bbox 1170 3291 1289 3323; x_wconf 79' lang='lat' dir='ltr'>Eridano</span> 
     </span>
     <span class='ocr_line' id='line_1_85' title="bbox 206 3330 1290 3369; baseline 0.001 -11"><span class='ocrx_word' id='word_1_654' title='bbox 206 3331 329 3367; x_wconf 85' lang='lat' dir='ltr'>loquitur.</span> <span class='ocrx_word' id='word_1_655' title='bbox 369 3334 561 3369; x_wconf 66' lang='lat' dir='ltr'>[tiningeham</span> <span class='ocrx_word' id='word_1_656' title='bbox 576 3340 663 3369; x_wconf 77' lang='lat' dir='ltr'>poetae</span> <span class='ocrx_word' id='word_1_657' title='bbox 675 3341 775 3360; x_wconf 67' lang='lat' dir='ltr'>cornua</span> <span class='ocrx_word' id='word_1_658' title='bbox 786 3331 932 3359; x_wconf 81' lang='lat' dir='ltr'>fluminum</span> <span class='ocrx_word' id='word_1_659' title='bbox 944 3330 1120 3365; x_wconf 80' lang='lat' dir='ltr'>imaginibus.</span> <span class='ocrx_word' id='word_1_660' title='bbox 1143 3330 1173 3358; x_wconf 97' lang='lat' dir='ltr'>V.</span> <span class='ocrx_word' id='word_1_661' title='bbox 1190 3331 1290 3367; x_wconf 72' lang='lat' dir='ltr'>ffliian,</span> 
     </span>
     <span class='ocr_line' id='line_1_86' title="bbox 206 3367 1288 3406; baseline 0.003 -11"><span class='ocrx_word' id='word_1_662' title='bbox 206 3368 263 3397; x_wconf 86' lang='lat' dir='ltr'>Var.</span> <span class='ocrx_word' id='word_1_663' title='bbox 276 3370 331 3398; x_wconf 78' lang='lat' dir='ltr'>hist.</span> <span class='ocrx_word' id='word_1_664' title='bbox 344 3380 369 3398; x_wconf 86' lang='lat'>2.</span> <span class='ocrx_word' id='word_1_665' title='bbox 385 3380 426 3404; x_wconf 79' lang='grc'>33,</span> <span class='ocrx_word' id='word_1_666' title='bbox 443 3373 468 3399; x_wconf 62' lang='grc' dir='ltr'>ὁὶ</span> <span class='ocrx_word' id='word_1_667' title='bbox 481 3371 583 3398; x_wconf 78' lang='lat' dir='ltr'>ibidem</span> <span class='ocrx_word' id='word_1_668' title='bbox 595 3369 708 3406; x_wconf 78' lang='lat' dir='ltr'>interpr.</span> <span class='ocrx_word' id='word_1_669' title='bbox 723 3370 825 3405; x_wconf 71' lang='lat' dir='ltr'>Spanli.</span> <span class='ocrx_word' id='word_1_670' title='bbox 837 3370 871 3397; x_wconf 81' lang='lat' dir='ltr'>de</span> <span class='ocrx_word' id='word_1_671' title='bbox 882 3369 921 3398; x_wconf 83' lang='lat' dir='ltr'>Pr.</span> <span class='ocrx_word' id='word_1_672' title='bbox 935 3370 960 3397; x_wconf 74' lang='grc' dir='ltr'><strong>ἃ</strong></span> <span class='ocrx_word' id='word_1_673' title='bbox 972 3367 1020 3396; x_wconf 83' lang='lat' dir='ltr'>usu</span> <span class='ocrx_word' id='word_1_674' title='bbox 1031 3377 1107 3397; x_wconf 91' lang='lat' dir='ltr'>num.</span> <span class='ocrx_word' id='word_1_675' title='bbox 1124 3367 1187 3397; x_wconf 74' lang='lat' dir='ltr'>Diis.</span> <span class='ocrx_word' id='word_1_676' title='bbox 1200 3372 1288 3404; x_wconf 80' lang='lat'>7.6.2.</span> 
     </span>
     <span class='ocr_line' id='line_1_87' title="bbox 205 3406 612 3436; baseline 0.002 -2"><span class='ocrx_word' id='word_1_677' title='bbox 205 3406 277 3434; x_wconf 82' lang='lat' dir='ltr'>Serv.</span> <span class='ocrx_word' id='word_1_678' title='bbox 291 3408 357 3436; x_wconf 81' lang='lat' dir='ltr'>infra</span> <span class='ocrx_word' id='word_1_679' title='bbox 370 3409 396 3435; x_wconf 93' lang='lat' dir='ltr'>in</span> <span class='ocrx_word' id='word_1_680' title='bbox 416 3419 458 3435; x_wconf 64' lang='lat' dir='ltr'>uo</span> <span class='ocrx_word' id='word_1_681' title='bbox 468 3418 481 3435; x_wconf 75' lang='lat' dir='ltr'>lt</span> <span class='ocrx_word' id='word_1_682' title='bbox 493 3418 509 3435; x_wconf 78' lang='grc' dir='ltr'><strong>Ν</strong></span> <span class='ocrx_word' id='word_1_683' title='bbox 520 3418 527 3435; x_wconf 91' lang='grc' dir='ltr'>ι</span> <span class='ocrx_word' id='word_1_684' title='bbox 537 3417 553 3435; x_wconf 80' lang='lat' dir='ltr'>o</span> <span class='ocrx_word' id='word_1_685' title='bbox 566 3418 578 3435; x_wconf 78' lang='lat' dir='ltr'>u</span> <span class='ocrx_word' id='word_1_686' title='bbox 589 3418 612 3435; x_wconf 77' lang='grc' dir='ltr'>κ.</span> 
     </span>
    </p>

    <p class='ocr_par' dir='ltr' id='par_1_46' title="bbox 188 3441 857 3479">
     <span class='ocr_line' id='line_1_88' title="bbox 188 3441 857 3479; baseline 0.001 -10"><span class='ocrx_word' id='word_1_687' title='bbox 188 3441 269 3470; x_wconf 74' lang='lat' dir='ltr'>Elaris</span> <span class='ocrx_word' id='word_1_688' title='bbox 279 3445 405 3473; x_wconf 84' lang='lat' dir='ltr'>cornibus</span> <span class='ocrx_word' id='word_1_689' title='bbox 416 3455 518 3473; x_wconf 83' lang='lat' dir='ltr'>amnes.</span> <span class='ocrx_word' id='word_1_690' title='bbox 541 3443 626 3472; x_wconf 69' lang='lat' dir='ltr'>Valet.</span> <span class='ocrx_word' id='word_1_691' title='bbox 644 3454 665 3471; x_wconf 89' lang='lat' dir='ltr'>r.</span> <span class='ocrx_word' id='word_1_692' title='bbox 682 3444 778 3479; x_wconf 75' lang='lat' dir='ltr'>Argon.</span> <span class='ocrx_word' id='word_1_693' title='bbox 798 3446 857 3471; x_wconf 79' lang='lat'>106.</span> 
     </span>
    </p>

    <p class='ocr_par' dir='ltr' id='par_1_47' title="bbox 187 3477 1287 3516">
     <span class='ocr_line' id='line_1_89' title="bbox 187 3477 1287 3516; baseline 0.003 -10"><span class='ocrx_word' id='word_1_694' title='bbox 187 3477 320 3508; x_wconf 77' lang='lat' dir='ltr'>Terrilicis</span> <span class='ocrx_word' id='word_1_695' title='bbox 333 3483 437 3510; x_wconf 70' lang='lat' dir='ltr'>undans</span> <span class='ocrx_word' id='word_1_696' title='bbox 446 3482 574 3510; x_wconf 83' lang='lat' dir='ltr'>cornibus</span> <span class='ocrx_word' id='word_1_697' title='bbox 588 3481 702 3510; x_wconf 77' lang='lat' dir='ltr'>Hebrus.</span> <span class='ocrx_word' id='word_1_698' title='bbox 732 3480 816 3509; x_wconf 75' lang='lat' dir='ltr'>valer.</span> <span class='ocrx_word' id='word_1_699' title='bbox 829 3484 854 3509; x_wconf 86' lang='lat'>6.</span> <span class='ocrx_word' id='word_1_700' title='bbox 870 3479 1043 3516; x_wconf 81' lang='lat' dir='ltr'>Argon.618.</span> <span class='ocrx_word' id='word_1_701' title='bbox 1083 3477 1122 3509; x_wconf 81' lang='lat' dir='ltr'>Al.</span> <span class='ocrx_word' id='word_1_702' title='bbox 1148 3478 1287 3509; x_wconf 67' lang='lat' dir='ltr'>Crinibus.</span> 
     </span>
    </p>

    <p class='ocr_par' dir='ltr' id='par_1_48' title="bbox 186 3514 799 3553">
     <span class='ocr_line' id='line_1_90' title="bbox 186 3514 799 3553; baseline 0.003 -10"><span class='ocrx_word' id='word_1_703' title='bbox 186 3514 364 3547; x_wconf 75' lang='lat' dir='ltr'>Truncatum.</span> <span class='ocrx_word' id='word_1_704' title='bbox 385 3519 478 3546; x_wconf 77' lang='lat' dir='ltr'>Claud.</span> <span class='ocrx_word' id='word_1_705' title='bbox 497 3521 530 3547; x_wconf 80' lang='lat' dir='ltr'>de</span> <span class='ocrx_word' id='word_1_706' title='bbox 543 3520 622 3547; x_wconf 74' lang='lat' dir='ltr'>Laud.</span> <span class='ocrx_word' id='word_1_707' title='bbox 635 3521 726 3546; x_wconf 78' lang='lat' dir='ltr'>Sercn.</span> <span class='ocrx_word' id='word_1_708' title='bbox 741 3523 799 3553; x_wconf 79' lang='lat'>176.</span> 
     </span>
    </p>

    <p class='ocr_par' dir='ltr' id='par_1_49' title="bbox 265 3555 871 3593">
     <span class='ocr_line' id='line_1_91' title="bbox 265 3555 871 3593; baseline 0.005 -12"><span class='ocrx_word' id='word_1_709' title='bbox 265 3555 356 3583; x_wconf 57' lang='lat' dir='ltr'>Saucia</span> <span class='ocrx_word' id='word_1_710' title='bbox 369 3565 492 3584; x_wconf 70' lang='lat' dir='ltr'>truncatu</span> <span class='ocrx_word' id='word_1_711' title='bbox 505 3557 640 3593; x_wconf 73' lang='lat' dir='ltr'>pallebant</span> <span class='ocrx_word' id='word_1_712' title='bbox 652 3556 765 3584; x_wconf 78' lang='lat' dir='ltr'>llumina</span> <span class='ocrx_word' id='word_1_713' title='bbox 777 3564 871 3584; x_wconf 87' lang='lat' dir='ltr'>cornu.</span> 
     </span>
    </p>

    <p class='ocr_par' dir='ltr' id='par_1_50' title="bbox 187 3589 1286 3665">
     <span class='ocr_line' id='line_1_92' title="bbox 187 3589 1286 3632; baseline 0.003 -14"><span class='ocrx_word' id='word_1_714' title='bbox 187 3589 294 3632; x_wconf 56' lang='lat' dir='ltr'>Cornua</span> <span class='ocrx_word' id='word_1_715' title='bbox 307 3601 406 3627; x_wconf 63' lang='lat' dir='ltr'>porrus.</span> <span class='ocrx_word' id='word_1_716' title='bbox 447 3595 503 3621; x_wconf 66' lang='lat' dir='ltr'>cic.</span> <span class='ocrx_word' id='word_1_717' title='bbox 518 3605 542 3625; x_wconf 76' lang='lat' dir='ltr'>o.</span> <span class='ocrx_word' id='word_1_718' title='bbox 558 3596 609 3621; x_wconf 78' lang='lat' dir='ltr'>nrt.</span> <span class='ocrx_word' id='word_1_719' title='bbox 627 3601 665 3628; x_wconf 91' lang='lat'>¹7·</span> <span class='ocrx_word' id='word_1_720' title='bbox 689 3594 726 3620; x_wconf 72' lang='lat' dir='ltr'>Ab</span> <span class='ocrx_word' id='word_1_721' title='bbox 738 3601 852 3628; x_wconf 71' lang='lat' dir='ltr'>utroque</span> <span class='ocrx_word' id='word_1_722' title='bbox 862 3597 957 3629; x_wconf 83' lang='lat' dir='ltr'>portus</span> <span class='ocrx_word' id='word_1_723' title='bbox 966 3600 1052 3621; x_wconf 88' lang='lat' dir='ltr'>cornu</span> <span class='ocrx_word' id='word_1_724' title='bbox 1064 3589 1152 3622; x_wconf 78' lang='lat' dir='ltr'>moles</span> <span class='ocrx_word' id='word_1_725' title='bbox 1162 3592 1286 3628; x_wconf 68' lang='lat' dir='ltr'>iacimus.</span> 
     </span>
     <span class='ocr_line' id='line_1_93' title="bbox 209 3627 711 3665; baseline 0.01 -11"><span class='ocrx_word' id='word_1_726' title='bbox 209 3627 308 3655; x_wconf 60' lang='lat' dir='ltr'>liudem</span> <span class='ocrx_word' id='word_1_727' title='bbox 324 3630 348 3656; x_wconf 66' lang='lat' dir='ltr'>ok</span> <span class='ocrx_word' id='word_1_728' title='bbox 361 3630 467 3657; x_wconf 68' lang='lat' dir='ltr'>Brachia.</span> <span class='ocrx_word' id='word_1_729' title='bbox 480 3632 615 3658; x_wconf 64' lang='lat' dir='ltr'>(licuntur.</span> <span class='ocrx_word' id='word_1_730' title='bbox 637 3641 661 3665; x_wconf 82' lang='lat' dir='ltr'>q.</span> <span class='ocrx_word' id='word_1_731' title='bbox 681 3629 711 3658; x_wconf 85' lang='lat' dir='ltr'>V.</span> 
     </span>
    </p>

    <p class='ocr_par' dir='ltr' id='par_1_51' title="bbox 188 3664 1006 3704">
     <span class='ocr_line' id='line_1_94' title="bbox 188 3664 1006 3704; baseline 0.005 -14"><span class='ocrx_word' id='word_1_732' title='bbox 188 3664 309 3698; x_wconf 66' lang='lat' dir='ltr'>Angustus</span> <span class='ocrx_word' id='word_1_733' title='bbox 321 3666 451 3694; x_wconf 79' lang='lat' dir='ltr'>inclusum</span> <span class='ocrx_word' id='word_1_734' title='bbox 463 3670 697 3704; x_wconf 63' lang='lat' dir='ltr'>cornibus-aequor.</span> <span class='ocrx_word' id='word_1_735' title='bbox 721 3667 800 3695; x_wconf 87' lang='lat' dir='ltr'>Ovid.</span> <span class='ocrx_word' id='word_1_736' title='bbox 817 3677 840 3702; x_wconf 83' lang='grc' dir='ltr'>ς.</span> <span class='ocrx_word' id='word_1_737' title='bbox 860 3668 927 3696; x_wconf 82' lang='lat' dir='ltr'>Met.</span> <span class='ocrx_word' id='word_1_738' title='bbox 943 3674 1006 3701; x_wconf 74' lang='lat'>410.</span> 
     </span>
    </p>

    <p class='ocr_par' dir='ltr' id='par_1_52' title="bbox 187 3701 1290 3818">
     <span class='ocr_line' id='line_1_95' title="bbox 187 3701 1289 3744; baseline 0.004 -15"><span class='ocrx_word' id='word_1_739' title='bbox 187 3701 293 3743; x_wconf 74' lang='lat' dir='ltr'>Cornua</span> <span class='ocrx_word' id='word_1_740' title='bbox 307 3703 333 3729; x_wconf 88' lang='lat' dir='ltr'>in</span> <span class='ocrx_word' id='word_1_741' title='bbox 350 3704 459 3738; x_wconf 67' lang='lat' dir='ltr'>praelw,</span> <span class='ocrx_word' id='word_1_742' title='bbox 481 3714 529 3744; x_wconf 62' lang='lat' dir='ltr'>pro</span> <span class='ocrx_word' id='word_1_743' title='bbox 550 3705 665 3740; x_wconf 67' lang='lat' dir='ltr'>Utraque</span> <span class='ocrx_word' id='word_1_744' title='bbox 685 3713 760 3741; x_wconf 83' lang='lat' dir='ltr'>parte</span> <span class='ocrx_word' id='word_1_745' title='bbox 777 3706 910 3742; x_wconf 77' lang='lat' dir='ltr'>agminis,</span> <span class='ocrx_word' id='word_1_746' title='bbox 930 3704 973 3733; x_wconf 90' lang='lat' dir='ltr'>vel</span> <span class='ocrx_word' id='word_1_747' title='bbox 989 3703 1069 3732; x_wconf 82' lang='lat' dir='ltr'>llciei.</span> <span class='ocrx_word' id='word_1_748' title='bbox 1109 3703 1141 3733; x_wconf 86' lang='lat' dir='ltr'>In</span> <span class='ocrx_word' id='word_1_749' title='bbox 1165 3704 1289 3734; x_wconf 78' lang='lat' dir='ltr'>exercitu</span> 
     </span>
     <span class='ocr_line' id='line_1_96' title="bbox 205 3741 1290 3781; baseline 0.005 -15"><span class='ocrx_word' id='word_1_750' title='bbox 205 3748 278 3767; x_wconf 81' lang='lat' dir='ltr'>enirn</span> <span class='ocrx_word' id='word_1_751' title='bbox 288 3741 323 3766; x_wconf 76' lang='lat' dir='ltr'>eil</span> <span class='ocrx_word' id='word_1_752' title='bbox 333 3741 457 3781; x_wconf 20' lang='lat' dir='ltr'>‘dextrum</span> <span class='ocrx_word' id='word_1_753' title='bbox 467 3743 490 3769; x_wconf 65' lang='grc' dir='ltr'>ἀ</span> <span class='ocrx_word' id='word_1_754' title='bbox 502 3743 629 3770; x_wconf 78' lang='lat' dir='ltr'>liniltrum</span> <span class='ocrx_word' id='word_1_755' title='bbox 640 3752 741 3771; x_wconf 85' lang='lat' dir='ltr'>cornu:</span> <span class='ocrx_word' id='word_1_756' title='bbox 764 3745 788 3771; x_wconf 67' lang='grc' dir='ltr'>ὅ(</span> <span class='ocrx_word' id='word_1_757' title='bbox 802 3744 876 3778; x_wconf 80' lang='lat' dir='ltr'>quod</span> <span class='ocrx_word' id='word_1_758' title='bbox 893 3742 964 3772; x_wconf 88' lang='lat' dir='ltr'>inter</span> <span class='ocrx_word' id='word_1_759' title='bbox 984 3749 1131 3778; x_wconf 82' lang='lat' dir='ltr'>utrumque</span> <span class='ocrx_word' id='word_1_760' title='bbox 1145 3741 1182 3771; x_wconf 82' lang='lat' dir='ltr'>est</span> <span class='ocrx_word' id='word_1_761' title='bbox 1193 3763 1201 3778; x_wconf 92' lang='lat'>,</span> <span class='ocrx_word' id='word_1_762' title='bbox 1222 3742 1290 3771; x_wconf 87' lang='lat' dir='ltr'>dlci-</span> 
     </span>
     <span class='ocr_line' id='line_1_97' title="bbox 206 3776 1051 3818; baseline 0.004 -15"><span class='ocrx_word' id='word_1_763' title='bbox 206 3782 248 3803; x_wconf 91' lang='lat' dir='ltr'>tur</span> <span class='ocrx_word' id='word_1_764' title='bbox 261 3776 386 3804; x_wconf 78' lang='lat' dir='ltr'>Medium</span> <span class='ocrx_word' id='word_1_765' title='bbox 396 3786 507 3818; x_wconf 69' lang='lat' dir='ltr'>agmen,</span> <span class='ocrx_word' id='word_1_766' title='bbox 529 3780 568 3806; x_wconf 62' lang='lat' dir='ltr'>vel</span> <span class='ocrx_word' id='word_1_767' title='bbox 583 3780 674 3807; x_wconf 74' lang='lat' dir='ltr'>Media</span> <span class='ocrx_word' id='word_1_768' title='bbox 687 3780 766 3808; x_wconf 66' lang='lat' dir='ltr'>acies.</span> <span class='ocrx_word' id='word_1_769' title='bbox 788 3780 851 3808; x_wconf 81' lang='lat' dir='ltr'>Ter.</span> <span class='ocrx_word' id='word_1_770' title='bbox 866 3780 933 3809; x_wconf 80' lang='lat' dir='ltr'>Eun.</span> <span class='ocrx_word' id='word_1_771' title='bbox 946 3790 972 3814; x_wconf 89' lang='lat'>4.</span> <span class='ocrx_word' id='word_1_772' title='bbox 987 3788 1011 3813; x_wconf 93' lang='lat'>7.</span> <span class='ocrx_word' id='word_1_773' title='bbox 1025 3789 1051 3813; x_wconf 84' lang='lat'>4.</span> 
     </span>
    </p>

    <p class='ocr_par' dir='ltr' id='par_1_53' title="bbox 207 3816 1286 3927">
     <span class='ocr_line' id='line_1_98' title="bbox 366 3816 1093 3855; baseline 0.007 -15"><span class='ocrx_word' id='word_1_774' title='bbox 366 3851 370 3855; x_wconf 30' lang='grc' dir='ltr'><strong><em>ι</em></strong></span> <span class='ocrx_word' id='word_1_775' title='bbox 409 3829 440 3831; x_wconf 34' lang='lat'>*⁷</span> <span class='ocrx_word' id='word_1_776' title='bbox 455 3823 480 3841; x_wconf 79' lang='lat' dir='ltr'>in</span> <span class='ocrx_word' id='word_1_777' title='bbox 493 3816 610 3843; x_wconf 72' lang='lat' dir='ltr'>medium</span> <span class='ocrx_word' id='word_1_778' title='bbox 623 3816 675 3844; x_wconf 83' lang='lat' dir='ltr'>huc</span> <span class='ocrx_word' id='word_1_779' title='bbox 688 3826 784 3850; x_wconf 59' lang='lat' dir='ltr'>agmen</span> <span class='ocrx_word' id='word_1_780' title='bbox 798 3819 938 3846; x_wconf 64' lang='lat' dir='ltr'>cumve-cti</span> <span class='ocrx_word' id='word_1_781' title='bbox 951 3839 958 3849; x_wconf 87' lang='lat'>,</span> <span class='ocrx_word' id='word_1_782' title='bbox 981 3816 1093 3845; x_wconf 85' lang='lat' dir='ltr'>Donax:</span> 
     </span>
     <span class='ocr_line' id='line_1_99' title="bbox 263 3849 1286 3886; baseline 0.008 -9"><span class='ocrx_word' id='word_1_783' title='bbox 263 3849 306 3877; x_wconf 82' lang='lat' dir='ltr'>Tu</span> <span class='ocrx_word' id='word_1_784' title='bbox 318 3871 325 3882; x_wconf 86' lang='lat'>,</span> <span class='ocrx_word' id='word_1_785' title='bbox 345 3850 468 3881; x_wconf 65' lang='lat' dir='ltr'>Simalio.</span> <span class='ocrx_word' id='word_1_786' title='bbox 490 3852 515 3878; x_wconf 87' lang='lat' dir='ltr'>in</span> <span class='ocrx_word' id='word_1_787' title='bbox 528 3855 655 3880; x_wconf 74' lang='lat' dir='ltr'>iminium</span> <span class='ocrx_word' id='word_1_788' title='bbox 669 3863 762 3886; x_wconf 72' lang='lat' dir='ltr'>cornu,</span> <span class='ocrx_word' id='word_1_789' title='bbox 785 3862 812 3881; x_wconf 88' lang='lat' dir='ltr'>tu</span> <span class='ocrx_word' id='word_1_790' title='bbox 828 3854 929 3883; x_wconf 68' lang='lat' dir='ltr'>b&#39;vriscc</span> <span class='ocrx_word' id='word_1_791' title='bbox 943 3857 968 3883; x_wconf 86' lang='lat' dir='ltr'>in</span> <span class='ocrx_word' id='word_1_792' title='bbox 982 3854 1136 3883; x_wconf 82' lang='lat' dir='ltr'>dexterum.</span> <span class='ocrx_word' id='word_1_793' title='bbox 1220 3854 1286 3885; x_wconf 77' lang='lat' dir='ltr'>Caes.</span> 
     </span>
     <span class='ocr_line' id='line_1_100' title="bbox 207 3886 1040 3927; baseline 0.004 -11"><span class='ocrx_word' id='word_1_794' title='bbox 207 3897 229 3916; x_wconf 87' lang='lat'>1.</span> <span class='ocrx_word' id='word_1_795' title='bbox 242 3886 307 3915; x_wconf 75' lang='lat' dir='ltr'>Bell.</span> <span class='ocrx_word' id='word_1_796' title='bbox 322 3887 390 3916; x_wconf 82' lang='lat' dir='ltr'>Gall.</span> <span class='ocrx_word' id='word_1_797' title='bbox 401 3897 443 3922; x_wconf 80' lang='lat'>5²·</span> <span class='ocrx_word' id='word_1_798' title='bbox 466 3887 524 3925; x_wconf 77' lang='lat' dir='ltr'>lpse</span> <span class='ocrx_word' id='word_1_799' title='bbox 535 3898 549 3916; x_wconf 79' lang='lat' dir='ltr'>u</span> <span class='ocrx_word' id='word_1_800' title='bbox 562 3889 655 3918; x_wconf 75' lang='lat' dir='ltr'>dextro</span> <span class='ocrx_word' id='word_1_801' title='bbox 668 3900 751 3919; x_wconf 71' lang='lat' dir='ltr'>cornu</span> <span class='ocrx_word' id='word_1_802' title='bbox 767 3886 887 3927; x_wconf 66' lang='lat' dir='ltr'>prat-lium</span> <span class='ocrx_word' id='word_1_803' title='bbox 898 3891 1040 3922; x_wconf 88' lang='lat' dir='ltr'>commilit.</span> 
     </span>
    </p>
   </div>
   <div class='ocr_carea' id='block_1_11' title="bbox 1730 33 2023 71">
    <p class='ocr_par' dir='ltr' id='par_1_54' title="bbox 1730 33 2023 71">
     <span class='ocr_line' id='line_1_101' title="bbox 1730 33 2023 71; baseline 0.007 -2"><span class='ocrx_word' id='word_1_804' title='bbox 1730 33 1759 69; x_wconf 94' lang='lat' dir='ltr'>C</span> <span class='ocrx_word' id='word_1_805' title='bbox 1858 34 1893 69; x_wconf 94' lang='lat' dir='ltr'>O</span> <span class='ocrx_word' id='word_1_806' title='bbox 1992 36 2023 71; x_wconf 80' lang='lat' dir='ltr'>R</span> 
     </span>
    </p>
   </div>
   <div class='ocr_carea' id='block_1_12' title="bbox 1386 115 2522 2994">
    <p class='ocr_par' dir='ltr' id='par_1_55' title="bbox 1392 115 2195 230">
     <span class='ocr_line' id='line_1_102' title="bbox 1392 115 2015 147; baseline 0 -1"><span class='ocrx_word' id='word_1_807' title='bbox 1392 117 1576 147; x_wconf 82' lang='lat' dir='ltr'>Commovete</span> <span class='ocrx_word' id='word_1_808' title='bbox 1589 124 1702 146; x_wconf 89' lang='lat' dir='ltr'>cornua.</span> <span class='ocrx_word' id='word_1_809' title='bbox 1742 115 1776 145; x_wconf 85' lang='lat' dir='ltr'>ln</span> <span class='ocrx_word' id='word_1_810' title='bbox 1797 125 1814 145; x_wconf 89' lang='lat' dir='ltr'>c</span> <span class='ocrx_word' id='word_1_811' title='bbox 1824 125 1840 144; x_wconf 94' lang='lat' dir='ltr'>o</span> <span class='ocrx_word' id='word_1_812' title='bbox 1851 126 1871 145; x_wconf 82' lang='lat' dir='ltr'>M</span> <span class='ocrx_word' id='word_1_813' title='bbox 1880 126 1901 145; x_wconf 80' lang='lat' dir='ltr'>M</span> <span class='ocrx_word' id='word_1_814' title='bbox 1910 125 1927 145; x_wconf 94' lang='lat' dir='ltr'>o</span> <span class='ocrx_word' id='word_1_815' title='bbox 1936 126 1954 146; x_wconf 87' lang='lat' dir='ltr'>v</span> <span class='ocrx_word' id='word_1_816' title='bbox 1963 126 1976 145; x_wconf 78' lang='lat' dir='ltr'>E</span> <span class='ocrx_word' id='word_1_817' title='bbox 1986 126 2015 146; x_wconf 92' lang='lat'>0.</span> 
     </span>
     <span class='ocr_line' id='line_1_103' title="bbox 1392 152 1922 193; baseline -0.002 -9"><span class='ocrx_word' id='word_1_818' title='bbox 1392 156 1551 185; x_wconf 76' lang='lat' dir='ltr'>Extendere</span> <span class='ocrx_word' id='word_1_819' title='bbox 1566 164 1680 183; x_wconf 83' lang='lat' dir='ltr'>cornua.</span> <span class='ocrx_word' id='word_1_820' title='bbox 1703 152 1807 182; x_wconf 89' lang='lat' dir='ltr'>Lucan.</span> <span class='ocrx_word' id='word_1_821' title='bbox 1819 163 1844 189; x_wconf 81' lang='lat'>3.</span> <span class='ocrx_word' id='word_1_822' title='bbox 1858 163 1922 193; x_wconf 69' lang='lat'>547.</span> 
     </span>
     <span class='ocr_line' id='line_1_104' title="bbox 1392 191 2195 230; baseline 0 -8"><span class='ocrx_word' id='word_1_823' title='bbox 1392 193 1495 222; x_wconf 75' lang='lat' dir='ltr'>Locare</span> <span class='ocrx_word' id='word_1_824' title='bbox 1506 192 1612 230; x_wconf 85' lang='lat' dir='ltr'>equites</span> <span class='ocrx_word' id='word_1_825' title='bbox 1623 201 1672 228; x_wconf 86' lang='lat' dir='ltr'>pro</span> <span class='ocrx_word' id='word_1_826' title='bbox 1685 191 1823 221; x_wconf 88' lang='lat' dir='ltr'>cornibus.</span> <span class='ocrx_word' id='word_1_827' title='bbox 1846 191 1967 227; x_wconf 80' lang='lat' dir='ltr'>Quintil.</span> <span class='ocrx_word' id='word_1_828' title='bbox 1979 191 2027 221; x_wconf 89' lang='lat' dir='ltr'>lib.</span> <span class='ocrx_word' id='word_1_829' title='bbox 2040 199 2138 229; x_wconf 64' lang='lat' dir='ltr'>meap.</span> <span class='ocrx_word' id='word_1_830' title='bbox 2151 200 2195 228; x_wconf 69' lang='grc' dir='ltr'>η.</span> 
     </span>
    </p>

    <p class='ocr_par' dir='ltr' id='par_1_56' title="bbox 1392 229 2198 267">
     <span class='ocr_line' id='line_1_105' title="bbox 1392 229 2198 267; baseline 0 -8"><span class='ocrx_word' id='word_1_831' title='bbox 1392 231 1558 260; x_wconf 83' lang='lat' dir='ltr'>Promovere</span> <span class='ocrx_word' id='word_1_832' title='bbox 1570 231 1700 265; x_wconf 84' lang='lat' dir='ltr'>utrinque</span> <span class='ocrx_word' id='word_1_833' title='bbox 1709 238 1821 258; x_wconf 86' lang='lat' dir='ltr'>cornua.</span> <span class='ocrx_word' id='word_1_834' title='bbox 1845 229 1963 265; x_wconf 85' lang='lat' dir='ltr'>Quintil.</span> <span class='ocrx_word' id='word_1_835' title='bbox 1978 229 2025 258; x_wconf 86' lang='lat' dir='ltr'>lib.</span> <span class='ocrx_word' id='word_1_836' title='bbox 2038 238 2065 258; x_wconf 82' lang='lat'>2.</span> <span class='ocrx_word' id='word_1_837' title='bbox 2078 239 2140 267; x_wconf 88' lang='lat' dir='ltr'>cap.</span> <span class='ocrx_word' id='word_1_838' title='bbox 2156 239 2198 267; x_wconf 85' lang='lat'>13.</span> 
     </span>
    </p>

    <p class='ocr_par' dir='ltr' id='par_1_57' title="bbox 1393 265 2519 378">
     <span class='ocr_line' id='line_1_106' title="bbox 1393 265 2519 307; baseline 0.004 -10"><span class='ocrx_word' id='word_1_839' title='bbox 1393 268 1506 305; x_wconf 76' lang='lat' dir='ltr'>Equites</span> <span class='ocrx_word' id='word_1_840' title='bbox 1532 267 1664 296; x_wconf 87' lang='lat' dir='ltr'>cornibus</span> <span class='ocrx_word' id='word_1_841' title='bbox 1684 265 1801 294; x_wconf 70' lang='lat' dir='ltr'>affandi.</span> <span class='ocrx_word' id='word_1_842' title='bbox 1839 266 1929 296; x_wconf 87' lang='lat' dir='ltr'>Tacit.</span> <span class='ocrx_word' id='word_1_843' title='bbox 1943 267 1998 296; x_wconf 87' lang='lat' dir='ltr'>Vit.</span> <span class='ocrx_word' id='word_1_844' title='bbox 2013 267 2101 304; x_wconf 85' lang='lat' dir='ltr'>Agric.</span> <span class='ocrx_word' id='word_1_845' title='bbox 2121 277 2165 303; x_wconf 74' lang='lat'>35.</span> <span class='ocrx_word' id='word_1_846' title='bbox 2188 267 2336 299; x_wconf 67' lang='lat' dir='ltr'>instinctos</span> <span class='ocrx_word' id='word_1_847' title='bbox 2357 270 2519 307; x_wconf 80' lang='lat' dir='ltr'>ruentesque</span> 
     </span>
     <span class='ocr_line' id='line_1_107' title="bbox 1412 304 2519 343; baseline 0.004 -9"><span class='ocrx_word' id='word_1_848' title='bbox 1412 306 1450 334; x_wconf 82' lang='lat' dir='ltr'>ita</span> <span class='ocrx_word' id='word_1_849' title='bbox 1459 305 1608 343; x_wconf 83' lang='lat' dir='ltr'>disposuit,</span> <span class='ocrx_word' id='word_1_850' title='bbox 1630 311 1662 332; x_wconf 88' lang='lat' dir='ltr'>ut</span> <span class='ocrx_word' id='word_1_851' title='bbox 1672 304 1800 341; x_wconf 89' lang='lat' dir='ltr'>peditum</span> <span class='ocrx_word' id='word_1_852' title='bbox 1811 305 1931 339; x_wconf 81' lang='lat' dir='ltr'>auxilia,</span> <span class='ocrx_word' id='word_1_853' title='bbox 1952 314 2012 341; x_wconf 87' lang='lat' dir='ltr'>quae</span> <span class='ocrx_word' id='word_1_854' title='bbox 2023 306 2087 334; x_wconf 71' lang='lat' dir='ltr'>octo</span> <span class='ocrx_word' id='word_1_855' title='bbox 2096 305 2185 335; x_wconf 86' lang='lat' dir='ltr'>millia</span> <span class='ocrx_word' id='word_1_856' title='bbox 2195 313 2284 342; x_wconf 91' lang='lat' dir='ltr'>erant,</span> <span class='ocrx_word' id='word_1_857' title='bbox 2298 307 2419 337; x_wconf 85' lang='lat' dir='ltr'>mediam</span> <span class='ocrx_word' id='word_1_858' title='bbox 2429 309 2519 341; x_wconf 86' lang='lat' dir='ltr'>aciem</span> 
     </span>
     <span class='ocr_line' id='line_1_108' title="bbox 1412 340 2259 378; baseline 0.002 -6"><span class='ocrx_word' id='word_1_859' title='bbox 1412 343 1555 372; x_wconf 79' lang='lat' dir='ltr'>firmarent</span> <span class='ocrx_word' id='word_1_860' title='bbox 1568 353 1575 371; x_wconf 91' lang='lat'>:</span> <span class='ocrx_word' id='word_1_861' title='bbox 1586 342 1722 378; x_wconf 75' lang='lat' dir='ltr'>equitum</span> <span class='ocrx_word' id='word_1_862' title='bbox 1735 342 1786 370; x_wconf 89' lang='lat' dir='ltr'>tria</span> <span class='ocrx_word' id='word_1_863' title='bbox 1796 340 1883 371; x_wconf 77' lang='lat' dir='ltr'>millia</span> <span class='ocrx_word' id='word_1_864' title='bbox 1897 342 2027 372; x_wconf 86' lang='lat' dir='ltr'>cornibus</span> <span class='ocrx_word' id='word_1_865' title='bbox 2038 341 2259 374; x_wconf 78' lang='lat' dir='ltr'>affunderentur.</span> 
     </span>
    </p>

    <p class='ocr_par' dir='ltr' id='par_1_58' title="bbox 1393 378 2086 415">
     <span class='ocr_line' id='line_1_109' title="bbox 1393 378 2086 415; baseline 0 -5"><span class='ocrx_word' id='word_1_866' title='bbox 1393 381 1472 410; x_wconf 75' lang='lat' dir='ltr'>Acies</span> <span class='ocrx_word' id='word_1_867' title='bbox 1483 381 1616 409; x_wconf 80' lang='lat' dir='ltr'>inclinato</span> <span class='ocrx_word' id='word_1_868' title='bbox 1630 388 1717 408; x_wconf 88' lang='lat' dir='ltr'>cornu</span> <span class='ocrx_word' id='word_1_869' title='bbox 1731 379 1836 408; x_wconf 87' lang='lat' dir='ltr'>ruebat.</span> <span class='ocrx_word' id='word_1_870' title='bbox 1858 379 1908 409; x_wconf 84' lang='lat' dir='ltr'>Sil.</span> <span class='ocrx_word' id='word_1_871' title='bbox 1918 378 1968 409; x_wconf 89' lang='lat' dir='ltr'>lib.</span> <span class='ocrx_word' id='word_1_872' title='bbox 1986 389 2028 409; x_wconf 87' lang='lat' dir='ltr'>ro.</span> <span class='ocrx_word' id='word_1_873' title='bbox 2041 388 2086 415; x_wconf 83' lang='lat'>32.</span> 
     </span>
    </p>

    <p class='ocr_par' dir='ltr' id='par_1_59' title="bbox 1394 416 2522 528">
     <span class='ocr_line' id='line_1_110' title="bbox 1394 416 2518 455; baseline 0.004 -8"><span class='ocrx_word' id='word_1_874' title='bbox 1394 419 1477 454; x_wconf 83' lang='lat' dir='ltr'>Quali</span> <span class='ocrx_word' id='word_1_875' title='bbox 1489 427 1591 447; x_wconf 85' lang='lat' dir='ltr'>cornua</span> <span class='ocrx_word' id='word_1_876' title='bbox 1605 417 1660 446; x_wconf 87' lang='lat' dir='ltr'>duo</span> <span class='ocrx_word' id='word_1_877' title='bbox 1671 422 1775 445; x_wconf 89' lang='lat' dir='ltr'>tenere.</span> <span class='ocrx_word' id='word_1_878' title='bbox 1798 416 1857 445; x_wconf 87' lang='lat' dir='ltr'>Cic.</span> <span class='ocrx_word' id='word_1_879' title='bbox 1870 425 1913 453; x_wconf 85' lang='lat'>13.</span> <span class='ocrx_word' id='word_1_880' title='bbox 1928 416 2097 455; x_wconf 77' lang='lat' dir='ltr'>Philipp.47.</span> <span class='ocrx_word' id='word_1_881' title='bbox 2120 418 2231 448; x_wconf 86' lang='lat' dir='ltr'>Deinde</span> <span class='ocrx_word' id='word_1_882' title='bbox 2246 418 2329 449; x_wconf 80' lang='lat' dir='ltr'>Pansa</span> <span class='ocrx_word' id='word_1_883' title='bbox 2342 420 2369 450; x_wconf 69' lang='grc' dir='ltr'><strong><em>ἃ</em></strong></span> <span class='ocrx_word' id='word_1_884' title='bbox 2384 420 2491 452; x_wconf 83' lang='lat' dir='ltr'>Hirtius</span> <span class='ocrx_word' id='word_1_885' title='bbox 2504 420 2518 452; x_wconf 70' lang='lat'>‘2</span> 
     </span>
     <span class='ocr_line' id='line_1_111' title="bbox 1412 453 2522 496; baseline 0.002 -11"><span class='ocrx_word' id='word_1_886' title='bbox 1412 457 1459 492; x_wconf 87' lang='lat' dir='ltr'>qui</span> <span class='ocrx_word' id='word_1_887' title='bbox 1475 456 1547 492; x_wconf 83' lang='lat' dir='ltr'>quasi</span> <span class='ocrx_word' id='word_1_888' title='bbox 1559 464 1662 484; x_wconf 86' lang='lat' dir='ltr'>cornua</span> <span class='ocrx_word' id='word_1_889' title='bbox 1673 455 1730 483; x_wconf 89' lang='lat' dir='ltr'>duo</span> <span class='ocrx_word' id='word_1_890' title='bbox 1741 461 1893 483; x_wconf 86' lang='lat' dir='ltr'>tenuerunt</span> <span class='ocrx_word' id='word_1_891' title='bbox 1905 453 2025 489; x_wconf 84' lang='lat' dir='ltr'>Caesaris,</span> <span class='ocrx_word' id='word_1_892' title='bbox 2049 460 2120 491; x_wconf 86' lang='lat' dir='ltr'>tum,</span> <span class='ocrx_word' id='word_1_893' title='bbox 2135 466 2222 493; x_wconf 91' lang='lat' dir='ltr'>quum</span> <span class='ocrx_word' id='word_1_894' title='bbox 2231 456 2285 487; x_wconf 85' lang='lat' dir='ltr'>illae</span> <span class='ocrx_word' id='word_1_895' title='bbox 2297 466 2362 487; x_wconf 88' lang='lat' dir='ltr'>vere</span> <span class='ocrx_word' id='word_1_896' title='bbox 2372 464 2465 496; x_wconf 87' lang='lat' dir='ltr'>partes</span> <span class='ocrx_word' id='word_1_897' title='bbox 2474 468 2522 489; x_wconf 86' lang='lat' dir='ltr'>vo.</span> 
     </span>
     <span class='ocr_line' id='line_1_112' title="bbox 1413 492 1961 528; baseline -0.004 -5"><span class='ocrx_word' id='word_1_898' title='bbox 1413 495 1556 523; x_wconf 85' lang='lat' dir='ltr'>cabantur.</span> <span class='ocrx_word' id='word_1_899' title='bbox 1579 494 1595 521; x_wconf 92' lang='lat' dir='ltr'>i.</span> <span class='ocrx_word' id='word_1_900' title='bbox 1608 502 1633 521; x_wconf 91' lang='lat' dir='ltr'>e.</span> <span class='ocrx_word' id='word_1_901' title='bbox 1657 492 1772 521; x_wconf 90' lang='lat' dir='ltr'>Duobus</span> <span class='ocrx_word' id='word_1_902' title='bbox 1783 492 1961 528; x_wconf 81' lang='lat' dir='ltr'>praefuerunt.</span> 
     </span>
    </p>

    <p class='ocr_par' dir='ltr' id='par_1_60' title="bbox 1393 529 2522 635">
     <span class='ocr_line' id='line_1_113' title="bbox 1393 529 2521 568; baseline 0.004 -8"><span class='ocrx_word' id='word_1_903' title='bbox 1393 531 1503 561; x_wconf 82' lang='lat' dir='ltr'>Cornua</span> <span class='ocrx_word' id='word_1_904' title='bbox 1515 530 1710 568; x_wconf 80' lang='lat' dir='ltr'>disputationis</span> <span class='ocrx_word' id='word_1_905' title='bbox 1725 529 1843 565; x_wconf 81' lang='lat' dir='ltr'>alicujus</span> <span class='ocrx_word' id='word_1_906' title='bbox 1860 538 2048 559; x_wconf 84' lang='lat' dir='ltr'>commovere.</span> <span class='ocrx_word' id='word_1_907' title='bbox 2089 530 2180 560; x_wconf 67' lang='lat' dir='ltr'>Cim.</span> <span class='ocrx_word' id='word_1_908' title='bbox 2203 530 2238 561; x_wconf 87' lang='lat' dir='ltr'>de</span> <span class='ocrx_word' id='word_1_909' title='bbox 2257 532 2349 563; x_wconf 89' lang='lat' dir='ltr'>Divin.</span> <span class='ocrx_word' id='word_1_910' title='bbox 2359 536 2405 563; x_wconf 86' lang='lat'>26.</span> <span class='ocrx_word' id='word_1_911' title='bbox 2435 533 2521 565; x_wconf 79' lang='lat' dir='ltr'>Nune</span> 
     </span>
     <span class='ocr_line' id='line_1_114' title="bbox 1412 567 2522 635; baseline 0.004 -37"><span class='ocrx_word' id='word_1_912' title='bbox 1412 570 1542 635; x_wconf 61' lang='lat' dir='ltr'>¹eominus</span> <span class='ocrx_word' id='word_1_913' title='bbox 1552 577 1682 612; x_wconf 71' lang='lat' dir='ltr'>agamus,</span> <span class='ocrx_word' id='word_1_914' title='bbox 1702 568 1935 605; x_wconf 75' lang='lat' dir='ltr'>experiamurque</span> <span class='ocrx_word' id='word_1_915' title='bbox 1948 589 1958 603; x_wconf 88' lang='lat'><em>‚</em></span> <span class='ocrx_word' id='word_1_916' title='bbox 1981 567 2001 596; x_wconf 87' lang='lat' dir='ltr'>s1</span> <span class='ocrx_word' id='word_1_917' title='bbox 2012 567 2146 606; x_wconf 79' lang='lat' dir='ltr'>pommus</span> <span class='ocrx_word' id='word_1_918' title='bbox 2165 578 2270 599; x_wconf 87' lang='lat' dir='ltr'>cornua</span> <span class='ocrx_word' id='word_1_919' title='bbox 2286 579 2466 601; x_wconf 43' lang='lat' dir='ltr'>*commovere</span> <span class='ocrx_word' id='word_1_920' title='bbox 2481 573 2522 602; x_wconf 78' lang='lat' dir='ltr'>di-</span> 
     </span>
    </p>

    <p class='ocr_par' dir='ltr' id='par_1_61' title="bbox 1445 614 1649 636">
     <span class='ocr_line' id='line_1_115' title="bbox 1445 614 1649 636; baseline -0.01 0"><span class='ocrx_word' id='word_1_921' title='bbox 1445 614 1575 636; x_wconf 80' lang='lat' dir='ltr'>utationis</span> <span class='ocrx_word' id='word_1_922' title='bbox 1586 614 1649 634; x_wconf 89' lang='lat' dir='ltr'>tuae.</span> 
     </span>
    </p>

    <p class='ocr_par' dir='ltr' id='par_1_62' title="bbox 1392 618 2454 683">
     <span class='ocr_line' id='line_1_116' title="bbox 1392 618 2454 683; baseline 0.003 -9"><span class='ocrx_word' id='word_1_923' title='bbox 1392 618 1504 674; x_wconf 60' lang='lat' dir='ltr'>Cdinua</span> <span class='ocrx_word' id='word_1_924' title='bbox 1516 651 1718 678; x_wconf 74' lang='lat' dir='ltr'>antennarum,</span> <span class='ocrx_word' id='word_1_925' title='bbox 1738 653 1790 680; x_wconf 89' lang='lat' dir='ltr'>pro</span> <span class='ocrx_word' id='word_1_926' title='bbox 1801 643 1924 680; x_wconf 88' lang='lat' dir='ltr'>Utraque</span> <span class='ocrx_word' id='word_1_927' title='bbox 1937 648 2017 680; x_wconf 77' lang='lat' dir='ltr'>parte</span> <span class='ocrx_word' id='word_1_928' title='bbox 2025 648 2164 673; x_wconf 82' lang='lat' dir='ltr'>antennae.</span> <span class='ocrx_word' id='word_1_929' title='bbox 2186 643 2261 682; x_wconf 81' lang='lat' dir='ltr'>Virg.</span> <span class='ocrx_word' id='word_1_930' title='bbox 2275 654 2301 681; x_wconf 81' lang='grc'>3.</span> <span class='ocrx_word' id='word_1_931' title='bbox 2312 641 2375 676; x_wconf 79' lang='lat' dir='ltr'>AEn.</span> <span class='ocrx_word' id='word_1_932' title='bbox 2391 656 2454 683; x_wconf 66' lang='lat'>549.</span> 
     </span>
    </p>

    <p class='ocr_par' dir='ltr' id='par_1_63' title="bbox 1487 680 2147 711">
     <span class='ocr_line' id='line_1_117' title="bbox 1487 680 2147 711; baseline 0 0"><span class='ocrx_word' id='word_1_933' title='bbox 1487 683 1598 711; x_wconf 86' lang='lat' dir='ltr'>Cornua</span> <span class='ocrx_word' id='word_1_934' title='bbox 1608 680 1762 710; x_wconf 80' lang='lat' dir='ltr'>velatarum</span> <span class='ocrx_word' id='word_1_935' title='bbox 1773 681 1944 710; x_wconf 89' lang='lat' dir='ltr'>obvertimus</span> <span class='ocrx_word' id='word_1_936' title='bbox 1954 687 2147 711; x_wconf 83' lang='lat' dir='ltr'>antennarum.</span> 
     </span>
    </p>

    <p class='ocr_par' dir='ltr' id='par_1_64' title="bbox 1392 718 2412 759">
     <span class='ocr_line' id='line_1_118' title="bbox 1392 718 2412 759; baseline 0.002 -10"><span class='ocrx_word' id='word_1_937' title='bbox 1392 719 1486 750; x_wconf 83' lang='lat' dir='ltr'>Ardua</span> <span class='ocrx_word' id='word_1_938' title='bbox 1497 725 1600 749; x_wconf 83' lang='lat' dir='ltr'>cornua</span> <span class='ocrx_word' id='word_1_939' title='bbox 1609 740 1618 753; x_wconf 93' lang='lat'>,</span> <span class='ocrx_word' id='word_1_940' title='bbox 1637 725 1690 756; x_wconf 70' lang='lat' dir='ltr'>‘pro</span> <span class='ocrx_word' id='word_1_941' title='bbox 1700 719 1888 748; x_wconf 82' lang='lat' dir='ltr'>Antennarum</span> <span class='ocrx_word' id='word_1_942' title='bbox 1898 719 2129 749; x_wconf 81' lang='lat' dir='ltr'>extremitatibus.</span> <span class='ocrx_word' id='word_1_943' title='bbox 2150 718 2223 757; x_wconf 87' lang='lat' dir='ltr'>Virg.</span> <span class='ocrx_word' id='word_1_944' title='bbox 2237 730 2261 756; x_wconf 83' lang='grc' dir='ltr'>ς.</span> <span class='ocrx_word' id='word_1_945' title='bbox 2271 720 2334 751; x_wconf 80' lang='lat' dir='ltr'>AEn.</span> <span class='ocrx_word' id='word_1_946' title='bbox 2344 726 2412 759; x_wconf 78' lang='lat'>832.</span> 
     </span>
    </p>

    <p class='ocr_par' dir='ltr' id='par_1_65' title="bbox 1393 755 2519 793">
     <span class='ocr_line' id='line_1_119' title="bbox 1393 755 2519 793; baseline 0.003 -6"><span class='ocrx_word' id='word_1_947' title='bbox 1393 758 1483 787; x_wconf 77' lang='lat' dir='ltr'>Ardua</span> <span class='ocrx_word' id='word_1_948' title='bbox 1493 767 1598 787; x_wconf 90' lang='lat' dir='ltr'>cornua</span> <span class='ocrx_word' id='word_1_949' title='bbox 1614 756 1772 787; x_wconf 86' lang='lat' dir='ltr'>demittere.</span> <span class='ocrx_word' id='word_1_950' title='bbox 1795 755 1880 787; x_wconf 90' lang='lat' dir='ltr'>Ovid.</span> <span class='ocrx_word' id='word_1_951' title='bbox 1898 766 1909 785; x_wconf 97' lang='lat'>1</span> <span class='ocrx_word' id='word_1_952' title='bbox 1918 767 1941 786; x_wconf 87' lang='lat'>1.</span> <span class='ocrx_word' id='word_1_953' title='bbox 1953 756 2023 786; x_wconf 83' lang='lat' dir='ltr'>Met.</span> <span class='ocrx_word' id='word_1_954' title='bbox 2035 762 2101 793; x_wconf 89' lang='lat'><strong>48²·</strong></span> <span class='ocrx_word' id='word_1_955' title='bbox 2132 757 2174 787; x_wconf 91' lang='lat' dir='ltr'>De</span> <span class='ocrx_word' id='word_1_956' title='bbox 2183 757 2315 788; x_wconf 86' lang='lat' dir='ltr'>cornibus</span> <span class='ocrx_word' id='word_1_957' title='bbox 2325 766 2519 791; x_wconf 84' lang='lat' dir='ltr'>antennarum.</span> 
     </span>
    </p>

    <p class='ocr_par' dir='ltr' id='par_1_66' title="bbox 1393 794 2522 867">
     <span class='ocr_line' id='line_1_120' title="bbox 1393 794 2522 835; baseline 0 -10"><span class='ocrx_word' id='word_1_958' title='bbox 1393 794 1719 825; x_wconf 76' lang='lat' dir='ltr'>Cornualibrorumsunt</span> <span class='ocrx_word' id='word_1_959' title='bbox 1728 804 1825 824; x_wconf 89' lang='lat' dir='ltr'>eorum</span> <span class='ocrx_word' id='word_1_960' title='bbox 1835 795 2009 824; x_wconf 85' lang='lat' dir='ltr'>Ornamenta</span> <span class='ocrx_word' id='word_1_961' title='bbox 2023 795 2053 824; x_wconf 91' lang='lat' dir='ltr'>in</span> <span class='ocrx_word' id='word_1_962' title='bbox 2068 801 2186 833; x_wconf 84' lang='lat' dir='ltr'>utraque</span> <span class='ocrx_word' id='word_1_963' title='bbox 2201 802 2327 827; x_wconf 88' lang='lat' dir='ltr'>extrema</span> <span class='ocrx_word' id='word_1_964' title='bbox 2345 803 2424 835; x_wconf 84' lang='lat' dir='ltr'>parte</span> <span class='ocrx_word' id='word_1_965' title='bbox 2443 797 2522 828; x_wconf 85' lang='lat' dir='ltr'>volu.</span> 
     </span>
     <span class='ocr_line' id='line_1_121' title="bbox 1411 832 1831 867; baseline 0 -5"><span class='ocrx_word' id='word_1_966' title='bbox 1411 834 1505 862; x_wconf 86' lang='lat' dir='ltr'>minis.</span> <span class='ocrx_word' id='word_1_967' title='bbox 1533 833 1617 862; x_wconf 90' lang='lat' dir='ltr'>Ovid.</span> <span class='ocrx_word' id='word_1_968' title='bbox 1634 842 1656 861; x_wconf 95' lang='lat'>1.</span> <span class='ocrx_word' id='word_1_969' title='bbox 1672 832 1753 861; x_wconf 80' lang='lat' dir='ltr'>Trist.</span> <span class='ocrx_word' id='word_1_970' title='bbox 1767 843 1791 862; x_wconf 91' lang='lat'>1.</span> <span class='ocrx_word' id='word_1_971' title='bbox 1804 838 1831 867; x_wconf 90' lang='lat'>8.</span> 
     </span>
    </p>

    <p class='ocr_par' dir='ltr' id='par_1_67' title="bbox 1411 869 2068 938">
     <span class='ocr_line' id='line_1_122' title="bbox 1411 869 2068 938; baseline 0 -38"><span class='ocrx_word' id='word_1_972' title='bbox 1411 909 1431 938; x_wconf 78' lang='lat' dir='ltr'><strong>B</strong></span> <span class='ocrx_word' id='word_1_973' title='bbox 1473 871 1598 900; x_wconf 86' lang='lat' dir='ltr'>Candida</span> <span class='ocrx_word' id='word_1_974' title='bbox 1610 879 1663 900; x_wconf 86' lang='lat' dir='ltr'>nec</span> <span class='ocrx_word' id='word_1_975' title='bbox 1674 869 1752 907; x_wconf 80' lang='lat' dir='ltr'>nigra</span> <span class='ocrx_word' id='word_1_976' title='bbox 1765 880 1870 900; x_wconf 89' lang='lat' dir='ltr'>cornua</span> <span class='ocrx_word' id='word_1_977' title='bbox 1879 870 1973 900; x_wconf 85' lang='lat' dir='ltr'>fronte</span> <span class='ocrx_word' id='word_1_978' title='bbox 1982 879 2068 907; x_wconf 86' lang='lat' dir='ltr'>geras.</span> 
     </span>
     <span class='ocr_line' id='line_1_123' title="bbox 1435 919 1504 938; baseline -0.014 0"><span class='ocrx_word' id='word_1_979' title='bbox 1435 919 1504 938; x_wconf 86' lang='lat' dir='ltr'>urm.</span> 
     </span>
    </p>

    <p class='ocr_par' dir='ltr' id='par_1_68' title="bbox 1391 945 2322 984">
     <span class='ocr_line' id='line_1_124' title="bbox 1391 945 2322 984; baseline 0.001 -7"><span class='ocrx_word' id='word_1_980' title='bbox 1391 945 1626 984; x_wconf 81' lang='lat' dir='ltr'>Explicitusliber</span> <span class='ocrx_word' id='word_1_981' title='bbox 1636 945 1763 983; x_wconf 82' lang='lat' dir='ltr'>usquead</span> <span class='ocrx_word' id='word_1_982' title='bbox 1772 945 1818 976; x_wconf 88' lang='lat' dir='ltr'>sua</span> <span class='ocrx_word' id='word_1_983' title='bbox 1827 955 1940 976; x_wconf 86' lang='lat' dir='ltr'>cornua.</span> <span class='ocrx_word' id='word_1_984' title='bbox 1962 945 2082 976; x_wconf 79' lang='lat' dir='ltr'>Martial.</span> <span class='ocrx_word' id='word_1_985' title='bbox 2099 945 2148 976; x_wconf 83' lang='lat' dir='ltr'>lib.</span> <span class='ocrx_word' id='word_1_986' title='bbox 2163 955 2206 977; x_wconf 91' lang='lat'>11.</span> <span class='ocrx_word' id='word_1_987' title='bbox 2219 952 2283 983; x_wconf 84' lang='lat'>108.</span> <span class='ocrx_word' id='word_1_988' title='bbox 2295 956 2322 978; x_wconf 83' lang='lat'>1.</span> 
     </span>
    </p>

    <p class='ocr_par' dir='ltr' id='par_1_69' title="bbox 1392 983 2183 1135">
     <span class='ocr_line' id='line_1_125' title="bbox 1484 983 2183 1021; baseline 0 -7"><span class='ocrx_word' id='word_1_989' title='bbox 1484 985 1654 1021; x_wconf 82' lang='lat' dir='ltr'>Explicitum</span> <span class='ocrx_word' id='word_1_990' title='bbox 1665 984 1747 1014; x_wconf 90' lang='lat' dir='ltr'>nobis</span> <span class='ocrx_word' id='word_1_991' title='bbox 1758 984 1842 1021; x_wconf 85' lang='lat' dir='ltr'>usque</span> <span class='ocrx_word' id='word_1_992' title='bbox 1850 984 1885 1013; x_wconf 90' lang='lat' dir='ltr'>ad</span> <span class='ocrx_word' id='word_1_993' title='bbox 1894 983 1941 1014; x_wconf 89' lang='lat' dir='ltr'>sua</span> <span class='ocrx_word' id='word_1_994' title='bbox 1947 993 2053 1013; x_wconf 86' lang='lat' dir='ltr'>cornua</span> <span class='ocrx_word' id='word_1_995' title='bbox 2063 983 2164 1014; x_wconf 88' lang='lat' dir='ltr'>librum</span> <span class='ocrx_word' id='word_1_996' title='bbox 2174 1006 2183 1020; x_wconf 94' lang='lat'>,</span> 
     </span>
     <span class='ocr_line' id='line_1_126' title="bbox 1524 1022 2141 1060; baseline 0.002 -9"><span class='ocrx_word' id='word_1_997' title='bbox 1524 1022 1555 1051; x_wconf 86' lang='lat' dir='ltr'>Et</span> <span class='ocrx_word' id='word_1_998' title='bbox 1565 1022 1638 1059; x_wconf 77' lang='lat' dir='ltr'>quasi</span> <span class='ocrx_word' id='word_1_999' title='bbox 1653 1022 1810 1059; x_wconf 68' lang='lat' dir='ltr'>perfeetum</span> <span class='ocrx_word' id='word_1_1000' title='bbox 1820 1044 1828 1056; x_wconf 95' lang='lat'>,</span> <span class='ocrx_word' id='word_1_1001' title='bbox 1850 1022 2006 1060; x_wconf 88' lang='lat' dir='ltr'>Septitiane</span> <span class='ocrx_word' id='word_1_1002' title='bbox 2017 1043 2026 1055; x_wconf 84' lang='lat'>..</span> <span class='ocrx_word' id='word_1_1003' title='bbox 2046 1023 2141 1052; x_wconf 88' lang='lat' dir='ltr'>refers.</span> 
     </span>
     <span class='ocr_line' id='line_1_127' title="bbox 1392 1059 2063 1097; baseline -0.001 -7"><span class='ocrx_word' id='word_1_1004' title='bbox 1392 1060 1486 1090; x_wconf 82' lang='lat' dir='ltr'>Cornu</span> <span class='ocrx_word' id='word_1_1005' title='bbox 1498 1070 1549 1097; x_wconf 81' lang='lat' dir='ltr'>pro</span> <span class='ocrx_word' id='word_1_1006' title='bbox 1561 1062 1628 1089; x_wconf 75' lang='lat' dir='ltr'>Arcu</span> <span class='ocrx_word' id='word_1_1007' title='bbox 1639 1069 1754 1090; x_wconf 83' lang='lat' dir='ltr'>corneo.</span> <span class='ocrx_word' id='word_1_1008' title='bbox 1776 1059 1861 1090; x_wconf 86' lang='lat' dir='ltr'>Ovid.</span> <span class='ocrx_word' id='word_1_1009' title='bbox 1873 1071 1897 1096; x_wconf 82' lang='grc' dir='ltr'>ς.</span> <span class='ocrx_word' id='word_1_1010' title='bbox 1912 1059 1982 1089; x_wconf 85' lang='lat' dir='ltr'>Met.</span> <span class='ocrx_word' id='word_1_1011' title='bbox 1999 1064 2063 1096; x_wconf 78' lang='lat'>383.</span> 
     </span>
     <span class='ocr_line' id='line_1_128' title="bbox 1485 1097 2121 1135; baseline 0.003 -9"><span class='ocrx_word' id='word_1_1012' title='bbox 1485 1098 1678 1135; x_wconf 85' lang='lat' dir='ltr'>Oppolitoque</span> <span class='ocrx_word' id='word_1_1013' title='bbox 1693 1107 1767 1135; x_wconf 85' lang='lat' dir='ltr'>genu</span> <span class='ocrx_word' id='word_1_1014' title='bbox 1777 1099 1906 1128; x_wconf 84' lang='lat' dir='ltr'>curvavit</span> <span class='ocrx_word' id='word_1_1015' title='bbox 1918 1097 2012 1127; x_wconf 82' lang='lat' dir='ltr'>flexile</span> <span class='ocrx_word' id='word_1_1016' title='bbox 2023 1106 2121 1128; x_wconf 86' lang='lat' dir='ltr'>cornu.</span> 
     </span>
    </p>

    <p class='ocr_par' dir='ltr' id='par_1_70' title="bbox 1392 1135 2037 1172">
     <span class='ocr_line' id='line_1_129' title="bbox 1392 1135 2037 1172; baseline 0 -7"><span class='ocrx_word' id='word_1_1017' title='bbox 1392 1135 1479 1166; x_wconf 89' lang='lat' dir='ltr'>Lenta</span> <span class='ocrx_word' id='word_1_1018' title='bbox 1491 1136 1602 1165; x_wconf 76' lang='lat' dir='ltr'>flectere</span> <span class='ocrx_word' id='word_1_1019' title='bbox 1612 1145 1726 1166; x_wconf 86' lang='lat' dir='ltr'>cornua.</span> <span class='ocrx_word' id='word_1_1020' title='bbox 1749 1135 1835 1165; x_wconf 88' lang='lat' dir='ltr'>Ovid.</span> <span class='ocrx_word' id='word_1_1021' title='bbox 1853 1147 1875 1166; x_wconf 90' lang='lat'>1.</span> <span class='ocrx_word' id='word_1_1022' title='bbox 1889 1136 2037 1172; x_wconf 80' lang='lat' dir='ltr'>Met.455.</span> 
     </span>
    </p>

    <p class='ocr_par' dir='ltr' id='par_1_71' title="bbox 1392 1172 2172 1212">
     <span class='ocr_line' id='line_1_130' title="bbox 1392 1172 2172 1212; baseline -0.003 -8"><span class='ocrx_word' id='word_1_1023' title='bbox 1392 1173 1508 1212; x_wconf 84' lang='lat' dir='ltr'>Lycium</span> <span class='ocrx_word' id='word_1_1024' title='bbox 1519 1184 1606 1203; x_wconf 89' lang='lat' dir='ltr'>cornu</span> <span class='ocrx_word' id='word_1_1025' title='bbox 1621 1195 1629 1208; x_wconf 84' lang='lat'><strong>‚</strong></span> <span class='ocrx_word' id='word_1_1026' title='bbox 1651 1174 1736 1203; x_wconf 77' lang='lat' dir='ltr'>Arcus</span> <span class='ocrx_word' id='word_1_1027' title='bbox 1748 1173 1857 1211; x_wconf 84' lang='lat' dir='ltr'>Lycius.</span> <span class='ocrx_word' id='word_1_1028' title='bbox 1878 1173 1952 1211; x_wconf 84' lang='lat' dir='ltr'>Virg.</span> <span class='ocrx_word' id='word_1_1029' title='bbox 1970 1183 2012 1204; x_wconf 83' lang='lat' dir='ltr'>rr.</span> <span class='ocrx_word' id='word_1_1030' title='bbox 2031 1172 2094 1204; x_wconf 83' lang='lat' dir='ltr'>AEn.</span> <span class='ocrx_word' id='word_1_1031' title='bbox 2108 1181 2172 1211; x_wconf 81' lang='lat'>773.</span> 
     </span>
    </p>

    <p class='ocr_par' dir='ltr' id='par_1_72' title="bbox 1410 1210 2522 1317">
     <span class='ocr_line' id='line_1_131' title="bbox 1472 1210 2522 1250; baseline 0.003 -10"><span class='ocrx_word' id='word_1_1032' title='bbox 1472 1212 1583 1249; x_wconf 90' lang='lat' dir='ltr'>Spicula</span> <span class='ocrx_word' id='word_1_1033' title='bbox 1595 1211 1742 1248; x_wconf 84' lang='lat' dir='ltr'>torquebat</span> <span class='ocrx_word' id='word_1_1034' title='bbox 1755 1210 1841 1249; x_wconf 90' lang='lat' dir='ltr'>Lycio</span> <span class='ocrx_word' id='word_1_1035' title='bbox 1853 1211 1985 1250; x_wconf 85' lang='lat' dir='ltr'>Cortynia</span> <span class='ocrx_word' id='word_1_1036' title='bbox 1994 1221 2090 1241; x_wconf 90' lang='lat' dir='ltr'>cornu.</span> <span class='ocrx_word' id='word_1_1037' title='bbox 2186 1210 2242 1240; x_wconf 89' lang='lat' dir='ltr'>Ubi</span> <span class='ocrx_word' id='word_1_1038' title='bbox 2255 1211 2366 1243; x_wconf 82' lang='lat' dir='ltr'>Servius</span> <span class='ocrx_word' id='word_1_1039' title='bbox 2375 1233 2384 1247; x_wconf 88' lang='lat'>‚</span> <span class='ocrx_word' id='word_1_1040' title='bbox 2405 1211 2522 1243; x_wconf 85' lang='lat' dir='ltr'>Creten-</span> 
     </span>
     <span class='ocr_line' id='line_1_132' title="bbox 1410 1248 2521 1315; baseline 0.004 -36"><span class='ocrx_word' id='word_1_1041' title='bbox 1410 1249 1451 1279; x_wconf 88' lang='lat' dir='ltr'>ses</span> <span class='ocrx_word' id='word_1_1042' title='bbox 1465 1249 1574 1315; x_wconf 52' lang='lat' dir='ltr'>sagittas</span> <span class='ocrx_word' id='word_1_1043' title='bbox 1585 1250 1671 1293; x_wconf 60' lang='lat' dir='ltr'>Lycio</span> <span class='ocrx_word' id='word_1_1044' title='bbox 1684 1259 1749 1279; x_wconf 85' lang='lat' dir='ltr'>arcu</span> <span class='ocrx_word' id='word_1_1045' title='bbox 1760 1249 1913 1287; x_wconf 83' lang='lat' dir='ltr'>dirigebat:</span> <span class='ocrx_word' id='word_1_1046' title='bbox 1934 1250 2011 1287; x_wconf 89' lang='lat' dir='ltr'>quod</span> <span class='ocrx_word' id='word_1_1047' title='bbox 2020 1271 2029 1286; x_wconf 90' lang='lat'>‚</span> <span class='ocrx_word' id='word_1_1048' title='bbox 2049 1255 2083 1279; x_wconf 86' lang='lat' dir='ltr'>ut</span> <span class='ocrx_word' id='word_1_1049' title='bbox 2091 1248 2171 1288; x_wconf 84' lang='lat' dir='ltr'>supra</span> <span class='ocrx_word' id='word_1_1050' title='bbox 2180 1249 2303 1280; x_wconf 86' lang='lat' dir='ltr'>diximus</span> <span class='ocrx_word' id='word_1_1051' title='bbox 2315 1271 2325 1287; x_wconf 84' lang='lat'>‚</span> <span class='ocrx_word' id='word_1_1052' title='bbox 2344 1250 2381 1280; x_wconf 89' lang='lat' dir='ltr'>ad</span> <span class='ocrx_word' id='word_1_1053' title='bbox 2392 1257 2521 1283; x_wconf 83' lang='lat' dir='ltr'>ornatum</span> 
     </span>
     <span class='ocr_line' id='line_1_133' title="bbox 1432 1294 1644 1317; baseline 0.005 -1"><span class='ocrx_word' id='word_1_1054' title='bbox 1432 1298 1479 1316; x_wconf 80' lang='lat' dir='ltr'>oni</span> <span class='ocrx_word' id='word_1_1055' title='bbox 1492 1297 1546 1316; x_wconf 88' lang='lat' dir='ltr'>con</span> <span class='ocrx_word' id='word_1_1056' title='bbox 1561 1294 1644 1317; x_wconf 81' lang='lat' dir='ltr'>uevrt.</span> 
     </span>
    </p>

    <p class='ocr_par' dir='ltr' id='par_1_73' title="bbox 1390 1297 1918 1363">
     <span class='ocr_line' id='line_1_134' title="bbox 1390 1297 1918 1363; baseline -0.002 -7"><span class='ocrx_word' id='word_1_1057' title='bbox 1390 1297 1521 1356; x_wconf 57' lang='lat' dir='ltr'>Piirthum</span> <span class='ocrx_word' id='word_1_1058' title='bbox 1532 1335 1627 1355; x_wconf 87' lang='lat' dir='ltr'>cornu.</span> <span class='ocrx_word' id='word_1_1059' title='bbox 1651 1324 1726 1363; x_wconf 84' lang='lat' dir='ltr'>Virg.</span> <span class='ocrx_word' id='word_1_1060' title='bbox 1741 1334 1784 1355; x_wconf 86' lang='lat' dir='ltr'>ro.</span> <span class='ocrx_word' id='word_1_1061' title='bbox 1800 1324 1858 1355; x_wconf 89' lang='lat' dir='ltr'>Ecl.</span> <span class='ocrx_word' id='word_1_1062' title='bbox 1875 1335 1918 1362; x_wconf 82' lang='lat'>59.</span> 
     </span>
    </p>

    <p class='ocr_par' dir='ltr' id='par_1_74' title="bbox 1584 1362 2188 1401">
     <span class='ocr_line' id='line_1_135' title="bbox 1584 1362 2188 1401; baseline 0.002 -9"><span class='ocrx_word' id='word_1_1063' title='bbox 1584 1362 1697 1392; x_wconf 72' lang='lat' dir='ltr'>-l-ibet</span> <span class='ocrx_word' id='word_1_1064' title='bbox 1708 1363 1808 1393; x_wconf 76' lang='lat' dir='ltr'>Partho</span> <span class='ocrx_word' id='word_1_1065' title='bbox 1819 1369 1949 1400; x_wconf 85' lang='lat' dir='ltr'>torquere</span> <span class='ocrx_word' id='word_1_1066' title='bbox 1961 1362 2088 1401; x_wconf 85' lang='lat' dir='ltr'>Cydonia</span> <span class='ocrx_word' id='word_1_1067' title='bbox 2097 1366 2188 1393; x_wconf 87' lang='lat' dir='ltr'>cornu</span> 
     </span>
    </p>

    <p class='ocr_par' dir='ltr' id='par_1_75' title="bbox 1390 1397 2118 1438">
     <span class='ocr_line' id='line_1_136' title="bbox 1390 1397 2118 1438; baseline 0 -8"><span class='ocrx_word' id='word_1_1068' title='bbox 1390 1397 1508 1430; x_wconf 82' lang='lat' dir='ltr'>Lentare</span> <span class='ocrx_word' id='word_1_1069' title='bbox 1521 1410 1633 1431; x_wconf 80' lang='lat' dir='ltr'>cornua.</span> <span class='ocrx_word' id='word_1_1070' title='bbox 1657 1402 1725 1431; x_wconf 79' lang='lat' dir='ltr'>Stat.</span> <span class='ocrx_word' id='word_1_1071' title='bbox 1739 1410 1764 1438; x_wconf 85' lang='grc'>3.</span> <span class='ocrx_word' id='word_1_1072' title='bbox 1778 1400 1869 1431; x_wconf 90' lang='lat' dir='ltr'>Theb.</span> <span class='ocrx_word' id='word_1_1073' title='bbox 1886 1407 1948 1437; x_wconf 79' lang='lat'>588.</span> <span class='ocrx_word' id='word_1_1074' title='bbox 1988 1401 2031 1430; x_wconf 86' lang='lat' dir='ltr'>De</span> <span class='ocrx_word' id='word_1_1075' title='bbox 2045 1410 2118 1430; x_wconf 89' lang='lat' dir='ltr'>arcu.</span> 
     </span>
    </p>

    <p class='ocr_par' dir='ltr' id='par_1_76' title="bbox 1390 1437 2518 1545">
     <span class='ocr_line' id='line_1_137' title="bbox 1390 1437 2516 1477; baseline -0.001 -7"><span class='ocrx_word' id='word_1_1076' title='bbox 1390 1438 1502 1477; x_wconf 84' lang='lat' dir='ltr'>Ungula</span> <span class='ocrx_word' id='word_1_1077' title='bbox 1519 1439 1608 1468; x_wconf 83' lang='lat' dir='ltr'>solido</span> <span class='ocrx_word' id='word_1_1078' title='bbox 1623 1448 1712 1468; x_wconf 90' lang='lat' dir='ltr'>cornu</span> <span class='ocrx_word' id='word_1_1079' title='bbox 1722 1461 1730 1475; x_wconf 91' lang='lat'>‚</span> <span class='ocrx_word' id='word_1_1080' title='bbox 1763 1439 1809 1469; x_wconf 90' lang='lat' dir='ltr'>Ob</span> <span class='ocrx_word' id='word_1_1081' title='bbox 1832 1439 1955 1469; x_wconf 83' lang='lat' dir='ltr'>materiae</span> <span class='ocrx_word' id='word_1_1082' title='bbox 1976 1438 2196 1469; x_wconf 78' lang='lat' dir='ltr'>similitudinem.</span> <span class='ocrx_word' id='word_1_1083' title='bbox 2218 1437 2292 1476; x_wconf 80' lang='lat' dir='ltr'>Virg.</span> <span class='ocrx_word' id='word_1_1084' title='bbox 2306 1445 2331 1474; x_wconf 74' lang='lat'>3.</span> <span class='ocrx_word' id='word_1_1085' title='bbox 2357 1438 2457 1476; x_wconf 86' lang='lat' dir='ltr'>Georg.</span> <span class='ocrx_word' id='word_1_1086' title='bbox 2470 1443 2516 1474; x_wconf 76' lang='lat'>88.</span> 
     </span>
     <span class='ocr_line' id='line_1_138' title="bbox 1409 1476 2518 1545; baseline 0.001 -39"><span class='ocrx_word' id='word_1_1087' title='bbox 1409 1516 1436 1545; x_wconf 55' lang='grc' dir='ltr'><strong>ἃ</strong></span> <span class='ocrx_word' id='word_1_1088' title='bbox 1583 1476 1715 1506; x_wconf 80' lang='lat' dir='ltr'>—solido</span> <span class='ocrx_word' id='word_1_1089' title='bbox 1729 1478 1846 1515; x_wconf 84' lang='lat' dir='ltr'>graviter</span> <span class='ocrx_word' id='word_1_1090' title='bbox 1855 1476 1934 1507; x_wconf 87' lang='lat' dir='ltr'>sonat</span> <span class='ocrx_word' id='word_1_1091' title='bbox 1942 1476 2046 1515; x_wconf 87' lang='lat' dir='ltr'>ungula</span> <span class='ocrx_word' id='word_1_1092' title='bbox 2056 1486 2153 1507; x_wconf 88' lang='lat' dir='ltr'>cornu.</span> <span class='ocrx_word' id='word_1_1093' title='bbox 2247 1477 2323 1507; x_wconf 81' lang='lat' dir='ltr'>conf.</span> <span class='ocrx_word' id='word_1_1094' title='bbox 2348 1486 2390 1507; x_wconf 87' lang='lat' dir='ltr'>co</span> <span class='ocrx_word' id='word_1_1095' title='bbox 2398 1486 2415 1505; x_wconf 70' lang='lat' dir='ltr'>a</span> <span class='ocrx_word' id='word_1_1096' title='bbox 2422 1486 2443 1506; x_wconf 77' lang='lat' dir='ltr'>N</span> <span class='ocrx_word' id='word_1_1097' title='bbox 2453 1487 2467 1506; x_wconf 72' lang='lat' dir='ltr'>s</span> <span class='ocrx_word' id='word_1_1098' title='bbox 2477 1487 2495 1507; x_wconf 87' lang='lat' dir='ltr'>u</span> <span class='ocrx_word' id='word_1_1099' title='bbox 2503 1486 2518 1507; x_wconf 69' lang='grc' dir='ltr'><strong>ο</strong></span> 
     </span>
    </p>

    <p class='ocr_par' dir='ltr' id='par_1_77' title="bbox 1458 1524 1657 1544">
     <span class='ocr_line' id='line_1_139' title="bbox 1458 1524 1657 1544; baseline -0.005 0"><span class='ocrx_word' id='word_1_1100' title='bbox 1458 1525 1475 1544; x_wconf 90' lang='lat' dir='ltr'>c</span> <span class='ocrx_word' id='word_1_1101' title='bbox 1485 1524 1502 1544; x_wconf 93' lang='lat' dir='ltr'>o</span> <span class='ocrx_word' id='word_1_1102' title='bbox 1510 1524 1527 1543; x_wconf 74' lang='lat' dir='ltr'>a</span> <span class='ocrx_word' id='word_1_1103' title='bbox 1536 1524 1557 1544; x_wconf 84' lang='lat' dir='ltr'>N</span> <span class='ocrx_word' id='word_1_1104' title='bbox 1567 1525 1576 1543; x_wconf 85' lang='lat'>1</span> <span class='ocrx_word' id='word_1_1105' title='bbox 1587 1524 1601 1543; x_wconf 69' lang='lat' dir='ltr'>e</span> <span class='ocrx_word' id='word_1_1106' title='bbox 1611 1524 1625 1543; x_wconf 73' lang='grc' dir='ltr'>Ε</span> <span class='ocrx_word' id='word_1_1107' title='bbox 1635 1524 1657 1544; x_wconf 84' lang='lat' dir='ltr'>s.</span> 
     </span>
    </p>

    <p class='ocr_par' dir='ltr' id='par_1_78' title="bbox 1388 1552 2176 1596">
     <span class='ocr_line' id='line_1_140' title="bbox 1388 1552 2176 1596; baseline -0.001 -14"><span class='ocrx_word' id='word_1_1108' title='bbox 1388 1553 1484 1583; x_wconf 85' lang='lat' dir='ltr'>Cornu</span> <span class='ocrx_word' id='word_1_1109' title='bbox 1499 1563 1550 1591; x_wconf 88' lang='lat' dir='ltr'>pro</span> <span class='ocrx_word' id='word_1_1110' title='bbox 1559 1552 1675 1582; x_wconf 88' lang='lat' dir='ltr'>Laterna</span> <span class='ocrx_word' id='word_1_1111' title='bbox 1685 1562 1797 1583; x_wconf 84' lang='lat' dir='ltr'>cornea.</span> <span class='ocrx_word' id='word_1_1112' title='bbox 1818 1552 1907 1583; x_wconf 88' lang='lat' dir='ltr'>Plaut.</span> <span class='ocrx_word' id='word_1_1113' title='bbox 1917 1552 2019 1596; x_wconf 76' lang='lat' dir='ltr'>Amph.</span> <span class='ocrx_word' id='word_1_1114' title='bbox 2034 1561 2059 1582; x_wconf 90' lang='lat'>1.</span> <span class='ocrx_word' id='word_1_1115' title='bbox 2073 1561 2097 1582; x_wconf 88' lang='lat'>1.</span> <span class='ocrx_word' id='word_1_1116' title='bbox 2112 1557 2176 1588; x_wconf 75' lang='lat'>185.</span> 
     </span>
    </p>

    <p class='ocr_par' dir='ltr' id='par_1_79' title="bbox 1466 1588 2384 1628">
     <span class='ocr_line' id='line_1_141' title="bbox 1466 1588 2384 1628; baseline -0.001 -8"><span class='ocrx_word' id='word_1_1117' title='bbox 1466 1590 1534 1628; x_wconf 83' lang='lat' dir='ltr'>Quo</span> <span class='ocrx_word' id='word_1_1118' title='bbox 1544 1590 1669 1620; x_wconf 88' lang='lat' dir='ltr'>ambulas</span> <span class='ocrx_word' id='word_1_1119' title='bbox 1679 1596 1710 1620; x_wconf 92' lang='lat' dir='ltr'>tu</span> <span class='ocrx_word' id='word_1_1120' title='bbox 1719 1612 1727 1627; x_wconf 90' lang='lat'>,</span> <span class='ocrx_word' id='word_1_1121' title='bbox 1749 1591 1796 1628; x_wconf 92' lang='lat' dir='ltr'>qui</span> <span class='ocrx_word' id='word_1_1122' title='bbox 1805 1590 1964 1621; x_wconf 88' lang='lat' dir='ltr'>Vulcanum</span> <span class='ocrx_word' id='word_1_1123' title='bbox 1973 1600 2004 1619; x_wconf 85' lang='lat' dir='ltr'>m</span> <span class='ocrx_word' id='word_1_1124' title='bbox 2013 1599 2101 1620; x_wconf 91' lang='lat' dir='ltr'>cornu</span> <span class='ocrx_word' id='word_1_1125' title='bbox 2111 1588 2275 1619; x_wconf 81' lang='lat' dir='ltr'>conclusum</span> <span class='ocrx_word' id='word_1_1126' title='bbox 2289 1589 2384 1627; x_wconf 69' lang='lat' dir='ltr'>geris?</span> 
     </span>
    </p>

    <p class='ocr_par' dir='ltr' id='par_1_80' title="bbox 1389 1627 2519 1702">
     <span class='ocr_line' id='line_1_142' title="bbox 1389 1627 2519 1665; baseline 0.001 -7"><span class='ocrx_word' id='word_1_1127' title='bbox 1389 1629 1484 1658; x_wconf 88' lang='lat' dir='ltr'>Cornu</span> <span class='ocrx_word' id='word_1_1128' title='bbox 1506 1630 1536 1658; x_wconf 89' lang='lat' dir='ltr'>in</span> <span class='ocrx_word' id='word_1_1129' title='bbox 1549 1628 1662 1658; x_wconf 88' lang='lat' dir='ltr'>militari</span> <span class='ocrx_word' id='word_1_1130' title='bbox 1678 1629 1870 1659; x_wconf 88' lang='lat' dir='ltr'>instrumento.</span> <span class='ocrx_word' id='word_1_1131' title='bbox 1912 1629 2023 1659; x_wconf 87' lang='lat' dir='ltr'>Cornua</span> <span class='ocrx_word' id='word_1_1132' title='bbox 2035 1627 2202 1657; x_wconf 81' lang='lat' dir='ltr'>dicebantur</span> <span class='ocrx_word' id='word_1_1133' title='bbox 2212 1649 2220 1663; x_wconf 93' lang='lat'>‚</span> <span class='ocrx_word' id='word_1_1134' title='bbox 2243 1628 2320 1665; x_wconf 88' lang='lat' dir='ltr'>quod</span> <span class='ocrx_word' id='word_1_1135' title='bbox 2331 1637 2364 1657; x_wconf 88' lang='lat' dir='ltr'>ea</span> <span class='ocrx_word' id='word_1_1136' title='bbox 2372 1637 2433 1664; x_wconf 83' lang='lat' dir='ltr'>quae</span> <span class='ocrx_word' id='word_1_1137' title='bbox 2442 1636 2519 1659; x_wconf 75' lang='lat' dir='ltr'>nuno</span> 
     </span>
     <span class='ocr_line' id='line_1_143' title="bbox 1407 1664 2429 1702; baseline 0 -6"><span class='ocrx_word' id='word_1_1138' title='bbox 1407 1667 1470 1696; x_wconf 89' lang='lat' dir='ltr'>sunt</span> <span class='ocrx_word' id='word_1_1139' title='bbox 1481 1676 1515 1696; x_wconf 88' lang='lat' dir='ltr'>ex</span> <span class='ocrx_word' id='word_1_1140' title='bbox 1527 1676 1579 1696; x_wconf 83' lang='lat' dir='ltr'>aere</span> <span class='ocrx_word' id='word_1_1141' title='bbox 1590 1688 1598 1701; x_wconf 87' lang='lat'>‚</span> <span class='ocrx_word' id='word_1_1142' title='bbox 1619 1674 1687 1697; x_wconf 87' lang='lat' dir='ltr'>tunc</span> <span class='ocrx_word' id='word_1_1143' title='bbox 1705 1666 1811 1696; x_wconf 82' lang='lat' dir='ltr'>fiebant</span> <span class='ocrx_word' id='word_1_1144' title='bbox 1823 1676 1859 1697; x_wconf 89' lang='lat' dir='ltr'>ex</span> <span class='ocrx_word' id='word_1_1145' title='bbox 1878 1666 1986 1697; x_wconf 89' lang='lat' dir='ltr'>bubulo</span> <span class='ocrx_word' id='word_1_1146' title='bbox 1999 1673 2097 1696; x_wconf 77' lang='lat' dir='ltr'>cornu.</span> <span class='ocrx_word' id='word_1_1147' title='bbox 2118 1665 2202 1695; x_wconf 76' lang='lat' dir='ltr'>Varro</span> <span class='ocrx_word' id='word_1_1148' title='bbox 2214 1665 2250 1696; x_wconf 89' lang='lat' dir='ltr'>de</span> <span class='ocrx_word' id='word_1_1149' title='bbox 2261 1665 2292 1696; x_wconf 93' lang='lat' dir='ltr'>L.</span> <span class='ocrx_word' id='word_1_1150' title='bbox 2303 1664 2334 1696; x_wconf 85' lang='lat' dir='ltr'>L.</span> <span class='ocrx_word' id='word_1_1151' title='bbox 2345 1675 2372 1702; x_wconf 84' lang='lat'>4.</span> <span class='ocrx_word' id='word_1_1152' title='bbox 2382 1674 2429 1702; x_wconf 78' lang='lat'>24.</span> 
     </span>
    </p>

    <p class='ocr_par' dir='ltr' id='par_1_81' title="bbox 1389 1704 2145 1742">
     <span class='ocr_line' id='line_1_144' title="bbox 1389 1704 2145 1742; baseline 0 -9"><span class='ocrx_word' id='word_1_1153' title='bbox 1389 1704 1485 1734; x_wconf 83' lang='lat' dir='ltr'>Rauco</span> <span class='ocrx_word' id='word_1_1154' title='bbox 1496 1705 1671 1742; x_wconf 86' lang='lat' dir='ltr'>strepuerunt</span> <span class='ocrx_word' id='word_1_1155' title='bbox 1679 1714 1784 1734; x_wconf 87' lang='lat' dir='ltr'>cornua</span> <span class='ocrx_word' id='word_1_1156' title='bbox 1793 1711 1887 1735; x_wconf 88' lang='lat' dir='ltr'>cantu.</span> <span class='ocrx_word' id='word_1_1157' title='bbox 1913 1704 1989 1742; x_wconf 87' lang='lat' dir='ltr'>Virg.</span> <span class='ocrx_word' id='word_1_1158' title='bbox 2002 1709 2029 1739; x_wconf 89' lang='lat'>8.</span> <span class='ocrx_word' id='word_1_1159' title='bbox 2040 1704 2105 1735; x_wconf 83' lang='lat' dir='ltr'>AEn.</span> <span class='ocrx_word' id='word_1_1160' title='bbox 2117 1712 2145 1733; x_wconf 84' lang='lat'>2.</span> 
     </span>
    </p>

    <p class='ocr_par' dir='ltr' id='par_1_82' title="bbox 1388 1741 1748 1778">
     <span class='ocr_line' id='line_1_145' title="bbox 1388 1741 1748 1778; baseline 0 -6"><span class='ocrx_word' id='word_1_1161' title='bbox 1388 1742 1490 1772; x_wconf 86' lang='lat' dir='ltr'>Torva.</span> <span class='ocrx_word' id='word_1_1162' title='bbox 1512 1741 1581 1772; x_wconf 89' lang='lat' dir='ltr'>Pers.</span> <span class='ocrx_word' id='word_1_1163' title='bbox 1597 1752 1621 1772; x_wconf 92' lang='lat'>1.</span> <span class='ocrx_word' id='word_1_1164' title='bbox 1634 1742 1690 1773; x_wconf 90' lang='lat' dir='ltr'>Sat.</span> <span class='ocrx_word' id='word_1_1165' title='bbox 1701 1752 1748 1778; x_wconf 88' lang='lat'>99.</span> 
     </span>
    </p>

    <p class='ocr_par' dir='ltr' id='par_1_83' title="bbox 1387 1779 2289 1818">
     <span class='ocr_line' id='line_1_146' title="bbox 1387 1779 2289 1818; baseline 0 -8"><span class='ocrx_word' id='word_1_1166' title='bbox 1387 1781 1495 1811; x_wconf 87' lang='lat' dir='ltr'>Sonare</span> <span class='ocrx_word' id='word_1_1167' title='bbox 1506 1780 1583 1818; x_wconf 90' lang='lat' dir='ltr'>quod</span> <span class='ocrx_word' id='word_1_1168' title='bbox 1592 1789 1698 1810; x_wconf 87' lang='lat' dir='ltr'>cornua</span> <span class='ocrx_word' id='word_1_1169' title='bbox 1710 1790 1742 1810; x_wconf 81' lang='lat' dir='ltr'>at:</span> <span class='ocrx_word' id='word_1_1170' title='bbox 1754 1779 1835 1810; x_wconf 83' lang='lat' dir='ltr'>tubas</span> <span class='ocrx_word' id='word_1_1171' title='bbox 1845 1779 1947 1810; x_wconf 85' lang='lat' dir='ltr'>vincat.</span> <span class='ocrx_word' id='word_1_1172' title='bbox 1969 1780 2040 1811; x_wconf 85' lang='lat' dir='ltr'>Hor.</span> <span class='ocrx_word' id='word_1_1173' title='bbox 2057 1788 2082 1810; x_wconf 91' lang='lat'>1.</span> <span class='ocrx_word' id='word_1_1174' title='bbox 2100 1779 2190 1810; x_wconf 87' lang='lat' dir='ltr'>Serm.</span> <span class='ocrx_word' id='word_1_1175' title='bbox 2201 1780 2229 1810; x_wconf 82' lang='lat'>6.</span> <span class='ocrx_word' id='word_1_1176' title='bbox 2241 1786 2289 1816; x_wconf 75' lang='lat'>43.</span> 
     </span>
    </p>

    <p class='ocr_par' dir='ltr' id='par_1_84' title="bbox 1482 1817 1986 1894">
     <span class='ocr_line' id='line_1_147' title="bbox 1692 1817 1973 1856; baseline 0 -9"><span class='ocrx_word' id='word_1_1177' title='bbox 1692 1833 1731 1840; x_wconf 93' lang='lat'><em>-</em></span> <span class='ocrx_word' id='word_1_1178' title='bbox 1740 1827 1841 1856; x_wconf 84' lang='lat' dir='ltr'>magna</span> <span class='ocrx_word' id='word_1_1179' title='bbox 1849 1817 1973 1854; x_wconf 63' lang='lat' dir='ltr'>sonabit),</span> 
     </span>
     <span class='ocr_line' id='line_1_148' title="bbox 1482 1855 1986 1894; baseline 0.002 -9"><span class='ocrx_word' id='word_1_1180' title='bbox 1482 1855 1594 1885; x_wconf 90' lang='lat' dir='ltr'>Cornua</span> <span class='ocrx_word' id='word_1_1181' title='bbox 1609 1856 1687 1894; x_wconf 89' lang='lat' dir='ltr'>quod</span> <span class='ocrx_word' id='word_1_1182' title='bbox 1699 1878 1709 1892; x_wconf 91' lang='lat'>‚</span> <span class='ocrx_word' id='word_1_1183' title='bbox 1730 1856 1879 1893; x_wconf 86' lang='lat' dir='ltr'>vincatque</span> <span class='ocrx_word' id='word_1_1184' title='bbox 1894 1856 1986 1887; x_wconf 86' lang='lat' dir='ltr'>tubas.</span> 
     </span>
    </p>

    <p class='ocr_par' dir='ltr' id='par_1_85' title="bbox 1386 1892 2332 1930">
     <span class='ocr_line' id='line_1_149' title="bbox 1386 1892 2332 1930; baseline -0.005 -5"><span class='ocrx_word' id='word_1_1185' title='bbox 1386 1894 1533 1925; x_wconf 85' lang='lat' dir='ltr'>Occanere</span> <span class='ocrx_word' id='word_1_1186' title='bbox 1545 1903 1651 1924; x_wconf 86' lang='lat' dir='ltr'>cornua</span> <span class='ocrx_word' id='word_1_1187' title='bbox 1662 1916 1671 1930; x_wconf 96' lang='lat'>,</span> <span class='ocrx_word' id='word_1_1188' title='bbox 1691 1904 1724 1924; x_wconf 89' lang='lat' dir='ltr'>ac</span> <span class='ocrx_word' id='word_1_1189' title='bbox 1734 1894 1815 1924; x_wconf 88' lang='lat' dir='ltr'>tubas</span> <span class='ocrx_word' id='word_1_1190' title='bbox 1824 1894 1937 1924; x_wconf 83' lang='lat' dir='ltr'>Sentius</span> <span class='ocrx_word' id='word_1_1191' title='bbox 1945 1893 2028 1930; x_wconf 85' lang='lat' dir='ltr'>juffit.</span> <span class='ocrx_word' id='word_1_1192' title='bbox 2048 1892 2140 1924; x_wconf 87' lang='lat' dir='ltr'>Tacit.</span> <span class='ocrx_word' id='word_1_1193' title='bbox 2155 1902 2183 1924; x_wconf 85' lang='lat'>2.</span> <span class='ocrx_word' id='word_1_1194' title='bbox 2200 1892 2272 1922; x_wconf 81' lang='lat' dir='ltr'>Ann.</span> <span class='ocrx_word' id='word_1_1195' title='bbox 2285 1897 2332 1926; x_wconf 78' lang='lat'>81.</span> 
     </span>
    </p>

    <p class='ocr_par' dir='ltr' id='par_1_86' title="bbox 1386 1929 2519 2000">
     <span class='ocr_line' id='line_1_150' title="bbox 1386 1929 2519 1970; baseline -0.001 -8"><span class='ocrx_word' id='word_1_1196' title='bbox 1386 1932 1494 1963; x_wconf 83' lang='lat' dir='ltr'>Inflexo</span> <span class='ocrx_word' id='word_1_1197' title='bbox 1505 1932 1689 1970; x_wconf 85' lang='lat' dir='ltr'>Berecynthia</span> <span class='ocrx_word' id='word_1_1198' title='bbox 1703 1932 1771 1963; x_wconf 87' lang='lat' dir='ltr'>tibia</span> <span class='ocrx_word' id='word_1_1199' title='bbox 1780 1942 1878 1963; x_wconf 84' lang='lat' dir='ltr'>cornu.</span> <span class='ocrx_word' id='word_1_1200' title='bbox 1899 1932 1985 1963; x_wconf 90' lang='lat' dir='ltr'>Ovid.</span> <span class='ocrx_word' id='word_1_1201' title='bbox 1997 1943 2025 1968; x_wconf 83' lang='grc'>4.</span> <span class='ocrx_word' id='word_1_1202' title='bbox 2037 1932 2106 1963; x_wconf 82' lang='lat' dir='ltr'>Fast.</span> <span class='ocrx_word' id='word_1_1203' title='bbox 2121 1937 2185 1967; x_wconf 88' lang='lat'>181.</span> <span class='ocrx_word' id='word_1_1204' title='bbox 2203 1931 2239 1962; x_wconf 88' lang='lat' dir='ltr'>de</span> <span class='ocrx_word' id='word_1_1205' title='bbox 2255 1929 2370 1968; x_wconf 85' lang='lat' dir='ltr'>Phrygia</span> <span class='ocrx_word' id='word_1_1206' title='bbox 2383 1929 2519 1969; x_wconf 78' lang='lat' dir='ltr'>peculiari</span> 
     </span>
     <span class='ocr_line' id='line_1_151' title="bbox 1406 1970 1859 2000; baseline -0.002 0"><span class='ocrx_word' id='word_1_1207' title='bbox 1406 1971 1475 2000; x_wconf 76' lang='lat' dir='ltr'>tibia</span> <span class='ocrx_word' id='word_1_1208' title='bbox 1485 1979 1576 2000; x_wconf 88' lang='lat' dir='ltr'>curva.</span> <span class='ocrx_word' id='word_1_1209' title='bbox 1616 1970 1662 2000; x_wconf 88' lang='lat' dir='ltr'>Sic</span> <span class='ocrx_word' id='word_1_1210' title='bbox 1676 1980 1717 2000; x_wconf 75' lang='grc' dir='ltr'>ιι.</span> <span class='ocrx_word' id='word_1_1211' title='bbox 1730 1970 1800 2000; x_wconf 89' lang='lat' dir='ltr'>Met.</span> <span class='ocrx_word' id='word_1_1212' title='bbox 1818 1974 1859 2000; x_wconf 84' lang='lat'>16.</span> 
     </span>
    </p>

    <p class='ocr_par' dir='ltr' id='par_1_87' title="bbox 1502 2006 2176 2046">
     <span class='ocr_line' id='line_1_152' title="bbox 1502 2006 2176 2046; baseline -0.001 -9"><span class='ocrx_word' id='word_1_1213' title='bbox 1502 2008 1632 2043; x_wconf 86' lang='lat' dir='ltr'>Clamor,</span> <span class='ocrx_word' id='word_1_1214' title='bbox 1654 2009 1679 2038; x_wconf 87' lang='lat'>&amp;</span> <span class='ocrx_word' id='word_1_1215' title='bbox 1691 2008 1788 2038; x_wconf 86' lang='lat' dir='ltr'>inflato</span> <span class='ocrx_word' id='word_1_1216' title='bbox 1805 2007 1988 2046; x_wconf 86' lang='lat' dir='ltr'>Berecynthia</span> <span class='ocrx_word' id='word_1_1217' title='bbox 1997 2006 2066 2037; x_wconf 88' lang='lat' dir='ltr'>tibia</span> <span class='ocrx_word' id='word_1_1218' title='bbox 2079 2015 2176 2036; x_wconf 89' lang='lat' dir='ltr'>cornu.</span> 
     </span>
    </p>

    <p class='ocr_par' dir='ltr' id='par_1_88' title="bbox 1387 2042 2517 2160">
     <span class='ocr_line' id='line_1_153' title="bbox 1387 2042 2517 2082; baseline -0.001 -6"><span class='ocrx_word' id='word_1_1219' title='bbox 1387 2046 1532 2076; x_wconf 74' lang='lat' dir='ltr'>interdum</span> <span class='ocrx_word' id='word_1_1220' title='bbox 1543 2046 1653 2076; x_wconf 89' lang='lat' dir='ltr'>Cornua</span> <span class='ocrx_word' id='word_1_1221' title='bbox 1664 2046 1727 2076; x_wconf 87' lang='lat' dir='ltr'>sunt</span> <span class='ocrx_word' id='word_1_1222' title='bbox 1735 2046 1811 2076; x_wconf 89' lang='lat' dir='ltr'>Vires</span> <span class='ocrx_word' id='word_1_1223' title='bbox 1821 2068 1830 2080; x_wconf 89' lang='lat'>,</span> <span class='ocrx_word' id='word_1_1224' title='bbox 1852 2046 1946 2075; x_wconf 91' lang='lat' dir='ltr'>Gloria</span> <span class='ocrx_word' id='word_1_1225' title='bbox 1957 2067 1966 2081; x_wconf 94' lang='lat'>,</span> <span class='ocrx_word' id='word_1_1226' title='bbox 1986 2045 2114 2075; x_wconf 85' lang='lat' dir='ltr'>Potentia</span> <span class='ocrx_word' id='word_1_1227' title='bbox 2123 2066 2132 2080; x_wconf 93' lang='lat'>,</span> <span class='ocrx_word' id='word_1_1228' title='bbox 2153 2051 2184 2073; x_wconf 90' lang='lat' dir='ltr'>ut</span> <span class='ocrx_word' id='word_1_1229' title='bbox 2193 2042 2338 2082; x_wconf 78' lang='lat' dir='ltr'>saepillime</span> <span class='ocrx_word' id='word_1_1230' title='bbox 2350 2044 2380 2072; x_wconf 92' lang='lat' dir='ltr'>in</span> <span class='ocrx_word' id='word_1_1231' title='bbox 2388 2043 2449 2074; x_wconf 86' lang='lat' dir='ltr'>Vet.</span> <span class='ocrx_word' id='word_1_1232' title='bbox 2461 2044 2517 2075; x_wconf 81' lang='lat' dir='ltr'>Te-</span> 
     </span>
     <span class='ocr_line' id='line_1_154' title="bbox 1406 2081 2516 2119; baseline -0.001 -7"><span class='ocrx_word' id='word_1_1233' title='bbox 1406 2084 1557 2113; x_wconf 83' lang='lat' dir='ltr'>stamento:</span> <span class='ocrx_word' id='word_1_1234' title='bbox 1580 2093 1634 2113; x_wconf 87' lang='lat' dir='ltr'>nec</span> <span class='ocrx_word' id='word_1_1235' title='bbox 1652 2091 1712 2114; x_wconf 85' lang='lat' dir='ltr'>non</span> <span class='ocrx_word' id='word_1_1236' title='bbox 1732 2086 1758 2114; x_wconf 77' lang='grc' dir='ltr'>δι</span> <span class='ocrx_word' id='word_1_1237' title='bbox 1776 2085 1905 2114; x_wconf 68' lang='grc' dir='ltr'><strong>εωῖῖοτεε</strong></span> <span class='ocrx_word' id='word_1_1238' title='bbox 1923 2082 2016 2114; x_wconf 84' lang='lat' dir='ltr'>Latini</span> <span class='ocrx_word' id='word_1_1239' title='bbox 2031 2082 2069 2113; x_wconf 86' lang='lat' dir='ltr'>fic</span> <span class='ocrx_word' id='word_1_1240' title='bbox 2084 2088 2209 2112; x_wconf 76' lang='lat' dir='ltr'>utuntur.</span> <span class='ocrx_word' id='word_1_1241' title='bbox 2248 2081 2318 2113; x_wconf 88' lang='lat' dir='ltr'>Hor.</span> <span class='ocrx_word' id='word_1_1242' title='bbox 2329 2090 2354 2119; x_wconf 74' lang='lat'>3.</span> <span class='ocrx_word' id='word_1_1243' title='bbox 2368 2082 2457 2112; x_wconf 82' lang='lat' dir='ltr'>Carm.</span> <span class='ocrx_word' id='word_1_1244' title='bbox 2469 2092 2516 2114; x_wconf 75' lang='lat'>21.</span> 
     </span>
     <span class='ocr_line' id='line_1_155' title="bbox 1410 2121 2297 2160; baseline 0 -8"><span class='ocrx_word' id='word_1_1245' title='bbox 1410 2132 1452 2160; x_wconf 78' lang='lat'>17.</span> <span class='ocrx_word' id='word_1_1246' title='bbox 1476 2122 1512 2150; x_wconf 88' lang='lat' dir='ltr'>de</span> <span class='ocrx_word' id='word_1_1247' title='bbox 1526 2122 1594 2151; x_wconf 91' lang='lat' dir='ltr'>Vino</span> <span class='ocrx_word' id='word_1_1248' title='bbox 1604 2121 1741 2159; x_wconf 75' lang='lat' dir='ltr'>loquens3</span> <span class='ocrx_word' id='word_1_1249' title='bbox 1778 2153 1784 2159; x_wconf 71' lang='lat'>‚</span> <span class='ocrx_word' id='word_1_1250' title='bbox 2274 2140 2297 2151; x_wconf 24' lang='lat' dir='ltr'>e</span> 
     </span>
    </p>

    <p class='ocr_par' dir='ltr' id='par_1_89' title="bbox 1466 2159 1984 2197">
     <span class='ocr_line' id='line_1_156' title="bbox 1466 2159 1984 2197; baseline -0.002 -8"><span class='ocrx_word' id='word_1_1251' title='bbox 1466 2159 1511 2189; x_wconf 92' lang='lat' dir='ltr'>Tu</span> <span class='ocrx_word' id='word_1_1252' title='bbox 1520 2159 1597 2197; x_wconf 90' lang='lat' dir='ltr'>spem</span> <span class='ocrx_word' id='word_1_1253' title='bbox 1607 2161 1716 2190; x_wconf 84' lang='lat' dir='ltr'>reducis</span> <span class='ocrx_word' id='word_1_1254' title='bbox 1726 2159 1868 2189; x_wconf 90' lang='lat' dir='ltr'>mentibus</span> <span class='ocrx_word' id='word_1_1255' title='bbox 1877 2159 1967 2190; x_wconf 81' lang='lat' dir='ltr'>anxiis</span> <span class='ocrx_word' id='word_1_1256' title='bbox 1975 2180 1984 2194; x_wconf 87' lang='lat'>‚</span> 
     </span>
    </p>

    <p class='ocr_par' dir='ltr' id='par_1_90' title="bbox 1466 2197 2207 2274">
     <span class='ocr_line' id='line_1_157' title="bbox 1466 2197 1993 2236; baseline 0 -10"><span class='ocrx_word' id='word_1_1257' title='bbox 1466 2197 1609 2234; x_wconf 84' lang='lat' dir='ltr'>viresque,</span> <span class='ocrx_word' id='word_1_1258' title='bbox 1624 2199 1650 2228; x_wconf 83' lang='lat'>&amp;</span> <span class='ocrx_word' id='word_1_1259' title='bbox 1659 2198 1738 2227; x_wconf 88' lang='lat' dir='ltr'>addis</span> <span class='ocrx_word' id='word_1_1260' title='bbox 1750 2207 1855 2227; x_wconf 90' lang='lat' dir='ltr'>cornua</span> <span class='ocrx_word' id='word_1_1261' title='bbox 1867 2197 1993 2236; x_wconf 85' lang='lat' dir='ltr'>pauperi.</span> 
     </span>
     <span class='ocr_line' id='line_1_158' title="bbox 1504 2234 2207 2274; baseline 0 -10"><span class='ocrx_word' id='word_1_1262' title='bbox 1504 2235 1586 2265; x_wconf 91' lang='lat' dir='ltr'>Tunc</span> <span class='ocrx_word' id='word_1_1263' title='bbox 1595 2236 1713 2265; x_wconf 90' lang='lat' dir='ltr'>veniunt</span> <span class='ocrx_word' id='word_1_1264' title='bbox 1722 2235 1801 2271; x_wconf 91' lang='lat' dir='ltr'>risus,</span> <span class='ocrx_word' id='word_1_1265' title='bbox 1811 2242 1879 2266; x_wconf 86' lang='lat' dir='ltr'>tunc</span> <span class='ocrx_word' id='word_1_1266' title='bbox 1888 2245 1994 2274; x_wconf 86' lang='lat' dir='ltr'>pauper</span> <span class='ocrx_word' id='word_1_1267' title='bbox 2002 2243 2108 2264; x_wconf 85' lang='lat' dir='ltr'>cornua</span> <span class='ocrx_word' id='word_1_1268' title='bbox 2116 2234 2207 2264; x_wconf 89' lang='lat' dir='ltr'>sumit.</span> 
     </span>
    </p>

    <p class='ocr_par' dir='ltr' id='par_1_91' title="bbox 1467 2271 2262 2309">
     <span class='ocr_line' id='line_1_159' title="bbox 1467 2271 2262 2309; baseline -0.003 -7"><span class='ocrx_word' id='word_1_1269' title='bbox 1467 2273 1560 2303; x_wconf 88' lang='lat' dir='ltr'>Parata</span> <span class='ocrx_word' id='word_1_1270' title='bbox 1569 2272 1639 2302; x_wconf 89' lang='lat' dir='ltr'>tollo</span> <span class='ocrx_word' id='word_1_1271' title='bbox 1652 2283 1768 2303; x_wconf 84' lang='lat' dir='ltr'>cornua.</span> <span class='ocrx_word' id='word_1_1272' title='bbox 1797 2274 1871 2304; x_wconf 86' lang='lat' dir='ltr'>conf.</span> <span class='ocrx_word' id='word_1_1273' title='bbox 1894 2273 2050 2303; x_wconf 89' lang='lat' dir='ltr'>Obvertere</span> <span class='ocrx_word' id='word_1_1274' title='bbox 2060 2282 2165 2302; x_wconf 85' lang='lat' dir='ltr'>cornua</span> <span class='ocrx_word' id='word_1_1275' title='bbox 2173 2271 2262 2309; x_wconf 87' lang='lat' dir='ltr'>supra.</span> 
     </span>
    </p>

    <p class='ocr_par' dir='ltr' id='par_1_92' title="bbox 1386 2308 2514 2386">
     <span class='ocr_line' id='line_1_160' title="bbox 1386 2308 2514 2349; baseline -0.004 -8"><span class='ocrx_word' id='word_1_1276' title='bbox 1386 2311 1498 2341; x_wconf 85' lang='lat' dir='ltr'>Cornua</span> <span class='ocrx_word' id='word_1_1277' title='bbox 1519 2311 1607 2340; x_wconf 88' lang='lat' dir='ltr'>Liberi</span> <span class='ocrx_word' id='word_1_1278' title='bbox 1633 2313 1717 2349; x_wconf 86' lang='lat' dir='ltr'>patris</span> <span class='ocrx_word' id='word_1_1279' title='bbox 1748 2312 1855 2349; x_wconf 85' lang='lat' dir='ltr'>(quem</span> <span class='ocrx_word' id='word_1_1280' title='bbox 1876 2312 1934 2340; x_wconf 90' lang='lat' dir='ltr'>vini</span> <span class='ocrx_word' id='word_1_1281' title='bbox 1949 2311 2126 2341; x_wconf 84' lang='lat' dir='ltr'>inventorem</span> <span class='ocrx_word' id='word_1_1282' title='bbox 2145 2310 2239 2339; x_wconf 86' lang='lat' dir='ltr'>ferunt</span> <span class='ocrx_word' id='word_1_1283' title='bbox 2250 2311 2262 2345; x_wconf 90' lang='lat'>)</span> <span class='ocrx_word' id='word_1_1284' title='bbox 2283 2308 2427 2339; x_wconf 76' lang='lat' dir='ltr'>simulacro</span> <span class='ocrx_word' id='word_1_1285' title='bbox 2443 2308 2514 2345; x_wconf 77' lang='lat' dir='ltr'>adji.</span> 
     </span>
     <span class='ocr_line' id='line_1_161' title="bbox 1405 2346 2364 2386; baseline -0.004 -7"><span class='ocrx_word' id='word_1_1286' title='bbox 1405 2351 1516 2379; x_wconf 90' lang='lat' dir='ltr'>ciuntur</span> <span class='ocrx_word' id='word_1_1287' title='bbox 1524 2371 1533 2384; x_wconf 91' lang='lat'>,</span> <span class='ocrx_word' id='word_1_1288' title='bbox 1555 2359 1587 2378; x_wconf 93' lang='lat' dir='ltr'>eo</span> <span class='ocrx_word' id='word_1_1289' title='bbox 1596 2350 1672 2386; x_wconf 88' lang='lat' dir='ltr'>quod</span> <span class='ocrx_word' id='word_1_1290' title='bbox 1682 2349 1813 2380; x_wconf 89' lang='lat' dir='ltr'>homines</span> <span class='ocrx_word' id='word_1_1291' title='bbox 1823 2349 1913 2379; x_wconf 87' lang='lat' dir='ltr'>nimio</span> <span class='ocrx_word' id='word_1_1292' title='bbox 1925 2349 1991 2379; x_wconf 90' lang='lat' dir='ltr'>vino</span> <span class='ocrx_word' id='word_1_1293' title='bbox 2000 2354 2094 2378; x_wconf 87' lang='lat' dir='ltr'>truces</span> <span class='ocrx_word' id='word_1_1294' title='bbox 2105 2348 2185 2377; x_wconf 82' lang='lat' dir='ltr'>fiunt.</span> <span class='ocrx_word' id='word_1_1295' title='bbox 2226 2347 2267 2376; x_wconf 85' lang='lat' dir='ltr'>Ex</span> <span class='ocrx_word' id='word_1_1296' title='bbox 2276 2346 2364 2376; x_wconf 79' lang='lat' dir='ltr'>Festo.</span> 
     </span>
    </p>

    <p class='ocr_par' dir='ltr' id='par_1_93' title="bbox 1388 2383 2515 2462">
     <span class='ocr_line' id='line_1_162' title="bbox 1388 2383 2515 2425; baseline -0.003 -9"><span class='ocrx_word' id='word_1_1297' title='bbox 1388 2388 1483 2418; x_wconf 87' lang='lat' dir='ltr'>Cornu</span> <span class='ocrx_word' id='word_1_1298' title='bbox 1503 2387 1543 2416; x_wconf 91' lang='lat' dir='ltr'>Co</span> <span class='ocrx_word' id='word_1_1299' title='bbox 1565 2388 1598 2416; x_wconf 82' lang='lat' dir='ltr'>ia:</span> <span class='ocrx_word' id='word_1_1300' title='bbox 1609 2409 1617 2423; x_wconf 92' lang='lat'>‚</span> <span class='ocrx_word' id='word_1_1301' title='bbox 1637 2389 1731 2423; x_wconf 64' lang='grc' dir='ltr'>[κέρρις</span> <span class='ocrx_word' id='word_1_1302' title='bbox 1746 2387 1911 2422; x_wconf 62' lang='grc' dir='ltr'>οὶιωελθάοισ]</span> <span class='ocrx_word' id='word_1_1303' title='bbox 1932 2387 2028 2425; x_wconf 82' lang='lat' dir='ltr'>Quum</span> <span class='ocrx_word' id='word_1_1304' title='bbox 2039 2386 2146 2416; x_wconf 87' lang='lat' dir='ltr'>affatim</span> <span class='ocrx_word' id='word_1_1305' title='bbox 2155 2385 2252 2414; x_wconf 85' lang='lat' dir='ltr'>omnia</span> <span class='ocrx_word' id='word_1_1306' title='bbox 2264 2383 2402 2423; x_wconf 86' lang='lat' dir='ltr'>superesse</span> <span class='ocrx_word' id='word_1_1307' title='bbox 2414 2383 2515 2422; x_wconf 75' lang='lat' dir='ltr'>signiti-</span> 
     </span>
     <span class='ocr_line' id='line_1_163' title="bbox 1405 2423 2244 2462; baseline -0.004 -7"><span class='ocrx_word' id='word_1_1308' title='bbox 1405 2434 1499 2455; x_wconf 86' lang='lat' dir='ltr'>camus</span> <span class='ocrx_word' id='word_1_1309' title='bbox 1511 2446 1518 2459; x_wconf 98' lang='lat'>,</span> <span class='ocrx_word' id='word_1_1310' title='bbox 1566 2426 1639 2462; x_wconf 88' lang='lat' dir='ltr'>opiae</span> <span class='ocrx_word' id='word_1_1311' title='bbox 1656 2435 1743 2455; x_wconf 87' lang='lat' dir='ltr'>cornu</span> <span class='ocrx_word' id='word_1_1312' title='bbox 1753 2425 1883 2455; x_wconf 80' lang='lat' dir='ltr'>dicimus.</span> <span class='ocrx_word' id='word_1_1313' title='bbox 1917 2424 2002 2454; x_wconf 86' lang='lat' dir='ltr'>Plaut.</span> <span class='ocrx_word' id='word_1_1314' title='bbox 2015 2423 2112 2454; x_wconf 86' lang='lat' dir='ltr'>Pseud.</span> <span class='ocrx_word' id='word_1_1315' title='bbox 2124 2433 2151 2453; x_wconf 84' lang='lat'>2.</span> <span class='ocrx_word' id='word_1_1316' title='bbox 2165 2431 2187 2459; x_wconf 91' lang='lat'>3.</span> <span class='ocrx_word' id='word_1_1317' title='bbox 2202 2433 2227 2458; x_wconf 83' lang='grc' dir='ltr'>ς.</span> <span class='ocrx_word' id='word_1_1318' title='bbox 2243 2454 2244 2457; x_wconf 50' lang='lat'>,</span> 
     </span>
    </p>

    <p class='ocr_par' dir='ltr' id='par_1_94' title="bbox 1405 2457 2514 2758">
     <span class='ocr_line' id='line_1_164' title="bbox 1434 2457 2514 2501; baseline -0.003 -8"><span class='ocrx_word' id='word_1_1319' title='bbox 1434 2463 1506 2493; x_wconf 87' lang='lat' dir='ltr'>Nam</span> <span class='ocrx_word' id='word_1_1320' title='bbox 1517 2463 1575 2492; x_wconf 81' lang='lat' dir='ltr'>haec</span> <span class='ocrx_word' id='word_1_1321' title='bbox 1586 2463 1668 2493; x_wconf 82' lang='lat' dir='ltr'>allata</span> <span class='ocrx_word' id='word_1_1322' title='bbox 1675 2472 1763 2493; x_wconf 81' lang='lat' dir='ltr'>cornu</span> <span class='ocrx_word' id='word_1_1323' title='bbox 1774 2464 1861 2501; x_wconf 81' lang='lat' dir='ltr'>copiae</span> <span class='ocrx_word' id='word_1_1324' title='bbox 1871 2463 1917 2498; x_wconf 90' lang='lat' dir='ltr'>est,</span> <span class='ocrx_word' id='word_1_1325' title='bbox 1928 2462 2051 2492; x_wconf 89' lang='lat' dir='ltr'>ubiinest</span> <span class='ocrx_word' id='word_1_1326' title='bbox 2061 2460 2195 2499; x_wconf 89' lang='lat' dir='ltr'>quicquid</span> <span class='ocrx_word' id='word_1_1327' title='bbox 2206 2459 2282 2491; x_wconf 84' lang='lat' dir='ltr'>volo.</span> <span class='ocrx_word' id='word_1_1328' title='bbox 2323 2457 2424 2490; x_wconf 86' lang='lat' dir='ltr'>Plin.in</span> <span class='ocrx_word' id='word_1_1329' title='bbox 2436 2458 2514 2497; x_wconf 71' lang='lat' dir='ltr'>prrei‘.</span> 
     </span>
     <span class='ocr_line' id='line_1_165' title="bbox 1406 2497 2514 2537; baseline -0.004 -7"><span class='ocrx_word' id='word_1_1330' title='bbox 1406 2500 1541 2531; x_wconf 67' lang='lat' dir='ltr'>Nafflist.</span> <span class='ocrx_word' id='word_1_1331' title='bbox 1553 2500 1601 2530; x_wconf 79' lang='lat' dir='ltr'>Alii</span> <span class='ocrx_word' id='word_1_1332' title='bbox 1613 2502 1837 2536; x_wconf 55' lang='lat' dir='ltr'>xtendmozsdu</span> <span class='ocrx_word' id='word_1_1333' title='bbox 1849 2501 1935 2530; x_wconf 87' lang='lat' dir='ltr'>libros</span> <span class='ocrx_word' id='word_1_1334' title='bbox 1944 2500 2004 2530; x_wconf 88' lang='lat' dir='ltr'>suos</span> <span class='ocrx_word' id='word_1_1335' title='bbox 2014 2497 2347 2537; x_wconf 59' lang='lat' dir='ltr'>inscripserunnquodest</span> <span class='ocrx_word' id='word_1_1336' title='bbox 2356 2499 2444 2535; x_wconf 69' lang='lat' dir='ltr'>copi-&lt;e</span> <span class='ocrx_word' id='word_1_1337' title='bbox 2453 2506 2514 2527; x_wconf 77' lang='lat' dir='ltr'>cor-</span> 
     </span>
     <span class='ocr_line' id='line_1_166' title="bbox 1406 2535 2514 2577; baseline -0.004 -9"><span class='ocrx_word' id='word_1_1338' title='bbox 1406 2537 1534 2574; x_wconf 86' lang='lat' dir='ltr'>nu,velut</span> <span class='ocrx_word' id='word_1_1339' title='bbox 1542 2538 1621 2569; x_wconf 71' lang='lat' dir='ltr'>lactis</span> <span class='ocrx_word' id='word_1_1340' title='bbox 1632 2538 1776 2576; x_wconf 83' lang='lat' dir='ltr'>gallinacei</span> <span class='ocrx_word' id='word_1_1341' title='bbox 1786 2539 1894 2577; x_wconf 84' lang='lat' dir='ltr'>sperare</span> <span class='ocrx_word' id='word_1_1342' title='bbox 1905 2537 1989 2576; x_wconf 83' lang='lat' dir='ltr'>poffis</span> <span class='ocrx_word' id='word_1_1343' title='bbox 1999 2538 2027 2567; x_wconf 91' lang='lat' dir='ltr'>in</span> <span class='ocrx_word' id='word_1_1344' title='bbox 2037 2538 2182 2568; x_wconf 91' lang='lat' dir='ltr'>volumine</span> <span class='ocrx_word' id='word_1_1345' title='bbox 2190 2535 2514 2565; x_wconf 83' lang='lat' dir='ltr'>haustum.Ovid.Cornu</span> 
     </span>
     <span class='ocr_line' id='line_1_167' title="bbox 1405 2574 2514 2615; baseline -0.005 -8"><span class='ocrx_word' id='word_1_1346' title='bbox 1405 2577 1495 2615; x_wconf 78' lang='lat' dir='ltr'>copiae</span> <span class='ocrx_word' id='word_1_1347' title='bbox 1507 2576 1578 2606; x_wconf 89' lang='lat' dir='ltr'>dicit</span> <span class='ocrx_word' id='word_1_1348' title='bbox 1588 2577 1617 2606; x_wconf 92' lang='lat' dir='ltr'>id</span> <span class='ocrx_word' id='word_1_1349' title='bbox 1627 2576 1796 2614; x_wconf 83' lang='lat' dir='ltr'>fuisse,quod</span> <span class='ocrx_word' id='word_1_1350' title='bbox 1806 2576 1938 2607; x_wconf 80' lang='lat' dir='ltr'>Hercules</span> <span class='ocrx_word' id='word_1_1351' title='bbox 1947 2585 2012 2605; x_wconf 91' lang='lat' dir='ltr'>cum</span> <span class='ocrx_word' id='word_1_1352' title='bbox 2023 2575 2146 2605; x_wconf 78' lang='lat' dir='ltr'>Acheloo</span> <span class='ocrx_word' id='word_1_1353' title='bbox 2156 2575 2186 2604; x_wconf 91' lang='lat' dir='ltr'>in</span> <span class='ocrx_word' id='word_1_1354' title='bbox 2197 2574 2317 2612; x_wconf 87' lang='lat' dir='ltr'>speciem</span> <span class='ocrx_word' id='word_1_1355' title='bbox 2325 2574 2396 2603; x_wconf 82' lang='lat' dir='ltr'>tauri</span> <span class='ocrx_word' id='word_1_1356' title='bbox 2406 2580 2514 2602; x_wconf 81' lang='lat' dir='ltr'>mutato</span> 
     </span>
     <span class='ocr_line' id='line_1_168' title="bbox 1406 2611 2514 2651; baseline -0.005 -7"><span class='ocrx_word' id='word_1_1357' title='bbox 1406 2613 1571 2651; x_wconf 73' lang='lat' dir='ltr'>congressus,</span> <span class='ocrx_word' id='word_1_1358' title='bbox 1581 2615 1606 2644; x_wconf 86' lang='lat' dir='ltr'>ei</span> <span class='ocrx_word' id='word_1_1359' title='bbox 1617 2615 1738 2645; x_wconf 84' lang='lat' dir='ltr'>detraxit</span> <span class='ocrx_word' id='word_1_1360' title='bbox 1750 2625 1757 2645; x_wconf 88' lang='lat'>:</span> <span class='ocrx_word' id='word_1_1361' title='bbox 1774 2615 1829 2644; x_wconf 87' lang='lat' dir='ltr'>hoc</span> <span class='ocrx_word' id='word_1_1362' title='bbox 1838 2614 1958 2644; x_wconf 89' lang='lat' dir='ltr'>Naiades</span> <span class='ocrx_word' id='word_1_1363' title='bbox 1968 2621 2127 2651; x_wconf 82' lang='lat' dir='ltr'>acceptum,</span> <span class='ocrx_word' id='word_1_1364' title='bbox 2137 2614 2162 2642; x_wconf 87' lang='lat'>&amp;</span> <span class='ocrx_word' id='word_1_1365' title='bbox 2172 2611 2447 2651; x_wconf 71' lang='lat' dir='ltr'>omniumfructuum</span> <span class='ocrx_word' id='word_1_1366' title='bbox 2458 2613 2514 2647; x_wconf 80' lang='lat' dir='ltr'>pri-</span> 
     </span>
     <span class='ocr_line' id='line_1_169' title="bbox 1405 2649 2508 2690; baseline -0.004 -8"><span class='ocrx_word' id='word_1_1367' title='bbox 1405 2653 1491 2682; x_wconf 85' lang='lat' dir='ltr'>mitiis</span> <span class='ocrx_word' id='word_1_1368' title='bbox 1501 2653 1642 2687; x_wconf 76' lang='lat' dir='ltr'>refertum,</span> <span class='ocrx_word' id='word_1_1369' title='bbox 1653 2653 1750 2690; x_wconf 89' lang='lat' dir='ltr'>Copiae</span> <span class='ocrx_word' id='word_1_1370' title='bbox 1760 2653 1965 2682; x_wconf 86' lang='lat' dir='ltr'>consecrarunt.</span> <span class='ocrx_word' id='word_1_1371' title='bbox 1978 2651 2064 2681; x_wconf 89' lang='lat' dir='ltr'>Ovid.</span> <span class='ocrx_word' id='word_1_1372' title='bbox 2077 2662 2103 2687; x_wconf 87' lang='lat'>9.</span> <span class='ocrx_word' id='word_1_1373' title='bbox 2114 2651 2184 2680; x_wconf 77' lang='lat' dir='ltr'>Met.</span> <span class='ocrx_word' id='word_1_1374' title='bbox 2198 2655 2241 2684; x_wconf 80' lang='lat'>80.</span> <span class='ocrx_word' id='word_1_1375' title='bbox 2254 2651 2279 2679; x_wconf 75' lang='grc' dir='ltr'>δι</span> <span class='ocrx_word' id='word_1_1376' title='bbox 2287 2650 2341 2686; x_wconf 85' lang='lat' dir='ltr'>seq.</span> <span class='ocrx_word' id='word_1_1377' title='bbox 2364 2649 2395 2678; x_wconf 94' lang='lat' dir='ltr'>V.</span> <span class='ocrx_word' id='word_1_1378' title='bbox 2408 2649 2508 2679; x_wconf 79' lang='lat' dir='ltr'>Eraliu.</span> 
     </span>
     <span class='ocr_line' id='line_1_170' title="bbox 1406 2687 2404 2758; baseline -0.003 -39"><span class='ocrx_word' id='word_1_1379' title='bbox 1406 2690 1527 2720; x_wconf 83' lang='lat' dir='ltr'>Chiliad.</span> <span class='ocrx_word' id='word_1_1380' title='bbox 1554 2690 1633 2728; x_wconf 67' lang='lat' dir='ltr'>Saepe</span> <span class='ocrx_word' id='word_1_1381' title='bbox 1644 2690 1896 2758; x_wconf 47' lang='lat' dir='ltr'>divilimgcriptum</span> <span class='ocrx_word' id='word_1_1382' title='bbox 1907 2690 2059 2721; x_wconf 81' lang='lat' dir='ltr'>invenitur.</span> <span class='ocrx_word' id='word_1_1383' title='bbox 2079 2689 2149 2719; x_wconf 89' lang='lat' dir='ltr'>Hor.</span> <span class='ocrx_word' id='word_1_1384' title='bbox 2164 2699 2187 2718; x_wconf 87' lang='lat'>1.</span> <span class='ocrx_word' id='word_1_1385' title='bbox 2201 2687 2284 2726; x_wconf 77' lang='lat' dir='ltr'>Epist.</span> <span class='ocrx_word' id='word_1_1386' title='bbox 2303 2696 2347 2718; x_wconf 86' lang='lat'>12.</span> <span class='ocrx_word' id='word_1_1387' title='bbox 2359 2696 2404 2724; x_wconf 83' lang='lat'>30.</span> 
     </span>
    </p>

    <p class='ocr_par' dir='ltr' id='par_1_95' title="bbox 1478 2739 2462 2805">
     <span class='ocr_line' id='line_1_171' title="bbox 1621 2739 1851 2759; baseline 0 -1"><span class='ocrx_word' id='word_1_1388' title='bbox 1621 2744 1659 2749; x_wconf 89' lang='lat'>—-</span> <span class='ocrx_word' id='word_1_1389' title='bbox 1668 2739 1747 2758; x_wconf 85' lang='lat' dir='ltr'>aurea</span> <span class='ocrx_word' id='word_1_1390' title='bbox 1772 2739 1802 2758; x_wconf 89' lang='lat' dir='ltr'>ru</span> <span class='ocrx_word' id='word_1_1391' title='bbox 1823 2739 1851 2759; x_wconf 88' lang='lat' dir='ltr'>es</span> 
     </span>
     <span class='ocr_line' id='line_1_172' title="bbox 1478 2739 2462 2805; baseline -0.003 -10"><span class='ocrx_word' id='word_1_1392' title='bbox 1478 2765 1561 2795; x_wconf 79' lang='lat' dir='ltr'>ltaliae</span> <span class='ocrx_word' id='word_1_1393' title='bbox 1570 2766 1654 2804; x_wconf 89' lang='lat' dir='ltr'>pleno</span> <span class='ocrx_word' id='word_1_1394' title='bbox 1666 2766 1782 2796; x_wconf 74' lang='lat' dir='ltr'>diffudit</span> <span class='ocrx_word' id='word_1_1395' title='bbox 1792 2739 1880 2805; x_wconf 65' lang='lat' dir='ltr'>Cgopia</span> <span class='ocrx_word' id='word_1_1396' title='bbox 1890 2776 1989 2796; x_wconf 90' lang='lat' dir='ltr'>cornu.</span> <span class='ocrx_word' id='word_1_1397' title='bbox 2082 2763 2162 2794; x_wconf 70' lang='lat' dir='ltr'>idem</span> <span class='ocrx_word' id='word_1_1398' title='bbox 2174 2763 2264 2793; x_wconf 81' lang='lat' dir='ltr'>Carm-</span> <span class='ocrx_word' id='word_1_1399' title='bbox 2277 2761 2367 2792; x_wconf 82' lang='lat' dir='ltr'>saecul.</span> <span class='ocrx_word' id='word_1_1400' title='bbox 2379 2772 2404 2791; x_wconf 84' lang='lat' dir='ltr'>v.</span> <span class='ocrx_word' id='word_1_1401' title='bbox 2417 2766 2462 2792; x_wconf 92' lang='lat'>60.</span> 
     </span>
    </p>

    <p class='ocr_par' dir='ltr' id='par_1_96' title="bbox 1386 2800 2511 2917">
     <span class='ocr_line' id='line_1_173' title="bbox 1386 2800 2511 2841; baseline -0.001 -9"><span class='ocrx_word' id='word_1_1402' title='bbox 1386 2803 1475 2841; x_wconf 82' lang='lat' dir='ltr'>Copia</span> <span class='ocrx_word' id='word_1_1403' title='bbox 1493 2804 1580 2833; x_wconf 86' lang='lat' dir='ltr'>divite</span> <span class='ocrx_word' id='word_1_1404' title='bbox 1604 2814 1700 2834; x_wconf 85' lang='lat' dir='ltr'>cornu.</span> <span class='ocrx_word' id='word_1_1405' title='bbox 1722 2805 1785 2834; x_wconf 88' lang='lat' dir='ltr'>Sen.</span> <span class='ocrx_word' id='word_1_1406' title='bbox 1802 2805 1881 2834; x_wconf 81' lang='lat' dir='ltr'>Med.</span> <span class='ocrx_word' id='word_1_1407' title='bbox 1893 2808 1940 2839; x_wconf 79' lang='lat'>65·</span> <span class='ocrx_word' id='word_1_1408' title='bbox 1981 2803 2049 2833; x_wconf 89' lang='lat' dir='ltr'>Hor.</span> <span class='ocrx_word' id='word_1_1409' title='bbox 2065 2812 2088 2832; x_wconf 93' lang='lat'>1.</span> <span class='ocrx_word' id='word_1_1410' title='bbox 2113 2802 2204 2831; x_wconf 82' lang='lat' dir='ltr'>Carm.</span> <span class='ocrx_word' id='word_1_1411' title='bbox 2221 2810 2262 2839; x_wconf 88' lang='lat'>17.</span> <span class='ocrx_word' id='word_1_1412' title='bbox 2278 2804 2322 2830; x_wconf 84' lang='lat'>16.</span> <span class='ocrx_word' id='word_1_1413' title='bbox 2353 2800 2511 2838; x_wconf 85' lang='lat' dir='ltr'>Benignum</span> 
     </span>
     <span class='ocr_line' id='line_1_174' title="bbox 1403 2838 2511 2881; baseline -0.003 -11"><span class='ocrx_word' id='word_1_1414' title='bbox 1403 2851 1452 2880; x_wconf 84' lang='lat' dir='ltr'>pro</span> <span class='ocrx_word' id='word_1_1415' title='bbox 1464 2841 1582 2879; x_wconf 84' lang='lat' dir='ltr'>Copioso</span> <span class='ocrx_word' id='word_1_1416' title='bbox 1594 2844 1618 2872; x_wconf 74' lang='lat'>8&lt;</span> <span class='ocrx_word' id='word_1_1417' title='bbox 1627 2843 1713 2871; x_wconf 85' lang='lat' dir='ltr'>divite</span> <span class='ocrx_word' id='word_1_1418' title='bbox 1724 2842 1830 2881; x_wconf 81' lang='lat' dir='ltr'>posuit,</span> <span class='ocrx_word' id='word_1_1419' title='bbox 1851 2842 1959 2880; x_wconf 79' lang='lat' dir='ltr'>sumpta</span> <span class='ocrx_word' id='word_1_1420' title='bbox 1979 2841 2142 2879; x_wconf 83' lang='lat' dir='ltr'>metaphora</span> <span class='ocrx_word' id='word_1_1421' title='bbox 2153 2850 2168 2869; x_wconf 85' lang='lat' dir='ltr'>a</span> <span class='ocrx_word' id='word_1_1422' title='bbox 2179 2849 2265 2869; x_wconf 85' lang='lat' dir='ltr'>cornu</span> <span class='ocrx_word' id='word_1_1423' title='bbox 2285 2838 2414 2868; x_wconf 88' lang='lat' dir='ltr'>Fortunae</span> <span class='ocrx_word' id='word_1_1424' title='bbox 2425 2861 2433 2875; x_wconf 97' lang='lat'>,</span> <span class='ocrx_word' id='word_1_1425' title='bbox 2454 2849 2511 2876; x_wconf 86' lang='lat' dir='ltr'>quo</span> 
     </span>
     <span class='ocr_line' id='line_1_175' title="bbox 1405 2877 2333 2917; baseline -0.004 -8"><span class='ocrx_word' id='word_1_1426' title='bbox 1405 2880 1509 2910; x_wconf 79' lang='lat' dir='ltr'>divitiae</span> <span class='ocrx_word' id='word_1_1427' title='bbox 1524 2879 1599 2917; x_wconf 84' lang='lat' dir='ltr'>ligari</span> <span class='ocrx_word' id='word_1_1428' title='bbox 1612 2881 1753 2910; x_wconf 88' lang='lat' dir='ltr'>dicuntur.</span> <span class='ocrx_word' id='word_1_1429' title='bbox 1777 2882 1874 2910; x_wconf 75' lang='lat' dir='ltr'>Acron.</span> <span class='ocrx_word' id='word_1_1430' title='bbox 2071 2894 2108 2899; x_wconf 91' lang='lat'>—-</span> <span class='ocrx_word' id='word_1_1431' title='bbox 2118 2878 2164 2907; x_wconf 80' lang='lat' dir='ltr'>hic</span> <span class='ocrx_word' id='word_1_1432' title='bbox 2174 2878 2227 2907; x_wconf 86' lang='lat' dir='ltr'>tibi</span> <span class='ocrx_word' id='word_1_1433' title='bbox 2239 2877 2333 2915; x_wconf 88' lang='lat' dir='ltr'>Copia</span> 
     </span>
    </p>

    <p class='ocr_par' dir='ltr' id='par_1_97' title="bbox 1484 2918 2010 2994">
     <span class='ocr_line' id='line_1_176' title="bbox 1484 2918 1917 2956; baseline -0.005 -8"><span class='ocrx_word' id='word_1_1434' title='bbox 1484 2918 1615 2948; x_wconf 79' lang='lat' dir='ltr'>Manabit</span> <span class='ocrx_word' id='word_1_1435' title='bbox 1623 2919 1659 2947; x_wconf 87' lang='lat' dir='ltr'>ad</span> <span class='ocrx_word' id='word_1_1436' title='bbox 1670 2918 1785 2956; x_wconf 80' lang='lat' dir='ltr'>plenum</span> <span class='ocrx_word' id='word_1_1437' title='bbox 1795 2919 1917 2955; x_wconf 83' lang='lat' dir='ltr'>benigno</span> 
     </span>
     <span class='ocr_line' id='line_1_177' title="bbox 1521 2956 2010 2994; baseline -0.002 -9"><span class='ocrx_word' id='word_1_1438' title='bbox 1521 2956 1599 2985; x_wconf 83' lang='lat' dir='ltr'>Ruris</span> <span class='ocrx_word' id='word_1_1439' title='bbox 1610 2956 1747 2986; x_wconf 89' lang='lat' dir='ltr'>honorum</span> <span class='ocrx_word' id='word_1_1440' title='bbox 1756 2956 1890 2994; x_wconf 85' lang='lat' dir='ltr'>opulenta</span> <span class='ocrx_word' id='word_1_1441' title='bbox 1904 2964 2010 2985; x_wconf 68' lang='lat' dir='ltr'>cornu.»</span> 
     </span>
    </p>
   </div>
   <div class='ocr_carea' id='block_1_13' title="bbox 2150 870 2520 903">
    <p class='ocr_par' dir='ltr' id='par_1_98' title="bbox 2150 870 2520 903">
     <span class='ocr_line' id='line_1_178' title="bbox 2150 870 2520 903; baseline 0.008 -3"><span class='ocrx_word' id='word_1_1442' title='bbox 2150 870 2184 901; x_wconf 91' lang='lat' dir='ltr'>V.</span> <span class='ocrx_word' id='word_1_1443' title='bbox 2205 870 2314 902; x_wconf 84' lang='lat' dir='ltr'>Ciofan.</span> <span class='ocrx_word' id='word_1_1444' title='bbox 2326 872 2362 902; x_wconf 87' lang='lat' dir='ltr'>ad</span> <span class='ocrx_word' id='word_1_1445' title='bbox 2369 872 2423 903; x_wconf 85' lang='lat' dir='ltr'>loc.</span> <span class='ocrx_word' id='word_1_1446' title='bbox 2435 873 2464 902; x_wconf 89' lang='lat' dir='ltr'>in</span> <span class='ocrx_word' id='word_1_1447' title='bbox 2472 871 2520 903; x_wconf 89' lang='lat' dir='ltr'>ed.</span> 
     </span>
    </p>
   </div>
   <div class='ocr_carea' id='block_1_14' title="bbox 2269 1362 2392 1401">
    <p class='ocr_par' dir='ltr' id='par_1_99' title="bbox 2269 1362 2392 1401">
     <span class='ocr_line' id='line_1_179' title="bbox 2269 1362 2392 1401; baseline 0 -7"><span class='ocrx_word' id='word_1_1448' title='bbox 2269 1362 2392 1401; x_wconf 85' lang='lat' dir='ltr'>Spicula.</span> 
     </span>
    </p>
   </div>
   <div class='ocr_carea' id='block_1_15' title="bbox 2069 2194 2514 2272">
    <p class='ocr_par' dir='ltr' id='par_1_100' title="bbox 2069 2194 2514 2272">
     <span class='ocr_line' id='line_1_180' title="bbox 2069 2194 2514 2231; baseline -0.002 -5"><span class='ocrx_word' id='word_1_1449' title='bbox 2069 2196 2104 2226; x_wconf 90' lang='lat' dir='ltr'>Et</span> <span class='ocrx_word' id='word_1_1450' title='bbox 2113 2195 2198 2226; x_wconf 82' lang='lat' dir='ltr'>ovid.</span> <span class='ocrx_word' id='word_1_1451' title='bbox 2211 2205 2235 2225; x_wconf 90' lang='lat'>1.</span> <span class='ocrx_word' id='word_1_1452' title='bbox 2248 2194 2284 2226; x_wconf 88' lang='lat' dir='ltr'>de</span> <span class='ocrx_word' id='word_1_1453' title='bbox 2295 2195 2358 2225; x_wconf 82' lang='lat' dir='ltr'>Arte</span> <span class='ocrx_word' id='word_1_1454' title='bbox 2376 2195 2436 2225; x_wconf 86' lang='lat' dir='ltr'>Am.</span> <span class='ocrx_word' id='word_1_1455' title='bbox 2449 2204 2514 2231; x_wconf 81' lang='lat'>239.</span> 
     </span>
     <span class='ocr_line' id='line_1_181' title="bbox 2271 2233 2514 2272; baseline 0.008 -9"><span class='ocrx_word' id='word_1_1456' title='bbox 2271 2233 2514 2272; x_wconf 80' lang='lat' dir='ltr'>Hor.Epod.6.12.</span> 
     </span>
    </p>
   </div>
   <div class='ocr_carea' id='block_1_16' title="bbox 2126 2952 2306 2983">
    <p class='ocr_par' dir='ltr' id='par_1_101' title="bbox 2126 2952 2306 2983">
     <span class='ocr_line' id='line_1_182' title="bbox 2126 2952 2306 2983; baseline 0 -1"><span class='ocrx_word' id='word_1_1457' title='bbox 2126 2952 2157 2983; x_wconf 94' lang='lat' dir='ltr'>V.</span> <span class='ocrx_word' id='word_1_1458' title='bbox 2180 2961 2306 2982; x_wconf 69' lang='lat' dir='ltr'>coprn.</span> 
     </span>
    </p>
   </div>
   <div class='ocr_carea' id='block_1_17' title="bbox 1347 2987 2510 3029">
    <p class='ocr_par' dir='ltr' id='par_1_102' title="bbox 1347 2987 2510 3029">
     <span class='ocr_line' id='line_1_183' title="bbox 1347 2987 2510 3029; baseline -0.002 -7"><span class='ocrx_word' id='word_1_1459' title='bbox 1347 2992 1514 3028; x_wconf 62' lang='lat' dir='ltr'>Cotum,</span> <span class='ocrx_word' id='word_1_1460' title='bbox 1535 2994 1575 3023; x_wconf 74' lang='lat' dir='ltr'>us.</span> <span class='ocrx_word' id='word_1_1461' title='bbox 1598 3004 1634 3023; x_wconf 89' lang='lat' dir='ltr'>m.</span> <span class='ocrx_word' id='word_1_1462' title='bbox 1658 2995 1684 3024; x_wconf 71' lang='grc' dir='ltr'>δι</span> <span class='ocrx_word' id='word_1_1463' title='bbox 1704 2995 1889 3029; x_wconf 63' lang='lat' dir='ltr'>Coenum,</span> <span class='ocrx_word' id='word_1_1464' title='bbox 1910 2994 1928 3023; x_wconf 91' lang='lat' dir='ltr'>i.</span> <span class='ocrx_word' id='word_1_1465' title='bbox 1951 3003 1978 3022; x_wconf 92' lang='lat' dir='ltr'>n.</span> <span class='ocrx_word' id='word_1_1466' title='bbox 1999 2990 2279 3029; x_wconf 86' lang='lat' dir='ltr'>IdemquodCornu.</span> <span class='ocrx_word' id='word_1_1467' title='bbox 2301 2987 2510 3020; x_wconf 66' lang='lat' dir='ltr'>VarrodeRR.</span> 
     </span>
    </p>
   </div>
   <div class='ocr_carea' id='block_1_18' title="bbox 1386 3028 2456 3137">
    <p class='ocr_par' dir='ltr' id='par_1_103' title="bbox 1386 3028 2456 3137">
     <span class='ocr_line' id='line_1_184' title="bbox 1386 3028 2456 3069; baseline -0.005 -8"><span class='ocrx_word' id='word_1_1468' title='bbox 1386 3040 1411 3067; x_wconf 80' lang='lat'>3.</span> <span class='ocrx_word' id='word_1_1469' title='bbox 1423 3041 1449 3067; x_wconf 91' lang='lat'>9.</span> <span class='ocrx_word' id='word_1_1470' title='bbox 1473 3032 1596 3060; x_wconf 86' lang='lat' dir='ltr'>Cornum</span> <span class='ocrx_word' id='word_1_1471' title='bbox 1608 3033 1760 3062; x_wconf 84' lang='lat' dir='ltr'>cervinum.</span> <span class='ocrx_word' id='word_1_1472' title='bbox 1783 3031 1854 3061; x_wconf 90' lang='lat' dir='ltr'>Gell.</span> <span class='ocrx_word' id='word_1_1473' title='bbox 1871 3040 1913 3067; x_wconf 92' lang='lat'>14.</span> <span class='ocrx_word' id='word_1_1474' title='bbox 1926 3041 1950 3064; x_wconf 82' lang='grc' dir='ltr'>ς.</span> <span class='ocrx_word' id='word_1_1475' title='bbox 1972 3030 2068 3069; x_wconf 87' lang='lat' dir='ltr'>Copiae</span> <span class='ocrx_word' id='word_1_1476' title='bbox 2080 3039 2209 3060; x_wconf 89' lang='lat' dir='ltr'>cornum.</span> <span class='ocrx_word' id='word_1_1477' title='bbox 2231 3028 2339 3057; x_wconf 88' lang='lat' dir='ltr'>Lucret.</span> <span class='ocrx_word' id='word_1_1478' title='bbox 2354 3037 2380 3057; x_wconf 84' lang='lat'>2.</span> <span class='ocrx_word' id='word_1_1479' title='bbox 2394 3033 2456 3064; x_wconf 84' lang='lat'>388.</span> 
     </span>
     <span class='ocr_line' id='line_1_185' title="bbox 1477 3067 2330 3107; baseline -0.004 -9"><span class='ocrx_word' id='word_1_1480' title='bbox 1477 3069 1606 3100; x_wconf 84' lang='lat' dir='ltr'>Praeterea</span> <span class='ocrx_word' id='word_1_1481' title='bbox 1620 3069 1717 3099; x_wconf 87' lang='lat' dir='ltr'>lumen</span> <span class='ocrx_word' id='word_1_1482' title='bbox 1728 3080 1778 3107; x_wconf 89' lang='lat' dir='ltr'>per</span> <span class='ocrx_word' id='word_1_1483' title='bbox 1790 3077 1908 3099; x_wconf 86' lang='lat' dir='ltr'>cornum</span> <span class='ocrx_word' id='word_1_1484' title='bbox 1922 3068 2025 3099; x_wconf 78' lang='lat' dir='ltr'>transit.</span> <span class='ocrx_word' id='word_1_1485' title='bbox 2109 3067 2213 3097; x_wconf 85' lang='lat' dir='ltr'>Lucan.</span> <span class='ocrx_word' id='word_1_1486' title='bbox 2225 3075 2252 3104; x_wconf 87' lang='lat'>7.</span> <span class='ocrx_word' id='word_1_1487' title='bbox 2265 3072 2330 3102; x_wconf 82' lang='lat'>217.</span> 
     </span>
     <span class='ocr_line' id='line_1_186' title="bbox 1617 3106 2032 3137; baseline -0.005 0"><span class='ocrx_word' id='word_1_1488' title='bbox 1617 3124 1655 3129; x_wconf 89' lang='lat'>-—</span> <span class='ocrx_word' id='word_1_1489' title='bbox 1667 3109 1767 3137; x_wconf 77' lang='lat' dir='ltr'>cornus</span> <span class='ocrx_word' id='word_1_1490' title='bbox 1778 3107 1829 3136; x_wconf 92' lang='lat' dir='ltr'>tibi</span> <span class='ocrx_word' id='word_1_1491' title='bbox 1847 3117 1912 3136; x_wconf 84' lang='lat' dir='ltr'>cura</span> <span class='ocrx_word' id='word_1_1492' title='bbox 1926 3106 2032 3135; x_wconf 75' lang='lat' dir='ltr'>sinistri.</span> 
     </span>
    </p>
   </div>
   <div class='ocr_carea' id='block_1_19' title="bbox 1347 3141 2506 3182">
    <p class='ocr_par' dir='ltr' id='par_1_104' title="bbox 1347 3141 2506 3182">
     <span class='ocr_line' id='line_1_187' title="bbox 1347 3141 2506 3182; baseline -0.003 -8"><span class='ocrx_word' id='word_1_1493' title='bbox 1347 3144 1369 3174; x_wconf 91' lang='lat' dir='ltr'>C</span> <span class='ocrx_word' id='word_1_1494' title='bbox 1378 3152 1394 3172; x_wconf 83' lang='lat' dir='ltr'>o</span> <span class='ocrx_word' id='word_1_1495' title='bbox 1403 3153 1418 3172; x_wconf 77' lang='lat' dir='ltr'>R</span> <span class='ocrx_word' id='word_1_1496' title='bbox 1429 3151 1448 3172; x_wconf 72' lang='grc' dir='ltr'><strong>Ν</strong></span> <span class='ocrx_word' id='word_1_1497' title='bbox 1458 3153 1472 3172; x_wconf 73' lang='lat' dir='ltr'>r</span> <span class='ocrx_word' id='word_1_1498' title='bbox 1481 3154 1500 3172; x_wconf 87' lang='lat' dir='ltr'>u</span> <span class='ocrx_word' id='word_1_1499' title='bbox 1509 3153 1522 3173; x_wconf 90' lang='lat' dir='ltr'>s</span> <span class='ocrx_word' id='word_1_1500' title='bbox 1530 3165 1539 3180; x_wconf 91' lang='lat'>,</span> <span class='ocrx_word' id='word_1_1501' title='bbox 1558 3154 1574 3173; x_wconf 87' lang='lat' dir='ltr'>a</span> <span class='ocrx_word' id='word_1_1502' title='bbox 1585 3166 1592 3180; x_wconf 71' lang='grc'>,</span> <span class='ocrx_word' id='word_1_1503' title='bbox 1615 3154 1673 3175; x_wconf 76' lang='lat' dir='ltr'>um.</span> <span class='ocrx_word' id='word_1_1504' title='bbox 1694 3146 1756 3182; x_wconf 80' lang='lat' dir='ltr'>Adj.</span> <span class='ocrx_word' id='word_1_1505' title='bbox 1778 3145 1944 3181; x_wconf 57' lang='grc' dir='ltr'>[κερφπιιὸς]</span> <span class='ocrx_word' id='word_1_1506' title='bbox 1965 3144 2096 3181; x_wconf 67' lang='lat' dir='ltr'>Quodex</span> <span class='ocrx_word' id='word_1_1507' title='bbox 2106 3151 2193 3172; x_wconf 85' lang='lat' dir='ltr'>cornu</span> <span class='ocrx_word' id='word_1_1508' title='bbox 2205 3163 2212 3177; x_wconf 92' lang='lat'>,</span> <span class='ocrx_word' id='word_1_1509' title='bbox 2233 3141 2278 3171; x_wconf 84' lang='lat' dir='ltr'>vel</span> <span class='ocrx_word' id='word_1_1510' title='bbox 2289 3141 2374 3171; x_wconf 85' lang='lat' dir='ltr'>Instar</span> <span class='ocrx_word' id='word_1_1511' title='bbox 2384 3141 2443 3175; x_wconf 79' lang='lat' dir='ltr'>ejus</span> <span class='ocrx_word' id='word_1_1512' title='bbox 2457 3141 2506 3171; x_wconf 85' lang='lat' dir='ltr'>est.</span> 
     </span>
    </p>
   </div>
   <div class='ocr_carea' id='block_1_20' title="bbox 1382 3179 2522 3740">
    <p class='ocr_par' dir='ltr' id='par_1_105' title="bbox 1382 3179 2522 3740">
     <span class='ocr_line' id='line_1_188' title="bbox 1384 3179 2508 3217; baseline -0.003 -7"><span class='ocrx_word' id='word_1_1513' title='bbox 1384 3181 1443 3210; x_wconf 91' lang='lat' dir='ltr'>Cic.</span> <span class='ocrx_word' id='word_1_1514' title='bbox 1452 3191 1473 3211; x_wconf 84' lang='lat'>1.</span> <span class='ocrx_word' id='word_1_1515' title='bbox 1491 3182 1526 3211; x_wconf 90' lang='lat' dir='ltr'>de</span> <span class='ocrx_word' id='word_1_1516' title='bbox 1535 3182 1598 3212; x_wconf 88' lang='lat' dir='ltr'>Nat.</span> <span class='ocrx_word' id='word_1_1517' title='bbox 1609 3183 1692 3213; x_wconf 88' lang='lat' dir='ltr'>Deor.</span> <span class='ocrx_word' id='word_1_1518' title='bbox 1701 3193 1761 3213; x_wconf 83' lang='lat'>102.</span> <span class='ocrx_word' id='word_1_1519' title='bbox 1786 3183 1867 3212; x_wconf 86' lang='lat' dir='ltr'>Velut</span> <span class='ocrx_word' id='word_1_1520' title='bbox 1877 3182 1936 3212; x_wconf 87' lang='lat' dir='ltr'>ibes</span> <span class='ocrx_word' id='word_1_1521' title='bbox 1944 3182 2094 3211; x_wconf 87' lang='lat' dir='ltr'>maximam</span> <span class='ocrx_word' id='word_1_1522' title='bbox 2105 3181 2161 3209; x_wconf 86' lang='lat' dir='ltr'>vim</span> <span class='ocrx_word' id='word_1_1523' title='bbox 2176 3179 2335 3217; x_wconf 86' lang='lat' dir='ltr'>serpentum</span> <span class='ocrx_word' id='word_1_1524' title='bbox 2344 3179 2508 3213; x_wconf 83' lang='lat' dir='ltr'>conficiunt,</span> 
     </span>
     <span class='ocr_line' id='line_1_189' title="bbox 1384 3217 2437 3258; baseline -0.003 -10"><span class='ocrx_word' id='word_1_1525' title='bbox 1384 3229 1470 3255; x_wconf 86' lang='lat' dir='ltr'>quum</span> <span class='ocrx_word' id='word_1_1526' title='bbox 1485 3219 1536 3249; x_wconf 81' lang='lat' dir='ltr'>sint</span> <span class='ocrx_word' id='word_1_1527' title='bbox 1544 3230 1606 3250; x_wconf 74' lang='lat' dir='ltr'>aves</span> <span class='ocrx_word' id='word_1_1528' title='bbox 1617 3221 1730 3250; x_wconf 62' lang='lat' dir='ltr'>excelsae</span> <span class='ocrx_word' id='word_1_1529' title='bbox 1741 3243 1749 3256; x_wconf 85' lang='lat'><strong>‚</strong></span> <span class='ocrx_word' id='word_1_1530' title='bbox 1769 3221 1895 3250; x_wconf 73' lang='lat' dir='ltr'>cruribus</span> <span class='ocrx_word' id='word_1_1531' title='bbox 1906 3220 2001 3258; x_wconf 88' lang='lat' dir='ltr'>rigidis</span> <span class='ocrx_word' id='word_1_1532' title='bbox 2011 3242 2019 3256; x_wconf 97' lang='lat'>,</span> <span class='ocrx_word' id='word_1_1533' title='bbox 2042 3228 2145 3249; x_wconf 82' lang='lat' dir='ltr'>corneo</span> <span class='ocrx_word' id='word_1_1534' title='bbox 2158 3225 2331 3256; x_wconf 86' lang='lat' dir='ltr'>proceroque</span> <span class='ocrx_word' id='word_1_1535' title='bbox 2341 3217 2437 3246; x_wconf 83' lang='lat' dir='ltr'>rostro.</span> 
     </span>
     <span class='ocr_line' id='line_1_190' title="bbox 1383 3258 1906 3295; baseline 0.002 -9"><span class='ocrx_word' id='word_1_1536' title='bbox 1383 3258 1467 3286; x_wconf 77' lang='lat' dir='ltr'>Arcus</span> <span class='ocrx_word' id='word_1_1537' title='bbox 1478 3267 1604 3287; x_wconf 85' lang='lat' dir='ltr'>corneus.</span> <span class='ocrx_word' id='word_1_1538' title='bbox 1626 3259 1712 3289; x_wconf 81' lang='lat' dir='ltr'>Ovid.</span> <span class='ocrx_word' id='word_1_1539' title='bbox 1726 3269 1748 3288; x_wconf 87' lang='lat'>1.</span> <span class='ocrx_word' id='word_1_1540' title='bbox 1762 3259 1830 3288; x_wconf 81' lang='lat' dir='ltr'>Met.</span> <span class='ocrx_word' id='word_1_1541' title='bbox 1843 3263 1906 3295; x_wconf 85' lang='lat'>697.</span> 
     </span>
     <span class='ocr_line' id='line_1_191' title="bbox 1384 3291 2425 3333; baseline -0.003 -10"><span class='ocrx_word' id='word_1_1542' title='bbox 1384 3295 1468 3323; x_wconf 80' lang='lat' dir='ltr'>Color</span> <span class='ocrx_word' id='word_1_1543' title='bbox 1478 3304 1596 3325; x_wconf 75' lang='lat' dir='ltr'>corneus</span> <span class='ocrx_word' id='word_1_1544' title='bbox 1607 3318 1615 3327; x_wconf 82' lang='grc'>,</span> <span class='ocrx_word' id='word_1_1545' title='bbox 1636 3297 1693 3333; x_wconf 83' lang='lat' dir='ltr'>Qui</span> <span class='ocrx_word' id='word_1_1546' title='bbox 1711 3304 1799 3326; x_wconf 84' lang='lat' dir='ltr'>cornu</span> <span class='ocrx_word' id='word_1_1547' title='bbox 1810 3294 1991 3325; x_wconf 83' lang='lat' dir='ltr'>similitudine</span> <span class='ocrx_word' id='word_1_1548' title='bbox 2001 3293 2092 3324; x_wconf 84' lang='lat' dir='ltr'>refert.</span> <span class='ocrx_word' id='word_1_1549' title='bbox 2116 3293 2183 3323; x_wconf 87' lang='lat' dir='ltr'>Plin.</span> <span class='ocrx_word' id='word_1_1550' title='bbox 2202 3291 2251 3322; x_wconf 88' lang='lat' dir='ltr'>lib.</span> <span class='ocrx_word' id='word_1_1551' title='bbox 2268 3296 2312 3329; x_wconf 77' lang='lat'>36.</span> <span class='ocrx_word' id='word_1_1552' title='bbox 2324 3301 2385 3329; x_wconf 88' lang='lat' dir='ltr'>cap.</span> <span class='ocrx_word' id='word_1_1553' title='bbox 2398 3295 2425 3325; x_wconf 87' lang='lat'>8.</span> 
     </span>
     <span class='ocr_line' id='line_1_192' title="bbox 1383 3328 2505 3370; baseline -0.004 -8"><span class='ocrx_word' id='word_1_1554' title='bbox 1383 3332 1462 3362; x_wconf 85' lang='lat' dir='ltr'>Fibra</span> <span class='ocrx_word' id='word_1_1555' title='bbox 1472 3340 1571 3362; x_wconf 81' lang='lat' dir='ltr'>cornea</span> <span class='ocrx_word' id='word_1_1556' title='bbox 1580 3333 1633 3363; x_wconf 79' lang='lat' dir='ltr'>effe</span> <span class='ocrx_word' id='word_1_1557' title='bbox 1646 3335 1747 3364; x_wconf 81' lang='lat' dir='ltr'>dicitur</span> <span class='ocrx_word' id='word_1_1558' title='bbox 1758 3333 1838 3364; x_wconf 91' lang='lat' dir='ltr'>Duris</span> <span class='ocrx_word' id='word_1_1559' title='bbox 1857 3335 1882 3363; x_wconf 75' lang='grc' dir='ltr'>δι</span> <span class='ocrx_word' id='word_1_1560' title='bbox 1893 3332 2088 3363; x_wconf 66' lang='lat' dir='ltr'>misericordiae</span> <span class='ocrx_word' id='word_1_1561' title='bbox 2098 3331 2267 3370; x_wconf 84' lang='lat' dir='ltr'>expertibus.</span> <span class='ocrx_word' id='word_1_1562' title='bbox 2291 3330 2358 3362; x_wconf 88' lang='lat' dir='ltr'>Pers.</span> <span class='ocrx_word' id='word_1_1563' title='bbox 2374 3339 2396 3358; x_wconf 93' lang='lat'>1.</span> <span class='ocrx_word' id='word_1_1564' title='bbox 2410 3328 2464 3358; x_wconf 90' lang='lat' dir='ltr'>Sat.</span> <span class='ocrx_word' id='word_1_1565' title='bbox 2477 3338 2505 3365; x_wconf 82' lang='lat'>4.</span> 
     </span>
     <span class='ocr_line' id='line_1_193' title="bbox 1402 3369 1872 3408; baseline 0.002 -10"><span class='ocrx_word' id='word_1_1566' title='bbox 1402 3369 1567 3406; x_wconf 73' lang='lat' dir='ltr'>intelligitur</span> <span class='ocrx_word' id='word_1_1567' title='bbox 1579 3378 1671 3401; x_wconf 85' lang='lat' dir='ltr'>autem</span> <span class='ocrx_word' id='word_1_1568' title='bbox 1681 3372 1786 3408; x_wconf 87' lang='lat' dir='ltr'>Jecoris</span> <span class='ocrx_word' id='word_1_1569' title='bbox 1795 3371 1872 3400; x_wconf 82' lang='lat' dir='ltr'>fibra.</span> 
     </span>
     <span class='ocr_line' id='line_1_194' title="bbox 1383 3405 2506 3446; baseline -0.003 -10"><span class='ocrx_word' id='word_1_1570' title='bbox 1383 3406 1476 3436; x_wconf 77' lang='lat' dir='ltr'>llomo</span> <span class='ocrx_word' id='word_1_1571' title='bbox 1484 3418 1611 3438; x_wconf 80' lang='lat' dir='ltr'>corneus,</span> <span class='ocrx_word' id='word_1_1572' title='bbox 1651 3410 1720 3439; x_wconf 90' lang='lat' dir='ltr'>Plin.</span> <span class='ocrx_word' id='word_1_1573' title='bbox 1733 3408 1816 3446; x_wconf 87' lang='lat' dir='ltr'>lib.7.</span> <span class='ocrx_word' id='word_1_1574' title='bbox 1828 3418 1890 3446; x_wconf 91' lang='lat' dir='ltr'>cap.</span> <span class='ocrx_word' id='word_1_1575' title='bbox 1906 3417 1948 3443; x_wconf 84' lang='lat'>19.</span> <span class='ocrx_word' id='word_1_1576' title='bbox 1965 3407 2001 3436; x_wconf 90' lang='lat' dir='ltr'>ad</span> <span class='ocrx_word' id='word_1_1577' title='bbox 2012 3406 2113 3441; x_wconf 83' lang='lat' dir='ltr'>finem,</span> <span class='ocrx_word' id='word_1_1578' title='bbox 2133 3405 2244 3442; x_wconf 76' lang='lat' dir='ltr'>Quibus</span> <span class='ocrx_word' id='word_1_1579' title='bbox 2264 3410 2360 3434; x_wconf 83' lang='lat' dir='ltr'>natura</span> <span class='ocrx_word' id='word_1_1580' title='bbox 2375 3410 2506 3435; x_wconf 80' lang='lat' dir='ltr'>concreta</span> 
     </span>
     <span class='ocr_line' id='line_1_195' title="bbox 1401 3443 2505 3484; baseline -0.003 -10"><span class='ocrx_word' id='word_1_1581' title='bbox 1401 3445 1462 3474; x_wconf 90' lang='lat' dir='ltr'>sunt</span> <span class='ocrx_word' id='word_1_1582' title='bbox 1473 3445 1527 3475; x_wconf 68' lang='lat' dir='ltr'>oll&#39;a</span> <span class='ocrx_word' id='word_1_1583' title='bbox 1540 3468 1548 3481; x_wconf 91' lang='lat'>,</span> <span class='ocrx_word' id='word_1_1584' title='bbox 1570 3447 1616 3484; x_wconf 91' lang='lat' dir='ltr'>qui</span> <span class='ocrx_word' id='word_1_1585' title='bbox 1628 3446 1690 3477; x_wconf 89' lang='lat' dir='ltr'>sunt</span> <span class='ocrx_word' id='word_1_1586' title='bbox 1700 3449 1750 3477; x_wconf 91' lang='lat' dir='ltr'>rari</span> <span class='ocrx_word' id='word_1_1587' title='bbox 1761 3447 1915 3477; x_wconf 87' lang='lat' dir='ltr'>admodum</span> <span class='ocrx_word' id='word_1_1588' title='bbox 1926 3467 1934 3480; x_wconf 90' lang='lat'>,</span> <span class='ocrx_word' id='word_1_1589' title='bbox 1956 3446 2053 3474; x_wconf 87' lang='lat' dir='ltr'>cornei</span> <span class='ocrx_word' id='word_1_1590' title='bbox 2067 3451 2209 3474; x_wconf 81' lang='lat' dir='ltr'>vocantur.</span> <span class='ocrx_word' id='word_1_1591' title='bbox 2234 3443 2264 3473; x_wconf 91' lang='lat' dir='ltr'>V.</span> <span class='ocrx_word' id='word_1_1592' title='bbox 2279 3452 2296 3472; x_wconf 85' lang='lat' dir='ltr'>c</span> <span class='ocrx_word' id='word_1_1593' title='bbox 2305 3453 2322 3472; x_wconf 95' lang='lat' dir='ltr'>o</span> <span class='ocrx_word' id='word_1_1594' title='bbox 2330 3452 2347 3472; x_wconf 77' lang='lat' dir='ltr'>R</span> <span class='ocrx_word' id='word_1_1595' title='bbox 2355 3451 2373 3471; x_wconf 81' lang='lat' dir='ltr'>N</span> <span class='ocrx_word' id='word_1_1596' title='bbox 2384 3452 2397 3471; x_wconf 73' lang='lat' dir='ltr'>u</span> <span class='ocrx_word' id='word_1_1597' title='bbox 2406 3452 2423 3471; x_wconf 92' lang='lat' dir='ltr'>o</span> <span class='ocrx_word' id='word_1_1598' title='bbox 2433 3453 2448 3471; x_wconf 82' lang='grc' dir='ltr'>ι.</span> <span class='ocrx_word' id='word_1_1599' title='bbox 2457 3452 2474 3471; x_wconf 89' lang='grc' dir='ltr'>υ</span> <span class='ocrx_word' id='word_1_1600' title='bbox 2483 3451 2505 3472; x_wconf 74' lang='lat' dir='ltr'>a.</span> 
     </span>
     <span class='ocr_line' id='line_1_196' title="bbox 1383 3482 2242 3520; baseline -0.001 -9"><span class='ocrx_word' id='word_1_1601' title='bbox 1383 3482 1439 3512; x_wconf 83' lang='lat' dir='ltr'>Ora</span> <span class='ocrx_word' id='word_1_1602' title='bbox 1449 3493 1560 3513; x_wconf 86' lang='lat' dir='ltr'>cornea.</span> <span class='ocrx_word' id='word_1_1603' title='bbox 1584 3484 1670 3514; x_wconf 89' lang='lat' dir='ltr'>Ovid.</span> <span class='ocrx_word' id='word_1_1604' title='bbox 1683 3491 1708 3520; x_wconf 85' lang='lat'>8.</span> <span class='ocrx_word' id='word_1_1605' title='bbox 1727 3485 1797 3514; x_wconf 85' lang='lat' dir='ltr'>Met.</span> <span class='ocrx_word' id='word_1_1606' title='bbox 1814 3495 1875 3519; x_wconf 70' lang='lat'>&#39;5⁴5-</span> <span class='ocrx_word' id='word_1_1607' title='bbox 1898 3483 1934 3513; x_wconf 84' lang='lat' dir='ltr'>lic</span> <span class='ocrx_word' id='word_1_1608' title='bbox 1945 3482 2041 3512; x_wconf 84' lang='lat' dir='ltr'>Rostra</span> <span class='ocrx_word' id='word_1_1609' title='bbox 2051 3482 2242 3511; x_wconf 79' lang='lat' dir='ltr'>vocatavium.</span> 
     </span>
     <span class='ocr_line' id='line_1_197' title="bbox 1382 3519 2180 3561; baseline -0.001 -12"><span class='ocrx_word' id='word_1_1610' title='bbox 1382 3519 1462 3550; x_wconf 79' lang='lat' dir='ltr'>Porta</span> <span class='ocrx_word' id='word_1_1611' title='bbox 1474 3521 1570 3550; x_wconf 88' lang='lat' dir='ltr'>Somni</span> <span class='ocrx_word' id='word_1_1612' title='bbox 1584 3532 1687 3552; x_wconf 88' lang='lat' dir='ltr'>cornea</span> <span class='ocrx_word' id='word_1_1613' title='bbox 1696 3523 1770 3561; x_wconf 87' lang='lat' dir='ltr'>apud</span> <span class='ocrx_word' id='word_1_1614' title='bbox 1782 3522 1895 3551; x_wconf 83' lang='lat' dir='ltr'>inferos.</span> <span class='ocrx_word' id='word_1_1615' title='bbox 1919 3521 1990 3558; x_wconf 86' lang='lat' dir='ltr'>Virg.</span> <span class='ocrx_word' id='word_1_1616' title='bbox 2005 3524 2029 3549; x_wconf 85' lang='lat'>6.</span> <span class='ocrx_word' id='word_1_1617' title='bbox 2041 3520 2103 3549; x_wconf 80' lang='lat' dir='ltr'>ffin.</span> <span class='ocrx_word' id='word_1_1618' title='bbox 2116 3526 2180 3554; x_wconf 85' lang='lat'>894.</span> 
     </span>
     <span class='ocr_line' id='line_1_198' title="bbox 1461 3557 2212 3597; baseline -0.003 -10"><span class='ocrx_word' id='word_1_1619' title='bbox 1461 3559 1533 3588; x_wconf 88' lang='lat' dir='ltr'>Sunt</span> <span class='ocrx_word' id='word_1_1620' title='bbox 1543 3561 1659 3597; x_wconf 81' lang='lat' dir='ltr'>geminae</span> <span class='ocrx_word' id='word_1_1621' title='bbox 1667 3561 1763 3590; x_wconf 90' lang='lat' dir='ltr'>Somni</span> <span class='ocrx_word' id='word_1_1622' title='bbox 1774 3566 1861 3597; x_wconf 65' lang='lat' dir='ltr'>portae</span> <span class='ocrx_word' id='word_1_1623' title='bbox 1878 3581 1885 3593; x_wconf 89' lang='lat'>,</span> <span class='ocrx_word' id='word_1_1624' title='bbox 1905 3568 2022 3596; x_wconf 88' lang='lat' dir='ltr'>quarum</span> <span class='ocrx_word' id='word_1_1625' title='bbox 2033 3557 2115 3587; x_wconf 84' lang='lat' dir='ltr'>altera</span> <span class='ocrx_word' id='word_1_1626' title='bbox 2125 3557 2212 3586; x_wconf 84' lang='lat' dir='ltr'>fertur</span> 
     </span>
     <span class='ocr_line' id='line_1_199' title="bbox 1463 3590 2506 3634; baseline -0.004 -9"><span class='ocrx_word' id='word_1_1627' title='bbox 1463 3596 1570 3626; x_wconf 89' lang='lat' dir='ltr'>Cornea</span> <span class='ocrx_word' id='word_1_1628' title='bbox 1583 3607 1588 3627; x_wconf 77' lang='grc' dir='ltr'><strong>ῑ</strong></span> <span class='ocrx_word' id='word_1_1629' title='bbox 1612 3608 1665 3634; x_wconf 91' lang='lat' dir='ltr'>qua</span> <span class='ocrx_word' id='word_1_1630' title='bbox 1674 3599 1744 3628; x_wconf 87' lang='lat' dir='ltr'>veris</span> <span class='ocrx_word' id='word_1_1631' title='bbox 1751 3597 1838 3627; x_wconf 73' lang='lat' dir='ltr'>facilis</span> <span class='ocrx_word' id='word_1_1632' title='bbox 1848 3597 1928 3626; x_wconf 82' lang='lat' dir='ltr'>datur</span> <span class='ocrx_word' id='word_1_1633' title='bbox 1937 3596 2029 3625; x_wconf 79' lang='lat' dir='ltr'>exitus</span> <span class='ocrx_word' id='word_1_1634' title='bbox 2046 3595 2160 3624; x_wconf 87' lang='lat' dir='ltr'>umbris.</span> <span class='ocrx_word' id='word_1_1635' title='bbox 2241 3592 2296 3622; x_wconf 89' lang='lat' dir='ltr'>Ubi</span> <span class='ocrx_word' id='word_1_1636' title='bbox 2306 3591 2414 3623; x_wconf 84' lang='lat' dir='ltr'>Servius</span> <span class='ocrx_word' id='word_1_1637' title='bbox 2427 3599 2434 3627; x_wconf 85' lang='lat'>;</span> <span class='ocrx_word' id='word_1_1638' title='bbox 2456 3590 2506 3621; x_wconf 83' lang='lat' dir='ltr'>Per</span> 
     </span>
     <span class='ocr_line' id='line_1_200' title="bbox 1402 3629 2505 3672; baseline -0.005 -10"><span class='ocrx_word' id='word_1_1639' title='bbox 1402 3631 1509 3663; x_wconf 87' lang='lat' dir='ltr'>Portam</span> <span class='ocrx_word' id='word_1_1640' title='bbox 1521 3644 1666 3671; x_wconf 81' lang='lat' dir='ltr'>corneam,</span> <span class='ocrx_word' id='word_1_1641' title='bbox 1688 3636 1795 3672; x_wconf 78' lang='lat' dir='ltr'>inquit,</span> <span class='ocrx_word' id='word_1_1642' title='bbox 1815 3634 1899 3664; x_wconf 86' lang='lat' dir='ltr'>Oculi</span> <span class='ocrx_word' id='word_1_1643' title='bbox 1914 3634 2098 3671; x_wconf 77' lang='lat' dir='ltr'>significantur</span> <span class='ocrx_word' id='word_1_1644' title='bbox 2109 3655 2118 3666; x_wconf 89' lang='lat'>,</span> <span class='ocrx_word' id='word_1_1645' title='bbox 2139 3632 2185 3669; x_wconf 89' lang='lat' dir='ltr'>qui</span> <span class='ocrx_word' id='word_1_1646' title='bbox 2201 3632 2226 3661; x_wconf 75' lang='lat' dir='ltr'>Sc</span> <span class='ocrx_word' id='word_1_1647' title='bbox 2243 3633 2337 3661; x_wconf 76' lang='lat' dir='ltr'>cornei</span> <span class='ocrx_word' id='word_1_1648' title='bbox 2355 3631 2417 3660; x_wconf 84' lang='lat' dir='ltr'>sunt</span> <span class='ocrx_word' id='word_1_1649' title='bbox 2429 3629 2505 3659; x_wconf 82' lang='lat' dir='ltr'>colo-</span> 
     </span>
     <span class='ocr_line' id='line_1_201' title="bbox 1402 3668 2522 3709; baseline -0.003 -10"><span class='ocrx_word' id='word_1_1650' title='bbox 1402 3671 1448 3709; x_wconf 77' lang='lat' dir='ltr'>tis,</span> <span class='ocrx_word' id='word_1_1651' title='bbox 1471 3672 1496 3700; x_wconf 79' lang='grc' dir='ltr'>δι</span> <span class='ocrx_word' id='word_1_1652' title='bbox 1511 3673 1634 3702; x_wconf 91' lang='lat' dir='ltr'>duriores</span> <span class='ocrx_word' id='word_1_1653' title='bbox 1643 3674 1743 3703; x_wconf 87' lang='lat' dir='ltr'>ceteris</span> <span class='ocrx_word' id='word_1_1654' title='bbox 1754 3673 1900 3702; x_wconf 83' lang='lat' dir='ltr'>membris:</span> <span class='ocrx_word' id='word_1_1655' title='bbox 1924 3671 2147 3709; x_wconf 80' lang='lat' dir='ltr'>namfrigusnon</span> <span class='ocrx_word' id='word_1_1656' title='bbox 2159 3669 2291 3699; x_wconf 82' lang='lat' dir='ltr'>sentiunt.</span> <span class='ocrx_word' id='word_1_1657' title='bbox 2334 3669 2410 3699; x_wconf 87' lang='lat' dir='ltr'>Sicut</span> <span class='ocrx_word' id='word_1_1658' title='bbox 2421 3668 2522 3702; x_wconf 59' lang='lat' dir='ltr'>eriam,</span> 
     </span>
     <span class='ocr_line' id='line_1_202' title="bbox 1402 3708 1983 3740; baseline 0.003 -4"><span class='ocrx_word' id='word_1_1659' title='bbox 1402 3708 1500 3738; x_wconf 88' lang='lat' dir='ltr'>Cicero</span> <span class='ocrx_word' id='word_1_1660' title='bbox 1513 3710 1550 3739; x_wconf 90' lang='lat' dir='ltr'>ait</span> <span class='ocrx_word' id='word_1_1661' title='bbox 1561 3711 1589 3738; x_wconf 92' lang='lat' dir='ltr'>in</span> <span class='ocrx_word' id='word_1_1662' title='bbox 1600 3710 1677 3740; x_wconf 88' lang='lat' dir='ltr'>libris</span> <span class='ocrx_word' id='word_1_1663' title='bbox 1687 3712 1722 3740; x_wconf 92' lang='lat' dir='ltr'>de</span> <span class='ocrx_word' id='word_1_1664' title='bbox 1734 3711 1857 3740; x_wconf 80' lang='lat' dir='ltr'>Deorum</span> <span class='ocrx_word' id='word_1_1665' title='bbox 1871 3711 1983 3739; x_wconf 77' lang='lat' dir='ltr'>Natura.</span> 
     </span>
    </p>
   </div>
   <div class='ocr_carea' id='block_1_21' title="bbox 1346 3741 2509 3784">
    <p class='ocr_par' dir='ltr' id='par_1_106' title="bbox 1346 3741 2509 3784">
     <span class='ocr_line' id='line_1_203' title="bbox 1346 3741 2509 3784; baseline -0.003 -9"><span class='ocrx_word' id='word_1_1666' title='bbox 1346 3744 1368 3775; x_wconf 89' lang='lat' dir='ltr'>C</span> <span class='ocrx_word' id='word_1_1667' title='bbox 1377 3756 1393 3773; x_wconf 87' lang='lat' dir='ltr'>u</span> <span class='ocrx_word' id='word_1_1668' title='bbox 1405 3755 1420 3773; x_wconf 73' lang='lat' dir='ltr'>R</span> <span class='ocrx_word' id='word_1_1669' title='bbox 1431 3756 1448 3774; x_wconf 81' lang='grc' dir='ltr'><strong>Ν</strong></span> <span class='ocrx_word' id='word_1_1670' title='bbox 1462 3756 1474 3774; x_wconf 64' lang='lat' dir='ltr'>a</span> <span class='ocrx_word' id='word_1_1671' title='bbox 1483 3749 1501 3775; x_wconf 77' lang='grc' dir='ltr'>ὅ</span> <span class='ocrx_word' id='word_1_1672' title='bbox 1510 3758 1524 3774; x_wconf 83' lang='grc' dir='ltr'>ι.</span> <span class='ocrx_word' id='word_1_1673' title='bbox 1534 3757 1551 3775; x_wconf 85' lang='grc' dir='ltr'>υ</span> <span class='ocrx_word' id='word_1_1674' title='bbox 1562 3757 1584 3782; x_wconf 78' lang='lat' dir='ltr'>s,</span> <span class='ocrx_word' id='word_1_1675' title='bbox 1594 3758 1678 3783; x_wconf 83' lang='lat' dir='ltr'>a‚um.</span> <span class='ocrx_word' id='word_1_1676' title='bbox 1692 3749 1749 3784; x_wconf 77' lang='lat' dir='ltr'>Adj.</span> <span class='ocrx_word' id='word_1_1677' title='bbox 1762 3749 1862 3777; x_wconf 89' lang='lat' dir='ltr'>dimin.</span> <span class='ocrx_word' id='word_1_1678' title='bbox 1877 3747 2087 3784; x_wconf 75' lang='lat' dir='ltr'>Cartilagineus‚</span> <span class='ocrx_word' id='word_1_1679' title='bbox 2098 3744 2156 3774; x_wconf 84' lang='lat' dir='ltr'>Cic.</span> <span class='ocrx_word' id='word_1_1680' title='bbox 2170 3753 2195 3774; x_wconf 85' lang='lat'>2.</span> <span class='ocrx_word' id='word_1_1681' title='bbox 2208 3745 2243 3774; x_wconf 90' lang='lat' dir='ltr'>de</span> <span class='ocrx_word' id='word_1_1682' title='bbox 2250 3741 2509 3779; x_wconf 66' lang='lat' dir='ltr'>Nat.Deor.14⁴.de</span> 
     </span>
    </p>
   </div>
   <div class='ocr_carea' id='block_1_22' title="bbox 1383 3781 2509 3859">
    <p class='ocr_par' dir='ltr' id='par_1_107' title="bbox 1383 3781 2509 3859">
     <span class='ocr_line' id='line_1_204' title="bbox 1383 3781 2509 3823; baseline -0.002 -12"><span class='ocrx_word' id='word_1_1683' title='bbox 1383 3783 1495 3812; x_wconf 81' lang='lat' dir='ltr'>auribus</span> <span class='ocrx_word' id='word_1_1684' title='bbox 1506 3784 1632 3821; x_wconf 84' lang='lat' dir='ltr'>loquens,</span> <span class='ocrx_word' id='word_1_1685' title='bbox 1645 3786 1699 3815; x_wconf 78' lang='lat' dir='ltr'>Sed</span> <span class='ocrx_word' id='word_1_1686' title='bbox 1711 3787 1793 3815; x_wconf 86' lang='lat' dir='ltr'>duros</span> <span class='ocrx_word' id='word_1_1687' title='bbox 1805 3789 1829 3815; x_wconf 68' lang='grc' dir='ltr'>ὅ(</span> <span class='ocrx_word' id='word_1_1688' title='bbox 1841 3786 1913 3823; x_wconf 75' lang='lat' dir='ltr'>quasi</span> <span class='ocrx_word' id='word_1_1689' title='bbox 1926 3784 2074 3814; x_wconf 89' lang='lat' dir='ltr'>corneolos</span> <span class='ocrx_word' id='word_1_1690' title='bbox 2087 3781 2191 3811; x_wconf 76' lang='lat' dir='ltr'>hubent</span> <span class='ocrx_word' id='word_1_1691' title='bbox 2211 3784 2350 3818; x_wconf 88' lang='lat' dir='ltr'>introitus,</span> <span class='ocrx_word' id='word_1_1692' title='bbox 2362 3781 2509 3818; x_wconf 78' lang='lat' dir='ltr'>multisque</span> 
     </span>
     <span class='ocr_line' id='line_1_205' title="bbox 1383 3819 2289 3859; baseline 0.001 -10"><span class='ocrx_word' id='word_1_1693' title='bbox 1383 3831 1445 3849; x_wconf 73' lang='lat' dir='ltr'>cum</span> <span class='ocrx_word' id='word_1_1694' title='bbox 1458 3821 1596 3852; x_wconf 81' lang='lat' dir='ltr'>flexibus:</span> <span class='ocrx_word' id='word_1_1695' title='bbox 1618 3825 1693 3859; x_wconf 83' lang='lat' dir='ltr'>quod</span> <span class='ocrx_word' id='word_1_1696' title='bbox 1709 3825 1750 3853; x_wconf 89' lang='lat' dir='ltr'>his</span> <span class='ocrx_word' id='word_1_1697' title='bbox 1765 3826 1868 3853; x_wconf 87' lang='lat' dir='ltr'>naturis</span> <span class='ocrx_word' id='word_1_1698' title='bbox 1881 3823 1981 3852; x_wconf 76' lang='lat' dir='ltr'>relatus</span> <span class='ocrx_word' id='word_1_1699' title='bbox 2001 3819 2184 3858; x_wconf 75' lang='lat' dir='ltr'>amplificatur</span> <span class='ocrx_word' id='word_1_1700' title='bbox 2200 3820 2289 3850; x_wconf 88' lang='lat' dir='ltr'>sonus.</span> 
     </span>
    </p>
   </div>
   <div class='ocr_carea' id='block_1_23' title="bbox 1383 3857 2510 3925">
    <p class='ocr_par' dir='ltr' id='par_1_108' title="bbox 1383 3857 2510 3925">
     <span class='ocr_line' id='line_1_206' title="bbox 1383 3857 2506 3925; baseline -0.003 -38"><span class='ocrx_word' id='word_1_1701' title='bbox 1383 3859 1536 3890; x_wconf 77' lang='lat' dir='ltr'>Corneolus</span> <span class='ocrx_word' id='word_1_1702' title='bbox 1548 3861 1608 3890; x_wconf 86' lang='lat' dir='ltr'>suit.</span> <span class='ocrx_word' id='word_1_1703' title='bbox 1621 3862 1726 3891; x_wconf 87' lang='lat' dir='ltr'>Petron.</span> <span class='ocrx_word' id='word_1_1704' title='bbox 1737 3871 1847 3899; x_wconf 81' lang='lat' dir='ltr'>cap.43.</span> <span class='ocrx_word' id='word_1_1705' title='bbox 1860 3862 1878 3892; x_wconf 92' lang='lat' dir='ltr'>i.</span> <span class='ocrx_word' id='word_1_1706' title='bbox 1890 3871 1914 3891; x_wconf 92' lang='lat' dir='ltr'>e.</span> <span class='ocrx_word' id='word_1_1707' title='bbox 1925 3861 2031 3891; x_wconf 70' lang='lat' dir='ltr'>Invicta</span> <span class='ocrx_word' id='word_1_1708' title='bbox 2039 3860 2141 3889; x_wconf 80' lang='lat' dir='ltr'>duritie</span> <span class='ocrx_word' id='word_1_1709' title='bbox 2153 3861 2287 3896; x_wconf 69' lang='lat' dir='ltr'>corporis,</span> <span class='ocrx_word' id='word_1_1710' title='bbox 2296 3867 2328 3888; x_wconf 84' lang='lat' dir='ltr'>ac</span> <span class='ocrx_word' id='word_1_1711' title='bbox 2336 3857 2506 3925; x_wconf 47' lang='lat' dir='ltr'>vagtutling.</span> 
     </span>
     <span class='ocr_line' id='line_1_207' title="bbox 2398 3900 2510 3923; baseline -0.009 0"><span class='ocrx_word' id='word_1_1712' title='bbox 2398 3904 2415 3923; x_wconf 85' lang='lat' dir='ltr'>o</span> <span class='ocrx_word' id='word_1_1713' title='bbox 2425 3904 2439 3923; x_wconf 72' lang='lat' dir='ltr'>a</span> <span class='ocrx_word' id='word_1_1714' title='bbox 2450 3900 2468 3922; x_wconf 67' lang='grc' dir='ltr'>Ν</span> <span class='ocrx_word' id='word_1_1715' title='bbox 2498 3911 2510 3917; x_wconf 92' lang='grc'>-</span> 
     </span>
    </p>
   </div>
  </div>
 </body>
</html>
