2604 4222
681 116 697 151 1
791 112 823 147 R

760 192 844 223 ulisse.
879 188 957 218 Idem
968 185 996 213 in
1007 181 1112 213 Domit.
1127 188 1168 208 ro.
1182 176 1268 214 Quod

761 225 965 262 concionesque
973 229 1069 258 regum
1078 227 1109 248 ac
1119 217 1222 246 ducum
1234 223 1269 243 ex

120 145 187 181 522
558 121 587 155 C

176 211 309 243 tessellata
321 211 345 239 ἃ
361 206 464 237 sectilia
472 204 632 243 pavimenta
641 199 757 228 circumt

177 252 321 287 depictum
331 247 425 275 orbem
435 251 512 273 terrae
523 242 551 270 in
563 237 723 268 membrana
732 255 740 268 ,

177 289 244 318 Tito
257 287 333 316 Livio
345 282 542 313 circumferret.

161 325 344 357 Circuniferre
355 344 361 355 ,
384 330 434 358 pro
450 319 562 354 Purgare
574 336 581 348 ,
601 311 711 341 lustrare
721 329 729 342 ,
750 309 897 344 propterea
905 298 979 336 quod
992 296 1038 333 qui
1048 295 1173 326 lustrant,
1193 299 1269 323 eum,

181 373 263 399 quem
273 362 385 401 lustrant
395 380 402 391 ,
422 357 493 393 saepe
507 338 1086 416 aliqnid'd[golmi-5233?fideislcrlzisggsuntgil
1101 328 1271 401 ιέἕῑφᾷἓὲῗζ

181 390 583 469 ἓξὲᾎὲιῗὲῗὲἰίὲἰωέιῗῐῗὴ
601 389 757 454 ΙζῖιΙῐιῖῖζγζ.
774 387 846 452 αἱ
856 413 933 450 Quin
943 418 973 440 tu
986 393 1070 439 istaiic
1079 406 1159 444 jubes
1176 413 1273 442 proce-

180 460 837 541 ntamlgierffineirfqgciioygffiggirffiitififfiiqgunda.
916 486 971 516 Ubi
993 484 1127 518 Servius,
1149 481 1274 510 Circum-

181 550 245 580 tulit
259 571 267 584 ,
289 545 421 581 l'urgwst.
460 541 607 576 Antiquom
618 534 733 564 verbum
745 530 790 559 est.
829 526 914 556 Plaut.
927 534 954 553 2.
964 534 1008 558 42.
1027 522 1104 557 Frag.
1128 520 1177 548 Pro
1190 517 1275 546 larva-

180 596 211 618 to
221 594 247 616 te
257 583 456 616 circumferam.
477 579 495 607 i.
505 587 529 606 e.
551 573 683 611 PurgabO.
723 568 797 598 Nam
814 564 936 595 lustratio
949 573 964 592 a
974 558 1187 615 cirpumlatione
1201 556 1275 583 dicta

964 616 1001 621 ——-
1012 610 1031 629 ,i
1044 607 1098 636 qua
1107 596 1238 625 darentur

182 626 220 656 est
231 646 239 660 ,
261 622 304 651 vel
315 620 391 650 tctdae
402 617 443 647 vel
451 615 566 645 sulfuris.
586 612 686 648 Juven.
697 617 722 637 2.
738 606 793 635 Sat.
807 608 869 640 158.

254 659 360 690 Sulfura
370 665 433 686 cum
444 653 530 682 taedis.
631 685 636 691 .
673 684 679 690 .
726 683 731 688 ·
1072 672 1078 678 ”
1102 671 1108 678 ὁ
1165 670 1178 685 Ἰ
1201 669 1206 675 ”

163 697 338 730 Circumferri
350 717 357 730 ,
380 692 466 728 Vulgo
482 689 554 719 ferri.
582 682 700 722 Quintil.
713 682 798 711 lib.2.
816 689 876 718 cap.
890 688 933 712 ις.
955 675 1023 705 Haec
1032 682 1128 710 opinio
1139 677 1275 706 originem

181 737 217 766 ab
229 736 343 765 Isocrate
364 731 402 765 (si
414 738 506 758 tamen
519 736 548 755 re
558 734 621 754 vera
630 732 670 751 ars
683 730 742 761 quae
757 717 949 748 circumfertur
961 711 1092 755 ejus-est)
1112 710 1202 738 duxit.
1257 743 1262 749 ¹

163 773 344 804 Circumferre
353 767 559 806 praedicatione.
596 761 665 790 Plin.
681 769 704 795 3.
726 758 807 795 hpist.
823 766 864 785 11.
897 753 965 797 Inde
988 758 1072 779 etiam
1088 756 1181 777 meum
1195 753 1276 774 meri-

181 819 239 841 tum
250 833 258 844 ,
280 816 309 837 ut
319 808 380 836 vera
393 827 400 839 ,
422 806 459 833 ita
468 802 548 840 supra
558 799 686 829 meritum
700 795 895 834 praedicatione
906 788 1084 833 circumfert·
1201 820 1207 825 η

162 847 327 879 Circumfert
336 843 439 880 aliquid
451 841 530 870 fama.
551 837 620 868 Plin.
635 845 659 872 3.
680 833 761 872 Epist.
778 836 821 862 16.
844 831 940 867 Quum
953 834 1065 856 interim
1078 821 1149 852 illud
1162 819 1276 857 quidem

179 888 275 923 ingens
288 884 359 912 fama
372 904 378 916 ,
400 881 459 909 liaec
471 877 545 907 nulla
560 873 727 917 circumfert.
855 906 861 912 ·
1077 900 1082 905 ⁷

159 922 335 954 Circumferri
347 928 410 949 curn
420 925 534 946 avorum
550 921 683 943 memoria
694 933 701 945 ,
723 906 869 938 Celebrari.
913 899 1050 947 Cplumel.
1063 899 1111 928 lib.
1126 903 1151 931 8.
1164 899 1274 938 cap.i6.

181 961 275 996 Etiam
284 969 346 988 cum
356 964 469 986 avorum
481 951 612 983 memoria
623 948 816 979 circumfertur
824 943 944 980 Philippi
956 940 1058 969 facium
1067 944 1149 972 atque
1159 934 1274 963 dictum.

158 999 207 1031 Sol
221 996 420 1028 circumfertur.
463 993 522 1021 Cic.
537 1000 561 1025 3.
580 990 614 1018 de
624 988 701 1016 Orat.
712 989 757 1020 76.
779 979 982 1021 Incolumitatis
1002 986 1034 1005 ac
1044 975 1137 1004 salutis
1148 979 1275 1001 omnium

178 1036 257 1067 causa
266 1035 393 1063 videmus
407 1031 482 1060 hunc
498 1030 596 1058 statum
608 1025 661 1055 esse
678 1024 760 1058 hujus
773 1021 858 1050 totius
871 1017 969 1047 mundi
989 1022 1071 1058 atque
1088 1018 1193 1041 naturae
1204 1031 1211 1042 ,
1234 1018 1276 1037 ro-

178 1074 337 1105 tunduntur
349 1070 463 1100 ciclum,
484 1074 609 1101 terraque
621 1070 650 1092 ut
659 1062 751 1091 media
763 1059 793 1088 sit
803 1081 810 1090 ,
831 1066 917 1094 eaque
932 1055 976 1083 sua
992 1062 1019 1081 Vl
1039 1057 1165 1096 nutuque
1183 1054 1277 1089 tenea-

177 1118 241 1142 tur:
263 1109 312 1139 Sol
323 1116 353 1138 ut
364 1106 585 1137 circumferatur,
607 1108 638 1130 ut
648 1099 762 1129 accedat
774 1097 810 1126 ad
821 1092 944 1124 brumale
956 1091 1080 1129 signum,
1101 1091 1127 1118 oc
1138 1086 1204 1116 inde
1217 1086 1276 1114 len-

177 1150 226 1179 sim
236 1147 364 1177 ascendat
375 1146 403 1174 in
418 1142 552 1173 diversam
565 1146 673 1178 partem
685 1160 693 1172 ,
709 1138 760 1166 &a
1051 1165 1056 1170 ·
1133 1162 1139 1168 .
1193 1162 1199 1167 ⁹

158 1189 200 1218 Ad
215 1195 314 1216 nutum
326 1184 482 1220 aliquorum
494 1176 683 1210 circumferri,
705 1183 754 1212 pro
773 1172 858 1202 Nunc
868 1169 940 1203 huc,
962 1175 1038 1195 nunc
1050 1163 1117 1193 1lluc
1132 1161 1275 1205 inclinare.

177 1226 252 1255 Curt.
264 1223 312 1252 lib.
328 1233 351 1256 ς.
367 1230 407 1250 ι2.
424 1229 450 1249 2.
472 1219 533 1248 Nec
543 1216 635 1246 mirari
646 1212 790 1242 hominem
799 1207 927 1238 mercede
941 1204 1113 1248 conductum
1124 1199 1275 1242 omnialia-

176 1263 242 1293 bere
254 1260 361 1291 venalia
371 1281 378 1293 ,
399 1257 455 1287 fine
466 1256 583 1294 pignore
596 1275 603 1288 ‚
626 1252 681 1281 sine
691 1250 747 1279 lare
758 1271 766 1282 ,
787 1254 921 1276 terrarum
933 1244 1007 1273 orbis
1017 1240 1130 1270 exulem
1141 1261 1149 1275 ,
1170 1246 1276 1274 ancipi-

178 1309 235 1331 tem
248 1299 353 1329 hostem
362 1319 370 1332 ,
392 1296 426 1325 ad
438 1301 536 1324 nutum
546 1290 691 1321 licentium
704 1283 884 1316 circumferri.
973 1318 978 1324 ·
1193 1314 1199 1320 '
1257 1312 1263 1317 ⁴

121 1341 144 1372 C
152 1352 162 1370 1
172 1350 188 1369 a
197 1348 214 1368 c
222 1348 238 1367 υ
249 1349 269 1367 Μ
279 1348 291 1366 F
300 1346 314 1365 iz
324 1345 340 1365 a
349 1345 363 1364 a
373 1344 393 1363 N
404 1343 416 1363 s
427 1355 435 1368 ,
456 1332 537 1361 entis.
574 1329 633 1359 Liv.
646 1336 672 1356 2.
688 1335 730 1355 ιο.
753 1320 957 1354 Circumferens
971 1317 1038 1348 inde
1053 1322 1144 1345 truces
1161 1322 1277 1343 minaei-

157 1385 199 1408 ter
210 1375 306 1405 oculos
317 1373 351 1403 ad
363 1379 500 1409 proceres.

158 1414 253 1453 Spolia
264 1410 470 1442 circumferens.
493 1406 568 1436 Curt.
581 1414 623 1432 10.
634 1412 660 1431 2.
673 1410 718 1446 ²7:
879 1434 884 1440 ,
1178 1427 1183 1433 ι

121 1454 143 1484 C
153 1465 162 1482 1
173 1463 190 1482 a
199 1462 216 1481 c
226 1462 244 1480 υ
253 1461 274 1480 M
284 1459 319 1478 ra
329 1459 344 1478 R
354 1459 368 1477 r.
378 1458 397 1476 N
409 1456 428 1475 T
438 1455 475 1474 [Α
484 1467 493 1480 ,
515 1454 545 1473 ae.
566 1442 585 1471 f.
608 1436 786 1477 [πεξιφεςεωι]
806 1433 915 1464 Euclid.
933 1442 957 1462 1.
980 1431 1118 1461 Element.
1151 1426 1277 1457 Circum.

158 1489 276 1521 ferentia
284 1487 321 1517 est
334 1486 408 1515 linea
421 1482 536 1517 circuli,
556 1475 799 1516 comprehendens
809 1472 954 1503 circulum.

158 1527 295 1558 Sedilium
307 1520 542 1570 circumferentia.
565 1519 582 1547 A
606 1517 643 1565 ul.
657 1513 759 1557 Florid.
769 1524 796 1548 4.
805 1521 850 1579 pr.
908 1547 913 1553 ῃ

121 1567 143 1597 C
154 1577 163 1595 1
172 1575 272 1595 acuM
282 1575 297 1592 L
306 1574 323 1592 A
332 1572 352 1590 ‘r
361 1572 377 1590 υ
388 1571 400 1590 s
411 1582 419 1595 ,
441 1560 571 1594 [memorat
603 1553 654 1590 eir]
677 1553 774 1582 Partic.
825 1548 875 1580 lin.
895 1546 944 1576 lib.
957 1555 1002 1583 29.
1015 1555 1076 1583 cap.
1091 1553 1119 1579 4.
1151 1539 1237 1579 Quod
1257 1537 1277 1569 st

159 1611 201 1633 ter
213 1603 244 1632 sit
254 1598 430 1631 circumlatus
440 1595 536 1626 domui
544 1594 620 1623 vivus
632 1614 641 1627 ,
657 1592 709 1621 &c.
769 1626 774 1632 ι

161 1639 364 1672 Circumlata&
375 1636 494 1666 deducta
503 1633 601 1662 oratio.
624 1627 743 1666 Quintil.
755 1625 804 1655 lib.
817 1634 844 1660 4.
853 1632 954 1666 cap31.
976 1621 1006 1650 V.
1029 1619 1180 1662 Flor.4.'1.
1190 1627 1218 1653 4.

122 1679 144 1709 C
154 1691 163 1709 1
173 1690 188 1708 a
199 1689 216 1708 c
226 1689 243 1707 υ
254 1688 274 1706 Μ
284 1688 300 1705 L
309 1687 326 1705 A
337 1685 356 1704 T
367 1686 375 1703 1
385 1684 405 1702 τ
416 1685 424 1702 ι
435 1683 454 1702 υ
463 1682 475 1702 s
488 1693 495 1707 ,
517 1681 533 1700 a
543 1692 551 1706 ,
572 1679 629 1699 um.
651 1666 736 1703 Quod
752 1662 923 1694 circumferri
935 1659 1024 1698 potest
1033 1680 1041 1692 ,
1062 1664 1110 1687 aut
1120 1655 1280 1686 Circumfer-

159 1725 212 1747 tur.
233 1722 280 1750 ut,
303 1714 402 1743 Carcer
412 1708 629 1741 circumlatitius.
670 1704 767 1734 Sidon.
779 1710 805 1730 2.
820 1699 903 1738 Epist.
915 1708 941 1728 2.
972 1695 1122 1734 Quendam
1139 1694 1236 1724 vivum
1252 1695 1278 1723 δι

159 1752 388 1785 circumlatitium
401 1757 540 1779 carcerem
551 1742 729 1785 corpulentia
737 1740 811 1770 facit.
856 1776 861 1782 1

123 1793 164 1822 Cr
176 1803 191 1821 R
201 1803 218 1821 e
228 1802 245 1820 u
257 1802 277 1819 M
286 1802 301 1818 L
312 1800 331 1818 A
342 1799 360 1817 *r
370 1799 377 1816 ι
388 1798 405 1816 o
414 1809 421 1823 ,
439 1787 510 1816 onis.
525 1785 543 1814 s.
562 1790 601 1817 ut,
624 1784 696 1811 Areae
706 1776 891 1809 crrcumlatro.
906 1772 1023 1805 Tertull.
1034 1772 1096 1802 adv.
1109 1770 1276 1804 Marc 4.r2.

122 1831 161 1861 Cr
173 1841 188 1859 a
198 1840 215 1859 c
225 1839 244 1858 υ
256 1840 274 1857 Μ
285 1840 298 1856 1.
310 1831 326 1856 Κ
336 1836 380 1855 το
389 1835 404 1854 r<
413 1847 421 1860 ‚
442 1825 505 1853 oris.
527 1832 564 1851 m.
584 1818 702 1850 Tertull.
715 1817 777 1846 adv.
788 1815 877 1845 Marc.
892 1823 915 1843 1.
932 1823 972 1848 19.
997 1811 1034 1840 Ut
1048 1809 1191 1840 ostendam
1201 1807 1278 1837 Chri..

160 1869 230 1897 stum
240 1866 331 1903 Jcsum
342 1874 399 1893 nori
413 1862 525 1892 alterius
538 1859 588 1889 Dei
598 1855 830 1887 circumlatorem.
898 1889 902 1895 Π
1055 1886 1063 1892 ⁵
1270 1883 1276 1889 ι

121 1906 145 1936 C
156 1917 165 1935 1
177 1916 193 1934 a
203 1915 220 1934 c
229 1915 245 1933 u
257 1914 276 1933 M
285 1915 296 1932 r
305 1914 313 1931 1
323 1913 337 1931 a
347 1911 392 1930 Mo
405 1923 412 1935 ,
433 1895 623 1936 [πτςιεεεέὲειν]
646 1898 701 1924 are.
732 1889 871 1922 Columel.
884 1888 934 1918 lib.
946 1898 973 1923 4.
995 1893 1115 1929 cap..17.
1137 1883 1278 1927 Namubi

159 1952 259 1980 magna
267 1942 306 1970 vis
318 1938 476 1970 &incursus
492 1937 530 1965 est
545 1935 717 1973 pluviarum,
736 1928 976 1969 procellarumque
988 1947 996 1960 ,
1018 1924 1066 1953 ubi
1086 1921 1278 1965 ftequentibus

158 1982 237 2019 aquis
252 1980 313 2008 vitis
332 1978 527 2008 labefactatur,
550 1973 596 2002 ubi
619 1969 808 2009 prazcipitibus
826 1965 904 1995 clivis
924 1964 1000 1993 velut
1014 1961 1142 2004 pendens
1158 1959 1279 1998 plurima

161 2018 285 2058 praesidia
300 2016 450 2049 desiderat,
472 2013 508 2041 ibi
520 2010 592 2049 quasi
604 2010 737 2047 quadrato
746 2002 988 2045 circumfirmanda
999 2001 1037 2029 est
1049 2007 1170 2036 agmine.

124 2056 217 2088 Ctxc
228 2066 245 2085 u
257 2064 347 2084 MFLF.
358 2062 401 2082 CT
412 2062 429 2081 o
441 2073 449 2087 ,
470 2050 524 2085 xi,
543 2058 628 2082 xum,
650 2042 850 2082 [πιμωίμπἼω]
870 2043 929 2084 ἔκ.-
948 2040 1021 2076 Virg.
1035 2049 1059 2075 5.
1072 2038 1134 2067 AEn.
1149 2045 1211 2073 ιιι.

239 2091 388 2122 Constituit
404 2090 507 2126 signum
520 2086 608 2116 nautis
619 2093 696 2122 pater
713 2105 721 2118 ,
735 2082 817 2111 «unde
830 2085 932 2109 reverti
1055 2114 1061 2120 ι
1148 2111 1154 2118 .

239 2132 366 2164 Scirent,
389 2128 524 2163 &longos
537 2124 584 2154 ubi
598 2121 815 2152 circumflectere
825 2117 926 2147 cursus.
1009 2113 1063 2144 Ubi
1080 2113 1189 2142 Servrus
1201 2133 1209 2147 ,
1230 2110 1280 2141 Be.

161 2179 197 2199 ne
205 2179 263 2199 uno
275 2168 400 2197 sermone
409 2187 417 2200 ,
439 2167 463 2194 ἃ
475 2163 677 2201 profectionem
689 2157 853 2195 complexus
867 2155 905 2198 est
917 2155 942 2183 δι
953 2153 1144 2198 reigerlionern.

125 2209 147 2238 C
156 2219 165 2237 1
177 2218 192 2236 a
203 2217 219 2237 c
230 2217 248 2236 u
257 2217 278 2235 M
287 2217 299 2235 F
310 2217 324 2233 L
334 2215 347 2233 a
358 2214 375 2233 x
387 2214 403 2232 u
413 2213 425 2232 s
435 2225 443 2237 ,
465 2212 496 2237 a,
517 2210 574 2230 um.
597 2195 805 2234 [ωὲυιᾳμπέις]
824 2193 887 2229 AdJ.
910 2199 958 2226 ut,
980 2190 1080 2220 Secula
1088 2186 1277 2219 circumflexa.

162 2245 259 2276 Claud.
271 2250 295 2272 6.
307 2241 387 2272 Coris.
403 2242 476 2270 Hori.
488 2248 551 2275 391.
576 2237 607 2266 Et
617 2235 744 2265 Prudent.
760 2232 857 2269 Apoth.
874 2241 898 2260 v.
914 2239 977 2265 ²03-

252 2282 310 2311 Hos
321 2288 419 2309 omnes
435 2277 558 2315 quamvis
570 2270 862 2312 ancepslabyrinthus,
884 2270 909 2299 St
919 2276 993 2297 error

254 2317 456 2349 Circumflexus
468 2321 537 2352 agat.
854 2345 860 2351 θ
921 2344 926 2349 ¹
1241 2338 1247 2344 ι

125 2359 148 2388 C
159 2369 168 2387 r
180 2368 196 2387 a
206 2367 250 2387 cu
260 2368 299 2386 Mr
310 2368 326 2384 L
337 2366 349 2383 iz
360 2364 377 2384 x
387 2365 404 2384 υ
414 2364 426 2383 s
438 2376 446 2388 ,
469 2355 509 2383 us.
531 2361 567 2380 m.
590 2345 800 2390 [meliorandae]
821 2344 890 2374 Plin.
908 2343 956 2372 lib.
969 2348 995 2386 83
1009 2349 1131 2385 cap-11.
1153 2338 1191 2368 Ut
1203 2339 1281 2385 &ip-

160 2396 201 2425 sos
212 2394 394 2425 circumflexu
403 2391 478 2421 facili
490 2389 623 2420 ambiant.
663 2386 718 2416 Sed
730 2384 841 2414 Chiflet.
855 2384 880 2413 ἃ
892 2381 1026 2411 nardum.
1046 2380 1085 2408 ibi
1103 2377 1200 2422 legunt
1220 2377 1280 2406 Lir-

159 2434 320 2469 cumplei-ru.
358 2431 468 2467 Legitur
479 2436 571 2458 tamen
589 2427 615 2454 in
629 2425 699 2454 Edit.
712 2422 848 2452 Harduin.
873 2419 920 2449 lib.
934 2423 959 2449 6.
979 2427 1023 2455 34.
1046 2416 1113 2447 Caeli
1127 2414 1281 2445 circumfle-

159 2480 230 2507 xus,
254 2473 280 2500 ὁὶ
295 2480 320 2499 2.
336 2480 358 2498 1.
382 2468 481 2497 Mundi
495 2463 698 2495 circumflexus.
1000 2493 1006 2499 ⁴

123 2509 145 2539 C
156 2519 189 2538 ιε(
202 2519 299 2538 cuMi·
311 2516 441 2541 Lnxro,
463 2504 533 2534 onis.
557 2503 575 2532 f.
597 2502 683 2531 Idem.
702 2497 826 2528 Macrob.
852 2496 947 2525 Somn.
962 2493 1037 2531 Scip.
1054 2503 1075 2522 r.
1091 2501 1132 2521 12.
1153 2501 1199 2534 pr..
1226 2490 1281 2519 Zo-

161 2547 272 2576 diacum
284 2547 322 2574 ita
331 2545 433 2574 lacteus
446 2541 565 2573 circulus
580 2539 700 2577 obliquae
723 2533 969 2566 circumflet‘tionis
990 2529 1105 2561 occursu
1128 2529 1280 2559 ambiendo

160 2584 365 2621 complectitur.
1050 2606 1055 2612 Ι

124 2622 164 2652 Cr
175 2633 189 2650 R
201 2633 218 2651 c
230 2633 246 2650 u
256 2633 274 2650 M
288 2632 300 2649 ι2
312 2632 326 2648 r.
336 2630 352 2649 o
362 2642 369 2655 ,
391 2615 543 2654 [ιπξέιπνέω]
564 2618 619 2644 iiie.
641 2611 771 2650 Undique
782 2610 864 2644 flare,
888 2609 913 2638 Sc
927 2607 962 2637 ab
979 2616 1056 2635 omni
1070 2611 1155 2643 parte.

161 2658 333 2690 Circumflari
346 2668 361 2687 a
375 2657 465 2686 ventis
476 2654 597 2684 invidiae.
621 2651 679 2681 Cic.
692 2661 716 2685 ς.
735 2649 807 2678 Vcrr.
821 2653 865 2681 98·
890 2648 934 2676 Sic
950 2645 988 2674 est
1001 2645 1047 2688 hic
1057 2642 1209 2686 ordo-quasi
1220 2651 1282 2685 pro3

179 2698 284 2736 politus
299 2702 380 2732 atque
390 2695 480 2724 editus
490 2693 519 2722 in
535 2690 621 2721 altum
632 2712 640 2725 ‚
661 2695 691 2718 ut
701 2687 733 2717 ab
742 2686 873 2716 omnibus
885 2684 974 2714 ventis
985 2682 1096 2713 invidiae
1113 2679 1282 2711 circumflari

180 2735 257 2772 pofl'e
268 2735 403 2763 videatur.

161 2771 405 2803 Circumflantibus
417 2767 524 2799 Austris.
547 2767 613 2797 Stat.
630 2775 640 2794 1
650 2774 671 2793 r.
685 2762 775 2793 Theb.
789 2771 835 2796 42.
888 2798 892 2803 .
935 2797 941 2803 1
1165 2794 1170 2800 Ι

125 2810 147 2840 C
155 2822 164 2840 r
176 2821 191 2840 a
201 2821 219 2840 c
229 2821 247 2839 u
256 2822 274 2839 M
285 2821 297 2839 r·
306 2821 322 2838 L
333 2820 349 2838 u
359 2819 386 2842 o,
395 2808 434 2842 xi,
444 2803 659 2841 xum,[mg·13fie'as]
670 2803 724 2831 ὅτε.
736 2800 848 2829 Circum
859 2797 963 2835 aliquid
973 2794 1280 2830 decurrere.Pl1n.5.29.

161 2849 269 2878 Cariam
280 2846 486 2877 circumfluunt.
509 2842 650 2873 Maeander
666 2841 691 2869 δι
702 2838 826 2868 Orsinus.
1064 2871 1070 2877 ·
1243 2869 1248 2875 .

161 2887 262 2922 Agrum
277 2884 445 2915 circumfluit
454 2881 552 2911 amnis.
591 2879 725 2915 Pompon.
739 2877 768 2904 in
779 2875 798 2904 1.
811 2883 885 2912 erg0.
900 2873 933 2903 D.
947 2873 982 2902 de
991 2881 1093 2909 acquir.
1109 2880 1160 2900 rer.
1172 2870 1280 2914 domim

180 2924 283 2954 Tribus
295 2922 386 2952 modis
403 2920 489 2949 insula
500 2920 528 2948 in
541 2918 658 2947 flumine
668 2915 714 2944 fit:
736 2914 800 2943 Uno
818 2912 904 2941 modo
915 2933 923 2946 ,
946 2920 1031 2947 quum
1043 2919 1139 2947 agrum
1150 2918 1196 2945 qui
1210 2907 1283 2936 alvei

181 2962 315 2995 nonfuit,
336 2959 425 2989 amnis
435 2956 615 2987 circumfluit.
652 2953 745 2983 Altero
757 2950 863 2993 modo,
881 2958 966 2987 quum
976 2948 1071 2978 locum
1087 2947 1134 2985 qui
1153 2946 1223 2976 alvei
1244 2943 1283 2974 es-

181 2999 220 3029 set
231 3021 239 3034 ,
261 3000 361 3028 siccum
373 2995 526 3033 relinquit,
548 2996 574 3023 &
586 2990 779 3022 circumfluere
790 2995 878 3024 coepit
887 3009 894 3022 ,
907 2989 959 3016 διο.

163 3037 292 3068 Frontem
305 3036 375 3074 ignis
385 3033 571 3066 circumfluit,
594 3031 612 3060 i.
626 3039 650 3059 e.
674 3028 786 3071 Rubor,
808 3025 855 3062 qui
870 3024 985 3063 pudoris
1006 3023 1114 3061 signum
1132 3022 1189 3058 est,
1209 3020 1285 3050 fron-

182 3082 239 3105 tem
249 3080 377 3112 occupat.
400 3071 497 3102 Claud.
510 3080 535 3100 2.
551 3070 580 3098 in
595 3066 675 3098 Cons.
693 3065 751 3110 Stil.
766 3068 830 3107 ³²8:
857 3101 863 3106 ι
906 3100 912 3106 ·

356 3109 529 3139 -insolitus
540 3107 661 3136 frontem
674 3102 844 3133 circumfluit
856 3109 936 3138 ignis.
972 3137 978 3142 ι
1073 3136 1078 3142 .

165 3150 276 3180 Robora
289 3148 487 3179 circumfluunt
500 3147 644 3175 dracones.
667 3142 769 3172 Lucan.
779 3140 827 3169 lib.
839 3148 862 3175 3.
873 3147 937 3174 421.
971 3147 987 3165 1.
1000 3146 1024 3165 e.
1047 3135 1281 3172 Circumreptant.

166 3188 372 3221 Circumfluere,
397 3183 665 3223 pertranslationcm
678 3202 685 3215 ,
708 3188 758 3217 pro
771 3179 918 3207 Accurrere
928 3175 1060 3211 undique.
1081 3173 1196 3208 Plinius,
1214 3172 1286 3201 Post.

185 3235 266 3262 quam
277 3226 355 3254 varia·
367 3225 491 3261 undique
505 3227 602 3259 gentes
620 3217 841 3248 circumfluxere.
1136 3249 1141 3255 ,

166 3263 363 3293 circumfluere
374 3284 382 3297 ,
403 3260 588 3291 Circumdare.
630 3257 713 3286 Varro
724 3265 748 3284 2.
767 3254 802 3283 de
813 3253 846 3283 R.
861 3251 894 3281 R.
907 3260 968 3288 cap.
982 3260 1008 3284 9·
1029 3249 1108 3279 ldem
1123 3247 1171 3277 lib.
1186 3257 1210 3283 3.
1222 3258 1283 3285 cap.

188 3310 230 3336 η.
253 3301 304 3329 Ubi
313 3306 387 3329 tanta
398 3297 587 3328 circumfluxit
599 3304 650 3324 nos
661 3301 806 3323 cervorum
815 3313 823 3327 ,
847 3298 977 3328 aprorum
988 3310 996 3324 ,
1017 3289 1043 3318 δι
1056 3293 1208 3316 ceterarum
1222 3296 1287 3324 qua-

186 3339 341 3374 drupedum
352 3337 513 3366 multitudo.
1118 3362 1124 3368 ι

168 3375 365 3405 circumfluere
379 3396 387 3409 ,
409 3373 554 3410 [ivmgdv]
576 3370 731 3401 Abundare.
770 3367 830 3397 Cic.
848 3366 878 3395 in
897 3364 990 3395 Parad.
1010 3373 1033 3393 1.
1068 3362 1183 3399 Quippe
1200 3371 1286 3404 quum

186 3413 308 3443 viderem
318 3413 443 3441 homines
453 3412 495 3441 his
506 3410 586 3440 rebus
596 3408 832 3442 circumfluentes,
853 3409 989 3445 catanien
1001 3400 1153 3430 desiderare
1164 3408 1285 3442 maxime

188 3449 287 3486 quibus
298 3450 477 3478 abundarent.
518 3448 594 3477 Curt.
609 3446 658 3475 lib.
674 3455 715 3474 10.
730 3454 756 3475 2.
769 3453 814 3473 22.
847 3441 983 3472 Secundis
1004 3439 1087 3468 rebus
1098 3447 1157 3475 quae
1170 3446 1288 3480 circum-

188 3489 294 3521 fluunt,
318 3497 365 3517 vos
378 3487 492 3516 insanire
504 3485 624 3524 coepistis
636 3506 644 3520 ,
666 3482 748 3513 obliti
762 3483 845 3512 status
858 3480 936 3516 ejus,
957 3487 1042 3516 quem
1062 3475 1199 3506 beneficio
1210 3484 1287 3504 exui-

189 3526 234 3556 stis
246 3534 317 3553 meo.

171 3562 367 3592 circumfluere
379 3562 560 3591 omnifariam.
600 3559 632 3590 V.
656 3569 673 3587 o
682 3569 701 3587 M
712 3567 731 3587 N
742 3569 750 3586 1
761 3568 774 3586 ιι
786 3566 804 3585 Α
814 3565 829 3584 a
840 3565 875 3584 [Α
886 3566 916 3584 Μ.

172 3601 266 3637 Copiis
275 3600 402 3628 omnibus
413 3599 612 3629 circumfluere.
653 3597 710 3625 Cic.
724 3597 758 3624 de
773 3594 880 3624 Amicit.
896 3601 938 3626 52.
960 3590 1032 3627 Quis
1055 3589 1110 3624 est,
1133 3597 1184 3626 pro
1202 3587 1287 3618 desim

190 3638 275 3668 fidem
286 3642 365 3670 atque
375 3637 535 3667 hominum!
559 3636 604 3672 qui
617 3634 685 3664 velit
696 3640 726 3663 ut
740 3642 832 3667 neque
849 3631 947 3667 diligat
965 3637 1141 3665 quenquam,
1163 3635 1216 3655 nec
1231 3625 1288 3663 ipse

189 3675 225 3704 ab
238 3674 294 3703 ullo
304 3674 431 3709 diligatur
440 3696 449 3709 ,
469 3674 661 3703 circumfluere
673 3670 804 3700 omnibus
816 3669 916 3707 copiis,
930 3674 1011 3704 atque
1021 3666 1050 3694 in
1062 3665 1190 3694 omnium
1201 3663 1288 3692 abun-

191 3712 284 3741 dantia
295 3712 386 3740 vivere
395 3712 407 3739 ‘2

172 3749 369 3779 Circumfluere
386 3755 467 3785 atque
485 3748 634 3777 abundare.
675 3746 733 3776 Cic.
750 3756 773 3781 ς.
789 3745 864 3774 Verr.
877 3754 901 3779 9.
924 3742 1007 3772 Istum
1029 3740 1110 3770 rebus
1133 3738 1284 3774 omnibus,

191 3788 313 3823 undique
321 3786 439 3821 ereptis,
460 3785 574 3821 impunc
583 3785 743 3814 eludentem
756 3805 764 3817 ,
786 3781 978 3812 circumfluere
994 3786 1075 3816 atque
1089 3777 1251 3806 abundare?

173 3823 385 3855 circumfluere,
408 3831 455 3858 per
469 3822 673 3858 metaphoram,
694 3822 854 3850 transfertur
864 3820 898 3848 ad
908 3819 1042 3847 animum.
1064 3815 1140 3845 Curt.
1157 3816 1203 3844 lib.
1219 3820 1244 3848 8.
1258 3818 1285 3847 8.

194 3873 236 3892 12.
259 3860 417 3928 {lnspfflbffis
431 3867 522 3887 autem
533 3860 648 3887 avaritiae
664 3859 718 3893 est,
739 3859 830 3887 adhuc
844 3856 960 3894 implere
983 3854 1055 3884 velle
1072 3854 1147 3891 quod
1164 3854 1221 3889 jam
1238 3851 1289 3881 cir-

193 3909 256 3930 cum
282 3905 330 3927 uit.

136 3938 158 3969 C
167 3949 178 3968 1
186 3948 203 3969 R
211 3947 229 3968 G
238 3947 256 3968 U
266 3948 289 3967 Μ
299 3946 311 3965 ¹*
321 3946 338 3964 ¹-
345 3944 363 3964 ¹¹
373 3944 388 3964 Β
395 3943 415 3963 N
424 3943 446 3970 ³,
456 3931 1027 3968 ‘¹²¹5ss-[mt1ir'5vv]Partic.ut,Circumssuens
1038 3928 1130 3959 amnis
1140 3927 1287 3968 oppidum.

1813 93 1842 127 C
1941 95 1955 130 1
2046 94 2077 129 R

1360 174 1504 204 Exercitus
1515 172 1720 217 circumfluens.
1759 174 1817 204 Cic.
1829 185 1879 211 pro
1892 175 2002 205 Murem.
2015 186 2058 210 49.
2082 175 2118 205 de
2132 174 2259 211 Catilina,
2276 175 2474 207 Circumfluen.

1379 220 1406 241 te
1418 212 1581 256 colonorum
1593 213 1777 241 Arretinorum
1788 215 1814 242 δι
1825 213 2026 243 Faesulanorum
2037 213 2169 243 exercitu.

1361 250 1456 293 Gloria
1468 247 1673 293 circumfluens,
1714 250 1773 279 Cic.
1787 260 1811 280 2.
1832 252 1883 280 Att.
1898 261 1941 280 21.
1973 251 2068 287 ltaque
2084 251 2131 280 ille
2139 252 2246 280 amicus
2256 250 2345 279 noster
2355 250 2472 282 insolens

1378 288 1518 321 infamiae,
1538 286 1645 322 semper
1666 296 1693 330 in
1712 287 1795 317 laude
1808 289 1926 318 versatus
1938 311 1946 320 .
1967 290 2166 318 circumfluens
2180 288 2284 327 gioria,
2306 288 2473 319 deformatus

1380 334 1516 368 corpore,
1537 324 1639 364 fractus
1648 334 1741 353 animo
1752 347 1759 358 ,
1782 336 1836 362 quo
1847 325 1872 356 se
1882 327 2110 356 conferatnescit.

1360 363 1458 392 Oratio
1469 363 1666 406 circumfluens
1676 363 1700 391 δι
1710 363 1877 393 redundans.
1919 364 1979 394 Cic.
1997 363 2032 393 de
2044 364 2114 394 Clar.
2127 363 2204 393 Orat.
2217 372 2280 399 203.
2309 363 2426 393 incitata
2447 365 2473 394 ἀ

1381 400 1510 429 volubilis
1521 422 1528 433 ,
1550 409 1601 428 nec
1612 409 1643 428 ea
1654 401 1813 430 redundans
1823 408 1916 431 tamen
1929 424 1937 436 ,
1957 412 2011 431 nec
2021 402 2217 431 circumfluens
2227 401 2322 430 oratio.

1326 438 1347 469 C
1358 450 1366 467 ι
1377 449 1391 466 a
1401 448 1417 467 c
1427 448 1444 481 u
1455 449 1474 466 M
1485 449 1496 466 r
1507 449 1522 465 L
1532 447 1550 480 u
1561 447 1616 472 us,
1638 447 1670 481 a,
1692 448 1748 467 um.
1771 440 1930 474 [πςιρἑων]
1953 440 2012 475 Adj.
2044 440 2112 469 Plin.
2126 439 2174 468 lib.
2190 449 2214 476 3.
2230 448 2291 477 cap.
2305 441 2350 468 ⁶6.
2379 437 2474 469 Tellus

1362 476 1457 505 medio
1469 475 1572 503 ambitu
1587 477 1735 511 praecincta
1747 477 1911 506 circumfluo
1924 479 2000 506 mari.

1363 514 1458 544 Amnis
1468 513 1655 541 circumfluus.
1677 513 1761 542 Ovid.
1777 524 1819 549 ις.
1838 515 1905 544 Met.
1916 523 1979 551 739.

1443 552 1584 594 Scinditur
1595 552 1623 579 in
1633 551 1755 587 geminas
1762 558 1852 589 partes
1861 552 2039 582 circumfluus
2050 553 2147 582 amnis.

1363 589 1486 632 Humon
1503 589 1587 617 Ovid.
1604 599 1626 617 r.
1639 588 1708 618 Met.
1724 598 1767 623 ³0-
1788 590 1830 619 De
1842 590 1959 620 Oceano
1971 612 1979 625 ,
2001 591 2049 627 qui
2062 598 2162 619 terram
2172 589 2266 618 ambit.

1363 626 1452 670 Insula
1463 627 1624 655 circumflua
1637 648 1645 660 ,
1666 626 1866 664 significatione
1882 628 2002 666 passiva3
2026 629 2043 657 i.
2060 637 2083 657 e.
2104 628 2197 664 Quam
2215 636 2285 664 aqua
2301 625 2476 657 circumfluit.

1383 665 1465 693 Ovid.
1481 674 1521 697 ις.
1538 664 1607 693 Met.
1623 667 1686 698 624.

1385 700 1549 745 Uzeyc'olpfpe&
1567 703 1644 731 ihr&
1656 702 1768 740 Dionys.
1783 703 1818 732 de
1829 703 1887 732 Situ
1900 703 1983 732 orbis.
2005 703 2040 732 H.
2053 702 2093 733 St.

1362 739 1446 770 Mens
1461 739 1621 769 circumflua
1632 739 1707 769 luxu.
1731 740 1828 770 Claud.
1844 741 1924 771 Cons.
1936 740 2015 770 Prob.
2028 751 2075 777 40.

1649 778 1842 808 —virtutibus
1856 779 1904 808 ille

1443 814 1595 858 Fortunam
1607 816 1731 847 domuit.
1753 826 1951 853 nunquamque
1959 816 2116 846 levantibus
2124 816 2179 846 alte

1442 852 1579 882 Intumuit
1590 853 1688 883 rebus:
1711 854 1757 883 sed
1768 864 1847 884 mens
1858 854 2020 884 circumflua
2031 854 2098 884 luxu

1407 929 1411 934 ⁵
1442 891 1568 920 Noverat
1581 892 1716 921 incastum
1731 892 1800 922 vitio
1809 892 1913 923 servare
1924 892 2057 930 vigorem.

1384 928 1468 966 dique
1477 930 1656 959 circumdata.

1365 966 1437 996 Urbs
1449 967 1611 996 circumflua
1624 973 1722 1005 ponto.
1743 967 1833 997 Valet.
1845 967 1936 998 Flacc.
1949 967 1997 996 lib.
2013 977 2037 1002 ς.
2048 977 2112 1003 442.

1328 1005 1350 1034 C
1361 1016 1369 1033 1
1379 1015 1393 1032 Ρ.
1405 1015 1421 1033 c
1433 1015 1450 1033 u
1460 1016 1478 1033 M
1488 1016 1500 1033 r
1510 1009 1526 1033 ὃ
1538 1015 1554 1033 n
1564 1015 1597 1033 10
1608 1027 1616 1040 ,
1637 1006 1687 1035 odi
1697 1028 1704 1040 ,
1725 1005 1814 1035 offum
1825 1029 1832 1039 ,
1866 1005 2063 1042 [mgmoe'vr‘lu]
2083 1007 2138 1035 ere.
2165 1004 2274 1034 Notum
2297 1004 2335 1034 est
2355 1004 2479 1036 verbum.

2139 891 2308 921 Circumilua
2321 913 2330 928 ‚
2349 891 2368 921 i.
2380 901 2404 921 e.
2426 889 2481 922 Un-

1365 1042 1435 1072 Plin.
1446 1042 1492 1071 lib.
1507 1052 1548 1079 17.
1560 1052 1621 1079 cap.
1638 1049 1679 1077 153.
1702 1043 1874 1073 Circumfodi
1887 1052 1982 1073 autem
1996 1043 2128 1073 omnibus
2147 1043 2227 1073 annis
2243 1053 2258 1072 a
2270 1042 2383 1072 solstitio
2397 1043 2482 1074 duum
2527 1075 2530 1078 ,
2562 1045 2565 1056 ·
2579 1060 2584 1070 .

1365 1081 1525 1110 cubitorum
1536 1080 1631 1110 scrobe
1642 1081 1765 1119 bipedali
1778 1082 1934 1111 altitudine.

1363 1118 1492 1148 Platanos
1504 1119 1715 1149 circumfodere.
1756 1119 1820 1149 Seri.
1831 1119 1914 1157 Epist.
1930 1129 1971 1149 12.
2011 1118 2043 1148 V.
2065 1118 2156 1148 Etiam
2168 1117 2267 1147 Caton.
2288 1118 2323 1148 de
2333 1118 2364 1147 R.
2376 1117 2408 1147 R.
2421 1127 2482 1155 cap.

1387 1160 1448 1200 163.
1471 1156 1609 1186 Columel.
1620 1157 1668 1186 lib.
1686 1168 1708 1192 ς.
1720 1167 1780 1194 cap.
1792 1168 1817 1193 9.
1840 1159 1895 1187 hoc
1907 1157 1991 1188 verbo
2006 1157 2093 1186 utitur
2107 1157 2136 1185 in
2155 1163 2251 1194 quarta
2270 1156 2482 1194 conjugatione,

1384 1193 1530 1224 Olivetum
1544 1195 1630 1224 debet
1640 1194 1801 1225 bidentibus
1814 1195 1868 1225 alte
1879 1195 2081 1225 circumfodiri.

1328 1231 1350 1262 C
1361 1243 1370 1261 r
1382 1242 1398 1261 a
1407 1242 1424 1261 c
1433 1243 1451 1262 u
1461 1244 1482 1261 M
1492 1243 1529 1261 ro
1540 1243 1551 1262 s
1563 1242 1574 1262 s
1584 1243 1600 1262 o
1610 1243 1625 1261 a
1638 1255 1646 1268 ,
1667 1234 1731 1263 oris.
1753 1243 1790 1263 m.
1822 1234 2025 1270 [πτξισκαπἹὴρ]
2050 1232 2120 1262 Plin.
2141 1231 2189 1261 lib.
2206 1240 2249 1270 17.
2272 1241 2332 1270 cap.
2354 1241 2399 1267 24.
2432 1231 2484 1262 Aut
2512 1246 2522 1256 κ

1365 1270 1556 1300 circumfoffor
1567 1271 1701 1306 injurioso
1710 1271 1766 1300 ictu
1777 1272 1942 1301 verberavit.

1328 1309 1351 1338 C
1361 1320 1370 1337 r
1382 1319 1397 1337 a
1409 1319 1426 1338 c
1434 1319 1453 1337 U
1461 1319 1480 1337 M
1490 1320 1502 1337 F
1512 1319 1529 1337 ο
1537 1318 1570 1352 s's
1579 1311 1597 1337 ῦ
1607 1319 1624 1337 R
1634 1319 1653 1337 Α
1663 1331 1671 1343 ,
1693 1319 1724 1339 ae.
1746 1309 1765 1338 f.
1786 1309 1967 1347 [πτςισκσιφὴ]
1986 1308 2056 1339 Plin.
2069 1307 2119 1338 lib.
2134 1316 2177 1345 17.
2196 1317 2256 1346 cap.
2272 1310 2318 1338 26.
2339 1305 2484 1345 Cupress'us

1365 1346 1524 1385 aspernatur
1534 1346 1781 1377 circumfossuram.

1329 1385 1351 1415 C
1362 1396 1370 1414 1
1381 1396 1397 1413 a
1407 1395 1423 1414 c
1434 1395 1450 1414 o
1459 1396 1479 1413 M
1490 1395 1528 1429 ro
1536 1396 1551 1414 a
1561 1395 1581 1414 A
1589 1394 1611 1428 N·
1619 1395 1632 1413 iz
1640 1395 1680 1429 us
1690 1407 1698 1420 ,
1718 1395 1733 1414 a
1748 1406 1756 1420 ,
1777 1395 1833 1415 um.
1856 1384 2082 1422 [mgaorffeyma]
2104 1383 2161 1421 Qui
2177 1384 2282 1414 circum
2291 1383 2382 1413 forum
2391 1378 2485 1421 spatia-

1366 1430 1410 1453 tur
1420 1423 1565 1466 vendrtans
1579 1423 1683 1460 aliquid
1694 1445 1702 1458 ,
1722 1429 1769 1453 aut
1779 1433 1885 1458 emens,
1906 1430 1953 1453 aut
1960 1422 2099 1452 sciscitans
2110 1445 2117 1457 ‚
2138 1429 2186 1452 aut
2197 1429 2308 1460 tempus
2318 1421 2439 1450 inaniter
2446 1427 2486 1450 te-

1365 1471 1437 1491 rens.
1477 1461 1535 1490 Cic.
1549 1471 1598 1499 pro
1607 1461 1717 1491 Cluent.
1732 1471 1777 1497 40.
1801 1462 1876 1491 Tum
1890 1468 2006 1498 repente
2014 1461 2220 1490 Anconitanum
2232 1460 2370 1497 quendam
2382 1459 2412 1488 L.
2425 1459 2487 1488 Clo-

1366 1500 1446 1529 dium
1457 1521 1464 1534 ,
1486 1499 1734 1538 pharmacopolam
1745 1500 2017 1533 circumforaneum,
2038 1499 2085 1536 qui
2095 1498 2157 1528 casu
2173 1505 2232 1527 tum
2251 1497 2381 1527 Larinum
2399 1495 2486 1527 venis·
2501 1523 2503 1528 ,

1365 1537 1405 1567 set
1418 1559 1426 1573 ,
1446 1538 1613 1575 aggreditur.
1656 1537 1873 1575 Pharmacopola
1885 1537 2122 1566 circumforaneus
2134 1558 2142 1572 ,
2164 1536 2222 1573 Qui
2237 1536 2296 1565 sora
2315 1535 2403 1564 multa
2416 1534 2485 1564 mul-

1365 1581 1457 1605 torum
1468 1576 1638 1613 oppidorum
1648 1576 1765 1611 circuit,
1786 1577 1812 1605 &
1824 1575 1973 1613 pharmaca
1986 1574 2119 1604 venditat.
2161 1575 2194 1604 Et
2202 1574 2277 1612 apud
2292 1572 2434 1610 Tranquil.
2454 1573 2483 1602 in
2523 1604 2527 1610 ι
2564 1595 2570 1609 ἶ
2589 1587 2595 1608 ¹.

1366 1613 1459 1657 Vitell.
1472 1623 1532 1651 cap.
1549 1624 1590 1642 ιο.
1612 1613 1856 1643 Circumforaneus
1867 1613 1979 1649 lanista,
2001 1613 2020 1641 i.
2033 1622 2057 1641 e.
2081 1612 2140 1649 Qui
2149 1612 2178 1641 in
2190 1612 2258 1642 foris
2270 1611 2390 1642 versatur
2399 1612 2424 1641 &
2434 1610 2483 1640 dis,

1367 1659 1471 1686 currit,
1492 1659 1522 1681 ut
1531 1651 1695 1688 gladiatores
1707 1651 1751 1681 vel
1761 1659 1850 1684 emat,
1871 1651 1917 1680 vel
1930 1651 2093 1681 munerariis
2103 1651 2215 1680 vendat.

1363 1691 1410 1721 AEs
1420 1690 1671 1719 circumforaneum
1682 1711 1689 1724 ,
1710 1699 1761 1727 pro
1771 1689 1958 1719 Foeneratitio.
2000 1689 2030 1719 V.
2053 1699 2077 1717 lh
2087 1698 2099 1718 s
2110 1710 2118 1724 ,
2139 1689 2208 1718 aeris.

1365 1727 1474 1772 Domus
1484 1728 1703 1757 circumforanea
1717 1727 1792 1764 apud
1808 1727 1886 1765 Apul.
1896 1738 1922 1763 4.
1935 1728 1997 1757 Aur.
2011 1726 2080 1755 Afin.
2094 1736 2122 1764 p.
2136 1732 2198 1763 148.
2219 1734 2271 1763 pro
2280 1724 2317 1754 Ea
2329 1733 2389 1762 quae
2398 1722 2485 1754 mobi-

1386 1766 1420 1833 ks
1432 1768 1457 1833 &l
1468 1766 1651 1796 ambulatoria
1661 1765 1708 1801 est,
1729 1765 1818 1795 facilis
1827 1766 1862 1795 ad
1872 1764 2138 1795 circumferendum.
2179 1764 2210 1794 V.
2230 1763 2413 1793 Elmenhorst.
2424 1763 2483 1794 lnd.

1430 1815 1446 1833 u
1461 1827 1467 1833 .

1366 1815 1505 1873 Hol'nines
1525 1840 1759 1871 circumforaneos
1775 1841 1864 1871 Graeci
1891 1837 2004 1878 almodus
2022 1839 2167 1878 appellant
2178 1862 2186 1875 ,
2215 1849 2232 1869 a
2251 1838 2344 1869 Graeca
2364 1839 2486 1869 difflone

1387 1883 1483 1924 ἀνθ..
1504 1881 1579 1917 quod
1589 1880 1680 1909 forum
1699 1879 1847 1918 significat,
1869 1879 1945 1909 unde
1965 1878 2057 1908 Latini
2074 1878 2234 1913 hujusmodi
2252 1876 2325 1907 leves
2339 1877 2467 1906 homines
2475 1898 2484 1913 ‚

1385 1918 1533 1953 Scurriles,
1555 1918 1734 1948 circulatores
1749 1940 1757 1953 ,
1778 1919 1804 1947 &
1815 1916 1948 1946 ridiculos
1959 1938 1967 1952 ‚
1988 1916 2225 1946 circumforaneos
2244 1923 2355 1945 vocant.
2387 1914 2488 1944 Mosel-

1386 1955 1507 2024 }an·ussin
1520 1955 1755 1986 Annotationibus
1765 1965 1831 1994 quas
1849 1955 1879 1984 in
1891 1965 1951 1994 cap.
1966 1964 1990 1992 3.
2008 1954 2058 1984 lib.
2072 1965 2115 1992 ι7.
2134 1954 2216 1984 Nost.
2237 1953 2388 1983 Atticarum
2404 1952 2488 1983 Gellii

1400 2005 1458 2032 crip
1472 2001 1500 2024 it.

1367 2032 1471 2063 Hostiae
1480 2032 1705 2062 circumforaneae
1714 2031 1846 2061 dicuntur
1856 2052 1864 2066 ,
1886 2039 1945 2060 non
1958 2036 2015 2060 tam
2029 2029 2100 2065 Quae
2109 2029 2215 2060 circum
2229 2028 2287 2058 fora
2297 2048 2305 2063 ‚
2327 2037 2409 2065 quam
2417 2027 2488 2064 Quae

1387 2072 1491 2138 pircurtp
1504 2081 1582 2138 agrgs
1594 2072 1620 2100 Sc
1631 2070 1713 2101 urbes
1726 2070 1754 2099 in
1766 2068 1916 2099 ambarvali
1927 2068 2060 2099 sacrificio
2073 2068 2306 2098 circumferuntur
2315 2087 2324 2102 ,
2339 2076 2355 2095 a
2366 2066 2489 2095 Circum-

1400 2119 1463 2138 eren
1488 2119 1503 2138 o
1536 2119 1542 2137 i
1575 2118 1604 2138 ae.

1369 2146 1477 2177 Medici
1489 2146 1712 2176 circumforanei.
1733 2142 1751 2172 l.
1766 2144 1818 2174 tria
1834 2154 1927 2174 onera.
1949 2144 1983 2174 D.
2002 2144 2037 2174 de
2055 2142 2146 2174 exous.
2163 2148 2215 2172 tut.
2232 2140 2410 2172 Grammatici
2419 2162 2428 2176 ‚
2447 2139 2488 2169 so·

1388 2185 1483 2223 phistae
1491 2208 1498 2220 ,
1519 2185 1643 2214 rhetores
1653 2206 1660 2218 ,
1679 2182 1798 2217 medici,
1829 2184 1875 2220 qui
1890 2178 2048 2218 vigneico-rui
2060 2203 2068 2218 ,
2088 2182 2115 2212 h.
2135 2191 2159 2211 e.
2181 2178 2400 2210 Circumforanei
2412 2200 2420 2213 ‚
2440 2187 2488 2208 vo-

1389 2231 1488 2252 cantur
1497 2245 1505 2258 ,
1527 2231 1557 2252 ut
1571 2233 1586 2252 a
1597 2221 1710 2258 reliquis
1722 2221 1893 2254 muneribus,
1905 2221 1941 2250 sic
1951 2230 1966 2249 a
1980 2220 2066 2250 tutela
2078 2221 2104 2250 ἃ
2115 2228 2181 2249 cura
2190 2218 2365 2248 vacationem
2374 2216 2488 2247 habent.

1389 2261 1422 2291 V.
1447 2263 1473 2290 A.
1490 2261 1596 2297 August.
1609 2260 1657 2289 lib.
1671 2258 1766 2296 singul.
1777 2259 1813 2288 ad
1822 2259 1939 2288 Modest.
1952 2259 1981 2287 in
1994 2258 2070 2287 hunc
2080 2258 2184 2287 locum.

1371 2299 1604 2330 mendicabulum
1614 2297 1875 2327 circumforaneum.
1916 2296 1997 2334 Apul.
2008 2306 2033 2331 9.
2047 2296 2116 2326 Met.
2130 2305 2158 2333 p.
2166 2304 2230 2332 270.
2251 2293 2285 2323 Et
2293 2291 2428 2331 cymbalis
2439 2291 2489 2322 cir-

1392 2337 1603 2368 cumforaneum
1618 2334 1849 2365 mendicabulum
1861 2335 2001 2372 producor
2011 2334 2046 2363 ad
2055 2334 2139 2364 viam.
2160 2333 2192 2363 V.
2213 2332 2253 2361 ibi
2263 2332 2380 2370 interpr.

1335 2376 1603 2409 circumsitae,
1625 2370 1831 2410 [πτξιτιτξοάνω]
1848 2376 1902 2402 are.
1942 2371 2012 2401 Inde

1334 2415 1357 2444 C
1367 2425 1375 2443 1
1387 2424 1403 2442 a
1413 2424 1429 2442 c
1439 2423 1455 2442 u
1465 2424 1485 2441 M
1497 2424 1509 2442 r
1519 2423 1536 2442 o
1545 2423 1558 2440 a
1567 2416 1584 2440 x
1595 2421 1659 2441 Tus
1668 2434 1675 2446 ,
1697 2421 1712 2440 a
1724 2433 1732 2446 ,
1752 2420 1810 2440 um.
1839 2409 2036 2447 [ὥπητῶε]
2056 2409 2126 2439 Plin.
2139 2408 2189 2439 lib.
2202 2417 2244 2447 17.
2255 2418 2315 2447 cap.
2325 2416 2370 2445 27.
2391 2405 2489 2445 Stipite

1372 2452 1405 2481 ab
1417 2452 1472 2480 ima
1484 2458 1560 2489 parte
1569 2450 1776 2480 circumforato.

1336 2491 1647 2523 CracquossoR,
1678 2487 2011 2517 CiizchrossuiaeA.
2051 2485 2084 2515 In
2105 2493 2381 2514 ClRCUMFODtO.

1338 2529 1360 2558 C
1370 2539 1378 2556 1
1390 2538 1405 2556 R
1416 2537 1432 2556 c
1442 2537 1460 2556 u
1472 2538 1491 2556 M
1503 2538 1515 2555 F
1526 2537 1541 2554 a
1551 2536 1570 2555 A
1580 2535 1649 2555 οτι]
1659 2535 1671 2555 s
1682 2547 1690 2560 ,
1711 2535 1726 2554 a
1739 2547 1746 2559 ,
1767 2535 1825 2554 um.
1847 2531 1878 2554 ut
1889 2546 1897 2559 ‚
1917 2523 2011 2554 Colles
2023 2522 2218 2553 circumfrat‘ti.
2240 2523 2375 2552 Ammian.
2389 2530 2434 2557 29.
2444 2530 2473 2557 4.

1373 2565 1471 2595 Turbo
1481 2564 1700 2594 circumfraetus.
1721 2563 1800 2593 Idem
1812 2572 1857 2592 22.
1871 2568 1896 2596 8.
1918 2561 2081 2592 lmmobiles
2090 2561 2202 2591 turbine
2211 2560 2413 2590 circumfracto.

1328 2604 1358 2634 'C
1369 2615 1377 2633 1
1389 2614 1403 2632 a
1415 2614 1457 2632 cu
1469 2614 1509 2631 Mr
1521 2613 1536 2631 a
1548 2612 1594 2631 AG
1606 2613 1613 2630 1
1626 2613 1641 2630 u
1652 2613 1691 2637 M,
1712 2602 1730 2631 i.
1752 2611 1780 2630 n.
1811 2601 1889 2639 Apul.
1907 2610 1933 2636 9.
1956 2600 2026 2630 Met.
2047 2610 2076 2638 p.
2092 2604 2153 2636 368.
2184 2598 2415 2635 Circumfragium
2434 2596 2492 2632 ejus

1375 2641 1542 2686 abominata.
1567 2640 1619 2670 Alii
1630 2640 1727 2677 legunt
1735 2639 1959 2676 Crucifragrium.
1990 2637 2117 2668 Elmenh.
2136 2637 2255 2667 Crurum
2266 2636 2293 2666 ei
2301 2636 2418 2674 fragium
2428 2633 2491 2664 abo-

1337 2719 1359 2748 C
1369 2686 1490 2747 1¹2¹?th
1500 2687 1643 2750 §iiiii-cog?
1652 2716 1666 2751 [
1676 2711 1830 2753 mgrrffl'cw]
1850 2717 1904 2744 are.
1927 2714 1996 2744 Cato
2006 2722 2067 2751 cap.
2076 2716 2122 2743 26.
2142 2712 2233 2743 Privas
2244 2711 2371 2750 seopulas
2379 2711 2409 2740 in
2419 2709 2492 2740 dolia

1374 2756 1458 2785 facito
1469 2754 1569 2784 habeas
1580 2754 1621 2783 illi
1634 2754 1673 2782 rei
1685 2775 1692 2786 ,
1714 2752 1775 2789 quis
1786 2753 1857 2782 labia
1869 2752 2008 2782 doliorum
2019 2751 2217 2781 circumfrices.

1338 2794 1360 2824 C
1370 2805 1377 2822 ι
1389 2804 1403 2822 a
1415 2804 1457 2822 cu
1469 2804 1488 2821 M
1500 2804 1512 2821 r
1522 2803 1539 2821 u
1550 2803 1565 2820 L
1576 2801 1593 2820 c
1602 2802 1616 2821 iz
1627 2802 1654 2826 o,
1670 2791 1698 2827 si,
1715 2791 1771 2820 sine
1783 2790 1883 2828 supino
1903 2786 2110 2826 [meinhax'gu]
2132 2791 2185 2819 Ere.
2203 2787 2271 2818 Plin.
2284 2787 2333 2817 lib.
2344 2796 2370 2817 2.
2383 2793 2490 2823 cap.37.
2510 2773 2514 2775 .

1376 2832 1530 2861 Hominum
1540 2840 1650 2868 quoque
1659 2829 1924 2867 capita,vespertinis
1933 2828 2008 2858 horis
2020 2837 2122 2865 magno
2132 2826 2260 2865 praesagio
2271 2823 2490 2861 circumfulgent-

1338 2872 1360 2902 C
1371 2880 1404 2938 ror.
1413 2879 1455 2936 ocri)
1465 2880 1485 2897 M
1495 2879 1536 2936 μὲ]
1544 2878 1567 2935 ll
1575 2879 1591 2896 n
1601 2878 1618 2897 o
1627 2890 1636 2903 ,
1665 2868 1716 2897 udi
1726 2889 1735 2904 ,
1762 2866 1842 2896 fisum
1851 2888 1859 2902 ‚
1889 2868 1905 2903 [
1916 2863 2028 2903 πτριχέα]
2049 2866 2102 2896 ete.
2133 2864 2320 2895 Circumcirca
2341 2861 2490 2901 aspergere.

1405 2918 1431 2938 vi
1456 2930 1461 2936 .
1475 2918 1496 2940 ςΔ
1531 2917 1545 2936 a
1591 2912 1652 2941 582.

1467 2945 1542 2975 Gens
1556 2945 1608 2973 fuit
1620 2946 1645 2974 &
1655 2943 1760 2981 campis
1768 2965 1777 2978 ,
1799 2944 1825 2973 ἃ
1833 2942 1913 2980 equis
1922 2963 1931 2977 ,
1954 2942 1980 2971 &
1988 2946 2048 2971 tuta
2054 2940 2158 2979 sagittis
2167 2962 2177 2977 ,

1505 2983 1538 3012 Et
1549 2983 1719 3011 circumfusis
1727 2982 1802 3010 invia
1812 2980 1984 3011 fluminibus.

1375 3022 1499 3059 Corpora
1507 3021 1614 3058 pruinis
1624 3042 1632 3052 ,
1653 3026 1701 3049 aut
1711 3019 1824 3049 nivibus
1836 3016 2008 3048 circumfusa.
2031 3016 2105 3054 Virg.
2119 3025 2144 3052 3.
2159 3015 2258 3052 Georg.
2272 3017 2335 3052 368.

1377 3060 1471 3090 Febris
1483 3057 1648 3088 circumfusa
1661 3058 1742 3093 rosis,
1764 3057 1838 3094 AEgri
1850 3056 1907 3086 scil.
1927 3055 2062 3085 lautioris.
2083 3053 2205 3085 Martial.
2216 3053 2267 3084 lib.
2283 3062 2326 3083 12.
2339 3059 2382 3089 17.

1374 3098 1467 3129 Imber
1476 3096 1667 3127 circumfusus.
1690 3095 1789 3125 Claud.
1803 3095 1839 3124 de
1851 3093 1916 3125 Nilo
1928 3096 1974 3124 26.

1373 3135 1481 3166 Nubes.
1503 3135 1576 3171 Virg.
1594 3145 1615 3163 i.
1628 3134 1690 3164 AEn.
1704 3143 1766 3168 590-

1374 3173 1538 3211 Tempestas
1550 3172 1753 3202 circumfundit
1763 3177 1872 3200 terram.
1894 3168 1943 3200 Sil.
1957 3168 2005 3199 lib.
2018 3177 2044 3205 7.
2057 3177 2121 3205 723.

1374 3211 1462 3243 Terra
1473 3210 1637 3240 circumfusa
1647 3211 1715 3240 mari
1734 3208 1890 3239 Atlantico:
1913 3207 1941 3238 h.
1952 3217 1978 3238 e.
2000 3206 2094 3244 Quam
2104 3203 2274 3236 circumfluit
2290 3212 2375 3235 mare.
2395 3201 2453 3233 Cic.
2464 3200 2494 3231 in
2520 3190 2521 3193 Ἴ

1394 3250 1490 3280 Somn.
1503 3250 1577 3286 Scip.
1593 3259 1634 3282 ις.

1376 3288 1465 3326 Super
1477 3286 1651 3316 circumfusa.
1674 3285 1781 3317 Lucret.
1793 3284 1842 3314 lib.
1855 3293 1877 3314 1.
1889 3293 1935 3320 ⁴0-

1458 3325 1541 3354 Hunc
1553 3332 1581 3353 tu
1591 3325 1654 3353 diva
1666 3331 1715 3353 tuo
1727 3323 1908 3353 recubantem
1919 3330 2037 3360 corpore
2050 3319 2144 3350 saneto

1457 3362 1628 3392 Circumfusa
1641 3362 1721 3400 super
1730 3383 1738 3397 ,
1758 3363 1811 3391 διο.

1377 3399 1567 3430 Circumfundi
1580 3400 1733 3429 diciturlac
1742 3399 1861 3428 fervens.
1901 3397 1969 3428 Plin.
1981 3396 2029 3426 lib.
2041 3401 2086 3429 28.
2096 3405 2157 3433 cap.
2172 3404 2198 3428 ο.
2230 3392 2325 3430 Quum
2335 3391 2440 3425 fervet,
2459 3393 2510 3420 ne*

1396 3438 1636 3467 circumfundatur
1645 3460 1653 3471 ,
1675 3437 1782 3475 praestat
1790 3435 1906 3475 cyathus
1918 3441 2063 3474 argenteus
2074 3443 2138 3463 cum
2149 3432 2247 3469 frigida
2258 3441 2327 3468 aqua
2336 3428 2474 3460 demissus.

1378 3476 1609 3506 Circumfundere
1620 3477 1653 3505 ad
1662 3476 1777 3512 aliquid.
1820 3474 1889 3504 Cato
1904 3484 1965 3512 cap.
1975 3482 2019 3509 93.
2044 3471 2116 3502 Olea
2127 3471 2144 3500 si
2162 3470 2282 3500 fructum
2292 3478 2349 3497 non
2359 3468 2412 3497 fert
2422 3489 2430 3503 ,
2450 3465 2496 3496 ab·

1394 3515 1542 3551 laqueato:
1566 3514 1657 3552 postea
1670 3516 1816 3542 stramenta
1827 3512 2052 3549 circumponiro:
2074 3509 2167 3548 postea
2187 3516 2328 3537 amurcam
2346 3514 2411 3536 cum
2428 3510 2495 3542 aqua

1395 3551 1575 3581 commisceto
1587 3561 1678 3588 aequas
1689 3558 1795 3589 partes:
1817 3550 1921 3578 deinde
1930 3550 1963 3578 ad
1975 3549 2067 3579 oleam
2081 3544 2311 3577 circumfundito.
2464 3579 2471 3585 ι

1375 3589 1583 3618 circumfundit
1596 3599 1641 3619 aer
1653 3596 1761 3619 terram.
1803 3588 1863 3617 Cic.
1874 3596 1900 3617 2.
1913 3587 1948 3617 de
1958 3587 2022 3617 Nat.
2038 3586 2122 3616 Deor.
2137 3593 2180 3621 ι7.
2213 3584 2232 3614 i.
2245 3592 2270 3613 e.
2292 3581 2386 3612 Ambit
2404 3581 2431 3612 δι
2447 3587 2496 3610 cir·

1396 3628 1519 3657 cunidat.
1546 3627 1629 3657 Ovid.
1648 3638 1670 3656 1.
1687 3627 1753 3656 Met.
1769 3635 1811 3656 12.

1421 3701 1427 3707 ⁸
1470 3665 1530 3694 Nec
1541 3665 1708 3694 circumfuso
1720 3663 1861 3702 pendebat
1870 3663 1899 3692 in
1911 3672 1974 3692 aere
1984 3661 2077 3691 tellus.
2463 3691 2470 3699 Ι

1377 3702 1475 3731 Anima
1486 3703 1680 3732 circumfusum
1689 3702 1802 3739 aliquid.
1828 3701 1885 3730 Cic.
1898 3700 1933 3729 de
1945 3697 2069 3729 Univers.
2083 3701 2124 3727 16.
2146 3696 2244 3734 Neque
2255 3700 2333 3726 erant
2343 3693 2435 3725 anima
2446 3700 2494 3722 cu·-

1396 3740 1519 3769 cuinfusa
1527 3750 1651 3769 entrema
1666 3740 1764 3770 mundi
1778 3761 1786 3774 ,
1809 3746 1839 3768 ut
1849 3738 2057 3776 respirationem
2069 3735 2246 3773 requirerent.
2271 3733 2312 3763 Al.
2332 3734 2410 3762 Aiire.

1377 3778 1474 3820 Armis.
1516 3778 1662 3813 irruimus,
1684 3778 1774 3808 densis
1790 3778 1815 3807 &
1832 3776 2082 3806 circumfundimur
2098 3773 2189 3802 armis.
2215 3772 2288 3810 Virg.
2301 3780 2327 3800 2.
2341 3771 2402 3801 AEn.
2414 3773 2474 3806 383·
2485 3802 2492 3810 .

1378 3814 1502 3851 Caligine
1513 3816 1703 3845 circumfusus.
1746 3815 1803 3844 Cic.
1820 3826 1840 3843 r.
1853 3814 1933 3843 Tusc.
1946 3824 1990 3849 45.
2017 3811 2155 3846 Praecipue
2164 3819 2229 3840 vero
2245 3809 2371 3839 fruentur
2382 3816 2429 3842 ea,
2449 3812 2494 3841 qu!

1395 3859 1456 3895 turn
1466 3853 1548 3882 etiam
1561 3864 1644 3890 quum
1656 3854 1704 3883 lias
1716 3860 1800 3882 terras
1813 3852 1967 3881 incolentes
1981 3849 2138 3880 circumfuli
2154 3854 2233 3878 erant
2250 3847 2384 3884 caligine,
2403 3850 2494 3874 tamen

1397 3899 1456 3919 acie
1467 3893 1568 3920 meotis
1582 3891 1715 3928 dispicere
1727 3890 1886 3927 cupiebant.
2468 3917 2474 3923 ,

1378 3927 1473 3966 Copiis
1487 3929 1677 3967 praelidiorum
1693 3927 1882 3959 circumfusus.
1923 3925 1981 3956 Cic.
2004 3934 2055 3964 pro
2074 3922 2175 3955 milon.
2195 3930 2240 3961 72.
2279 3920 2366 3960 Quod
2383 3925 2494 3985 verosslln

2477 3962 2493 3983 ο
