2667 4145
223 85 271 120 26
684 75 710 109 A
807 75 836 109 C
931 71 961 107 C

259 159 417 190 Accendere
428 157 527 188 calore.
555 156 623 186 Plin.
637 156 684 185 lib.
700 165 741 190 14.
755 137 820 192 ἓξ).
838 166 861 189 ς,
905 154 978 196 Vino
987 156 1084 192 natu-ra
1093 148 1131 177 est
1144 148 1238 177 hausto
1250 169 1257 181 ,
1279 156 1376 176 accen-

279 198 363 226 dendi
376 196 465 226 calore
477 195 577 223 viscera
590 195 664 223 intus
676 215 684 228 ,
704 193 769 221 foris
781 192 869 221 infuso
881 188 1067 226 refrigerandi.

259 235 418 266 Accendere
427 256 436 268 ,
457 233 491 262 ad
502 231 620 268 aliquam
631 241 697 260 rem.
726 229 784 259 Liv.
802 240 825 265 5.
838 228 905 259 Bell.
918 228 986 257 Pun.
1025 224 1102 254 Adeo
1113 221 1234 252 accensae
1245 221 1307 250 sunt
1319 221 1380 259 spes

280 273 315 302 ad
326 271 470 310 pellendos
482 268 574 299 Sicilia
587 269 736 298 Romanos.
848 303 853 308 ⁷
1219 298 1223 302 Ι
1284 298 1287 302 .

259 310 294 341 In
305 311 424 346 aliquam
439 317 513 336 rem:
536 313 567 335 ut
577 328 584 341 ,
605 307 634 335 in
647 306 759 334 Poenani
770 326 779 338 ,
797 303 918 335 rabiem,
937 308 1060 328 amorem
1070 321 1077 334 ,
1099 300 1151 328 Sto.
1185 297 1254 326 Plin.
1271 296 1318 325 lib.
1333 305 1376 339 35.

282 358 341 385 cap.
359 357 400 375 10.
428 343 549 374 Accenso
561 344 589 372 in
604 352 717 381 poenam
729 347 854 378 tyranno.
881 338 978 379 LiV29·
997 335 1065 367 Bell.
1078 336 1146 366 l’un.
1185 335 1261 366 Tum
1274 343 1382 365 veroin

281 385 373 414 multo
384 382 609 420 impotentiorem
626 380 714 409 subito
727 379 830 408 rabiem
843 377 956 405 accenli.
987 412 991 416 .
1060 411 1065 417 ⁴
1128 412 1132 417 ἰ

263 423 383 453 Affecrus
394 421 494 449 vestros
504 419 532 447 in
544 428 666 447 amorem
678 416 732 445 mei
743 415 901 444 accendere.
924 412 1014 454 Tacit.
1030 411 1098 441 Hist.
1114 411 1162 442 lib.
1175 421 1200 441 1.
1218 416 1262 449 83.
1278 413 1303 440 6.

262 458 415 497 Impensius
427 457 542 486 accendi
553 456 711 484 certamina.
739 453 796 481 Liv.
815 461 835 480 1.
853 450 956 480 Decad.
974 449 1023 478 lib.
1033 461 1061 486 4.

263 498 352 529 IEstus
368 496 482 524 medios.
517 494 589 530 Virg.
607 493 703 528 Georg.
717 501 743 525 4.
757 498 821 524 401.
935 526 940 531 ¹

343 533 403 570 lpsa
416 542 467 569 ego
482 538 524 566 te,
545 531 652 559 medios
666 537 729 557 cum
743 525 781 555 sol
796 525 955 554 accenderit
966 524 1054 558 aestus,

344 571 415 600 Cum
428 570 521 598 litiunt
533 568 623 597 herbae
633 588 641 601 ,
662 564 793 602 &pecori
805 564 862 599 jam
876 564 976 601 gratior
990 562 1088 592 umbra
1103 562 1151 598 est,

343 609 374 638 In
388 608 489 636 secreta
506 606 576 634 senis
590 605 698 632 ducam.

263 646 400 684 Clypeum
412 654 487 673 auro.
512 642 557 672 Sil.
572 640 628 670 Ital.
646 639 693 668 lib.
709 649 750 675 15.
768 642 831 675 678.

342 683 376 712 Et
386 681 501 719 gemmis
515 679 619 716 galeam
628 700 636 712 ,
657 676 843 715 clypeumque
856 676 1021 706 accenderat
1030 686 1106 706 auro.

263 720 355 750 Curas.
389 719 436 748 Sil.
449 717 505 747 Ital.
522 717 569 745 lib.
583 725 607 752 7.
623 725 688 751 529.

343 758 433 793 Quem
446 755 588 792 postquam
598 763 627 782 ra
649 754 728 782 idum
736 752 807 781 vidit
818 752 969 789 procedere
981 752 1081 785 castris,

342 795 414 824 Hinc
425 792 523 829 Libys,
545 791 611 820 liinc
635 790 721 820 ‘abins
731 812 739 825 ‚
759 789 839 820 simul
850 790 1002 820 accendere
1012 789 1120 827 sagaces

340 832 372 860 In
385 831 504 859 subitum
518 838 604 858 curas.

260 868 431 898 Desiderium
442 867 528 905 panis.
560 866 624 896 Plin.
645 865 690 895 lib.
708 877 748 902 19.
767 876 825 904 cap.
838 877 865 903 4.

259 908 369 942 Equum
381 904 505 935 stimulis.
534 904 599 934 Stat.
617 914 638 934 1.
660 903 731 941 Sylv.
750 914 772 933 1.
791 914 833 940 39.

260 944 368 974 febres.
402 942 471 972 Cels.
488 942 535 971 lib.
552 951 575 979 3.
592 952 651 980 cap.
666 952 690 978 9.
737 942 792 971 Sed
812 943 850 971 est
865 940 1048 979 circunspeffi
1064 948 1176 977 quoque
1195 937 1334 973 hominis,
1355 938 1382 969 ἀ

279 982 380 1010 novare
391 980 532 1009 interdum
541 1002 549 1015 ,
571 982 597 1010 δι
607 990 706 1017 augere
716 980 845 1010 morbum
854 1002 862 1015 ,
884 981 910 1010 δε
921 979 1010 1009 febres
1024 978 1186 1009 accendere.

257 1019 364 1056 Ignem.
395 1018 465 1055 Virg.
481 1029 504 1053 5.
521 1018 582 1047 ffin.
594 1029 620 1054 4.

408 1066 513 1093 —quae
527 1062 636 1085 tantum
649 1055 808 1087 accenderit
821 1056 915 1093 ignem

340 1093 426 1123 Causa
440 1093 515 1123 latet.

258 1129 388 1169 Lignum.
420 1131 502 1161 Ovid.
521 1142 562 1165 1<-
578 1131 649 1161 Met.
663 1140 726 1167 311.

340 1169 467 1198 Admotis
478 1169 636 1198 Atliamanis
649 1170 725 1205 aquis
736 1168 888 1199 accendere
899 1167 1007 1205 lignum

339 1207 470 1236 Narratur
479 1229 487 1242 ,
506 1207 638 1236 minimos
649 1211 736 1243 quum
746 1205 813 1235 luna
821 1205 929 1235 recellit
944 1206 975 1235 in
985 1204 1074 1234 orbes.

258 1243 376 1275 Lumen.
407 1245 478 1282 Virg.
496 1254 518 1274 1.
537 1244 635 1282 Georg.
649 1254 712 1280 251.

339 1282 400 1312 Illic
412 1282 468 1311 sera
481 1282 582 1311 rubens
593 1283 723 1311 accendit
734 1282 840 1312 lumina
851 1281 955 1319 vesper.

258 1319 388 1350 Martem.
419 1320 491 1357 Virg.
505 1324 529 1349 6.
547 1320 608 1349 [En.
626 1324 686 1355 1⁶5·
1077 1344 1078 1348 ,

340 1358 402 1387 JEre
414 1359 485 1387 ciere
495 1358 568 1386 viros
578 1380 585 1391 ,
606 1357 781 1394 Martemque
792 1357 946 1387 accendere
958 1361 1051 1386 cantu.

257 1395 371 1427 Menres
382 1396 412 1425 in
423 1395 524 1433 praelia.
551 1395 598 1424 Sil.
611 1406 636 1431 4.
655 1398 714 1431 169.

414 1433 489 1462 —in
503 1433 596 1470 praelia
609 1440 718 1462 mentes

338 1471 473 1500 Accendis
483 1493 491 1506 ,
513 1480 682 1508 renovasque
692 1471 764 1500 viros
774 1470 809 1499 ad
819 1469 934 1499 vulnera
944 1474 1037 1499 cantu.
1167 1504 1173 1510 ¹
1346 1503 1351 1509 ι
1373 1502 1378 1509 .

259 1508 443 1539 Offensiones.
472 1508 560 1538 Tacit.
573 1509 642 1537 Ann.
656 1508 702 1537 lib.
717 1518 742 1537 2.
781 1508 961 1538 Germanicus
972 1513 1030 1536 erat
1041 1504 1222 1539 clementior,
1241 1502 1289 1533 sed
1299 1512 1381 1534 amici

277 1547 464 1576 accendendis
476 1546 674 1575 offensionibus
685 1546 779 1575 callidi
789 1568 797 1582 ,
818 1545 964 1575 intendere
975 1554 1040 1575 vera
1049 1566 1058 1580 ,
1079 1552 1206 1581 aggerere
1217 1541 1290 1572 falsa.

256 1583 355 1614 Pectus
365 1585 455 1613 donis.
480 1583 527 1613 Sil.
541 1584 599 1613 ital.
615 1584 662 1612 lib.
677 1587 718 1613 16.

337 1622 387 1651 His
399 1622 464 1651 actis
472 1643 481 1657 ,
501 1623 600 1651 ductor
610 1622 672 1651 laeta
683 1621 717 1650 ad
729 1620 879 1650 certamina
888 1620 993 1659 plantae

335 1659 454 1695 Invitat,
475 1660 624 1697 positisque
635 1659 763 1689 accendit
772 1660 886 1696 pectora
896 1658 987 1688 donis.

254 1697 408 1727 Pertinacia
426 1698 596 1726 accenditur.
628 1697 717 1727 Tacit.
736 1696 802 1726 Hist.
816 1707 843 1732 4.
881 1696 955 1726 Vicit
968 1695 1038 1725 ratio
1050 1695 1202 1732 parcendi,
1227 1703 1263 1723 ne
1276 1692 1381 1723 sublata

273 1735 320 1773 spe
335 1735 422 1764 veniae
432 1757 439 1769 ,
460 1736 611 1772 pertinacia
622 1735 828 1764 accenderetur.

253 1772 376 1803 Pretium
396 1773 435 1802 rei
449 1773 565 1809 alicujus
583 1773 745 1802 accendere.
784 1772 853 1801 Pliii.
874 1771 922 1800 lib.
937 1776 979 1805 18.
1000 1780 1059 1808 cap.
1071 1780 1116 1805 25.
1159 1768 1265 1799 Nubilo
1281 1768 1380 1799 occasu

271 1810 426 1849 pluviosam
435 1810 564 1849 hyemem
576 1811 723 1840 denuntiat
731 1833 739 1844 ,
760 1811 905 1847 statimque
915 1815 1019 1846 augent
1027 1809 1200 1839 lacernarum
1213 1807 1320 1846 pretia:
1342 1807 1382 1836 se.

272 1858 340 1877 reno
353 1848 473 1886 asperam
482 1871 490 1883 ,
512 1850 538 1878 8<
548 1849 716 1887 reliquarum
728 1848 844 1879 vestium
857 1847 1024 1877 accendunt.

252 1886 362 1916 Sensus.
390 1886 497 1915 Lucret.
514 1886 561 1916 lib.
576 1896 600 1916 2.
619 1897 683 1925 957.

335 1925 369 1954 Et
382 1924 454 1962 quasi
467 1925 523 1960 jam
536 1924 604 1954 lethi
619 1925 812 1954 dominantem
825 1924 855 1953 in
869 1932 986 1960 corpore
999 1927 1110 1952 motum

335 1961 477 1992 Discutere
487 1985 495 1997 ,
514 1972 547 1992 ac
558 1972 631 2000 pene
641 1962 750 1992 amissos
761 1961 915 1992 accendere
924 1960 1025 1990 sensus.

252 1999 343 2029 Sitiin.
374 1999 442 2029 Cels.
459 1999 505 2030 lib.
521 2010 543 2036 3.
561 2011 620 2038 cap.
635 2004 659 2030 6.
700 2000 768 2030 Haec
787 2000 863 2029 enim
874 1999 947 2028 sitim
960 1996 1107 2033 accendit,
1138 1998 1164 2027 &
1181 2001 1241 2026 tum
1259 1996 1379 2026 maxime

273 2047 372 2075 aquam
384 2038 486 2075 exigit,
508 2048 595 2075 quum
605 2038 652 2068 illa
662 2037 887 2076 periculosiffima
897 2037 942 2066 est.
981 2036 1117 2073 Loquitur
1132 2035 1166 2064 de
1177 2034 1261 2064 febre.

254 2075 348 2114 Spem.
380 2075 469 2105 Tacit.
487 2076 556 2105 Ann.
573 2086 614 2106 12.
655 2076 696 2106 Ad
712 2077 766 2105 hoc
784 2075 910 2113 gentium
929 2075 1059 2104 ductores
1073 2073 1236 2108 circumire,
1258 2072 1378 2107 hortari,

273 2114 516 2157 firmare-animos,
536 2114 692 2144 minuendo
703 2120 797 2150 metu,
821 2112 1002 2144 accendenda
1013 2112 1078 2151 spe,
1105 2111 1221 2149 aliisque
1231 2110 1297 2141 belli
1310 2110 1380 2141 irici-

273 2158 412 2181 tainentis.

254 2190 334 2219 Vitia.
360 2189 443 2219 Ovid.
460 2199 482 2218 1.
499 2189 534 2218 de
544 2188 624 2218 Rem.
636 2189 727 2219 Amor.
743 2198 803 2226 133.

335 2227 496 2264 Quinetiam
511 2228 646 2257 accendas
661 2228 742 2262 vitia,
763 2228 908 2264 irritesque
921 2225 1052 2262 vetando,

370 2264 558 2303 Temporibus
572 2265 590 2293 fi
605 2275 662 2294 non
677 2266 833 2303 aggrediare
847 2264 910 2294 suis.

216 2307 239 2337 A
247 2315 264 2335 c
274 2313 291 2333 c
300 2312 314 2331 s
322 2312 343 2332 N
351 2312 369 2331 i>
378 2313 395 2332 o
406 2313 420 2331 R
429 2325 437 2339 ,
460 2304 521 2332 Eris.
543 2302 610 2340 paff.
633 2298 849 2340 [zlffnvga'opmq]
878 2302 947 2333 Plin.
960 2300 1008 2331 lib.
1021 2310 1046 2331 2.
1067 2310 1126 2339 cap.
1140 2305 1182 2336 38.
1220 2300 1324 2331 Mundi
1336 2310 1379 2330 ce-

255 2341 362 2373 leritate
373 2340 508 2370 discordia
519 2341 689 2371 accenditur.

254 2379 377 2410 Accendi
389 2380 416 2408 ὁὶ
426 2379 604 2408 commoveri.
634 2378 691 2408 Cic.
705 2378 741 2408 de
753 2378 829 2408 Orat.
845 2387 867 2407 1.
884 2387 946 2414 114.
987 2376 1118 2408 Praeclare
1128 2377 1154 2406 se
1165 2385 1208 2406 res
1218 2376 1337 2413 habeat,
1359 2376 1380 2409 fi

275 2419 334 2447 haec
345 2417 461 2445 accendi
471 2424 519 2446 aut
529 2417 699 2446 commoveri
710 2427 725 2446 a
734 2422 762 2447 te
776 2415 896 2454 possunt.

254 2454 423 2489 Accendier,
440 2464 489 2492 per
499 2464 669 2492 paragogen,
690 2464 740 2492 pro
752 2454 889 2483 infinitivo
899 2453 1030 2483 Accendi.
1057 2452 1167 2483 Lucret-
1179 2451 1228 2482 lib.
1240 2455 1266 2482 6.
1280 2462 1342 2489 901.

331 2492 436 2521 Nonne
447 2493 524 2521 vides
534 2492 617 2521 etiam
627 2493 762 2522 nocturna
773 2492 808 2521 ad
818 2492 925 2522 lumina
934 2491 1025 2520 linum

331 2529 429 2568 Nuper
440 2529 487 2559 ubi
498 2530 652 2560 extintstum
662 2530 810 2563 admoveas
819 2552 827 2566 ,
848 2529 995 2559 accendier
1005 2534 1078 2564 ante,

331 2567 425 2604 Quam
438 2568 529 2605 tetigit
541 2568 681 2597 flammam
689 2569 703 2597 ἰ)

218 2607 290 2635 Acc
299 2615 313 2634 iz
322 2615 341 2634 N
351 2615 363 2634 s
372 2615 410 2633 us
421 2627 428 2640 ,
450 2605 545 2635 Partic.
567 2611 600 2634 ut
613 2605 733 2635 Accensa
743 2604 837 2635 altaria
855 2597 1124 2642 [alst-xenwuiQ—u]
1152 2601 1199 2632 Sil.
1211 2602 1269 2632 Ital.
1288 2602 1336 2632 lib.
1351 2613 1374 2633 1.

253 2642 391 2674 Accensus
401 2643 430 2671 in
440 2653 522 2673 arma.
551 2642 653 2673 Patere.
669 2643 717 2672 lib.
730 2653 755 2673 2.
768 2653 811 2679 91.
831 2652 854 2672 1.
892 2643 977 2672 Atrox
988 2642 1018 2671 in
1028 2641 1147 2672 Thracia
1156 2640 1263 2671 belluni
1274 2647 1375 2678 ortum,

273 2680 404 2710 omnibus
415 2681 474 2716 ejus
488 2681 577 2718 gentis
589 2681 749 2710 nationibus
760 2681 789 2710 in
800 2690 874 2709 arma
883 2680 1011 2710 accensis.

254 2719 390 2749 Accensus
401 2718 485 2753 odio,
507 2719 562 2755 ira,
583 2728 684 2749 amore.
716 2718 784 2748 Plin.
798 2718 846 2748 lib.
864 2727 906 2755 17.
922 2727 981 2756 cap.
997 2727 1021 2747 1.

253 2757 407 2795 Cupidines
418 2756 548 2786 accensae.
570 2756 660 2786 Tacit.
675 2756 742 2786 Hist.
759 2766 781 2786 1.

252 2795 376 2825 Flamma
387 2794 507 2823 accensa.
530 2794 613 2824 Ovid.
629 2804 670 2823 10.
687 2794 755 2825 Met.
769 2804 834 2832 279.

256 2833 326 2862 Foci.
351 2832 435 2861 Ovid.
452 2842 473 2862 1.
492 2832 558 2862 Fast.
574 2835 618 2868 76.

252 2871 339 2901 Furiis
350 2869 488 2900 accensus.
511 2869 583 2907 Virg.
600 2879 640 2899 12.
657 2869 721 2900 AEn.
733 2872 797 2906 946.

253 2909 362 2939 Furore.
386 2907 457 2945 Virg.
473 2919 497 2944 4.
516 2907 578 2938 JEn.
593 2910 655 2944 697.

252 2947 333 2983 Ignis.
360 2946 443 2976 Ovid.
460 2955 501 2975 12.
519 2945 588 2975 Met.
604 2955 647 2975 12.

254 2985 285 3013 ln
298 2985 373 3013 iram.
399 2983 501 3013 Lucan.
518 2983 566 3012 lib.
581 2992 605 3020 3.
628 2983 663 3013 Et
676 2982 744 3012 Plin.
760 2991 801 3020 17.
816 2991 843 3017 4.

254 3022 305 3088 Irffi
329 3021 448 3050 accensae
468 3021 584 3052 stimulis
603 3020 763 3057 majoribus.
801 3019 867 3050 Stat.
894 3026 935 3048 11.
967 3015 1057 3049 Theb.
1083 3027 1144 3049 100.
1190 3016 1226 3049 Et
1244 3016 1328 3049 Ovid.
1350 3027 1375 3055 9.

308 3066 342 3088 et.
358 3065 401 3093 28.

256 3097 391 3126 Libidine.
421 3096 488 3126 Plin.
506 3096 552 3126 lib.
569 3106 612 3134 35.
627 3106 688 3135 cap.
705 3105 729 3135 3.

255 3135 352 3163 Luc'tu.
376 3134 446 3171 Virg.
464 3145 503 3163 12.
518 3134 580 3164 AEn.
594 3144 658 3172 277.

256 3171 362 3202 Sensus.
388 3171 494 3201 Lucret
512 3172 558 3203 lib.
571 3182 596 3202 2.
610 3179 674 3209 958.

258 3211 326 3247 Spes
338 3209 420 3238 alicui
431 3209 551 3240 accensa.
582 3210 653 3248 Virg.
670 3220 692 3247 ς.
708 3208 769 3240 AEn.
786 3214 847 3245 183.

257 3248 303 3278 Sic
314 3246 432 3277 accensa.
457 3247 526 3284 Virg.
540 3259 566 3284 4.
583 3248 645 3279 AEn.
659 3251 721 3285 3⁶4·
803 3244 1012 3281 -Totumque
1025 3249 1147 3282 pererrat

338 3284 500 3314 Luminibus
513 3286 603 3315 tacitis
613 3309 621 3321 ,
643 3288 669 3316 Sc
681 3285 716 3315 {ic
727 3283 840 3314 accensa
872 3283 982 3312 rufatur.

223 3324 293 3353 Acc
303 3332 316 3351 ε
324 3332 344 3350 Ν
354 3332 365 3351 s
376 3332 391 3350 u
401 3332 412 3350 s
423 3344 430 3356 ,
450 3322 468 3351 i.
494 3322 527 3351 ab
540 3324 581 3353 Ad
591 3325 617 3354 ἃ
632 3323 736 3354 Census
749 3331 851 3359 compo
864 3328 933 3350 itum
954 3316 1296 3360 [wnmryesapfm'v&n]
1326 3317 1379 3348 Ve-

259 3367 303 3390 tus
324 3359 405 3388 Inscri
429 3360 467 3388 tio
487 3370 501 3388 a
523 3361 561 3389 ud
588 3362 727 3391 Constant.
750 3359 877 3390 Landum
895 3359 923 3388 in
942 3357 1040 3388 Seleer.
1069 3357 1205 3386 Numilin.
1227 3366 1254 3393 p.
1279 3362 1318 3389 18.
1344 3357 1376 3386 C.

260 3397 383 3427 OPPlVS
420 3398 435 3426 “.
457 3396 484 3425 L.
507 3415 508 3418 =
530 3398 647 3428 EONAS
669 3400 703 3429 Vl
727 3398 788 3428 VIR
817 3397 865 3427 ET
893 3395 971 3426 AVG.
995 3393 1223 3425 HONORATVS
1243 3394 1282 3424 IN
1303 3394 1379 3423 TRi-

259 3435 305 3465 BV
326 3433 378 3464 CL.
400 3434 550 3464 PATRVM
571 3435 620 3465 ET
638 3435 800 3466 LIBERVM
819 3432 1013 3464 CLlENTVM
1031 3431 1219 3462 ACCENSVS.
1257 3431 1330 3460 Varr.
1343 3432 1378 3461 de

261 3473 337 3509 Ling.
348 3472 406 3501 Lat.
420 3472 466 3501 lib.
479 3476 503 3501 6.
519 3481 542 3508 3.
576 3474 710 3503 Accensos
721 3473 916 3503 ministratores
926 3471 995 3501 Cato
1004 3470 1058 3500 effe
1068 3469 1166 3499 scribit.
1189 3469 1281 3498 Festus
1292 3469 1338 3498 lib.
1354 3480 1376 3498 1.

262 3509 408 3547 Ascriptitii
422 3509 507 3538 veluti
544 3510 637 3540 uidam
654 3512 746 3549 scripti
761 3511 947 3545 dicebantur,
978 3509 1026 3546 qui
1041 3507 1203 3545 supplendis
1223 3506 1379 3544 legionibus

261 3547 471 3577 ascribebantur.
513 3519 572 3576 iios
590 3549 616 3577 Sc
633 3549 766 3578 Accensos
784 3549 932 3583 dicebant,
963 3546 1038 3584 quod
1057 3545 1092 3575 ad
1107 3545 1249 3582 legionum
1266 3544 1379 3574 censum

262 3585 348 3614 essent
359 3585 475 3622 ascripti.
514 3585 637 3621 Quidam
648 3586 756 3616 Velatos
765 3608 773 3621 ,
795 3587 870 3623 quod
880 3585 966 3615 vestiti
984 3585 1102 3613 inermes
1113 3583 1290 3619 sequerentur
1303 3592 1380 3611 exer-

263 3624 349 3652 citum
358 3645 365 3656 ,
386 3621 515 3651 nonnulli
525 3622 695 3653 ferentarios
705 3647 712 3659 ,
727 3624 806 3661 quod
815 3624 909 3654 fundis
918 3622 1111 3660 lapidibusque
1122 3620 1269 3658 praeliaturi
1280 3629 1312 3649 ea
1322 3630 1380 3648 mo-

263 3661 301 3689 do
312 3660 431 3695 ferrent,
452 3669 512 3696 quat
530 3661 558 3688 in
570 3661 658 3689 hostes
672 3662 799 3695 iacerent.
837 3660 887 3690 Alii
898 3661 1041 3695 Rorarios,
1063 3659 1139 3697 quod
1151 3655 1180 3687 id
1192 3668 1277 3695 genus
1292 3657 1381 3685 homi-

263 3707 331 3726 num
343 3703 406 3725 ante
417 3720 424 3730 ,
446 3707 527 3734 quam
541 3698 612 3726 acics
630 3699 753 3732 coirent.
774 3699 802 3726 in
817 3699 933 3728 modum
949 3698 1064 3727 rorantis
1080 3696 1247 3733 tempestatis
1266 3695 1380 3723 dimica-

264 3742 313 3764 ret.
348 3734 401 3763 Ubi
416 3734 511 3770 Scalig.
528 3736 554 3764 Sc
567 3735 660 3764 baeer.
674 3736 705 3764 V.
743 3736 851 3764 Nonius
863 3737 946 3765 Marc.
962 3735 1073 3765 Accenii
1084 3757 1092 3769 ,
1114 3743 1200 3772 genus
1211 3733 1316 3762 militiae
1331 3732 1378 3767 est,

264 3772 513 3801 administrantibus
528 3773 694 3808 proximum.
724 3773 794 3802 Varr.
808 3773 920 3802 R'nctor.
938 3773 984 3802 lib.
997 3783 1040 3802 20.
1080 3772 1117 3801 Ut
1128 3770 1260 3800 Consules
1272 3781 1302 3799 ac
1314 3770 1381 3799 Prie-

263 3816 353 3843 tores,
383 3809 428 3845 qui
443 3809 591 3845 sequuntur
606 3810 633 3837 iri
653 3811 752 3843 castra,
780 3811 890 3838 siccensi
910 3811 994 3843 dieti,
1023 3811 1098 3847 quod
1110 3809 1144 3838 ad
1162 3808 1321 3838 nceess‘arias
1339 3817 1380 3836 res

264 3847 361 3883 saepius
380 3847 537 3879 acciuntur,
565 3846 641 3875 velut
655 3848 789 3877 iic-censiti.
822 3847 907 3875 idem.
925 3858 964 3876 12.
983 3854 1008 3880 8.
1046 3848 1217 3876 Decuriones
1234 3849 1260 3876 δι
1278 3847 1381 3877 Centu-

1863 65 1892 99 A
1984 65 2014 99 C
2111 63 2141 99 C

1470 145 1562 173 riones
1573 152 1588 171 a
1598 152 1715 171 numero
1731 144 1777 173 cui
1794 144 1824 174 in
1839 144 1939 174 militia
1951 150 2103 182 praeerant,
2131 144 2312 179 dicebantur,
2341 144 2452 175 Accensi
2462 166 2470 180 ,
2491 146 2537 181 qui
2549 145 2594 176 hin

1471 180 1703 223 accensebantur,
1723 181 1751 209 id
1764 181 1821 215 est,
1848 183 2075 213 attribuebantur.
2102 182 2176 211 Varr.
2193 182 2228 210 de
2241 182 2303 210 Vita
2321 181 2386 219 Pop.
2406 181 2485 211 Rom.
2503 182 2548 211 lib.
2566 193 2590 218 3.

1472 219 1530 254 Qui
1542 218 1576 246 dc
1591 217 1754 254 Ascriptivis.
1794 219 1865 248 Cum
1879 228 1956 251 erant
1971 220 2094 249 attributi
2109 219 2314 249 Decurionibus
2328 221 2353 248 ἃ*
2365 219 2592 254 centurionibus,

1473 256 1521 293 qui
1538 265 1635 284 eorum
1649 254 1755 284 habent
1771 266 1919 287 numerum
1929 280 1936 293 ,
1964 258 2070 287 accensi
2085 258 2262 287 vocabantur.
2303 256 2419 286 Eosdem
2434 257 2518 285 etiam
2534 259 2593 294 qui-

1474 292 1538 323 dam
1552 292 1691 321 vocabant
1708 293 1896 329 Ferentarios.
1927 297 1974 333 qui
1991 295 2189 333 depugnabant
2208 294 2303 323 fundis
2322 296 2347 323 Sc
2363 294 2501 332 lapidibus
2513 316 2520 329 ,
2552 294 2595 324 his

1473 331 1573 365 armis,
1594 330 1816 371 quae-ferrentur,
1837 342 1895 361 non
1905 343 1964 370 quae
1973 339 2142 363 tenerentur.
2170 332 2303 361 Haecine.
2325 331 2417 365 Liv.8.
2434 337 2459 365 8.
2492 331 2595 360 Accen-
2615 352 2617 354 -

1474 369 1516 398 sos
1535 378 1551 397 a
1571 367 1715 397 novillima
1734 369 1793 399 acie
1811 375 1874 399 ante
1893 370 1966 408 signa
1984 371 2135 408 procedere
2154 369 2241 405 jubet.
2274 369 2369 405 Veget.
2388 369 2436 398 lib.
2453 379 2477 398 2.
2501 369 2536 397 de
2553 369 2596 399 Re

1474 406 1560 436 Milit.
1599 405 1641 434 Ad
1660 405 1790 443 obsequia
1808 413 1903 436 tamen
1920 409 2047 444 judicum
2059 431 2066 443 ,
2094 407 2139 437 vel
2158 407 2352 441 tribunorum,
2381 416 2493 436 necnon
2511 407 2596 437 etiam

1473 442 1671 511 principalium
1681 465 1689 478 ,
1717 444 1921 482 deputabantur
1931 445 2050 479 milites,
2072 446 2118 482 qui
2133 445 2303 474 vocabantur
2313 444 2428 475 accensi.
2466 444 2529 473 Hoc
2547 445 2595 481 est,

1496 482 1569 509 ostea
1582 480 1669 521 additi
1687 491 1768 518 quam
1781 482 1872 513 fuisset
1890 483 1963 520 legio
1982 483 2138 520 completa,
2163 492 2231 519 quos
2247 491 2323 512 nunc
2337 482 2598 519 Supernumerarios

1475 524 1595 560 vocant.¹
1623 518 1720 560 Alcon.
1736 520 1771 548 de
1790 519 1866 550 Praet.
1882 513 1947 550 Urb.
1964 531 1991 558 p.
2006 531 2049 556 90.
2093 519 2227 549 Accensus
2239 542 2246 554 ,
2275 529 2380 548 nomen
2394 520 2432 548 est
2446 520 2550 549 ordinis
2569 522 2597 550 Sc

1475 563 1661 595 promotionis
1678 557 1707 585 in
1724 557 1841 587 militia:
1872 565 1903 587 iit
1917 568 1992 587 nunc
2013 558 2114 586 dicitur
2132 557 2260 594 Princeps
2276 556 2321 586 vel
2336 557 2597 587 Commentariensis

1473 601 1524 661 {lm
1544 593 1758 627 Cornicularius.
1806 596 1873 626 Haec
1899 597 1975 625 enim
1995 596 2109 624 nomina
2133 595 2168 625 de
2193 594 2344 632 legionaria
2369 594 2469 627 militia
2488 595 2597 636 sumpta

1487 638 1544 660 unt.

1475 669 1631 703 Accensus,
1663 673 1694 697 ut
1713 669 1833 700 ostendit
1854 671 1927 700 Varr.
1951 670 1997 699 lib.
2022 681 2045 706 ς.
2067 670 2102 699 de
2122 669 2199 707 Ling.
2215 669 2273 699 Lat.
2305 669 2358 699 fuit
2375 671 2456 699 etiam
2478 670 2600 700 minister

1495 708 1549 737 sive
1563 716 1653 744 praeco
1669 708 1872 744 magistratuum
1883 731 1890 743 ,
1912 710 1950 737 ita
1964 709 2054 739 dictus
2065 730 2073 744 ,
2095 708 2171 745 quod
2187 708 2222 736 ad
2235 707 2348 737 censum
2364 707 2459 737 solitus
2471 707 2538 736 esset
2550 718 2599 737 vo-

1496 755 1557 774 care
1569 743 1714 782 populum.
1744 745 1813 776 Plin.
1829 746 1876 775 lib.
1890 756 1915 783 7.
1932 756 1992 784 cap.
2005 751 2049 775 60.
2068 756 2089 776 1.
2131 745 2191 774 Post
2207 745 2313 783 aliquot
2324 756 2412 775 annos
2423 745 2545 781 adjectus
2561 746 2600 779 est

1498 784 1524 812 St
1546 782 1693 817 iiieridieS,
1726 784 1841 812 accenso
1864 784 2016 814 Consulum
2036 784 2066 812 id
2084 784 2292 822 pronuntiante.
2332 784 2389 813 Cic.
2411 783 2446 813 ad
2467 783 2502 820 Q.
2522 784 2597 813 fratr.

1495 820 1544 850 lib.
1562 830 1582 849 1.
1606 830 1626 849 1.
1667 820 1802 851 Accensus
1818 822 1848 850 sit
1862 832 1896 850 eo
1911 823 1995 852 etiam
2011 831 2146 856 numere,
2168 831 2223 858 quo
2237 831 2302 850 eum
2320 822 2438 857 majores
2451 821 2534 850 nostri
2545 821 2599 850 eise

1497 858 1662 888 voluerunt:
1693 858 1740 895 qui
1759 859 1813 888 hoe
1827 869 1883 888 non
1898 860 1927 888 in
1946 859 2075 888 beneficii
2091 859 2155 889 loco
2166 881 2174 894 ,
2201 858 2248 888 sed
2263 859 2294 888 in
2311 858 2412 889 laboris
2426 868 2457 890 ac
2476 859 2599 891 muneris

1498 905 1555 924 non
1567 902 1671 924 temere
1681 917 1689 930 ,
1709 895 1757 924 nisi
1771 896 1876 926 libertis
1888 897 1942 926 suis
1956 897 2125 928 deferebant.

1478 933 1615 965 Accensus
1631 933 1657 962 ἃ
1676 932 1767 963 Pra’co
1785 935 1814 963 iri
1829 935 1883 964 hoc
1900 936 2090 970 conveniunt,
2118 934 2194 972 quod
2208 933 2290 963 ambo
2311 933 2438 964 Consulis
2454 934 2601 965 alteriusve

1498 971 1668 1008 magistratus
1680 971 1755 1000 dicio
1772 972 1808 1002 ad
1821 973 1970 1010 imperium
1987 978 2142 1010 nutumque
2153 972 2250 1010 praesto
2264 971 2367 1001 essent:
2397 971 2482 1002 atille
2491 995 2500 1007 ,
2521 979 2552 1002 ut
2565 973 2602 1002 ad

1499 1010 1685 1044 concionem,
1707 1009 1769 1047 hic,
1789 1016 1820 1039 ut
1837 1012 1872 1040 ad
1886 1011 1999 1040 comitia
2011 1010 2135 1046 Quirites
2153 1010 2309 1039 advocaret.
2338 1010 2414 1039 Alex.
2434 1010 2467 1039 ab
2481 1010 2557 1039 Alex.
2571 1021 2599 1040 2.
2646 1030 2647 1034 ,

1499 1046 1606 1090 Genial.
1622 1056 1682 1084 cap.
1696 1056 1741 1084 27.
1778 1047 1809 1079 V.
1831 1048 1867 1079 de
1886 1048 2012 1081 Accensis
2030 1048 2123 1080 Rosin.
2143 1048 2233 1086 Antiq.
2254 1047 2334 1078 Rom.
2348 1057 2372 1085 7.
2389 1053 2435 1084 48.
2467 1049 2494 1078 δι
2509 1048 2602 1082 Pitisci

1497 1084 1621 1115 Lexicon
1634 1085 1725 1121 Antiq.
1741 1085 1771 1115 in
1783 1086 1876 1118 vei-bo,
2219 1087 2222 1089 ’

1441 1125 1658 1157 ΛεεΕΝτυε,
1680 1122 1881 1158 V.ACC1NO.

1442 1164 1624 1196 Accerso,
1645 1160 1676 1190 V.
1695 1170 1856 1192 ACCIPIO.

1443 1201 1743 1235 ACCEPTILATIO,
1779 1200 1984 1236 Accaerro,
2020 1199 2212 1236 AccaPTo,
2246 1200 2464 1236 Acer-mori,
2494 1201 2602 1230 Accii.

1481 1246 1578 1265 PTus.
1609 1236 1639 1266 V.
1657 1245 1818 1268 aceirro.

1442 1276 1642 1309 AccEasro,
1664 1274 1718 1309 ivi,
1738 1274 1825 1310 itum,
1847 1272 2040 1311 [μεῶιπέμπω]
2068 1275 2116 1305 ire.
2144 1275 2226 1304 Idem
2258 1275 2317 1304 uod
2331 1274 2492 1310 Accersere,
2519 1275 2603 1304 advo-
2648 1305 2654 1312 Ι,

1479 1322 1550 1342 care.
1580 1311 1673 1343 Plaud.
1687 1311 1782 1342 Pseud.
1800 1323 1823 1342 1.
1840 1322 1863 1349 3.
1880 1322 1925 1349 92.
1962 1313 2067 1342 Accessi
2086 1313 2195 1342 hostias.
2263 1313 2327 1350 ulgo
2349 1313 2464 1342 Arceffe.
2494 1312 2552 1342 Liv.
2576 1323 2601 1345 1.
2648 1313 2651 1319 “

1477 1349 1582 1415 Decad.
1593 1349 1693 1416 lib.b3.t
1721 1350 1831 1381 Placere
1841 1352 1935 1389 itaque
1945 1358 2052 1390 patrem
2062 1351 2192 1380 accersiri.
2217 1350 2324 1383 Sallust.
2349 1351 2487 1380 Postremo
2498 1350 2602 1389 Syllam

1477 1398 1557 1417 aecer
1570 1397 1600 1416 iri
1626 1398 1643 1416 u
1666 1397 1680 1416 e
1695 1410 1702 1418 .

1476 1398 1744 1493 Acceriisrejcapitim
1770 1426 1912 1458 Accusare.
1954 1426 2012 1456 Cic.
2027 1435 2052 1456 2.
2077 1426 2113 1458 de
2132 1427 2240 1456 Invent.
2262 1436 2322 1464 193.
2362 1426 2487 1464 Quidam
2504 1427 2604 1469 capitis

1440 1472 1686 1537 Αοῗῑεξιῗειὲἷῃῗςῗ
1706 1501 1762 1537 Tvi.
1782 1503 1872 1538 itum,
1893 1502 2083 1538 [μετακειλέω]
2103 1502 2157 1531 Ere.
2181 1502 2344 1532 Derivatum
2355 1502 2389 1531 ab
2400 1502 2502 1537 Accio,
2522 1502 2604 1540 signi-

1478 1539 1542 1569 ficat
1559 1539 1601 1571 Ire
1619 1540 1655 1568 ad
1673 1540 1848 1575 vocandum,
1877 1540 1921 1572 vel
1938 1540 2052 1569 Vocare.
2089 1540 2204 1569 Accerso
2218 1540 2302 1577 vulgo
2319 1540 2462 1575 scribitur,
2490 1540 2537 1569 sed
2551 1541 2603 1569 nii-

1478 1587 1531 1607 nus
1550 1579 1622 1607 recle
1637 1599 1646 1611 ,
1680 1587 1731 1615 pro
1752 1578 1867 1607 Arcesso.
1915 1578 1950 1607 Et
1968 1577 2095 1606 Vocandi
2117 1578 2264 1607 notionem
2282 1578 2366 1608 habet
2384 1580 2410 1608 δε
2428 1577 2600 1614 Accusandi,

1478 1625 1593 1652 quarum
1616 1615 1701 1645 altera
1719 1625 1754 1646 ex
1767 1616 1852 1653 priori
1871 1622 1964 1645 manat
1979 1637 1987 1651 ,
2017 1616 2081 1653 quia
2101 1616 2147 1652 qui
2167 1616 2282 1645 Accusat
2301 1616 2389 1645 Vocat
2407 1617 2437 1645 iri
2457 1616 2604 1651 judicium.

1478 1653 1572 1683 Velius
1588 1653 1717 1690 Longus,
1740 1660 1819 1682 vetus
1836 1653 2037 1683 Grammaticus
2055 1654 2090 1683 de
2104 1653 2309 1691 Orthographia
2336 1654 2429 1690 (Edit.
2443 1653 2549 1683 Putsch.
2570 1665 2601 1692 p.

1478 1692 1583 1727 2232.)
1602 1691 1710 1720 erudite
1724 1690 1756 1720 In
1772 1701 1805 1720 eo
1818 1691 1893 1728 quod
1904 1692 1942 1720 est
1955 1694 1976 1720 A
1985 1702 2000 1720 R
2010 1701 2026 1720 c
2035 1701 2049 1719 E
2058 1701 2069 1720 s
2078 1701 2090 1720 s
2099 1700 2116 1719 o
2125 1713 2133 1726 ,
2154 1692 2175 1720 A
2184 1701 2227 1720 cc
2236 1701 2294 1722 aas
2303 1701 2320 1720 o
2337 1699 2506 1729 putaverunt
2517 1702 2604 1729 quan-

1478 1729 1543 1757 dam
1555 1729 1741 1760 differentiam
1756 1728 1826 1765 effe,
1848 1736 1879 1758 ut
1896 1729 2010 1758 Accerso
2028 1729 2060 1757 sit
2070 1728 2165 1765 Voce,
2189 1730 2308 1758 tractum
2324 1731 2359 1758 ab
2371 1730 2532 1765 Acciendo;
2553 1731 2601 1759 Ar-
2643 1729 2646 1732 ’

1478 1766 1550 1797 cesso
1561 1789 1569 1802 ,
1593 1767 1778 1802 Summoveo,
1809 1766 1843 1796 ab
1858 1767 1986 1797 Arcendo
2004 1768 2122 1796 tractum
2133 1788 2141 1801 ,
2168 1766 2215 1795 sed
2233 1774 2373 1797 errarunt:
2401 1767 2509 1797 Arcesso
2524 1768 2600 1797 enim

1477 1815 1529 1843 pro
1549 1814 1583 1834 eo
1609 1805 1684 1842 quod
1708 1804 1746 1834 est
1767 1805 1853 1834 Arceo
1872 1814 2016 1842 nunquam
2038 1804 2159 1842 positum
2177 1805 2222 1834 est.
2270 1805 2360 1834 Immo
2382 1805 2489 1835 Vossius
2507 1805 2600 1843 Etym.

1476 1853 1504 1881 p.
1520 1854 1564 1878 40.
1604 1842 1722 1877 Multis,
1744 1843 1854 1880 inquit,
1881 1843 2050 1879 argumentis
2069 1843 2196 1871 evincere
2214 1842 2348 1880 possimus
2363 1844 2531 1873 Acesssso
2552 1854 2604 1881 per

1477 1880 1504 1909 se
1522 1891 1580 1909 non
1594 1880 1648 1909 esse
1664 1880 1792 1909 Latinum
1809 1880 1856 1911 sed
1871 1880 2067 1918 posterioribus
2082 1879 2180 1909 seculis
2196 1886 2359 1918 corruptum
2376 1891 2411 1911 ex
2429 1882 2600 1911 Ancasso.

1479 1918 1545 1956 Quo
1565 1919 1744 1949 correctiores
1762 1919 1837 1949 enim
1851 1917 1924 1950 Libri
1939 1918 2002 1948 sunt
2018 1920 2043 1948 δι
2060 1918 2229 1954 antiquiores
2239 1941 2246 1953 ,
2277 1918 2384 1947 Arcesso
2400 1918 2504 1948 habent
2514 1941 2522 1953 ,
2542 1929 2603 1948 non

1477 1956 1599 1985 Accerso.
1645 1956 1707 1985 Nec
1723 1966 1813 1985 novus
1829 1956 1875 1986 hic
1892 1956 1991 1991 Error,
2026 1956 2073 1985 sed
2093 1966 2108 1984 a
2131 1956 2271 1991 Charisio,
2302 1956 2441 1986 Diomede
2465 1958 2491 1986 Sc
2514 1957 2604 1994 Agrae-

1477 1996 1517 2023 tio
1532 1994 1705 2030 inculcatus,
1734 1994 1803 2025 sicut
1821 1994 1904 2023 etiam
1924 1993 2022 2024 Gloffae
2032 1994 2144 2022 Veteres
2158 2000 2306 2031 utrumque
2320 1994 2424 2023 liabent
2441 1995 2557 2024 Accerso
2575 1996 2603 2024 &

1477 2032 1604 2066 Arceff03
1632 2032 1662 2061 in
1675 2033 1729 2062 lioc
1741 2039 1833 2061 autem
1850 2032 1978 2061 meliores
1992 2042 2075 2078 quam
2089 2031 2268 2061 Grammatici
2278 2055 2286 2067 ,
2315 2033 2380 2070 quia
2391 2039 2539 2070 utrumque
2554 2042 2602 2061 eo-

1477 2070 1543 2099 dem
1561 2069 1637 2100 sensu
1649 2092 1657 2107 ,
1684 2070 1887 2105 μεπικφλᾶοθοη»
1909 2070 2110 2105 μῑπιπηιιπῑᾶθη
2128 2075 2292 2107 exponunt,
2323 2080 2405 2107 quem
2424 2070 2605 2100 Grammatici

1477 2108 1591 2144 quidam
1608 2117 1753 2146 perperam
1771 2108 1951 2145 distinguunt.
1999 2107 2069 2137 Istuc
2084 2107 2167 2144 igitur
2187 2108 2218 2137 V.
2239 2107 2355 2137 verbum
2375 2108 2464 2145 infra,
2494 2109 2521 2138 ἃ
2538 2118 2601 2145 quae

1475 2146 1626 2183 sequuntur
1640 2146 1734 2175 omnia
1748 2155 1782 2176 eo
1796 2146 1906 2175 tr'anfer.

1476 2183 1619 2214 Accersere
1634 2184 1764 2221 aliquem.
1799 2183 1855 2213 Cic.
1869 2193 1894 2216 2.
1911 2181 1985 2213 Verr.
2003 2191 2046 2221 17.
2086 2182 2205 2215 Accersit
2220 2183 2292 2213 *alter
2310 2183 2364 2214 cos.
2387 2183 2543 2222 designatus
2562 2184 2605 2213 Si·

1497 2221 1591 2250 culos:
1613 2222 1730 2253 veniunt
1742 2221 1881 2253 nonnulli.

1476 2259 1607 2291 Uxorem.
1632 2260 1696 2289 Ter.
1710 2260 1778 2290 And.
1794 2269 1816 2294 3.
1830 2270 1855 2295 4.
1869 2269 1894 2289 2.
1935 2259 1991 2289 Cur
2001 2269 2072 2288 uxor
2082 2268 2141 2288 non
2158 2259 2324 2289 accerfitur‘?
2352 2259 2479 2289 Donatus
2489 2259 2519 2288 in
2530 2257 2603 2288 illud

1495 2297 1558 2327 Ter.
1576 2298 1605 2325 in
1621 2297 1690 2327 Hec.
1725 2297 1847 2326 Abduxit
1860 2297 1952 2328 suam:
1985 2297 2020 2327 sic
2034 2298 2088 2332 ait,
2109 2296 2233 2326 Abduxit
2246 2298 2366 2336 proprie.
2403 2297 2510 2334 Accersi
2521 2297 2601 2327 enim

1495 2335 1597 2364 dicitur
1609 2336 1644 2364 ad
1657 2335 1803 2364 maritum:
1828 2335 1936 2366 Abduci
1947 2346 1962 2364 a
1973 2336 2072 2364 marito
2085 2335 2120 2364 ad
2134 2335 2293 2364 divortium.

1475 2374 1518 2404 Ad
1531 2373 1557 2403 se
1572 2373 1700 2410 aliquem.
1727 2373 1784 2403 Cic.
1798 2383 1822 2410 7.
1838 2373 1899 2404 Ver.
1912 2379 1954 2408 89.
1995 2374 2022 2403 P.
2038 2372 2167 2402 Vet‘tium
2183 2373 2219 2402 ad
2235 2372 2261 2403 se
2276 2373 2396 2402 accersit.

1474 2411 1584 2443 Auxilia
1597 2411 1629 2440 ab
1644 2411 1736 2449 aliquo
1748 2434 1756 2447 ,
1776 2411 1821 2441 vel
1836 2421 1871 2440 ex
1883 2411 1975 2448 aliquo
1987 2411 2060 2442 loco.
2093 2410 2159 2439 Caes.
2171 2419 2196 2447 7.
2215 2410 2282 2441 Bell.
2298 2411 2366 2441 Gall.
2383 2410 2414 2440 C.
2428 2419 2472 2447 33.
2511 2410 2602 2447 Atque

1494 2460 1527 2478 ea
1541 2459 1602 2487 pars
1620 2459 1680 2487 quae
1691 2450 1783 2478 minus
1799 2449 1847 2478 fibi
1860 2449 2030 2483 confideret,
2053 2448 2155 2477 auxilia
2173 2448 2424 2486 aVercingetorige
2441 2447 2600 2477 accerseret.

1494 2488 1540 2519 Sic
1552 2488 1608 2516 Cic.
1625 2497 1647 2524 7.
1670 2487 1691 2515 V
1694 2498 1743 2517 err.
1759 2490 1800 2521 36.
1841 2487 1902 2517 Nec
1915 2487 2052 2525 proficisci
2064 2496 2203 2524 quoquam
2216 2494 2297 2524 potes
2307 2509 2315 2522 ,
2336 2496 2390 2516 nec
2405 2485 2542 2515 accersere
2558 2495 2603 2515 res

1494 2526 1688 2555 transmarinas
1704 2535 1739 2554 ex
1755 2526 1787 2555 iis
1801 2525 1879 2557 locis.

1475 2564 1517 2595 Ad
1536 2563 1648 2600 aliquod
1662 2564 1824 2601 negotium:
1857 2568 1905 2597 ut,
1929 2562 1969 2591 Ad
1990 2572 2047 2592 rem
2058 2563 2199 2598 divinam,
2220 2562 2254 2591 ad
2265 2561 2381 2591 bellum.
2412 2560 2477 2591 Ter.
2490 2561 2560 2590 Hec.
2576 2570 2601 2591 1.

1496 2611 1521 2631 2.
1541 2611 1601 2638 109.
1639 2601 1744 2630 Accersi
1760 2601 1794 2630 ad
1815 2610 1872 2630 rem
1889 2601 2020 2629 divinam.
2053 2600 2160 2630 Sallust.
2199 2600 2341 2630 Gallorum
2361 2605 2473 2637 gentem
2490 2598 2605 2629 infestis-

1495 2639 1589 2670 simam
1598 2639 1680 2670 Rom.
1695 2639 1820 2673 nomini,
1842 2638 1877 2667 ad
1889 2638 1993 2667 bellum
2003 2638 2154 2667 accersunt.

1476 2677 1635 2712 Accersere,
1663 2687 1728 2707 cum
1744 2676 1880 2706 adverbiis
1900 2677 1934 2705 dc
1954 2676 2018 2705 loco
2030 2678 2056 2705 Sc
2068 2676 2103 2705 ad
2114 2676 2216 2705 locum.
2246 2675 2333 2704 Plaut.
2351 2674 2438 2704 Calin.
2454 2684 2476 2709 3.
2489 2684 2515 2704 2.
2534 2675 2561 2704 δι
2572 2685 2601 2710 4.

1475 2715 1600 2746 Accersas
1613 2715 1678 2744 hinc
1695 2725 1748 2746 me.
1779 2714 1836 2744 Cic.
1849 2725 1875 2750 4.
1895 2714 1976 2746 Tusc.
2013 2713 2106 2744 Multa
2122 2714 2185 2744 sane
2203 2719 2354 2744 occurrunt
2372 2722 2421 2742 cur
2440 2722 2472 2742 ea
2490 2721 2603 2750 quoque

1494 2753 1622 2784 accersita
1638 2753 1759 2783 aliunde.

1475 2791 1626 2820 Accersitus
1643 2791 1727 2820 domo
1742 2791 1797 2820 huc
1813 2789 1881 2820 sum.
1915 2789 2001 2818 Plaut.
2015 2789 2100 2821 Stich.
2117 2800 2138 2824 ς.
2157 2798 2201 2826 33.

1475 2828 1626 2858 Accersitur
1636 2828 1755 2857 lavatum
1767 2829 1870 2856 interea
1882 2828 1966 2864 virgo.
1995 2827 2058 2856 Ter.
2073 2827 2142 2856 Eun.
2158 2836 2182 2862 3.
2200 2836 2223 2862 5.
2240 2837 2286 2862 44.

1475 2866 1635 2902 Accessere,
1656 2865 1795 2904 supprell'o
1807 2865 1968 2897 accusativo.
1991 2864 2055 2894 Ter.
2068 2865 2137 2894 And.
2152 2875 2174 2900 5.
2189 2874 2215 2894 2.
2233 2870 2259 2898 8.
2298 2863 2352 2894 Ubi
2365 2863 2461 2899 voles,
2482 2863 2600 2894 accerse.

1493 2904 1621 2934 subintel.
1635 2914 1759 2933 uxorem.

1474 2941 1597 2977 Accersi,
1619 2942 1765 2972 infinitivo.
1794 2940 1880 2970 Plaut.
1902 2939 2000 2978 Amph.
2030 2939 2121 2977 Cupio
2139 2939 2247 2969 accersi.
2279 2939 2344 2969 Ter.
2361 2939 2431 2969 Hec.
2448 2949 2472 2968 1.
2489 2948 2517 2970 2.
2539 2949 2600 2976 109.

1493 2979 1611 3010 Simulat
1621 2979 1647 3008 se
1662 2990 1677 3008 a
1688 2986 1773 3011 matre
1788 2978 1894 3008 accersi.

1473 3017 1617 3046 Accessere
1629 3017 1764 3047 mercede.
1794 3016 1857 3045 Caes.
1875 3026 1897 3044 1.
1914 3014 1980 3045 Bell.
1994 3014 2063 3044 Gall.
2081 3014 2112 3044 C.
2128 3024 2169 3051 31.

1473 3055 1616 3086 Accersere
1632 3056 1751 3085 orationi
1761 3054 1945 3091 splendorem.
1976 3053 2033 3082 Cic
2049 3062 2072 3089 3.
2093 3053 2127 3081 de
2139 3053 2218 3082 Orat.
2235 3055 2280 3086 86.
2316 3051 2526 3082 Translationes
2541 3062 2603 3082 ora-

1494 3094 1563 3122 tioni
1575 3093 1728 3122 silendoris
1746 3092 1850 3129 aliquid
1864 3091 2013 3121 accersunt.
2057 3090 2107 3119 Per
2123 3090 2315 3128 metaphoram
2325 3113 2333 3125 ,
2354 3099 2405 3127 pro
2416 3089 2537 3120 Aliunde
2547 3090 2601 3120 sive

1492 3132 1581 3160 extrin
1596 3141 1661 3161 ecus
1676 3131 1801 3161 afferunt.

1473 3169 1634 3204 Accessere,
1662 3178 1712 3206 pro
1732 3166 1871 3197 Accusare.
1907 3166 1964 3196 Cic.
1979 3177 2004 3201 4.
2026 3166 2099 3195 Verr.
2117 3176 2178 3195 100.
2216 3165 2265 3194 Sin
2283 3164 2423 3194 absolutus
2439 3165 2510 3200 eris,
2538 3166 2601 3202 quis

1491 3208 1545 3236 erit
1554 3214 1609 3236 tam
1620 3216 1714 3237 amens
1724 3228 1732 3241 ,
1754 3206 1838 3242 quite
1853 3214 1887 3234 ex
1901 3211 1944 3234 tot
1955 3205 2094 3241 tantisque
2108 3203 2271 3233 criminibus
2284 3202 2408 3241 elapsum
2417 3224 2425 3237 ,
2447 3203 2509 3240 post
2521 3204 2602 3240 quin-

1492 3245 1645 3282 quennium
1662 3245 1809 3273 statuarum
1823 3243 1937 3272 nomine
1952 3242 2092 3271 accerlat?

1473 3282 1599 3320 Aliquem
1611 3283 1735 3311 crimine.
1764 3280 1822 3310 Cic.
1836 3292 1862 3316 4.
1880 3280 1953 3310 Verr.
1968 3286 2012 3317 78.
2051 3279 2138 3316 Quod
2152 3285 2214 3308 tum
2225 3278 2312 3316 magis
2322 3278 2458 3309 invidioso
2470 3279 2596 3313 crimine,

1492 3331 1575 3358 quani
1586 3330 1651 3349 vero
1666 3319 1856 3349 accerseretur.

1475 3358 1597 3388 Crimine
1617 3357 1745 3387 ambitus.
1779 3356 1836 3385 Cic.
1858 3366 1908 3393 pro
1927 3355 2034 3389 Coelio,
2060 3364 2101 3384 12.
2149 3354 2210 3384 Nec
2230 3354 2249 3383 si
2264 3353 2347 3383 semel
2369 3353 2526 3391 periculum
2543 3363 2600 3383 ani-

1493 3396 1566 3425 bitus
1584 3395 1759 3425 subeundum
1778 3400 1907 3433 putaret,
1944 3392 2000 3431 ipse
2018 3392 2136 3425 alterum
2160 3394 2262 3421 iterum
2280 3391 2399 3421 ambitus
2420 3392 2536 3421 crimine
2555 3401 2599 3423 ac·

1493 3434 1616 3463 cerseret.

1472 3471 1632 3505 Maiestatis.
1667 3471 1724 3501 Cic.
1739 3480 1764 3500 2.
1781 3470 1816 3500 de
1834 3470 1941 3499 Invent.
1964 3479 2025 3505 154.
2066 3467 2217 3498 Accersitur
2233 3467 2388 3504 majestatis.
2428 3465 2598 3496 Subauditur

1493 3509 1627 3538 ablativus
1643 3509 1774 3538 Crimine.

1473 3547 1605 3577 Accersivi
1618 3569 1625 3581 ,
1656 3547 1803 3585 praetci-im.
1843 3544 1900 3574 Cic.
1919 3554 1941 3573 1.
1962 3545 2015 3573 Att.
2036 3554 2077 3573 11.
2098 3554 2123 3579 9.
2166 3543 2310 3573 Accersivit
2326 3542 2362 3572 ad
2379 3542 2425 3577 se,
2454 3541 2596 3579 promisit,

1492 3585 1661 3619 interccilit,
1691 3585 1777 3613 dedit.
1825 3582 1903 3612 Ideni
1922 3582 1950 3610 in
1972 3582 2074 3617 Bruto,
2105 3581 2140 3610 ad
2156 3581 2203 3611 fm.
2245 3581 2305 3611 Nec
2325 3580 2407 3610 decet
2422 3584 2450 3608 te
2467 3585 2598 3609 ornatum
2650 3587 2653 3596 ¹

1492 3622 1638 3652 uberrimis
1650 3623 1752 3651 artibus
1762 3644 1770 3657 ,
1794 3630 1860 3658 quas
1873 3630 1958 3656 quum
1971 3620 2056 3648 domo
2069 3620 2176 3648 haurire
2191 3629 2249 3647 non
2261 3618 2350 3657 posses
2360 3640 2368 3653 ,
2390 3616 2549 3646 accersivisti
2561 3626 2597 3647 ex

1493 3659 1561 3688 urbe
1574 3670 1621 3694 ea,
1652 3670 1712 3697 quae
1728 3661 1827 3689 domus
1844 3658 1882 3686 est
1896 3657 2001 3695 semper
2019 3657 2111 3686 habita
2131 3658 2263 3686 ‹ioc‘triiice
2275 3679 2282 3692 ‚
2310 3655 2447 3685 numerari
2463 3655 2493 3683 in
2511 3654 2596 3691 vulgo

1493 3704 1681 3734 patronorum.
1713 3697 1814 3727 Rursus
1829 3696 1874 3724 lib.
1894 3700 1933 3724 16.
1953 3697 2004 3724 Λα.
2045 3695 2102 3732 Ego
2117 3701 2211 3724 autem
2225 3696 2251 3724 S:
2267 3695 2331 3733 ejus·
2343 3693 2444 3723 librum
2459 3692 2596 3728 accersivi,

1493 3736 1519 3763 δέ
1532 3735 1565 3762 ad
1582 3735 1790 3763 Athenodorum
1807 3733 1921 3762 Calvum
1940 3733 2037 3770 scripsi.
2626 3762 2630 3766 Ι

1474 3772 1615 3800 Accessere
1632 3775 1657 3801 ἃ
1675 3773 1818 3801 attrahere.
1851 3771 1949 3799 Brutus
1967 3771 2019 3799 Art.
2037 3780 2078 3806 17.
2099 3772 2125 3798 6.
2167 3769 2192 3798 O
2210 3778 2338 3806 magnam
2356 3767 2498 3798 stultitiam
2514 3767 2597 3795 timo·

1492 3810 1528 3837 ris
1538 3831 1546 3843 ,
1566 3809 1684 3846 idipsum
1698 3810 1773 3846 qiiod
1784 3809 1901 3838 verearis
1917 3809 1953 3837 ita
1968 3817 2081 3843 cavere,
2103 3813 2134 3836 ut
2145 3817 2232 3845 quum
2243 3807 2327 3836 vitare
2336 3805 2444 3837 fortassie
2461 3805 2595 3845 potueris,

1493 3846 1565 3876 ultro
1577 3847 1695 3877 accersas
1708 3850 1733 3877 ὁὶ
1745 3846 1870 3876 attrahas.

2446 3918 2595 3946 Accers‘ite.
