2604 4222
129 107 196 148 586
550 95 580 130 C
680 94 716 129 O
816 93 855 127 M

166 182 325 220 Lateque&
339 180 477 211 cominus.
500 177 589 208 Catul.
606 187 649 213 59.

166 222 296 259 Compar.
319 219 465 250 Cominius
489 216 622 246 accedere
647 213 682 243 ad
701 210 885 249 congrelsum.
923 208 1040 239 Tertull.
1062 207 1098 237 de
1114 206 1202 236 Carne
1217 205 1283 236 Chr.

189 270 250 297 cap.
267 268 311 296 71.
351 256 431 293 [Nisi
451 264 526 285 error
544 254 589 283 est.
791 286 796 294 Ι
991 284 996 289 ¹

133 298 155 329 C
166 302 250 328 onis
261 319 269 332 ,
289 306 313 326 e.
336 297 498 331 Γφιλοφςων,
517 288 711 324 ἐυπ-ςοωῖςεξῶυ,
729 289 881 320 tuarum&
895 285 909 320 ]
931 284 1070 327 benignus
1083 283 1169 312 homo
1184 283 1238 329 ,νᾶ
1248 281 1288 311 fa-

168 336 229 365 cilis
239 357 247 370 ,
269 335 316 371 qui
326 328 371 363 alii
385 342 441 361 non
452 338 560 368 gravate
574 328 686 357 inservit
696 348 704 361 ,
724 325 815 361 inquit
832 323 975 366 Valladib.
987 333 1021 367 4'.
1035 330 1095 358 cap.
1120 326 1162 356 38.
1185 320 1244 349 Cic.
1258 330 1284 349 2,

169 374 205 403 de
216 373 304 403 Fiiiib.
317 378 361 405 80.
385 370 468 408 Quasi
479 368 539 406 quis
548 367 627 396 illum
638 365 756 402 neget&
769 362 875 391 bonum
896 369 985 391 viruiii
1004 362 1030 389 ot.
1049 367 1160 388 comem
1170 380 1179 394 ,
1199 360 1225 388 ἃ
1236 358 1290 387 hu-

170 420 285 442 manum
299 408 384 439 fuisse.
716 439 721 445 ⁶

171 450 266 479 Comis
278 450 303 479 ἃ
316 448 453 478 humanus
469 453 532 481 erga
540 442 670 479 aliquem.
691 439 748 468 Cic.
762 438 798 467 de
809 437 917 467 Seneet.
931 445 974 472 59.

172 487 282 521 (joniis,
304 485 425 515 urbanus
437 505 444 517 ‚
467 484 491 512 ἂ
508 481 583 510 liber.
607 480 713 521 HO‘·.¹·
730 477 817 506 Serm.
831 487 856 510 4.
868 484 912 518 99.

172 525 266 554 Coniis
278 547 285 558 ,
308 524 442 559 benignus
456 542 463 554 ,
484 519 592 552 facilis,
613 516 701 545 suavis
715 537 722 549 ,
748 516 776 543 V.
800 522 868 542 mox
891 521 920 540 in
941 519 1125 542 conisus..

170 564 266 593 Amica
277 561 363 590 comis
375 562 399 590 Sc
410 557 518 587 blanda.
540 555 624 585 Ovid.
637 563 663 583 2.
677 554 711 582 de
726 554 789 582 Arte
802 552 862 580 Ani.
876 559 939 587 177.

172 602 247 631 Anus
260 600 358 629 cornis.
381 597 464 626 Ovid.
478 605 502 631 3.
523 594 662 636 F²¹st·⁶.8†·
729 628 736 634 ·

253 636 430 666 Conveniunt
445 640 535 670 partes
546 632 587 660 ha*
600 631 650 659 tibi
664 637 751 658 comis
766 636 842 662 anus,-

171 676 318 713 Ingenium
329 683 420 703 come.
442 671 530 700 Tacit.
546 681 568 704 5.
585 670 654 698 nnn.
668 677 690 696 r.

173 714 255 744 Oculi
266 722 368 741 comes.
391 710 474 739 Ovitl.
488 718 510 744 3.
525 708 559 736 de
574 708 635 735 Arte
650 707 706 734 iim.
721 713 783 739 510.

253 750 387 779 Comibus
405 748 442 776 est
453 746 542 776 oculis
555 744 718 773 alliciendus
731 750 817 770 amor.

170 790 268 819 Sermo
286 789 311 818 δι
324 785 479 823 congressus
489 784 586 813 comis.
607 782 698 811 Tacit.
718 790 760 814 ις.
776 780 845 807 Ann.
861 781 907 812 48.
1184 812 1190 818 ο

172 828 268 857 Comis
280 849 287 860 ,
309 835 359 863 pro
372 823 541 860 lndulgenti.
581 819 639 849 Liv.
662 819 744 847 Nunc
758 824 848 854 patres
864 823 977 850 comes,
999 814 1024 844 &
1043 811 1120 842 senes
1137 811 1243 848 faciles,
1255 811 1292 841 de

191 865 282 895 alieno
295 863 412 900 imperio
423 861 512 898 spreto
522 859 635 896 gratiam
645 858 742 886 facere.
774 854 900 883 Budaeus.

171 903 203 934 In
218 912 332 931 uxorem
345 900 442 930 comis.
465 898 530 927 Hor.
543 907 567 925 2.
585 895 667 932 Epist.
686 904 709 923 2-
726 902 785 928 i33.
986 927 991 932 ι
1208 925 1214 931 ⁸

173 941 302 977 Compar.
324 935 576 974 [ssi)=06'50v{55§&']
598 934 655 962 Cic.
676 941 726 969 pro
740 930 847 960 Muren.
859 931 904 957 ⁶6.
936 927 1006 964 Quis
1025 935 1089 955 vero
1106 926 1136 955 C.
1149 924 1234 954 Laelio
1246 934 1291 954 co-

191 979 262 1007 mior
271 978 284 1005 ‘2
306 977 364 1014 quis
377 975 525 1011 jucundior
537 972 636 1001 eodeni
648 980 681 999 ex
691 969 780 998 studio
791 968 858 996 isto?
1046 1002 1052 1007 ¹
1183 1001 1188 1006 Ι
1231 1000 1236 1005 ⁴

136 1016 263 1046 conia·
276 1024 335 1050 AS,
358 1014 417 1042 atis.
440 1012 458 1040 f.
481 1008 669 1046 [Φιλοφξοσύω
691 1003 887 1042 ἐυπξεσιηβῡὶω]
907 1003 1022 1047 (lenoni.
1045 1012 1061 1030 i.
1075 1011 1099 1044 e.
1122 1001 1291 1043 Benignitas,

172 1053 297 1082 facilitas.
339 1051 396 1081 Cic,
413 1062 436 1083 ς.
449 1049 483 1078 de
497 1048 584 1077 Finib.
598 1052 642 1081 65.
664 1044 771 1081 ‚Justitia
783 1043 893 1075 dicitur,
915 1051 959 1070 cui
973 1041 1035 1083 sunt
1045 1040 1182 1082 adjunctae
1192 1045 1291 1076 pietas,

172 1090 321 1121 liberalitas
333 1112 340 1123 ,
363 1088 517 1123 benignitas
528 1108 537 1121 ,
560 1086 691 1117 comitas,
713 1091 827 1122 quaeque
839 1079 900 1108 suiit
909 1089 1015 1116 generis
1031 1077 1163 1113 ejusdem.

172 1129 295 1158 Coiiiitas
307 1129 331 1158 Sc
343 1126 489 1155 affabilitas
500 1124 641 1152 sermonis.
665 1122 721 1150 Cic.
735 1131 760 1150 2.
773 1119 831 1148 Ost.
847 1122 892 1152 48.
1035 1154 1040 1159 μ
1115 1152 1121 1159 .
1177 1152 1182 1158 Ι

173 1166 295 1195 Comitas
306 1168 330 1194 &
347 1163 538 1193 beneficentia.
580 1161 637 1189 Cic.
655 1169 679 1188 2.
693 1159 729 1187 de
738 1157 813 1186 Orat.
827 1164 889 1191 34³·
910 1154 981 1197 Sunt
996 1163 1071 1183 enim
1086 1152 1146 1182 aliae
1156 1157 1290 1195 Virtutes,

192 1214 251 1242 quae
260 1202 425 1233 videnturin
439 1200 561 1230 moribus
572 1197 718 1227 hominum
732 1196 757 1224 Sc
771 1194 892 1231 quadam
908 1200 1040 1221 comitate
1055 1200 1087 1220 ac
1106 1190 1293 1220 benehcentia

193 1242 294 1279 politae.
718 1270 736 1279 ν
1272 1265 1277 1271 .

173 1280 297 1310 Οοηιίῑιιε
310 1276 526 1313 conjunctioque
541 1274 669 1304 humana.
705 1271 764 1300 Cic.
778 1279 802 1299 1.
822 1267 881 1298 Off.
897 1277 958 1305 157.
982 1267 1014 1297 ln
1032 1266 1115 1296 codd.
1137 1263 1293 1296 emendatis

193 1318 231 1347 est
240 1317 441 1346 Coniniunitas.
1103 1342 1109 1348 ·
1254 1341 1259 1346 .
1275 1341 1281 1346 Ι

173 1356 297 1386 comitas
312 1353 470 1383 &facilitas
509 1350 568 1380 Cic.
585 1349 620 1378 de
634 1346 741 1377 Amicit.
751 1348 797 1380 68.
818 1344 853 1374 Et
867 1343 902 1373 ad
912 1352 1025 1373 ornnem
1036 1347 1198 1372 comitatem
1207 1341 1294 1371 facili-

194 1401 334 1429 tatemque
345 1390 503 1429 proclivior.
680 1422 686 1428 ι
777 1421 782 1427 .
1037 1418 1042 1423 ¹
1155 1417 1161 1423 ἡ

175 1430 349 1468 Obsequium
360 1432 384 1459 ὅι
397 1428 512 1457 comitas
521 1423 710 1454 adolescentis.
752 1421 811 1450 Cic.
823 1423 848 1449 6.
862 1420 914 1449 Art.
923 1422 950 1448 6.
973 1417 1105 1462 Mulieres
1116 1417 1228 1455 quidem
1238 1416 1294 1446 val-

196 1468 232 1498 de
246 1467 371 1503 intelligo
382 1464 510 1494 delectari
525 1462 655 1498 obsequio
666 1462 691 1490 ἂ
702 1461 834 1488 comitate
843 1457 1035 1487 adolescentis.
1053 1494 1059 1500 .
1131 1492 1137 1498 .
1274 1492 1280 1499 ·

177 1506 300 1536 Comitas
316 1506 342 1535 ἃ
357 1503 491 1533 Severitas
502 1523 510 1535 ,
531 1499 676 1530 contraria.
716 1497 775 1527 Cic.
789 1497 818 1526 iri
830 1496 908 1526 Orat.
927 1505 970 1532 34.
1003 1493 1080 1531 Qnid
1092 1502 1168 1523 enim
1183 1498 1239 1522 tam
1252 1493 1293 1522 di-

195 1544 266 1573 stans
276 1565 284 1577 ,
306 1552 387 1580 quarn
399 1551 413 1570 a
422 1540 563 1570 severitate
579 1536 719 1566 comitas?
996 1571 1001 1576 ι

176 1582 318 1612 Orationis
329 1580 451 1610 comitas.
492 1577 550 1606 Cic.
567 1576 596 1604 in
606 1575 678 1604 Brut.
695 1577 753 1609 ¹48·
781 1572 896 1603 Summa
907 1580 966 1601 non
975 1576 1038 1601 vitae
1051 1569 1141 1600 solum
1150 1575 1232 1607 atque
1245 1579 1293 1599 na-

196 1626 263 1649 turae
275 1641 283 1653 ,
304 1618 350 1648 sed
360 1615 493 1646 orationis
503 1615 585 1644 etiam
598 1612 723 1642 comitas.

174 1654 330 1686 'Verborum
346 1656 469 1684 comitas.
491 1653 583 1682 Cic.2.
598 1651 632 1679 de
645 1650 721 1679 Orat.
737 1653 798 1683 182.
1234 1682 1240 1688 .

175 1693 391 1732 Exquisitilsimae
410 1691 548 1722 comitatis
561 1698 671 1719 coenam
692 1688 766 1716 dare.
806 1685 882 1716 Suet.
902 1684 1010 1714 Othon.
1025 1693 1086 1721 cap.
1099 1692 1123 1719 3.
1153 1682 1292 1712 Omnium

194 1741 286 1762 autem
299 1731 476 1761 consiliorum
486 1728 705 1762 secretorumque
720 1724 858 1762 particeps
872 1745 880 1757 ,
901 1722 956 1757 die,
979 1731 1061 1758 quam
1073 1721 1148 1765 Nero
1157 1721 1291 1764 necandae

194 1771 274 1800 matri
287 1769 466 1798 destinaverat
479 1788 488 1802 ,
509 1765 544 1794 ad
555 1764 717 1795 avertendas
732 1761 912 1800 suspiciones,
934 1769 1045 1791 coenam
1057 1768 1166 1796 utrique
1176 1761 1292 1796 exquili-

196 1808 302 1838 tissima:
312 1806 449 1836 comitatis
460 1803 546 1833 dedit.
801 1837 807 1843 ¹

175 1846 290 1877 Summa
299 1845 429 1874 comitate
442 1850 551 1872 coenam
562 1839 690 1878 praebere.
711 1837 786 1867 Suet.
800 1847 828 1866 in
845 1835 953 1873 August.
966 1844 1028 1872 cap.
1042 1843 1086 1872 74.
1108 1833 1228 1878 Coenam
1236 1841 1289 1878 ter-

193 1884 238 1913 nis
251 1882 361 1912 ferculis
371 1904 380 1916 ,
401 1888 449 1910 aut
460 1888 546 1917 quum
559 1875 791 1907 abundantissime
800 1896 808 1911 ‚
829 1874 901 1904 senis
909 1873 1051 1911 praebebat
1061 1895 1070 1909 ,
1091 1879 1188 1902 utnon
1201 1881 1291 1902 nimio

194 1921 305 1958 sumptu
318 1942 327 1955 ,
350 1921 386 1949 ita
397 1919 501 1948 summa
513 1917 653 1945 comitate.
773 1951 779 1956 ,
867 1949 873 1955 θ

175 1959 238 1989 Erat
254 1960 282 1987 in
297 1957 345 1987 illo
356 1958 414 1987 viro
430 1955 560 1985 comitate
570 1953 685 1991 gravitas
695 1950 819 1981 condita.
842 1948 899 1993 Cic.
914 1949 949 1978 de
960 1949 1069 1992 Seneet.
1086 1957 1129 1985 19.
1153 1987 1159 1992 .

175 1997 290 2027 Summa
306 1995 423 2031 alicujus
440 1993 555 2032 gravitas
574 2000 640 2021 cum
656 1988 783 2026 singulari
801 1995 932 2017 comitate
947 1988 1106 2023 conjunsta.
1127 1985 1187 2017 Cic.
1204 1995 1228 2016 1.
1250 1985 1289 2023 Q

196 2035 256 2063 frat.
275 2044 297 2063 i.

177 2071 325 2109 aspergere
335 2068 457 2108 gravitati
469 2067 638 2097 comitatem.
669 2064 701 2094 In
721 2074 741 2093 A
751 2073 762 2092 s
770 2072 784 2091 Ρ
794 2073 832 2092 iza
842 2073 859 2091 c
868 2072 894 2106 o.

178 2109 335 2139 Conciliare
346 2108 394 2137 sibi
409 2107 531 2143 aliquem
541 2103 676 2133 invitandi
688 2102 828 2131 comitate.
848 2100 906 2129 Liv.
923 2109 946 2129 1.
960 2108 1004 2143 ῃ..

178 2147 318 2176 Conciliat
328 2146 434 2175 animos
445 2144 559 2173 comitas
569 2139 766 2183 affabilitasque
779 2139 920 2168 sermonis.
943 2138 1001 2168 Cic.
1012 2147 1038 2167 2.
1057 2135 1116 2168 Off.
1129 2141 1175 2174 48.

177 2184 315 2215 Dissoluta
330 2183 454 2212 comitas.
477 2179 597 2217 Quintil.
614 2178 659 2207 lib.
674 2187 811 2220 2.·cap.'2.

178 2222 288 2252 Habere
296 2221 399 2250 nullam
415 2219 574 2248 comitatem
589 2216 732 2245 sermonis.
757 2214 816 2243 Cic.
830 2223 854 2243 1.
870 2212 928 2243 Off.
943 2222 1004 2249 109.

180 2260 277 2290 Illucet
287 2260 315 2288 iri
326 2258 443 2295 ingeniis
453 2256 576 2285 comitas.
615 2253 647 2282 V.
673 2264 706 2281 IL
716 2263 732 2280 i..
741 2262 756 2281 u
769 2262 786 2281 c
795 2262 809 2281 ir
819 2261 845 2280 o.
977 2287 983 2293 ·
1046 2287 1052 2293 Ι

141 2298 163 2329 C
174 2309 191 2327 o
200 2308 220 2326 M
231 2300 270 2326 ῑί·
280 2307 293 2325 t
301 2306 317 2325 a
327 2317 336 2332 ,
357 2296 424 2324 Λᾶν.
446 2295 614 2330 [φιλοφρόνως
626 2291 640 2326 ]
661 2290 754 2320 Hilare
764 2300 796 2319 ac
808 2289 936 2319 lubenter
946 2309 954 2323 ,
975 2293 1067 2324 inquit
1077 2286 1161 2317 Varro
1173 2286 1208 2318 de
1218 2285 1248 2317 L.
1258 2286 1289 2319 13.

192 2336 227 2364 ib.
238 2340 263 2364 6.
295 2358 300 2363 .

178 2336 311 2410 iiccipeie
321 2371 441 2408 aliquem
454 2368 578 2398 comiter.
605 2365 691 2395 Plaut.
706 2365 804 2403 Amph.
816 2376 843 2401 4.
854 2374 879 2394 2.
894 2362 1001 2402 suppos.
1015 2367 1058 2397 18.

179 2411 312 2444 Adiuvare
323 2409 446 2438 comiter.
469 2406 532 2435 Ter.
546 2405 652 2434 Phorm.
667 2413 690 2440 3.
707 2413 729 2440 3.
739 2414 769 2446 ⁵4.
853 2441 858 2446 .

178 2447 367 2478 Administrata
379 2445 495 2475 comiter
506 2442 655 2481 provincia.
677 2440 766 2470 Tacit.
782 2439 890 2483 ¹·.H¹st·
906 2447 948 2475 13.

178 2485 324 2523 Appellare
337 2484 457 2520 aliquem
466 2482 581 2511 comiter
590 2489 622 2509 ac
636 2479 767 2516 benigne.
789 2478 846 2507 Lw.
859 2487 885 2507 2.
900 2487 946 2513 44.
1022 2514 1028 2521 .
1169 2513 1176 2520 ·
1191 2513 1197 2521 ι

176 2523 299 2554 Salutare
309 2522 445 2558 benigne,
466 2519 581 2548 comiter
592 2516 730 2554 appellare
738 2524 974 2552 unumquemque.
997 2513 1054 2543 Cic.
1071 2522 1112 2549 13.
1127 2512 1245 2552 Philipp.
1259 2524 1288 2547 a.

178 2562 302 2592 Comiter
313 2560 425 2589 alterius
443 2557 541 2595 populi
559 2555 723 2590 majestatem
743 2553 910 2584 conservare.
953 2551 1059 2581 Procul.
1083 2554 1113 2581 in
1130 2552 1148 2581 l.
1163 2563 1187 2587 7.
1206 2555 1236 2581 l).
1254 2553 1290 2581 de

198 2599 299 2636 captiv.
313 2600 337 2627 οὶ
356 2595 473 2634 poliliin.
490 2594 525 2623 sic
537 2594 739 2629 interpretatur.
780 2592 841 2621 Hoc
852 2592 927 2620 enirn
941 2591 1087 2626 adjicitur,
1109 2597 1140 2618 ut
1155 2590 1293 2626 intelliga-

197 2644 241 2665 tur
252 2636 367 2664 alterum
380 2632 513 2672 populum
524 2631 690 2668 superiorem
702 2628 755 2658 esse
765 2651 773 2663 ,
795 2639 851 2657 non
870 2635 899 2657 ut
915 2629 1082 2665 intelligatur
1097 2628 1214 2657 alterum
1230 2638 1289 2657 non

195 2673 386 2703 esseliberurii.
423 2670 507 2706 Quod
518 2669 592 2697 idem
605 2668 701 2696 Cicero
713 2677 763 2704 pro
775 2666 855 2695 Corn.
868 2666 941 2695 Balb.
957 2671 999 2702 36.
1022 2666 1199 2695 demonstrat.
1237 2667 1290 2695 Pri-

195 2721 273 2740 mum
293 2709 366 2739 verbi
388 2717 474 2746 genus
492 2707 547 2736 hoc
563 2705 756 2739 conservandi,
787 2705 948 2741 imperantis
974 2704 1030 2739 est,
1061 2712 1118 2731 non
1137 2704 1287 2740 precantis.

196 2748 305 2778 Deinde
316 2757 401 2783 quum
415 2744 525 2774 alterius
539 2742 636 2780 populi
656 2742 779 2777 majestas
793 2742 945 2771 conservari
956 2742 1066 2777 jubetur
1080 2763 1088 2776 ,
1110 2741 1145 2769 de
1158 2742 1243 2770 altero
1258 2742 1290 2770 li-

196 2786 284 2821 letur,
307 2792 379 2814 certe
391 2783 438 2813 ille
453 2781 573 2820 populus
584 2781 613 2809 in
626 2780 757 2818 superiori
769 2780 932 2809 conditione
943 2779 1075 2815 causaque
1085 2779 1198 2816 ponitur
1212 2801 1220 2810 .
1243 2789 1290 2807 cu-

195 2825 238 2860 jus
250 2823 372 2858 majestas
388 2821 500 2851 foederis
512 2819 652 2848 sanctione
670 2817 836 2847 defenditur.
872 2817 903 2846 Iri
924 2826 978 2853 quo
994 2823 1051 2845 erat
1071 2816 1234 2845 accusatoris
1248 2818 1289 2845 in-

195 2862 357 2899 terpretatio
370 2859 481 2895 indigna
490 2856 678 2894 responsione,
700 2856 746 2892 qui
762 2856 799 2884 ita
814 2854 940 2888 dicebat,
967 2856 1079 2880 Comiter
1099 2853 1153 2883 else
1171 2858 1288 2881 Commu-

194 2908 278 2927 mter:
301 2898 371 2935 quasi
383 2906 446 2926 vero
462 2895 579 2933 priscum
588 2893 699 2929 aliquod
710 2899 757 2922 aut
772 2892 913 2921 insolitum
925 2892 1039 2920 verbum
1053 2893 1286 2929 interpretaretur.

194 2937 313 2972 Comes,
337 2934 470 2971 benigni,
491 2932 603 2966 faciles,
625 2930 719 2959 suaves
732 2930 860 2959 homines
876 2929 929 2958 effe
945 2930 1093 2965 dicuntur,

330 2990 367 2995 --
381 2972 437 3009 Qui
456 2970 556 3000 erranti
576 2969 694 3001 comiter
713 2968 864 2997 monstrent
875 2968 964 3002 viam,
1091 2967 1210 3004 benigne
1229 2977 1287 2996 non

194 3018 310 3050 gravate.
333 3012 434 3038 comiter
447 3008 560 3044 quidem
572 3013 646 3036 certe
658 3028 666 3041 ,
687 3015 745 3035 non
755 3007 915 3033 communiter
933 3005 1074 3035 convenit,
1095 3006 1148 3035 ἃς,
1169 3005 1286 3035 Hotom,

176 3049 405 3087 Excipicomiter.
428 3046 512 3076 Ovid.
527 3054 552 3074 2.
564 3044 631 3074 Fast.
644 3048 707 3079 788.

175 3087 286 3117 Factum
304 3097 318 3116 a
329 3086 406 3115 vobis
421 3084 547 3114 comiter.
570 3083 654 3112 Plaut.
671 3081 746 3110 Poen.
761 3089 786 3117 3.
801 3083 826 3109 6.
841 3089 883 3109 ιο.

174 3125 303 3155 Habitare
313 3123 436 3154 comiter.
479 3121 546 3151 Plin.
565 3119 610 3149 lib.
632 3129 674 3155 17.
689 3128 751 3156 cap.
765 3127 789 3147 1.
818 3117 854 3147 de
871 3117 962 3147 Crasso
976 3116 1128 3146 Domitium
1144 3116 1286 3154 alloquen-

194 3169 238 3197 te,
260 3163 392 3191 Utrumne
404 3161 495 3197 igiturg
505 3167 556 3195 ego
575 3157 651 3191 sum,
673 3156 782 3193 inquit,
804 3155 892 3192 quaeso
911 3155 1032 3186 Domiti.
1055 3154 1184 3191 exemplo
1199 3157 1286 3189 gravis

192 3202 218 3229 ἃ
230 3199 262 3228 ab
275 3199 330 3236 ipsa
341 3208 400 3228 mea
410 3196 521 3226 censura
538 3194 694 3229 notandus,
715 3195 760 3231 qui
780 3194 809 3222 i'n
828 3195 913 3223 domo
927 3214 934 3222 ,
955 3202 1013 3228 quae
1028 3192 1101 3235 *milii
1127 3192 1287 3223 haereditate

193 3237 324 3270 obvenit,
345 3235 460 3265 comiter
469 3235 593 3263 habitem
605 3242 612 3262 :
634 3241 668 3262 an
677 3238 706 3261 tu
718 3253 726 3267 ,
747 3232 793 3268 qui
807 3231 852 3261 sex
863 3232 971 3260 arbores
982 3230 1094 3259 aestimes
1104 3231 1117 3258 5>

176 3273 298 3304 Comiter
314 3276 339 3303 &
355 3272 545 3302 Communiter
565 3270 632 3307 quid
644 3269 745 3299 distent
758 3276 872 3307 apparet
892 3277 927 3297 ex
949 3267 1007 3297 Cic.
1032 3268 1122 3297 verbis
1139 3278 1188 3306 pro
1201 3269 1284 3298 Corn.

195 3311 279 3340 Balbo
295 3311 376 3348 paulo
389 3311 466 3347 supra
477 3308 611 3338 adductis.
633 3317 659 3344 q.
672 3306 704 3336 V.

176 3349 260 3377 Solari
271 3351 387 3377 comiter
396 3348 524 3384 aliquem.
546 3345 604 3375 Cic.
619 3355 643 3381 3.
654 3346 707 3374 litt.
951 3381 956 3386 .

177 3386 281 3422 Superi.
321 3386 404 3414 Plaut.
422 3384 482 3414 Mil.
496 3394 518 3420 3.
531 3386 610 3420 3·⁶⁶·
642 3393 662 3411 Λ
673 3392 699 3412 e.
721 3381 812 3412 Datne
823 3390 838 3410 a
851 3380 879 3411 se
890 3380 989 3411 mulier
1001 3390 1112 3418 operam
1125 3381 1138 3408 ‘2
1171 3389 1225 3410 aa.
1247 3380 1285 3410 le-

198 3423 330 3460 pidissime
345 3425 370 3452 δι
381 3422 543 3452 comilsime.
1117 3455 1123 3460 ·

143 3460 164 3490 C
173 3464 190 3490 ὃ
200 3472 218 3489 Μ
229 3471 236 3488 ι
246 3470 277 3488 ss
288 3470 303 3488 o
314 3470 327 3487 iv.
338 3482 346 3493 ,
367 3457 524 3496 [maizu]
544 3458 589 3487 ari.
612 3456 804 3494 Intempestive
820 3455 880 3493 post
890 3465 999 3484 coenam
1020 3454 1134 3492 epulati,
1157 3464 1285 3485 nonnun-

178 3505 258 3533 quam
281 3497 385 3526 Lascive
397 3499 502 3531 vivere,
524 3503 571 3525 aut
582 3495 619 3524 ild
632 3495 875 3533 intemperantiam
889 3494 990 3523 bibere.
1013 3492 1082 3522 flor.
1094 3504 1121 3529 4.
1134 3492 1283 3530 Carm.1.9.

266 3533 502 3571 Tempestiviusin
511 3534 626 3562 domum

310 3571 391 3600 Paulli
407 3594 414 3606 ,
437 3573 580 3608 purpureis
593 3571 649 3600 ales
660 3570 794 3605 oloribus,

269 3607 451 3637 Comill'abere
464 3609 596 3642 Maximi,

311 3645 337 3673 Si
355 3654 454 3674 torrere
472 3646 546 3682 jecur
564 3646 660 3682 quaeris
673 3645 816 3674 idoneum.
899 3642 956 3673 Liv.
967 3654 1012 3678 40.
1024 3651 1049 3679 7.
1062 3653 1104 3680 pr.
1135 3642 1225 3679 Hujus
1245 3643 1285 3673 rei

179 3683 286 3718 ignarus
297 3681 465 3715 Demetrius,
487 3685 552 3719 quin
567 3682 759 3716 comissatum,
781 3681 884 3718 inquit.
907 3682 941 3710 ad
961 3681 1070 3710 fratrem
1090 3681 1169 3709 imus.
1196 3681 1283 3710 Plaut-

178 3720 316 3753 mostra.
331 3730 352 3750 ς.
377 3721 455 3748 Nunc
465 3720 633 3749 comissatum
646 3722 691 3748 ibo
703 3722 737 3748 ad
751 3719 944 3749 Philolachem:
959 3721 1030 3747 Suet.
1048 3719 1140 3747 Doniit
1162 3728 1221 3755 cap.
1237 3729 1281 3747 zi.

178 3757 380 3785 Convivabiitur
391 3766 445 3784 non
458 3758 524 3785 ulti-ii
538 3758 599 3785 l'olis
614 3758 738 3786 occasum
749 3780 757 3790 ,
779 3767 832 3786 nec
850 3767 878 3785 ur
896 3757 986 3794 postea
1001 3756 1195 3786 comissaretur.
1217 3755 1282 3785 Ter.

177 3795 246 3824 Eun.
262 3803 284 3826 3.
303 3804 323 3821 i.
340 3804 380 3829 5¹·
404 3793 551 3822 Phaedriam
565 3795 777 3823 intromittamus
790 3793 968 3823 comiffiitnm.

177 3831 312 3861 Coniill‘or
326 3840 340 3858 a
356 3831 427 3858 vicis
439 3833 554 3861 dieitur.
575 3843 641 3867 quos
656 3834 740 3860 (ariaci
757 3842 843 3863 xviv<
860 3833 965 3861 dicunt.
1008 3831 1036 3859 ln
1056 3830 1099 3860 his
1112 3831 1186 3859 enim
1207 3830 1283 3860 habi·

195 3871 291 3897 tabant
304 3870 377 3902 prius
394 3877 473 3903 quam
490 3869 592 3903 oppida
604 3869 807 3903 conderentur,
828 3870 926 3901 quibu<
939 3869 965 3897 in
980 3868 1048 3897 locis
1067 3871 1112 3897 alii
1130 3869 1197 3898 alios
1217 3877 1284 3897 cona

195 3906 282 3936 vit‘tus
293 3905 379 3934 caussa
389 3904 548 3934 invitabant.
570 3904 636 3934 Haec
651 3906 750 3936 kelkus.
790 3908 860 3936 §unt
872 3909 964 3943 quiex
976 3910 1072 3938 urziaco
1090 3908 1175 3936 verbo
1192 3904 1281 3941 κακέ.

1815 79 1843 112 C
1942 81 1976 115 O
2076 81 2115 116 M

1399 162 1433 199 ζω
1448 160 1602 194 arcessunt,
1619 160 1665 189 alii
1683 170 1697 189 a
1709 159 1855 200 Coniesuiii
1879 162 1976 198 partic.
1999 162 2076 191 unde
2089 164 2115 192 ὃ(
2129 162 2254 192 scribitur
2265 162 2414 199 aliquando
2425 186 2434 196 .
2453 165 2502 196 sed

1399 201 1491 230 minus
1505 200 1589 234 juste.
1614 197 1786 227 Corrialsor&
1803 199 1951 227 Coniell'or.
1996 200 2024 228 V.
2050 200 2120 229 Varr.
2135 200 2162 229 L.
2176 200 2204 229 L.
2220 205 2245 229 6.
2266 212 2289 234 ς.
2313 200 2411 239 Scalig.
2426 202 2499 234 Poe't.
2522 219 2536 231 κ

1403 249 1425 267 1,
1440 250 1464 272 4,
1489 240 1513 266 ὅ(
1530 236 1597 264 Vols.
1617 236 1769 272 Etyiiiolog.
1792 235 1916 265 Lanibin.
1930 237 1965 266 ad
1989 237 2082 268 Horat.
2092 249 2120 274 4.
2139 239 2227 267 Carni.
2243 239 2289 267 od.
2305 248 2329 267 1.
2351 239 2442 269 Burin.
2465 242 2501 271 ad

1399 275 1468 305 Petr.
1481 284 1541 311 cap.
1556 278 1600 307 65-
1618 283 1679 310 pag.
1699 283 1757 307 μς.

1343 312 1541 378 0⁰⁵1¹5ffflff
1554 321 1564 339 s
1578 333 1585 345 ,
1609 319 1689 340 antis.
1712 312 1786 340 Suet.
1809 310 1894 348 Calig.
1908 321 1967 349 cap.
1981 320 2024 348 32.
2057 313 2089 343 ln
2109 313 2258 351 conspectu
2275 313 2439 351 prandentis
2459 316 2503 347 vel

1382 357 1466 380 conns
1482 359 1560 378 dilus.

1344 389 1606 420 Comissa‘rm,
1628 386 1698 416 6nis.
1719 385 1737 414 s.
1761 385 1940 424 Coinpotatio
1960 397 1975 416 a
1988 397 2078 417 coena.
2119 388 2194 419 Suet.
2219 388 2325 425 Vespas.
2348 398 2409 427 cap.
2421 399 2448 426 7.
2468 391 2504 422 ad

1381 426 1502 456 mediam
1514 428 1626 453 noctem
1638 423 1843 453 comissationes
1856 434 1919 453 cum
1928 425 1987 454 aliis
1998 426 2157 456 extendere.
2180 427 2257 456 Idem
2272 426 2360 455 Vitell.
2376 436 2417 463 13-
2431 427 2505 465 Epu-

1381 463 1421 494 las
1433 463 1564 492 trifariam
1573 462 1698 499 semper,
1721 462 1859 490 interdum
1870 463 2064 498 quadrifariam
2081 464 2276 502 dispertiebat,
2297 465 2327 493 in
2346 465 2503 503 jentacula,
2537 464 2547 469 ’

1380 501 1500 540 prandia
1511 522 1519 534 .,
1540 509 1634 528 caenas
1649 522 1656 534 ‚
1679 501 1704 528 Sc
1720 499 1933 529 comissationes.
1976 501 2033 530 Cic.
2051 512 2075 530 2.
2089 503 2118 530 in
2132 502 2213 531 Catil.
2232 512 2273 531 ιο.
2296 502 2381 538 Quod
2397 503 2414 531 fi
2426 504 2456 532 in
2467 505 2504 533 vi.

1382 549 1419 568 no
1428 542 1454 568 ὄι
1466 538 1525 566 alea
1538 536 1843 578 coniillationessolum
1853 539 1877 567 δι
1890 538 1975 567 scorta
1987 547 2158 576 quaererent,
2181 540 2268 569 effent
2279 539 2321 569 illi
2332 540 2447 577 quidem
2458 542 2505 572 den

1381 576 1525 614 sperandi,
1549 576 1595 604 sed
1607 583 1701 603 tamen
1710 575 1796 603 essent
1807 575 1923 604 ferendi.

1383 614 1544 648 Libidines,
1566 622 1674 642 amores
1689 634 1697 647 ,
1719 612 1872 649 adulteria,
1894 614 2040 649 convivia,
2062 614 2286 652 comissationes,
2306 620 2415 653 cantus,
2425 616 2505 655 [sym.

1403 652 1524 689 plioniae.
1547 651 1604 680 Cic.
1622 660 1672 688 pro
1684 650 1754 679 Coel.
1767 661 1810 686 ις.

1382 689 1478 726 Turpe
1491 689 1670 719 convivium.
1690 697 1768 717 amor
1780 710 1789 724 ,
1809 688 1965 719 comissatio
1980 711 1987 726 ‚
2008 688 2116 726 libido,
2136 689 2272 729 sumptus.
2303 691 2363 723 Cic.
2377 703 2429 731 pro
2441 693 2506 725 Mu-

1403 737 1461 756 ren.
1476 735 1516 762 13.

1382 765 1544 802 Tempestas
1554 762 1764 799 comissationis,
1779 770 1826 793 aut
1840 763 2000 794 Coniiffatio
2011 765 2190 803 tempestatis.
2213 766 2303 804 Cic.3.
2313 766 2348 797 de
2356 766 2503 801 Orat.162.
2544 794 2547 797 ,

1402 803 1506 832 Albana
1516 801 1679 831 comus-ario.
1702 801 1820 830 Martial.
1838 802 1886 831 lib.
1904 813 1943 831 12.
1955 809 2001 838 48.

1345 841 1610 873 Cohiissssroiz,
1632 840 1695 868 oris.
1718 848 1754 868 m.
1778 841 1938 876 [naiasin]
1961 841 2017 878 Qui
2035 841 2179 871 nocfturriis
2199 847 2283 879 atque
2301 842 2510 882 intempestivis>

1381 879 1519 909 conviviis
1531 877 1666 914 indulget.
1706 877 1771 907 Ter.
1785 877 1861 907 Adel.
1872 889 1896 912 ς.
1910 889 1934 906 2.
1947 884 1972 912 8.
1996 879 2079 909 Caius
2094 880 2123 908 in
2136 879 2154 909 1.
2170 880 2198 909 Si
2211 880 2287 917 quid.
2304 880 2338 910 D.
2351 881 2387 910 de
2394 882 2502 913 AEdilit.

1383 917 1468 947 edict.
1491 916 1557 946 Etis
1569 926 1602 944 ex
1615 914 1720 958 diverso
1734 915 1803 945 levis
1815 938 1823 950 ,
1844 922 1990 953 protervus
2001 938 2009 952 ,
2034 917 2201 954 desidiosus,
2223 917 2423 949 somniculosus
2436 941 2445 955 ,
2463 921 2506 958 pi.

1383 965 1447 993 ger,
1472 954 1583 987 tardus,
1614 952 1771 982 comissator
1782 955 1947 983 inveniatur.

1382 993 1443 1023 Alia
1459 991 1649 1021 subselliorum
1665 992 1734 1020 ratio
1749 1013 1755 1026 ,
1784 991 1837 1021 alia
1862 992 2013 1021 lectorum:
2035 1001 2094 1022 non
2111 992 2188 1022 idem
2205 993 2333 1029 judicum
2350 994 2507 1026 comiffato.

1401 1040 1519 1066 rumque
1531 1029 1704 1066 conspectus.
1728 1029 1786 1059 Cic.
1804 1039 1856 1067 pro
1873 1030 1941 1060 Coei.
1960 1034 2004 1067 ⁶7·

1383 1068 1546 1098 Comiss'ator
1571 1067 1779 1100 coniurationis.
1822 1067 1879 1097 Cic.
1897 1079 1919 1096 i.
1938 1069 1991 1098 Art.
2008 1070 2050 1097 16.
2089 1067 2126 1098 Ut
2147 1067 2230 1098 nostri
2253 1069 2295 1099 isti
2319 1070 2506 1104 comissatores

1401 1107 1612 1142 conjurationis,
1625 1105 1760 1133 barbatuli
1769 1106 1894 1141 juvenes,
1907 1106 1987 1135 illum
2000 1106 2029 1134 in
2042 1105 2214 1136 sermonibus
2226 1107 2447 1138 Cn.Ciceronem
2460 1120 2509 1148 ap.

1401 1144 1517 1182 pellent.
1559 1142 1754 1184 Coniissatores
1764 1144 1853 1179 dixit,
1874 1144 2044 1182 Reliquos&
2058 1143 2130 1175 seros
2139 1145 2314 1182 conjuratos,
2336 1153 2367 1176 ut
2385 1147 2433 1184 qui
2446 1148 2508 1186 post

1404 1192 1516 1212 coenam
1527 1182 1701 1210 comillatum
1713 1181 1839 1211 veniunt.

1344 1220 1367 1251 C
1376 1230 1393 1250 o
1402 1231 1423 1249 M
1434 1231 1443 1248 r
1454 1230 1466 1249 s
1475 1230 1487 1249 s
1499 1231 1516 1248 ii
1525 1230 1540 1247 B
1550 1229 1567 1248 u
1577 1228 1596 1247 N
1607 1229 1624 1247 o
1637 1229 1673 1247 us
1690 1240 1699 1254 ‚
1729 1216 1920 1255 [semaraim]
1951 1219 2008 1249 Liv.
2026 1230 2052 1256 9.
2067 1228 2110 1256 17.
2141 1219 2312 1250 Temulento
2329 1222 2439 1259 agmine
2458 1232 2505 1252 co.

1382 1257 1572 1288 niilsaburidus
1583 1255 1699 1286 incessit.
1731 1256 1799 1286 Plin.
1813 1258 1859 1286 lib.
1872 1268 1916 1286 21.
1927 1267 1987 1295 cap.
2003 1267 2028 1294 3.
2052 1258 2165 1288 Athenis
2175 1258 2379 1289 comissabundi
2392 1261 2507 1295 juvenes

1382 1304 1447 1326 ante
1462 1296 1608 1325 meridiem
1627 1302 1784 1325 conventus
1804 1295 1960 1333 sapientum
1979 1295 2202 1333 frequentabant.
2242 1298 2262 1328 i.
2277 1307 2302 1328 e.
2324 1297 2510 1333 Comiffatum

1383 1343 1482 1364 euntes
1494 1357 1502 1369 ,
1522 1334 1579 1362 hoc
1589 1333 1627 1362 est
1637 1339 1816 1370 perpotatum
1826 1355 1835 1369 ,
1856 1334 1899 1363 vel
1911 1333 2016 1363 madidi
2033 1335 2060 1364 &
2073 1334 2219 1365 vinolenti..
2436 1357 2448 1359 ψ

1347 1372 1586 1406 ΟοΜιΝειΝε,
1609 1373 1633 1400 &
1655 1370 1853 1400 COMlSENR
1884 1371 1914 1401 V.
1938 1381 2142 1401 camrsimiz.

1346 1410 1368 1441 C
1378 1421 1423 1440 οΜ
1433 1422 1442 1439 i
1451 1420 1472 1439 T
1482 1420 1502 1438 A
1511 1419 1543 1439 ss
1553 1419 1567 1438 E
1577 1418 1597 1449 τ
1607 1430 1615 1443 ,
1636 1409 1776 1438 veteribus
1788 1419 1838 1447 pro
1852 1408 1993 1439 Cubuisset
2004 1432 2011 1445 ,
2032 1410 2099 1439 teste
2115 1410 2220 1440 Nonio.
2261 1411 2361 1441 Accius
2370 1410 2499 1450 Erigona,

1382 1449 1458 1479 Tum
1469 1455 1561 1477 autem
1572 1447 1708 1484 ffigisthus
1717 1446 1734 1476 si
1745 1456 1790 1476 me
1802 1447 1856 1477 esse
1869 1448 1972 1476 eodem
1980 1447 2054 1477 lecto
2064 1448 2219 1478 comitaffet
2228 1450 2307 1487 patri.
2327 1449 2500 1481 Obsoletum.

1383 1487 1423 1516 iii.
1444 1486 1496 1522 leq.
1520 1484 1701 1514 Comitialset.
1742 1485 1865 1521 [Parum
1887 1486 1993 1515 constat
2014 1487 2050 1515 de
2065 1486 2195 1516 lectione.
2235 1487 2317 1516 Forte
2333 1487 2502 1525 legendum:

1382 1525 1410 1555 Si
1427 1516 1544 1554 meisese
1566 1524 1667 1552 eodem
1692 1521 1765 1551 lecto
1787 1523 1949 1553 combitaffe
1969 1524 2051 1562 patri.
2080 1531 2112 1554 ut
2130 1524 2162 1554 sit
2172 1524 2407 1563 frequentativum
2425 1526 2506 1558 Cum.
2552 1523 2554 1530 ’

1383 1563 1443 1592 bito
1455 1573 1470 1591 a
1486 1561 1596 1591 Cumbo
1609 1583 1617 1596 ,
1639 1567 1669 1590 ut
1680 1570 1695 1589 a
1710 1560 1790 1590 Cubo
1800 1561 1830 1590 fit
1843 1561 1955 1590 Cubito.

1346 1601 1488 1632 Comrri
1501 1610 1564 1634 UM,
1586 1600 1603 1628 i.
1626 1609 1653 1627 n.
1676 1598 1805 1635 Quilibet
1821 1599 1971 1629 hominum
1986 1606 2087 1630 coetus.
2110 1600 2212 1630 dicitur
2230 1611 2247 1631 a
2266 1601 2413 1632 Coeundo.
2453 1603 2506 1633 Co-

1382 1639 1494 1669 mitium
1505 1638 1667 1667 amicorum.
1688 1638 1784 1674 Nepos
1797 1648 1841 1672 25.
1856 1650 1883 1672 4·
1921 1639 2035 1673 [Immo
2046 1639 2177 1668 Comitia.
2218 1640 2293 1669 Cave
2312 1649 2378 1670 vero
2395 1640 2431 1670 de
2445 1640 2506 1672 aliis
2545 1667 2550 1670 .

1382 1677 1503 1707 comitiis
1518 1675 1655 1712 intelligas
1666 1695 1676 1709 ‚
1696 1684 1778 1711 quam
1790 1675 1892 1713 quibus
1903 1676 1986 1705 Attici
1997 1677 2079 1706 amici
2090 1676 2194 1707 scilicet
2211 1677 2334 1708 honores
2352 1678 2503 1717 petebant,

1381 1714 1481 1753 quibus
1491 1714 1537 1742 ille
1548 1721 1577 1742 ut
1589 1712 1780 1750 suffragaretur
1791 1735 1799 1749 ,
1821 1713 1939 1743 Romam
1949 1714 2119 1744 accurrebat.

1382 1753 1536 1782 Comitium
1547 1774 1554 1786 ,
1575 1751 1666 1780 Locus
1675 1760 1705 1779 in
1716 1751 1786 1786 foro,
1808 1752 1856 1780 ubi
1864 1752 1990 1781 coibatur
2001 1752 2094 1782 litium
2105 1754 2132 1783 ἃ
2142 1752 2333 1790 suffragiorum
2342 1753 2422 1784 causa
2435 1763 2444 1784 ε
2465 1754 2506 1785 di-

1400 1792 1477 1820 ctum
1489 1812 1497 1825 ,
1519 1797 1549 1818 ut
1561 1791 1599 1818 ait
1611 1789 1702 1818 Festus
1716 1810 1724 1823 ,
1746 1799 1761 1818 a
1773 1789 1909 1819 Coeundo
1922 1812 1930 1823 ,
1952 1790 2030 1828 quod
2044 1792 2074 1820 in
2096 1800 2160 1820 eum
2176 1791 2271 1821 locum
2293 1791 2416 1830 populus
2435 1792 2504 1824 olim

1401 1828 1591 1858 conveniebat
1602 1827 1638 1855 ad
1649 1825 1806 1864 suffragium
1822 1828 1978 1857 ferendum.
2018 1828 2171 1858 Comitium
2181 1829 2216 1858 ab
2230 1839 2264 1859 eo
2275 1851 2284 1865 ,
2306 1831 2382 1868 quod
2393 1831 2506 1861 coibant

1403 1876 1438 1896 eo
1453 1867 1574 1895 comitiis
1586 1865 1697 1894 curiatis
1711 1868 1736 1894 ὁι
1753 1864 1846 1894 litium
1859 1865 1946 1895 causa.
1970 1866 2052 1895 Varro
2066 1867 2102 1896 de
2114 1867 2143 1897 L.
2158 1867 2187 1896 L.
2198 1879 2224 1903 4.
2244 1877 2287 1904 3²·
2324 1867 2456 1899 Asconius
2474 1870 2505 1900 in

1403 1913 1428 1941 3.
1459 1904 1529 1933 Verr.
1552 1912 1594 1939 55.
1630 1902 1803 1938 Comitium,
1825 1903 1934 1940 inquit‚
1953 1904 2032 1934 locus
2049 1911 2166 1943 propter
2182 1905 2334 1942 Senatum,
2357 1916 2412 1943 quo
2430 1908 2506 1937 coire

1401 1942 1540 1979 equitibus
1559 1946 1583 1971 &c
1597 1940 1704 1978 Populo
1720 1941 1850 1970 Romano
1860 1941 1934 1971 licet.
1975 1942 2033 1972 Liv.
2050 1953 2072 1972 i.
2084 1947 2128 1979 36.
2149 1943 2244 1973 Statua
2264 1945 2339 1974 Accii
2356 1944 2443 1982 posita
2462 1955 2507 1975 ca-

1424 1981 1461 2009 ite
1477 1979 1568 2008 velato
1579 2001 1586 2013 ,
1608 1979 1700 2015 quoin
1714 1979 1779 2008 loco
1794 1989 1835 2008 res
1847 1981 1907 2009 asta
1926 1980 1964 2009 est
1983 1981 2012 2009 in
2026 1980 2149 2010 Comitio
2163 2004 2171 2016 ,
2192 1982 2221 2011 in
2240 1982 2370 2019 gradibus
2387 1983 2450 2020 ipsis
2468 1983 2506 2013 ad

1412 2027 1498 2047 aevam
1508 2019 1589 2046 curiae
1599 2017 1659 2053 fuit.
1699 2017 1798 2046 Cotem
1810 2027 1921 2054 quoque
1934 2018 2035 2048 eodem
2046 2018 2110 2048 loco
2130 2019 2206 2049 sitam
2226 2019 2304 2049 fuisse
2323 2028 2482 2051 memorant
2492 2043 2503 2058 ,

1402 2064 1433 2085 ut
1442 2056 1508 2084 esset
1518 2056 1552 2084 ad
1565 2058 1687 2093 posteros
1704 2055 1831 2084 miraculi
1844 2056 1902 2091 ejus
1921 2063 2146 2086 monumentum.
2187 2057 2242 2087 Cic.
2259 2069 2281 2087 r.
2297 2058 2332 2088 de
2347 2058 2436 2088 Divin.
2458 2068 2501 2095 32-

1400 2093 1441 2123 Ita
1459 2103 1552 2122 cotem
1575 2094 1603 2122 in
1624 2093 1771 2122 comitium
1785 2092 1895 2122 allatam
1906 2115 1915 2129 ‚
1936 2094 2106 2132 inspectante
2118 2097 2144 2125 δι
2156 2105 2220 2133 rege
2235 2097 2260 2125 ἃ
2274 2096 2383 2133 populo
2393 2118 2401 2130 ,
2423 2107 2506 2127 nova.

1403 2131 1466 2161 cula
1482 2130 1534 2160 else
1548 2130 1693 2160 discissam.
1736 2131 1768 2160 Et
1780 2132 1875 2168 paucis
1889 2132 2053 2169 interjectis,
2076 2132 2175 2162 Cotem
2188 2140 2280 2163 autem
2290 2134 2367 2163 illam
2380 2136 2406 2165 δι
2420 2145 2504 2165 nova.

1402 2169 1494 2198 culam
1518 2169 1651 2209 deloll‘aiii
1669 2170 1864 2204 irruomirio,
1885 2169 2019 2208 supraque
2038 2171 2199 2208 impositum
2223 2172 2316 2204 Puteal
2333 2173 2500 2210 accepimus.

1401 2206 1461 2236 Liv.
1479 2216 1523 2242 24.
1541 2217 1584 2235 20.
1608 2209 1687 2242 Quos
1701 2217 1785 2243 quum
1798 2207 1914 2236 Romam
1924 2208 2034 2238 misisset
2043 2208 2139 2238 consul
2150 2231 2158 2243 ,
2181 2210 2264 2246 virgis
2273 2212 2300 2239 in
2313 2210 2436 2240 Comitio
2447 2211 2504 2241 caesi

1400 2255 1516 2280 omnes,
1537 2255 1568 2274 ac
1579 2246 1612 2274 de
1624 2245 1686 2273 saxo
1700 2245 1810 2278 deieffi.
1830 2245 1887 2274 Cic.
1901 2256 1952 2283 pro
1965 2246 2039 2276 Sext.
2052 2257 2097 2283 ῖς.
2121 2246 2217 2283 Quum
2227 2248 2327 2283 forum,
2349 2249 2503 2284 comitium,

1400 2284 1505 2312 curiam
1517 2305 1525 2318 ‚
1548 2282 1634 2311 multa
1645 2283 1680 2311 de
1698 2284 1779 2312 nocte
1793 2284 1904 2312 armatis
1917 2284 2076 2314 bominibus
2089 2294 2122 2314 ac
2138 2286 2219 2315 iervi's
2239 2286 2375 2323 plerisque
2386 2296 2504 2323 occupa.

1402 2321 1508 2350 vissent.
1534 2321 1603 2350 Gell.
1616 2320 1663 2349 lib.
1679 2337 1701 2353 η.
1715 2331 1775 2358 cap.
1792 2331 1816 2357 5.
1838 2321 1933 2351 Statua
1945 2321 2041 2352 Romae
2057 2324 2087 2352 in
2100 2324 2216 2353 comitio
2229 2324 2319 2362 polita
2333 2324 2441 2354 Horatii
2453 2325 2505 2355 Co·
2560 2332 2568 2340 ”

1402 2358 1475 2387 clitis
1490 2358 1625 2387 sortillinii
1637 2359 1685 2387 viri
1698 2360 1732 2387 de
1747 2359 1814 2387 caelo
1829 2361 1899 2388 tac‘ta
1913 2360 1959 2388 est.

1384 2396 1536 2427 Comitium
1548 2397 1656 2425 videtur
1666 2396 1807 2425 Subselliis
1821 2407 1966 2435 opponere
1986 2396 2045 2427 Cic.
2056 2397 2087 2427 in
2098 2397 2172 2428 Brut.
2186 2404 2250 2435 289.
2274 2399 2368 2436 Quare
2388 2400 2407 2430 si
2420 2410 2503 2433 anau.

1402 2437 1440 2464 lte
1456 2439 1482 2464 δι
1491 2435 1597 2463 exiliter
1608 2435 1699 2463 dicere
1709 2435 1746 2463 elt
1756 2435 1909 2464 Atticorum
1921 2457 1929 2470 ,
1950 2435 2000 2464 lint
2014 2434 2077 2465 sane
2087 2436 2180 2472 Attici,
2202 2436 2248 2465 sed
2264 2438 2292 2466 in
2304 2439 2449 2469 comitium
2457 2435 2502 2469 ile-

1404 2473 1482 2502 niant
1493 2495 1500 2507 ,
1520 2473 1554 2501 ad
1568 2473 1683 2501 mntem
1698 2473 1819 2507 iudicem
1830 2474 1934 2502 dicarit.
1975 2472 2109 2503 Subsellia
2123 2475 2298 2511 grandiorem
2312 2477 2338 2505 &
2348 2477 2502 2514 pleniorem

1403 2520 1503 2539 vocem
1519 2512 1683 2539 desiderant.
1725 2511 1765 2539 Ad
1786 2511 1909 2546 judicem
1922 2533 1930 2546 ‚
1951 2511 2026 2548 apud
2042 2512 2175 2546 judicem.
2215 2513 2339 2543 Stantem
2351 2537 2359 2549 ,
2381 2515 2456 2552 quod
2473 2515 2513 2544 in.

1404 2548 1656 2584 subselliisjudices
1675 2547 1818 2583 sederent,
1840 2549 1868 2578 in
1891 2550 2006 2578 comitio
2023 2549 2132 2579 starent.
2173 2550 2232 2580 Cic.
2254 2551 2359 2581 Atticos
2377 2552 2502 2582 hosc'ein

1403 2587 1548 2615 comitium
1560 2587 1644 2615 iiiittit
1656 2609 1663 2621 ,
1686 2587 1760 2622 quod
1770 2586 1862 2615 causas
1873 2588 1994 2616 minores
2007 2609 2015 2622 ,
2037 2597 2097 2624 quae
2114 2588 2143 2616 in
2161 2589 2276 2617 comitio
2289 2589 2455 2627 agebantur,
2476 2592 2506 2622 &

1403 2624 1433 2652 in
1445 2626 1542 2659 quibus
1556 2624 1715 2653 vehementi
1727 2625 1840 2653 dicendi
1853 2634 1953 2661 genere
1963 2634 2034 2662 opus
2045 2634 2103 2654 non
2110 2633 2168 2655 erat
2177 2648 2185 2661 ,
2207 2627 2299 2656 dicere
2308 2627 2434 2665 possent:
2455 2627 2503 2658 sed

1404 2671 1489 2697 quoni
1507 2663 1616 2697 anguste
1628 2666 1651 2691 oc
1664 2663 1772 2691 exiliter
1782 2662 1927 2699 dicerent,
1948 2672 2039 2700 neque
2050 2663 2079 2692 in
2090 2662 2223 2694 subselliis
2233 2674 2324 2702 neque
2340 2667 2369 2695 in
2383 2666 2501 2702 Rostris,

1403 2699 1432 2728 id
1444 2704 1480 2728 eli·
1499 2710 1588 2737 neque
1604 2701 1631 2728 in
1648 2701 1757 2733 iudiciis
1766 2701 1935 2736 majoribus,
1956 2710 2049 2738 neque
2059 2701 2089 2729 in
2100 2703 2238 2731 concione
2252 2703 2346 2733 dicere
2355 2704 2502 2734 commode
2552 2708 2554 2720 l

1402 2747 1549 2774 poterant:
1574 2739 1648 2774 quod
1660 2740 1685 2766 vi
1697 2760 1705 2771 ‚
1727 2739 1946 2768 contentione&
1958 2740 2059 2768 ardore
2075 2746 2216 2773 carerent,
2238 2750 2297 2777 quae
2322 2742 2351 2770 iri
2370 2741 2502 2772 subselliis

1404 2778 1429 2804 δι
1445 2776 1544 2804 Rostris
1557 2777 1772 2811 requirebantur.
1815 2776 1864 2806 Vel
1875 2777 1946 2806 forte
1955 2777 2073 2806 stantem
2084 2799 2092 2812 ,
2114 2786 2146 2806 ut
2170 2777 2251 2816 possit
2267 2780 2364 2809 audire
2383 2786 2501 2810 oratores

1402 2812 1483 2841 lioice
1496 2814 1528 2842 lie
1539 2814 1651 2850 anguste
1665 2817 1691 2844 ὀὶ
1701 2815 1811 2843 exiliter
1822 2815 1956 2846 dicentes.
1986 2815 2003 2844 i.
2015 2823 2038 2843 e.
2062 2816 2209 2845 Attenuate
2221 2818 2246 2846 &a
2256 2816 2357 2851 ieiune.

1347 2850 1443 2881 Comi
1458 2862 1470 2878 ι·
1483 2862 1490 2879 ι
1504 2862 1521 2879 Α
1533 2874 1540 2883 ,
1562 2861 1649 2880 orum.
1673 2862 1701 2881 n.
1723 2852 1761 2890 pl.
1784 2849 1978 2888 [ὸξνχαιςεσέοι]
1998 2859 2076 2881 erant
2095 2852 2258 2883 Conventus
2277 2854 2374 2892 Populi
2387 2855 2500 2891 Romae,

1383 2899 1399 2918 a
1417 2889 1495 2917 liniul
1513 2891 1607 2918 itando
1620 2891 1655 2919 ita
1667 2890 1808 2928 appellata
1820 2912 1828 2925 ,
1851 2891 1898 2919 ubi
1911 2891 2074 2920 creabantur
2091 2892 2265 2928 magistratus
2286 2894 2311 2922 &
2328 2893 2499 2930 eligebantur

1383 2936 1431 2964 per
1445 2926 1588 2964 sutfragia:
1624 2929 1671 2956 ubi
1699 2930 1784 2957 eriam
1804 2928 1878 2965 leges
1896 2927 2130 2966 approbabantur.
2172 2929 2294 2959 Comitia
2310 2931 2403 2967 dieta,
2431 2929 2502 2968 quali
2547 2934 2554 2945 “’

1382 2966 1483 3031 Xoitila.
1525 2966 1582 2994 Cic.
1615 2966 1702 2995 Venio
1718 2967 1753 2995 ad
1773 2967 1888 2995 comitia
1904 2968 1957 2996 sive
1974 2967 2180 3004 magistratuum
2203 2967 2258 2998 sive
2275 2967 2376 3006 legum.
2413 2968 2498 2999 Plaut.

1407 3012 1422 3031 u
1437 3014 1450 3030 [A
1468 3025 1473 3030 .
1490 3014 1516 3038 4·
1534 3012 1558 3039 7.
1572 3014 1616 3032 20.

1463 3041 1611 3077 lboinrro,
1633 3041 1680 3072 ubi
1691 3041 1726 3071 de
1737 3041 1829 3079 capite
1840 3050 1904 3071 meo
1915 3040 1978 3070 sunt
1987 3042 2109 3071 comitia.
2204 3041 2224 3072 i.
2236 3052 2260 3073 e.
2288 3043 2340 3073 Ubi
2358 3044 2395 3074 de
2411 3043 2500 3083 capite
2550 3054 2552 3058 ·
2602 3030 2604 3047 ⁵

1382 3087 1445 3107 meo
1463 3088 1558 3115 agitur.

1382 3116 1566 3145 Comitiorum
1578 3118 1629 3146 tria
1639 3126 1739 3154 genera
1752 3116 1846 3146 Romae
1857 3116 1968 3146 diversis
1978 3116 2152 3154 temporibus
2166 3117 2288 3148 instituta
2299 3141 2307 3153 ,
2331 3119 2439 3149 Curiata
2447 3119 2500 3158 pri·
2547 3115 2549 3131 ³

1400 3163 1477 3182 iiiuin
1488 3166 1501 3183 a
1517 3155 1637 3183 Romulo
1647 3178 1655 3189 ,
1677 3156 1835 3184 Centuriata
1846 3155 1950 3183 deinde
1962 3165 1976 3183 a
1986 3155 2079 3184 Servio
2088 3154 2183 3184 Tullio
2194 3177 2200 3189 ,
2222 3156 2300 3186 sexto
2312 3156 2498 3187 Romanorum
2546 3178 2554 3189 .-

1401 3202 1463 3227 rege
1475 3214 1483 3225 ,
1507 3197 1642 3229 postremo
1656 3193 1771 3222 'sribiita
1782 3215 1790 3227 ,
1812 3193 1954 3222 atribunis
1965 3192 2039 3230 pleb.
2081 3193 2123 3222 De
2133 3193 2245 3224 curiatis
2265 3196 2386 3224 comitiis
2403 3194 2450 3225 illa
2468 3194 2497 3224 fi·
2546 3199 2555 3210 '¹

1399 3229 1550 3266 gnilicant,
1573 3241 1633 3267 quie
1644 3230 1743 3268 scripta
1754 3231 1816 3259 sunt
1833 3231 1907 3267 apud
1931 3230 2115 3268 Pomponium
2133 3231 2373 3266 jurisconsultum:
2395 3233 2496 3263 Romu·

1398 3267 1440 3296 lus
1454 3289 1461 3301 ,
1483 3269 1571 3304 inquit
1586 3289 1590 3297 .
1612 3270 1719 3305 populo
1734 3268 1763 3297 in
1777 3269 1888 3305 triginta
1904 3275 1994 3305 partes
2010 3268 2114 3303 diviso,
2137 3278 2205 3306 quos
2221 3271 2309 3299 curias
2328 3270 2493 3308 appellavit,

1399 3306 1475 3340 quod
1487 3313 1552 3334 tuuc
1566 3306 1686 3343 reipubl.
1705 3316 1798 3335 curam
1811 3315 1858 3344 per
1870 3305 2019 3334 sententias
2032 3316 2125 3335 earum
2136 3307 2321 3343 expediebat,
2342 3308 2417 3345 leges
2426 3307 2498 3346 quass

1400 3344 1464 3371 dani
1478 3344 1591 3371 curionis
1603 3345 1636 3372 ad
1649 3344 1784 3381 populum
1796 3343 1875 3373 tulit:
1897 3343 2021 3373 tulerunt
2033 3346 2057 3373 ἃ
2071 3344 2216 3381 sequentes
2228 3355 2315 3383 reges.
2357 3346 2497 3375 Centuria-

1399 3386 1426 3408 ta
1435 3382 1543 3409 Servius
1555 3392 1602 3410 rex
1613 3404 1621 3415 ,
1644 3391 1672 3410 ut
1688 3382 1823 3416 diximus,
1844 3382 1979 3417 majorum
1989 3391 2081 3411 rerum
2092 3403 2100 3416 ,
2123 3384 2354 3419 patritiorumque
2364 3384 2496 3422 magistra-

1399 3425 1478 3446 tuum
1490 3419 1577 3447 ciull'..
1587 3420 1713 3448 induxit:
1738 3419 1822 3456 iisque
1832 3420 1953 3448 comitiis
1965 3420 2000 3448 ad
2011 3427 2133 3449 extrema
2145 3421 2251 3459 reipub.
2272 3427 2398 3458 tempora
2415 3421 2495 3459 patri·

1401 3456 1453 3484 tios
1467 3459 1634 3494 magistratus
1652 3465 1758 3486 creatos
1779 3457 1832 3486 elle
1853 3456 1980 3493 legimus.
2020 3457 2153 3491 Tributa,
2175 3458 2285 3496 regibus
2305 3458 2415 3494 ejet‘lis.
2436 3466 2494 3488 tum

1398 3504 1520 3531 primum
1544 3495 1665 3524 instituta
1681 3517 1688 3527 .
1710 3505 1795 3531 quiiiii
1811 3494 1973 3524 Coriolanus
1996 3495 2026 3523 in
2044 3495 2182 3530 judicium
2201 3496 2297 3533 populi
2315 3506 2428 3527 vocatus
2447 3495 2492 3530 est.

1399 3533 1546 3569 posteaque
1559 3543 1622 3561 cum
1637 3532 1772 3561 Volerone
1787 3532 1904 3561 Publilio
1918 3532 2047 3562 Laetorius
2059 3533 2156 3562 Tribb.
2168 3533 2242 3571 pleb.
2258 3533 2348 3570 legem
2363 3534 2493 3569 tulerunt,

1398 3577 1429 3597 ut
1439 3571 1547 3598 tributi>
1558 3571 1677 3598 comitiis
1689 3570 1790 3607 plebeii
1801 3570 1970 3607 magistratus
1978 3570 2076 3599 fierent
2086 3591 2094 3605 ,
2116 3571 2161 3608 qui
2174 3579 2254 3600 antea
2264 3572 2376 3602 curiatis
2387 3571 2443 3601 fieri
2453 3569 2492 3600 so-
2534 3594 2535 3604 ,

1399 3605 1503 3635 lebant.
1545 3607 1727 3636 Tributoruni
1735 3616 1827 3637 autem
1839 3608 2015 3637 comitiorum
2028 3609 2108 3638 aucta
2122 3609 2242 3639 maxime
2255 3610 2294 3639 vis
2313 3610 2351 3639 est
2366 3619 2398 3639 ea
2414 3609 2491 3646 lege,
2533 3616 2535 3626 ⁴

1400 3653 1482 3680 quam
1502 3644 1529 3673 l..
1548 3645 1687 3679 Valerius,
1708 3648 1732 3674 ὁὶ
1753 3646 1790 3674 m.
1807 3646 1936 3674 Horatius
1953 3655 2046 3676 coss.
2063 3646 2205 3681 tulerunt,
2225 3653 2273 3682 ut,
2294 3648 2370 3684 quod
2387 3646 2493 3677 tributis

1401 3683 1522 3710 comitiis
1536 3683 1612 3719 plebs
1625 3682 1753 3712 sanxisset
1765 3705 1772 3714 ,
1795 3693 1828 3712 eo
1841 3684 1964 3718 Quirites
1976 3693 2074 3712 omnes
2085 3693 2161 3721 teque
2175 3691 2343 3720 tenerentur,
2365 3684 2420 3714 acsi
2430 3692 2492 3714 cen·
2532 3676 2533 3711 i
2577 3694 2580 3723 ι

1401 3721 1507 3747 turmis
1518 3722 1639 3749 comitiis
1651 3721 1754 3755 perlata
1766 3720 1810 3750 lex
1822 3722 1887 3750 esset
1899 3743 1906 3754 ,
1928 3722 1964 3750 itii
1974 3722 2134 3750 centuriatis
2143 3721 2245 3752 tributa
2255 3722 2317 3752 sunt
2326 3729 2444 3759 aequata,
2455 3722 2490 3756 ἃ,

1401 3758 1475 3793 quod
1488 3759 1524 3785 ait
1538 3758 1628 3787 Livius
1642 3758 1688 3788 lib.
1703 3768 1727 3792 ι.
1741 3769 1782 3793 <5-
1806 3760 1956 3788 tribunitiis
1971 3769 1999 3787 ro
2009 3758 2158 3788 ’ationibus
2170 3761 2334 3790 acerrimum
2348 3759 2432 3789 telum
2441 3758 2492 3789 hac

1401 3794 1462 3831 lege
1482 3796 1577 3824 datum
1596 3797 1650 3826 est:
1674 3806 1758 3833 quum
1771 3818 1779 3831 ‚
1811 3797 1947 3832 quidquid
1968 3769 2070 3825 tribuni
2087 3797 2125 3833 pl.
2147 3797 2266 3831 ferrent,
2291 3798 2318 3826 id
2339 3797 2440 3826 deinde
2458 3795 2492 3825 ab

1403 3833 1532 3861 omnibus
1550 3834 1656 3862 civibus
1672 3834 1768 3863 servari
1785 3834 1891 3863 necesse
1901 3834 1975 3862 esset.
2015 3835 2184 3871 Quanquam
2195 3836 2221 3865 δι
2238 3834 2367 3865 Publilius
2380 3835 2494 3863 rimator
2530 3842 2531 3845 ’

1402 3869 1464 3907 lege
1477 3870 1546 3902 lata,
1569 3873 1740 3906 centuriata,
1763 3882 1821 3906 quie
1834 3873 2006 3908 patritiorum
2020 3872 2238 3902 caullainstituta
2249 3873 2386 3906 diximus,
2407 3871 2495 3900 immi·
2528 3878 2530 3887 ’

1402 3909 1478 3938 nuit:
1501 3908 1675 3939 sanxitenim
1687 3930 1697 3946 ,
1718 3918 1749 3939 ut
1766 3911 1894 3939 oninium
1911 3909 2006 3948 legum
2018 3931 2027 3946 ‚
2047 3919 2107 3946 quae
2125 3911 2248 3941 comitiis
2268 3909 2426 3942 centuriatis
2439 3907 2493 3974 fer·

2388 3955 2437 3977 ren
2450 3953 2490 3980 ur,
