2600 4177
536 120 565 156 C
665 122 699 158 O
796 121 830 156 N

134 202 204 232 Dara
219 202 325 241 populo
336 203 483 237 congiaria.
523 203 597 232 Suet.
611 203 717 238 August.
729 213 791 239 cap.
804 213 847 237 41.
873 204 1019 240 Congiaria
1030 205 1190 243 frequenter
1200 215 1249 244 po.

154 241 219 278 pulo
233 242 327 274 (ledit.
352 241 396 270 sed
409 238 518 269 diversae
531 241 586 269 sere
599 240 709 270 s'unimae
720 261 728 274 ,
749 242 834 270 niodo
850 244 1053 279 quadringenos
1066 265 1074 279 ,
1097 245 1182 272 modo
1204 245 1250 273 tri-

153 287 238 307 cenos
249 300 256 311 ,
279 287 479 313 nonnunquam
493 277 618 306 ducenos
629 299 637 312 ‚
663 279 924 316 quinquagenosque
938 290 1077 310 nummos.

134 314 232 344 Lenire
244 316 452 345 multitudinem
466 315 623 351 imperitam
635 316 790 351 congiariis.
813 317 870 345 Cic.
885 327 907 351 ζ.
925 317 1044 354 Philipp.
1060 321 1119 347 116.

134 352 313 389 Congiarium
327 375 335 388 ‚
355 353 393 382 est
405 353 487 381 etiam
503 353 614 381 Donum
629 353 704 387 quod
717 354 847 390 princeps
859 356 986 391 privatim
999 355 1046 384 dat
1059 355 1150 384 alicui.
1172 356 1248 386 Suet.

153 390 189 419 de
202 390 272 419 Clar.
288 391 365 420 Rhet.
379 400 439 426 cap.
451 398 496 424 27.
521 390 579 419 Nec
589 400 622 418 eo
636 391 727 419 minus
740 412 747 426 ‚
770 392 826 420 iino
839 393 880 420 vel
896 393 980 430 magis
1001 393 1037 421 ob
1055 393 1109 421 hoc
1130 394 1251 422 Antonio

154 437 262 464 gratus:
284 438 300 457 a
310 437 365 464 quo
376 435 440 455 mox
450 427 569 456 Consule
577 428 674 465 ingens
691 429 773 457 etiam
790 430 961 466 congiarium
972 430 1091 468 accepit.
1112 429 1190 460 Idem
1201 440 1251 468 pro

154 465 260 494 Privato
272 466 347 494 dono
359 465 386 492 in
398 464 464 494 Caes.
482 474 543 501 cap.
558 474 601 501 ²7-
621 465 693 495 dixit
705 465 880 496 Uberrimum
902 468 1072 504 congiarium
1084 489 1092 503 ‚
1112 468 1181 497 teste
1202 468 1253 497 Bu.

153 503 223 532 daco.
265 503 319 531 Sed
335 503 361 531 &
378 503 407 530 in
424 501 530 539 Vespas.
544 512 605 540 cap.
622 507 663 536 18.
699 503 800 533 Colossi
821 504 982 534 refeftorem
994 527 1003 540 ‚
1025 505 1131 542 inquit,
1154 505 1252 543 insigni

154 540 311 578 congiario,
334 548 488 577 magnaque
499 540 628 570 mercede
640 541 762 570 donavit.
803 542 818 570 i.
834 552 858 571 e.
881 543 999 572 Munere
1015 543 1204 580 Imperatorio.

137 577 277 615 Exiguitas
288 577 502 613 congiariorum.
543 578 663 614 Quintil.
676 578 724 607 lib.
739 582 764 607 6.
782 587 843 616 cap.
857 589 880 615 3.
911 580 941 609 ln
952 579 1127 618 Metalepsim
1143 589 1254 618 quoque

154 616 230 644 cadit
239 615 308 644 ratio
319 614 477 650 dictorum,
497 622 528 645 ut
545 615 642 645 Fabius
663 616 803 645 Maximus
823 617 949 646 incusans
969 618 1078 655 Augusti
1096 619 1254 656 congiario-

156 662 215 681 rum
228 673 236 686 ,
257 662 317 688 quae
328 653 426 681 amicis
440 653 575 683 dabantur
587 675 594 689 ‚
615 654 796 689 exiguitatem
808 675 816 688 ‚
838 654 990 684 heminaria
1005 655 1060 685 esse
1075 656 1154 686 dixit.

135 689 177 719 De
188 690 327 726 Congiarii
340 691 368 719 in
381 692 503 720 nummis
514 691 665 726 memoria,
688 691 717 720 V.
742 691 902 728 Spanheim.
917 693 976 722 diff.
993 701 1032 728 13.
1048 703 1075 730 p.
1086 703 1147 729 529.

136 727 198 757 Nec
208 727 319 757 causam
332 728 414 757 video
424 738 472 757 cur
482 729 606 758 additam
617 729 714 758 malint
723 728 779 762 alii,
799 728 845 758 alii
857 730 1067 767 Congiariorum
1082 731 1125 760 vel
1137 730 1256 768 Congia-

157 764 196 794 rio
207 764 308 802 legant.
330 766 401 795 Cum
412 775 461 803 per
470 767 672 804 appositionem
683 766 790 796 dicatur
801 766 850 796 sita
860 777 896 797 ne
911 767 1005 799 Aecus.
1016 768 1082 806 sing.
1104 778 1131 798 n.
1141 779 1166 807 g.
1181 769 1255 800 Con-

155 803 273 840 giarium
284 825 292 837 ,
316 813 367 840 pro
381 803 520 842 Congiarii
531 804 602 833 loco.

100 837 123 869 C
131 850 148 868 o
158 850 177 869 N
187 850 205 869 G
215 851 229 869 L
240 843 256 870 Ᾰ
267 851 284 870 c
294 850 328 870 10
337 862 345 876 ‚
367 838 592 877 [συμπήγνυμαι]
611 844 665 871 ᾖτε,
685 840 717 870 In
731 840 848 878 glaciem
859 843 991 872 converti.
1013 842 1071 872 Cic.
1090 852 1116 873 2.
1143 843 1179 873 de
1190 843 1255 874 Nat.

135 878 218 907 Deor.
233 882 278 907 26.
302 880 387 915 Atque
397 888 474 915 aquae
484 880 566 908 etiam
575 879 722 908 admistum
739 878 794 908 effe
802 879 924 909 calorem
933 903 940 913 ,
963 881 1084 918 primum
1096 880 1153 918 ipse
1163 881 1255 919 liquor

136 925 214 953 aquae
231 916 353 946 declarat
367 916 476 951 effui're,
497 927 559 954 quae
575 926 666 954 neque
686 917 871 953 conglaciaret
889 918 1036 955 frigoribus
1050 941 1058 954 ,
1079 929 1171 956 neque
1188 920 1255 949 nive

136 954 292 1020 pruiriaque
309 954 508 985 concresceret.
548 954 581 985 ln
608 953 772 992 quibusdam
785 955 991 994 exemplaribus
1014 956 1114 995 legitur
1124 978 1133 992 ‚
1156 957 1256 995 Neque

135 1001 188 1020 001⁴!
202 1002 207 1012 ¹
220 1001 364 1021 &CIHICEUL

136 1002 298 1066 Coriglaciat
307 1030 462 1060 tribunatus
473 1029 596 1059 Curioni.
637 1029 696 1059 Cic.
706 1034 732 1064 8.
754 1029 828 1059 Fam.
841 1032 865 1059 6.
887 1030 1001 1060 Curioni
1014 1031 1106 1061 nostro
1117 1031 1255 1063 Tribuna-

153 1073 198 1096 tus
209 1067 375 1104 conglaciat.
415 1069 434 1098 i.
447 1077 472 1097 e.
495 1067 585 1105 Friget
594 1066 701 1105 prorsus
712 1066 783 1096 nihil
794 1069 904 1104 agendo
920 1068 1004 1099 Curio
1019 1070 1049 1098 in
1066 1070 1214 1100 tribunatu.

99 1103 122 1134 C
132 1114 149 1134 o
159 1114 177 1133 N
186 1114 204 1133 c
213 1115 229 1132 L
239 1115 255 1133 A
267 1114 298 1133 ci
308 1109 322 1133 A
332 1114 352 1133 τ
362 1115 380 1134 u
389 1115 402 1134 s
411 1127 420 1141 ‚
440 1115 456 1135 a
466 1127 475 1141 ‚
497 1115 554 1135 um.
577 1105 672 1135 Partic.
694 1104 764 1134 Plin.
775 1104 823 1134 lib.
839 1116 865 1136 2.
882 1116 943 1145 cap.
959 1111 985 1137 6.
1007 1107 1180 1138 Grandinem
1189 1117 1256 1138 con.

136 1142 256 1179 glaciato
268 1142 354 1172 imbre
366 1143 453 1180 gigni.

99 1179 121 1209 C
130 1189 146 1208 o
156 1190 174 1208 N
186 1190 203 1209 c
215 1183 252 1209 LE
261 1191 275 1208 12.
285 1191 303 1209 A
312 1190 332 1209 ‘r
343 1191 360 1210 υ
369 1190 381 1210 s
391 1202 399 1216 ‚
424 1191 439 1210 a
450 1203 457 1216 ‚
479 1190 535 1210 um.
557 1186 587 1210 ut
598 1202 607 1216 ,
636 1179 721 1210 Terra
735 1179 852 1211 humore
871 1181 956 1212 denso
968 1182 1135 1221 conglebata
1148 1185 1175 1214 δι
1194 1182 1256 1223 pul·

135 1228 209 1247 vere.
231 1219 358 1247 l'rudent.
374 1219 448 1256 praef.
462 1218 584 1248 Hamart.
597 1228 621 1247 v.
636 1227 679 1254 53.

99 1255 146 1285 Co
156 1265 174 1285 N
185 1266 201 1284 o
211 1266 265 1285 Lis
274 1266 291 1286 c
300 1266 316 1285 o
329 1278 337 1291 .
361 1257 416 1286 ere.
439 1255 630 1285 Concrescere.
654 1255 737 1286 Plaut.
751 1255 829 1286 Trin.
847 1265 870 1293 3.
883 1266 908 1286 2.
923 1267 966 1294 5²·

195 1291 235 1323 Ne
244 1294 391 1323 scintillam
402 1294 516 1331 quidem
523 1293 663 1330 relinques
674 1315 681 1328 ‚
702 1303 790 1332 genus
800 1295 845 1331 qui
859 1295 1010 1333 congliscat
1018 1300 1107 1326 tuum.

100 1330 123 1361 C
131 1341 149 1360 o
158 1341 178 1360 Ν
187 1341 205 1360 c
216 1335 257 1361 Lo
266 1342 281 1360 s
289 1342 306 1360 o
317 1353 325 1367 ,
346 1330 539 1368 [πωσιθμιζω]
561 1334 614 1360 are.
636 1341 652 1360 a
661 1331 753 1361 Globo
765 1333 919 1362 deductum
933 1344 941 1370 ·‚
965 1333 1097 1371 significat
1108 1334 1255 1366 coaduna-

135 1379 173 1398 re.
213 1370 272 1399 Liv.
285 1375 311 1404 8.
329 1379 370 1399 11.
382 1379 423 1407 pr.
447 1368 504 1405 Qui
518 1367 677 1398 Latinorum
688 1379 788 1407 pugnae
801 1369 992 1407 superfuerant
1001 1371 1098 1402 multis
1108 1373 1255 1403 itineribus

138 1407 276 1445 dissipati,
297 1416 383 1444 quum
393 1406 421 1436 se
432 1407 462 1436 in
473 1416 560 1437 unum
571 1406 781 1445 conglobaffent
790 1429 799 1443 ‚
820 1408 913 1440 Vescia
921 1409 985 1440 urbs
993 1411 1033 1442 eis
1048 1411 1255 1449 receptaculum

135 1445 198 1474 tuit.
1183 1470 1186 1471 γ

138 1483 215 1512 Mare
224 1481 406 1520 conglobatur
415 1482 549 1519 undique.
572 1482 631 1513 Cic.
641 1492 667 1513 2.
680 1483 716 1513 de
727 1482 791 1513 Nat.
805 1482 888 1514 Deor.
904 1494 916 1514 1
924 1488 966 1516 16.

136 1522 201 1551 Sors
210 1522 370 1558 conglobat.
410 1520 467 1550 Liv.
480 1530 524 1551 22.
541 1532 565 1557 ς.
580 1527 648 1551 extr.
670 1522 734 1551 Sors
746 1522 932 1559 conglobabat
941 1545 949 1559 ‚
970 1525 997 1553 &
1007 1523 1116 1554 animus
1125 1524 1187 1554 suus
1197 1525 1256 1554 cui-

155 1569 209 1596 que
220 1566 283 1588 ante
292 1566 338 1588 aut
348 1559 408 1597 post
420 1560 567 1597 pugnandi
577 1560 707 1589 ordinem
718 1560 811 1590 dabat.
833 1560 958 1607 subaudi,
969 1561 1086 1592 Milites.
1125 1562 1166 1592 Al.
1189 1563 1256 1593 Fors

157 1606 211 1626 con
232 1596 318 1626 lobat.

99 1633 148 1665 Co
156 1644 175 1663 Ν
186 1645 205 1663 c
213 1607 230 1663 Ξ
238 1639 299 1664 oei
309 1644 328 1663 τ
336 1644 375 1664 us
385 1656 393 1670 ,
414 1644 429 1664 a
441 1656 449 1670 ‚
470 1644 527 1664 um.
549 1636 566 1671 [
575 1635 771 1671 σιωκῖροιοθεὶσ]
794 1635 890 1667 Partic.
911 1643 961 1674 ut,
982 1636 1187 1675 Conglobatum
1195 1648 1256 1669 cor-

138 1682 191 1719 pus
202 1673 230 1701 in
242 1672 304 1710 pilae
315 1673 440 1702 modum.
463 1672 530 1702 Plin.
540 1672 588 1702 lib.
602 1682 627 1708 9.
643 1683 705 1711 cap.
717 1677 763 1708 46.

135 1711 304 1749 Corpuscula
314 1709 490 1748 conglobata.
512 1710 619 1740 Lucret.
633 1720 660 1741 2.
676 1720 738 1747 153.

216 1749 278 1778 Nec
288 1748 445 1786 singillatim
458 1748 622 1787 corpuscula
631 1758 747 1786 quaeque
759 1758 875 1786 vapores
886 1770 894 1781 .

215 1787 272 1816 Sed
282 1785 429 1824 complexa
441 1795 535 1816 meant
543 1787 616 1816 inter
625 1787 652 1817 se
659 1796 770 1825 conque
779 1787 899 1825 globata.

120 1823 125 1839 ¹
155 1831 192 1854 ta.
233 1825 273 1854 De
285 1825 385 1854 atomis
403 1824 534 1861 loquitur.

137 1862 320 1892 Definitiones
330 1862 513 1899 conglobatae.
536 1862 594 1891 Cic.
607 1862 636 1891 in
646 1861 736 1892 Partit.
749 1873 774 1899 5.

135 1900 235 1938 Figura
245 1898 412 1938 conglobata
423 1910 514 1939 neque
525 1907 622 1930 natum
631 1900 744 1939 usquam
755 1901 904 1939 quicquam
921 1903 947 1932 &
963 1900 1172 1942 sempiternum.
1194 1904 1254 1936 cie.

177 1962 183 1967 .
194 1940 276 1968 Acad.
290 1949 318 1968 11
345 1961 363 1968 ..

133 1951 239 2006 (ὶέηῑεε
251 1944 435 2014 congiobatae.
474 1975 580 2005 Sallust.
599 1975 677 2005 Orat.
691 1985 715 2005 1.
736 1976 772 2006 de
783 1976 895 2015 Repub.
907 1977 967 2007 ord.
990 1977 1056 2008 Non
1079 1980 1153 2009 orbis
1174 1985 1255 2010 terra-

154 2024 217 2044 rum
227 2036 236 2050 ,
256 2024 348 2051 neque
355 2015 463 2044 cunctae
473 2020 569 2052 gentes
586 2013 770 2052 conglobatae,
792 2024 904 2046 movere
911 2022 957 2045 aut
965 2017 1139 2048 contundere
1151 2023 1257 2055 queunt

1015 1788 1035 1819 i.
1046 1799 1073 1820 e.
1097 1789 1256 1828 congloba-

155 2052 212 2082 hoc
221 2053 258 2082 im
282 2061 380 2082 etium.

135 2090 198 2120 Pars
208 2063 332 2120 extiimia
342 2112 350 2126 ,
360 2091 396 2121 ῥ’(
406 2088 573 2127 conglobata
583 2090 655 2119 inter
664 2088 690 2118 se
700 2090 853 2120 concionis.
876 2089 967 2120 Tacit.
981 2100 1004 2121 r.
1020 2091 1090 2122 Ann.
1105 2101 1149 2129 35¹.

135 2129 305 2163 Sanguinem
316 2127 515 2165 conglobatum
526 2127 669 2157 discutere.
691 2127 761 2158 Plin.
772 2127 819 2157 lib.
833 2137 876 2165 23.
892 2138 953 2166 cap.
967 2138 992 2159 1.

136 2159 223 2196 Teria
234 2167 358 2203 undique
367 2167 397 2195 in
408 2165 462 2194 sese
481 2166 594 2195 nutibus
611 2166 664 2195 suis
677 2165 853 2203 conglobata.
877 2165 933 2196 Cic.
946 2176 974 2196 2·
989 2167 1025 2197 de
1032 2166 1096 2198 Nat.
1107 2167 1191 2198 Deor.
1205 2174 1254 2205 98.

101 2204 149 2234 Co
158 2214 177 2233 Ν
187 2215 204 2233 c
215 2209 302 2233 Loirx
311 2215 329 2233 τ
339 2214 372 2233 10
381 2226 389 2240 ,
411 2203 482 2233 finis.
504 2203 522 2232 f.
554 2205 748 2240 [wathonis]
768 2204 832 2233 Sen.
854 2205 916 2234 Nat.
938 2205 1038 2242 Quaest.
1053 2216 1076 2236 1.
1092 2216 1135 2241 ις.
1165 2206 1256 2238 Multa

136 2243 211 2272 enim
224 2242 442 2280 conglobatione
452 2242 561 2279 ignium
575 2242 713 2280 indigens,
735 2251 822 2279 quum
834 2242 932 2280 ingens
939 2253 1038 2273 eorum
1047 2243 1124 2274 orbis
1134 2243 1258 2283 aliquan-

84 2284 87 2289 '
137 2282 175 2310 do
184 2281 310 2311 matutini
326 2279 541 2317 amplitudinem
556 2279 618 2309 solis
629 2286 772 2317 exuperet.

137 2318 229 2350 Nubis
244 2317 433 2356 conglobatio.
471 2317 548 2347 idern
560 2318 627 2348 ibid.
643 2329 665 2352 ς.
682 2327 723 2353 ¹3·
924 2354 937 2361 ψ

139 2357 262 2387 Fortuita
273 2355 461 2394 conglobatio,
484 2355 574 2385 Tacit.
594 2356 629 2385 de
642 2353 845 2385 Morib.Germ.
862 2364 888 2392 7.
909 2354 975 2385 Non
991 2354 1069 2386 casus
1082 2362 1130 2387 aut
1140 2357 1257 2390 fortuita

157 2394 335 2432 conglobatio
343 2402 465 2423 turmam
476 2401 524 2423 aut
532 2403 652 2423 cuneum
665 2394 744 2427 facit.
766 2394 812 2422 sed
825 2393 935 2423 familiae
945 2396 970 2424 ὅ(
985 2395 1218 2432 propinquitates.

101 2433 123 2462 C
133 2443 148 2461 o
159 2442 205 2462 NG
217 2443 256 2461 Lo
265 2443 278 2462 s
288 2436 302 2461 Ξ
313 2441 332 2460 '1¹
341 2442 351 2461 1
360 2443 381 2461 M
392 2453 400 2467 ‚
425 2432 491 2461 Adv.
513 2431 587 2469 apud
605 2431 659 2461 Liv.
673 2441 718 2467 ²5-
733 2440 775 2466 ις.
799 2431 924 2461 Gronov.
949 2431 1115 2470 Conglobati
1127 2433 1203 2472 legit.

101 2471 123 2500 C
131 2480 147 2500 o
157 2481 176 2499 Ν
186 2481 202 2499 G
213 2482 227 2498 L
235 2472 251 2500 ὀ
263 2481 281 2498 u
292 2472 306 2499 ᾗ
316 2481 330 2498 a
339 2480 356 2498 o
367 2492 374 2505 ‚
396 2467 599 2506 [minimum
624 2469 763 2505 συαπεέςω]
784 2472 839 2498 are.
861 2479 875 2498 a
887 2469 1003 2499 Glomus
1013 2492 1022 2505 ,
1043 2471 1104 2500 eris.
1126 2471 1257 2502 Involve-

138 2518 166 2537 re
177 2531 185 2543 ,
207 2508 398 2545 superaddere.
423 2507 491 2537 Enn.
501 2506 612 2545 Tliyest.
626 2508 700 2545 apud
712 2507 785 2536 Non.
798 2517 823 2537 2.
840 2511 901 2537 166.
920 2508 997 2538 Heus
1007 2517 1070 2539 mea
1078 2509 1190 2540 fortuna
1201 2532 1209 2546 ,
1227 2516 1260 2541 ut

136 2546 234 2576 onmia
245 2547 274 2574 in
284 2555 331 2575 me
342 2545 534 2589 conglomeras
546 2545 619 2575 mala
634 2547 639 2574 !
664 2546 693 2574 V.
714 2555 733 2574 o
741 2556 757 2574 L
765 2555 782 2574 o
790 2555 811 2574 M
820 2554 835 2574 Ε
843 2555 894 2576 κο.

101 2584 206 2616 CONG
216 2594 287 2613 LoM
298 2593 386 2612 exoa
397 2605 405 2618 ,
426 2583 570 2621 passivum.
595 2583 703 2613 Lucrct.
716 2592 741 2619 3.
759 2593 823 2613 211.

219 2622 311 2658 Quam
321 2622 397 2651 tenui
409 2621 517 2650 constet
528 2628 636 2651 textura
646 2643 654 2656 ‚
676 2630 813 2658 quamque
830 2620 894 2651 loco
906 2619 934 2650 se

217 2659 369 2689 Contineat
380 2669 465 2697 parvo
477 2681 484 2694 ‚
504 2659 522 2687 si
533 2659 616 2697 possit
626 2659 839 2697 conglomerati.

102 2698 124 2728 C
132 2708 149 2727 o
157 2707 177 2726 Ν
186 2708 203 2727 c
213 2708 252 2726 Lo
262 2709 282 2726 ,xi
292 2707 305 2726 a
315 2708 328 2725 k
338 2701 354 2726 i'i
364 2707 383 2726 τ
392 2708 408 2726 υ
418 2707 440 2733 s,
457 2707 481 2727 a.
502 2706 559 2726 um.
582 2697 652 2727 Cels.
666 2707 690 2734 7.
705 2707 747 2727 10.
772 2696 853 2727 Venae
861 2697 970 2727 intortae
978 2696 1259 2738 conglomerataeque.

102 2737 124 2766 C
132 2747 149 2765 o
159 2746 177 2765 N
188 2745 206 2765 c
215 2747 230 2764 L
239 2746 255 2764 o
265 2747 285 2763 M
295 2745 331 2764 aa
340 2745 360 2764 Α
369 2745 388 2764 T
396 2746 405 2764 1
414 2745 431 2764 o
441 2756 449 2770 ‚
471 2735 542 2764 finis.
564 2736 582 2764 f.
605 2735 675 2765 Cod.
689 2744 731 2765 12.
742 2741 761 2764 t.
777 2744 816 2771 19.
831 2734 850 2764 l.
864 2744 905 2770 ¹3·
929 2735 1019 2765 Vetita
1026 2736 1258 2773 conglomeratio.

102 2775 124 2804 C
132 2784 150 2803 o
158 2784 178 2803 N
187 2783 204 2802 c
213 2785 230 2802 L
238 2776 255 2803 ὃ
264 2783 279 2801 a
287 2775 320 2802 ir
329 2783 338 2802 1
348 2783 366 2802 c
375 2782 391 2802 o
403 2795 410 2808 ‚
430 2775 486 2802 are.
507 2773 623 2803 Tertull.
637 2774 672 2803 de
682 2773 790 2803 Resurr.
807 2772 887 2802 Carn.
899 2783 962 2811 cap.
971 2784 1018 2809 40.
1041 2773 1236 2813 Compatimur
1248 2799 1257 2813 ‚

139 2812 180 2842 uti
193 2813 218 2841 &
227 2810 471 2848 conglorificemur
482 2832 489 2845 ‚
502 2812 554 2841 διο.
808 2847 814 2853 Ι

103 2851 150 2881 Co
158 2859 177 2878 N
187 2859 205 2878 c
215 2860 231 2878 L
241 2853 258 2878 ῦ
266 2849 331 2878 ΤῖΝ
339 2859 356 2878 o
368 2870 377 2885 ,
398 2848 590 2886 [cummim]
609 2851 664 2877 are.
687 2857 723 2878 eit
739 2846 855 2877 Glutino
868 2848 1064 2886 componitur;
1087 2851 1114 2879 ἃ
1129 2850 1263 2888 significat

140 2887 498 2924 Coniungo&ferrumino.
538 2887 597 2916 Cic.
612 2896 633 2915 1.
652 2886 687 2915 de
702 2886 778 2916 Orat.
795 2891 855 2919 188-
878 2886 948 2929 Quae
962 2895 1020 2916 rem
1041 2887 1199 2919 dissolutam
1220 2890 1264 2920 di.

141 2925 303 2962 vuisamque
313 2925 517 2962 conglutinaret
527 2946 535 2959 ‚
557 2926 582 2954 ὁὶ
594 2924 700 2953 ratione
712 2924 832 2964 quadam
841 2931 1031 2967 conjungeret.

139 2962 340 3001 Conglutinare
352 2964 378 2992 δ(
388 2961 538 2992 Dissolvere
549 2984 557 2997 ‚
577 2962 721 2992 contraria.
761 2961 820 2990 Cic.
833 2961 868 2990 de
879 2963 989 3004 Aniicit.
1003 2972 1046 2999 3².
1069 2962 1141 2993 Nam
1158 2963 1177 2994 si
1189 2964 1264 2995 utili.

162 3009 203 3030 tas
212 3001 348 3030 amicitias
359 3000 564 3037 conglutinaret
575 3022 583 3034 ‚
604 3000 703 3029 eadem
712 3006 882 3028 commutata
899 3000 1065 3031 diflolveret.

140 3039 285 3068 Amicitias
294 3038 487 3075 conglutinare
496 3038 668 3067 testimoniis.
690 3037 748 3067 Cic.
761 3046 786 3074 7.
804 3038 858 3066 Att.
869 3043 895 3071 8.

142 3079 254 3106 Amores
264 3077 435 3105 meretricios
443 3077 557 3113 nuptiis.
580 3075 643 3105 Ter.
658 3075 727 3104 And.
743 3085 766 3111 5.
778 3085 804 3111 4.
819 3085 862 3104 ιο.

141 3114 230 3144 Dolos
240 3114 439 3152 conglutinare.
462 3114 546 3143 Plaut.
560 3114 658 3144 Bacch.
672 3124 696 3148 4.
711 3123 737 3148 4.
750 3122 795 3149 42.
811 3151 816 3156 ¹

141 3152 305 3181 Voluntates
315 3151 544 3189 conglutinantur
552 3151 763 3180 consuetudine.
785 3150 844 3180 Cic.
859 3160 869 3179 1
876 3160 901 3194 .¹·
915 3149 990 3181 Fam.
1004 3160 1050 3189 27.

141 3190 249 3219 Vulnus
260 3189 453 3227 conglutinant
462 3190 530 3219 folia
543 3190 649 3218 vitium.
677 3188 744 3218 Plin.
755 3188 802 3218 lib.
818 3197 861 3223 ²³-
874 3199 902 3217 in
913 3199 1032 3226 prooem.
1180 3228 1188 3235 ἱ

142 3228 182 3258 Ex
203 3227 320 3256 libidine
330 3249 338 3262 ,
360 3226 526 3257 crudelitate
535 3249 544 3263 ‚
566 3227 720 3265 petulantia
730 3248 738 3262 ‚
758 3226 874 3256 audacia
897 3227 1114 3264 conglutinatus.
1155 3228 1214 3260 Cic.
1237 3238 1262 3266 3.

161 3265 280 3302 Philipp.
295 3271 338 3300 ²8-
361 3265 440 3303 Quid
455 3266 530 3295 estin
542 3266 661 3295 Antonio
679 3272 776 3302 praeter
791 3264 938 3293 libidinem
948 3286 956 3300 ,
977 3266 1174 3296 crudelitatem
1186 3289 1194 3303 ⁷
1216 3278 1265 3306 pe-

161 3304 309 3332 tulantiam
327 3325 334 3337 ‚
356 3303 521 3332 audaciam?
543 3313 577 3333 cx
591 3302 634 3332 his
645 3309 720 3332 totus
733 3302 942 3340 conglutinatus
953 3303 1000 3333 est.

106 3342 129 3372 C
137 3352 154 3371 o
163 3352 182 3370 Ν
191 3351 209 3370 G
219 3353 234 3370 L
242 3352 260 3370 u
272 3351 290 3369 'r
299 3352 308 3369 1
318 3351 336 3369 Ν
345 3345 362 3370 x
370 3351 389 3369 T
398 3341 415 3370 ὑ
424 3351 436 3371 s
449 3363 456 3376 ‚
478 3351 494 3371 a
504 3362 512 3376 ‚
534 3351 581 3370 um
591 3362 599 3376 ‚
621 3340 718 3370 Partic.
739 3347 769 3370 ut
782 3362 790 3375 ‚
811 3340 970 3370 Concordia
981 3341 1180 3379 conglutinata.
1203 3344 1263 3375 Cic.

147 3390 171 3408 1.
193 3381 247 3408 Art.
266 3388 306 3415 17.
329 3379 423 3408 Tueor
432 3401 440 3414 ‚
461 3385 495 3408 ut
504 3378 613 3417 possum
624 3400 633 3414 ‚
653 3379 731 3408 illam
742 3388 757 3408 a
773 3388 818 3408 me
837 3378 1059 3416 conglutinatam
1073 3381 1265 3412 concordiam.

145 3417 176 3446 V.
198 3417 277 3455 Apul.
293 3427 319 3452 9.
334 3417 402 3446 silet.
413 3427 440 3455 p.
453 3423 517 3452 2535.
696 3452 702 3460 .
1005 3454 1011 3460 ι
1065 3455 1069 3461 Ι

107 3456 129 3486 C
137 3465 154 3485 o
163 3464 183 3484 Ν
191 3464 210 3484 c
217 3466 234 3483 i.
243 3465 289 3485 ur
298 3466 307 3483 1
319 3464 338 3483 Ν
346 3458 363 3484 Ti
371 3464 391 3483 Τ
399 3466 408 3483 1
417 3464 444 3490 ο,
466 3454 538 3484 onis.
559 3453 578 3483 f.
600 3453 798 3490 [anawanum]
820 3461 860 3489 ut,
882 3453 1091 3492 Conglutinatio
1105 3455 1263 3488 verborum.

141 3494 202 3523 Cic.
215 3493 244 3522 in
254 3493 331 3522 Orat.
343 3499 387 3529 78.
410 3492 444 3522 Et
453 3492 488 3521 de
498 3493 606 3522 Seneet.
618 3501 662 3528 72.
684 3492 785 3522 Omnis
794 3491 996 3529 conglutinatio
1005 3502 1101 3523 recens
1111 3504 1180 3532 aegre
1194 3517 1202 3531 ,
1223 3496 1265 3524 in.

144 3539 265 3560 veterata
277 3529 358 3560 facile
370 3529 520 3560 divellitur.

108 3568 131 3598 C
140 3566 156 3597 o
167 3578 185 3596 Ν
196 3578 212 3596 c
223 3579 239 3596 L
248 3579 266 3597 u
276 3579 295 3597 T
306 3579 313 3596 ι
323 3578 342 3597 Ν
351 3572 368 3598 ὃ
377 3579 388 3598 s
399 3578 415 3597 u
423 3578 445 3602 s,
467 3579 491 3602 a,
513 3576 568 3597 uni.
590 3573 630 3601 ut,
652 3566 784 3597 Humoris
797 3577 859 3606 pars
872 3567 1073 3604 conglutinosa.
1086 3568 1262 3607 Veget.r.⁴o.

107 3607 181 3636 C0N
192 3615 210 3634 c
221 3615 234 3634 a
247 3616 269 3634 ra
280 3616 319 3635 co
329 3628 337 3641 ‚
358 3606 510 3642 [οἱνυφληῶ
520 3627 528 3641 ,
544 3605 677 3641 κωμάζω]
698 3606 781 3636 affiv.
803 3605 847 3635 vel
866 3604 888 3634 C
898 3615 915 3634 o
925 3615 1081 3636 NGRAEco
1091 3616 1124 3643 n,
1145 3609 1194 3639 ari.
1218 3609 1266 3639 de-

144 3653 211 3683 pon.
235 3643 498 3680 compotationibus
508 3642 663 3680 indulgere.
684 3642 769 3673 Plaut.
780 3642 877 3673 Bacch.
892 3654 918 3679 4.
932 3653 958 3678 4.
972 3653 1015 3680 91.

207 3681 292 3717 Quod
301 3683 366 3711 dem
377 3681 481 3717 scortis,
504 3681 635 3719 quodque
646 3681 677 3710 in
686 3680 774 3710 lustris
786 3682 935 3710 comedam
944 3683 970 3711 Sc
983 3691 1166 3719 congraecem‚
1177 3690 1264 3721 pater.

145 3719 278 3749 Tracium
293 3720 330 3748 est
339 3729 375 3749 ex
386 3729 463 3750 ruore
482 3719 641 3749 Graecorum
652 3740 660 3753 ‚
682 3721 728 3756 qui
747 3719 1004 3757 compotationibus
1020 3729 1052 3749 ac
1074 3720 1184 3750 deliciis
1203 3723 1267 3760 plus

143 3757 387 3795 aequoiiidulgent.
428 3758 509 3788 Unde
519 3757 691 3794 Congraecari
703 3758 728 3787 8(
743 3756 924 3794 pergraecari,
945 3757 964 3787 i.
975 3767 999 3788 e.
1022 3758 1168 3789 Genialem
1180 3761 1266 3791 vitam

145 3805 159 3824 a
182 3804 235 3824 ete.

107 3834 130 3862 C
140 3805 186 3861 oili
196 3842 214 3860 G
223 3841 238 3860 1(
250 3842 268 3860 A
278 3837 310 3861 ss
322 3841 338 3859 o
350 3842 366 3860 a
375 3853 382 3866 ‚
403 3833 451 3862 ari.
473 3832 548 3869 apud
560 3831 747 3869 Augustinum.
778 3869 784 3875 .

107 3871 444 3905 Comzaassarm,
466 3871 529 3900 liris.
552 3880 589 3899 m.
615 3869 690 3907 apud
702 3869 811 3898 Firmic.
1058 3908 1060 3910 .

107 3909 129 3939 C
139 3918 156 3936 o
165 3917 185 3937 N
193 3917 211 3937 c
223 3917 236 3936 i<
245 3911 262 3936 ,ἰ
273 3917 292 3935 ‘r
301 3909 319 3934 ῡ
331 3917 347 3935 i.
357 3917 374 3936 o
385 3917 400 3936 a
412 3930 419 3942 ‚
441 3904 599 3944 [cvygaa'gm
610 3929 618 3943 ‚
640 3903 791 3942 owan'h‘ieus]
813 3906 861 3936 ari.
884 3906 1021 3939 Gaudere.
1058 3909 1115 3939 Cic.
1129 3920 1180 3948 pro
1190 3909 1266 3941 Sext.

142 3955 187 3975 20.
214 3945 283 3973 Aiihi
295 3945 416 3982 denique
425 3943 556 3976 homines
564 3945 703 3984 praecipue
711 3945 985 3983 congratulabantur.
1024 3947 1104 3979 Adde
1111 3958 1163 3988 pro
1171 3948 1265 3981 Planc-

143 3985 236 4050 66-v&
247 3991 297 4020 pro
310 3982 437 4051 {llarcelL
448 3993 491 4019 19.

217 4030 234 4049 o
245 4031 271 4050 L.
323 4042 332 4052 .

1713 127 1741 161 C
1836 128 1872 163 O
1969 130 2000 164 N
2394 144 2480 185 543*

1361 206 1405 236 Sic
1417 206 1489 244 apud
1500 206 1625 238 Plautum
1637 207 1713 238 Men.
1728 209 1783 238 sust.
1799 218 1821 239 1.
1839 209 1883 239 Sc.
1897 218 1923 240 2.
1946 212 1984 247 (v.
1999 212 2060 248 20.)
2081 212 2318 252 Congratulantes.
2333 221 2465 261 ubipi-io.

1361 246 1470 273 resedit
1480 245 1664 275 Gratulantcs.
1690 247 1722 275 Η.
1736 248 1774 275 St.

1305 279 1327 310 C
1336 290 1353 309 o
1364 291 1380 309 Ν
1393 292 1409 309 c
1421 293 1436 310 i<
1446 294 1462 310 A
1474 293 1492 310 T
1503 293 1519 311 u
1530 294 1545 311 L
1555 288 1571 312 Ᾰ
1581 293 1600 312 τ
1611 294 1619 311 1
1630 294 1647 312 0
1658 306 1664 318 ‚
1687 285 1758 313 Finis.
1781 284 1799 313 f.
1821 285 2031 323 [συνώῷρρεσέοι]
2053 288 2112 318 Cic.
2123 289 2157 318 ad
2170 290 2243 320 Brut.
2258 302 2281 326 3.
2305 295 2359 324 Sed
2371 302 2464 329 tamen

1343 320 1470 349 omniurn
1482 321 1612 351 ordinum
1620 321 1778 358 consensus,
1789 324 1937 360 gratiarum
1947 326 2029 360 actio,
2051 329 2311 368 congratulatioque
2329 343 2372 362 me
2387 345 2465 366 com.

1345 364 1451 386 movet.

1305 392 1328 422 C
1338 403 1355 422 0
1364 403 1383 421 Ν
1394 404 1412 422 c
1423 404 1438 422 r.
1450 404 1466 422 A
1477 404 1496 422 ’r
1507 406 1522 425 u
1533 407 1549 425 L
1559 399 1574 425 Κ
1584 405 1626 425 το
1635 407 1650 425 a
1663 419 1670 432 ‚
1692 397 1757 426 oris.
1779 407 1815 426 m.
1838 397 1918 429 Idem
1929 409 1962 429 ac
1975 399 2132 431 Gratulator
2143 424 2151 439 ,
2172 404 2247 441 apud
2268 406 2409 442 Augustin.

1306 430 1329 460 C
1339 441 1357 459 o
1366 439 1386 458 Ν
1398 440 1415 458 o
1427 442 1440 459 R
1451 434 1467 460 Ᾱ
1477 442 1518 461 vo
1534 455 1542 469 ‚
1568 437 1622 463 frte.
1643 434 1719 469 apud
1737 435 1851 465 Hieron.

1307 467 1384 497 con
1394 478 1411 496 c
1424 478 1438 496 a
1448 470 1463 497 i}
1473 479 1490 497 D
1501 481 1509 499 1
1520 481 1537 500 ο
1547 481 1563 499 n
1580 492 1589 506 ‚
1609 472 1710 508 gressus
1720 472 1778 502 sum
1788 495 1796 507 ‚
1818 474 1998 517 [esuries-epm,
2023 473 2140 513 σύνὲιμι]
2157 478 2212 508 Edi.
2240 480 2327 510 Simul
2341 482 2420 519 jungi
2439 487 2465 515 Sc

1344 507 1507 572 {cnvenire
1548 508 1633 538 Varro
1643 530 1652 545 ‚
1674 509 1838 548 Omnesque
1847 521 1876 540 in
1886 521 1971 543 unam
1982 513 2099 545 domum
2111 516 2246 555 congressi
2257 539 2266 555 ,
2287 519 2367 550 timul
2377 521 2465 553 discu-

1368 553 1441 572 uere.

1345 581 1412 610 Acie
1426 582 1570 619 congredi.
1610 582 1643 613 In
1664 593 1682 613 A
1694 594 1780 614 crus.

1346 619 1475 647 Aciutum
1487 621 1665 657 congredere.
1687 622 1750 652 Ter.
1766 623 1875 653 Phorm.
1890 635 1914 659 ς.
1928 627 1956 655 6.
1970 635 2012 656 12.

1345 655 1486 699 Congredi
1497 667 1598 687 coram.
1641 658 1698 688 Cic.
1711 660 1740 688 in
1751 660 1839 690 Pison.
1854 671 1898 697 ς9.
1921 663 2005 693 Mitte
2013 665 2049 694 ad
2061 675 2126 695 eum
2141 665 2286 699 libellum:
2308 670 2358 700 sed
2376 671 2431 707 iam
2444 673 2465 704 si

1365 693 1423 736 ipse
1434 704 1525 724 coram
1541 697 1673 739 congredi
1686 698 1789 734 poteris
1797 720 1805 733 ‚
1827 699 1961 731 meditare
1971 702 2071 739 quibus
2081 704 2169 735 verbis
2179 705 2324 738 incensam
2333 709 2408 740 illius
2418 721 2467 741 cu-

1364 731 1511 767 piditatem
1521 742 1688 771 comprimas
1700 741 1782 772 atque
1793 737 1954 774 restinguas.

1346 767 1379 798 ln
1389 768 1482 805 aliquo
1495 770 1568 799 loco.
1591 770 1648 801 Cic.
1661 775 1686 801 6.
1702 772 1775 802 Fam.
1789 783 1812 803 1.

1346 805 1488 844 Congredi
1499 808 1620 845 aliquem
1631 830 1639 843 ,
1653 818 1710 876 ¹pro
1726 811 1863 840 Accedere
1875 812 1910 840 ad
1921 812 2042 851 aliquem
2061 816 2242 854 colloquendi
2261 822 2354 858 gratia.
2377 823 2467 855 Plaut.

1633 855 1650 874 o
1663 869 1671 876 .

1366 844 1467 881 Amph.
1478 855 1504 880 4.
1521 855 1547 875 2.
1562 845 1630 883 supp
1683 856 1709 876 2.
1724 856 1781 891 ις..
1798 849 1953 880 Hominem
1972 861 2008 881 ne
2027 856 2242 891 congrediamur
2261 859 2369 898 qureso,
2388 863 2468 901 prius

1367 890 1451 917 quam
1465 882 1636 913 stomachum
1655 884 1803 915 detexerit.

1345 918 1487 963 Congredi
1498 920 1581 950 alicui
1591 922 1753 957 quotidiana
1765 923 1977 956 consuetudine.
1999 926 2065 957 Caes.
2082 938 2104 959 1.
2124 929 2191 960 Bell.
2205 931 2286 963 Civil.
2299 945 2344 970 40.

1346 955 1634 996 Luctari&congredi
1647 969 1712 989 cum
1729 961 1840 998 aliquo,
1862 962 1980 993 Certare.
2022 965 2079 995 Cic.
2104 977 2155 1005 pro
2167 969 2235 999 Sull.
2250 981 2294 1007 47.
2332 973 2470 1006 Nondum

1366 994 1492 1039 sle-atuoute
1505 996 1606 1026 virium
1614 996 1677 1041 satis
1688 997 1789 1042 habere
1800 1020 1808 1034 ,
1828 1005 1860 1028 ut
1878 1010 1930 1038 ego
1949 1008 2042 1032 tecum
2050 1004 2148 1036 *luel-ari
2158 1008 2184 1036 &
2195 1010 2327 1046 congredi
2339 1011 2467 1043 debeam.

1347 1032 1517 1063 Criminibus
1528 1043 1593 1063 cum
1605 1034 1707 1073 aliquo.
1730 1036 1787 1066 Cic.
1801 1047 1852 1075 pro
1868 1038 1978 1069 Muren.
1995 1043 2037 1076 67.

1345 1069 1489 1107 Congredi
1500 1093 1508 1106 ,
1530 1071 1601 1101 Inire
1610 1080 1750 1102 certamen
1762 1084 1828 1104 cum
1839 1075 1924 1105 hoste.
1947 1076 2020 1114 Virg.
2038 1088 2078 1109 12.
2099 1079 2159 1110 AEn.
2172 1090 2236 1120 233.

1431 1108 1479 1138 Vix
1490 1109 1596 1139 hostem
1608 1110 1706 1141 alterni
1719 1111 1737 1141 si
1748 1114 1962 1150 congrediamur
1970 1137 1979 1151 .,
2000 1115 2143 1147 habemus.

1349 1144 1657 1184 Congredicumhoste.
1698 1149 1784 1180 Plaut.
1798 1151 1893 1182 Pseud.
1906 1162 1933 1182 2.
1948 1162 1971 1183 1.
1986 1157 2012 1182 6.
2035 1154 2241 1195 Ucubicunque
2262 1169 2325 1190 cum
2345 1161 2472 1194 hostibus

1367 1184 1532 1222 congrediar
1545 1186 1597 1215 ecc.

1347 1220 1697 1267 Congredicum‘rhetore.
1738 1225 1798 1255 Cic.
1812 1235 1838 1256 2.
1850 1226 1887 1257 de
1897 1227 1958 1257 Nat.
1975 1228 2056 1273 Deor2
2071 1239 2094 1259 1.
2117 1231 2166 1261 Nae
2186 1241 2238 1269 ego
2257 1235 2403 1274 incautus,
2424 1239 2475 1277 qui

1367 1268 1433 1289 cum
1443 1261 1608 1291 Academico
1622 1284 1630 1296 ,
1652 1263 1678 1292 Sc
1689 1264 1792 1293 eodem
1804 1264 1914 1294 rhetore
1923 1268 2056 1304 congredi
2067 1276 2182 1300 conatus
2192 1271 2260 1301 sum.

1348 1296 1489 1335 Congredi
1501 1305 1597 1329 contra
1606 1300 1736 1337 aliquem.
1760 1303 1817 1332 Cic.
1830 1313 1881 1340 pro
1891 1304 1975 1342 Ligar.
1986 1315 2012 1337 ο.

1311 1333 1361 1366 Co
1372 1344 1443 1380 Nea
1454 1346 1494 1365 izi)
1504 1346 1538 1366 ιο
1551 1358 1560 1372 ,
1583 1336 1685 1375 legitur
1698 1340 1772 1383 apud
1784 1342 1911 1377 antiquos
1923 1363 1930 1375 .
1953 1343 2020 1372 teste
2041 1343 2135 1373 Nonio
2146 1367 2153 1380 ‚
2174 1355 2198 1382 7.
2217 1355 2260 1382 42.
2285 1347 2370 1379 Plaut.
2388 1349 2474 1389 Epid.

1350 1372 1428 1410 Quid
1439 1373 1457 1403 si
1468 1374 1589 1405 adeam?
1610 1376 1685 1405 haud
1700 1377 1755 1406 scio
1770 1387 1804 1407 an
1816 1380 1982 1415 congredias
1994 1403 2001 1413 ,
2024 1381 2040 1410 si
2052 1381 2112 1411 haec
2122 1392 2152 1411 ea
2165 1384 2209 1412 est.

1312 1409 1362 1440 Co
1371 1421 1391 1440 Ν
1399 1421 1417 1440 c
1428 1422 1466 1441 Rs
1475 1422 1535 1442 1318
1544 1422 1565 1442 N
1573 1422 1596 1449 s,
1615 1414 1696 1444 entis.
1718 1415 1936 1453 [meminive]
1953 1418 2047 1449 partic.
2070 1421 2115 1449 cui
2130 1421 2294 1458 Digrediens
2306 1426 2474 1462 opponitur.

1351 1448 1410 1493 Cic.
1425 1459 1451 1480 2.
1467 1450 1503 1480 de
1514 1451 1577 1481 Nat.
1590 1451 1673 1482 Deor.
1689 1462 1747 1488 103.
1771 1454 1827 1483 Sed
1844 1463 1903 1484 tum
1921 1458 2105 1493 congrediens
2124 1468 2190 1488 cum
2207 1459 2265 1490 sole
2281 1484 2287 1493 .
2308 1468 2369 1492 tum
2383 1464 2478 1502 digre-

1350 1487 1441 1517 diens.
1482 1488 1524 1518 De
1534 1488 1620 1519 Luna.
1661 1490 1694 1520 Et
1704 1490 1774 1520 Gell.
1792 1502 1829 1527 ις.
1843 1497 1867 1522 6.
1891 1494 1954 1529 sijax
1967 1504 2031 1524 cum
2045 1495 2164 1526 Hectore
2175 1499 2369 1535 congrediens.

1313 1524 1337 1554 C
1347 1534 1364 1554 ο
1374 1535 1394 1554 Ν
1402 1535 1421 1554 c
1430 1536 1447 1554 R
1456 1536 1470 1555 s
1477 1536 1490 1555 s
1499 1536 1511 1556 s
1519 1536 1538 1556 υ
1549 1536 1561 1556 s
1571 1549 1580 1563 ‚
1602 1537 1627 1561 a.
1648 1537 1705 1557 um.
1727 1526 1932 1567 [cuvrnnniffls]
1954 1531 2045 1562 Partic.
2071 1539 2100 1563 ut
2111 1556 2119 1569 ,
2140 1534 2271 1566 Defensio
2284 1538 2427 1576 congressa
2433 1541 2473 1571 ad

1351 1565 1574 1601 repugnandum.
1597 1565 1655 1595 Cic.
1672 1566 1701 1595 in
1711 1566 1813 1604 Topic.

1349 1600 1424 1632 Pede
1435 1603 1613 1640 congressus,
1634 1605 1661 1634 &
1677 1613 1750 1647 equo
1763 1606 1930 1643 congressus.
1952 1607 2026 1645 Virg.
2046 1618 2087 1638 12.
2108 1610 2245 1647 AEn.465.

1431 1640 1492 1669 Nec
1503 1640 1576 1678 pede
1584 1642 1743 1680 congressos
1753 1665 1761 1678 ‚
1783 1654 1836 1674 nec
1851 1654 1923 1681 equo
1934 1667 1943 1681 ,
1963 1655 2017 1675 nec
2027 1646 2080 1676 tela
2090 1647 2211 1679 ferentes

1431 1677 1595 1715 Insequitur.
1688 1681 1707 1710 i.
1719 1691 1744 1711 e.
1767 1681 1828 1712 Nec
1835 1683 1984 1720 fugientes,
2005 1694 2058 1715 nec
2069 1694 2165 1716 contra
2177 1687 2278 1719 stantes
2290 1689 2419 1728 dignatur
2429 1701 2477 1723 oc-

1368 1715 1472 1745 cidere.
1495 1716 1615 1747 Servius.
1637 1716 1678 1747 Al.
1772 1720 1833 1750 Nec
1841 1721 1915 1759 pede
1926 1722 2084 1760 congressos
2096 1733 2185 1762 aequo.

1351 1752 1536 1790 (imgressus,
1557 1764 1622 1785 cum
1633 1755 1736 1786 dativo.
1759 1757 1832 1796 Virg.
1847 1769 1869 1789 1.
1884 1759 1946 1789 AEn.
1957 1769 2022 1796 475.

1433 1791 1536 1822 Infelix
1556 1802 1644 1830 puer,
1665 1799 1747 1832 atque
1767 1796 1856 1834 impar
1879 1798 2040 1835 congressus
2066 1799 2175 1830 Achilli.

1370 1828 1544 1867 Congredior
1553 1830 1606 1860 tibi
1616 1832 1725 1870 antiqui
1735 1833 1875 1870 dicebant,
1897 1836 1965 1865 sicut
1975 1836 2070 1873 Pugno
2084 1837 2154 1874 tibi,
2176 1838 2284 1870 Dimico
2299 1843 2358 1871 tibi.
2382 1843 2479 1875 Hodie

1369 1867 1509 1904 dicimus,
1530 1868 1706 1906 Congredior
1715 1876 1826 1908 tecum,
1848 1873 1961 1903 Dimico
1979 1880 2083 1905 tecum.
2122 1876 2207 1915 [Ego
2228 1888 2294 1909 vero
2309 1880 2480 1918 Congreil'us

1373 1904 1420 1934 hic
1431 1905 1629 1937 substantivum
1639 1908 1750 1938 verbale
1766 1909 1820 1940 esse
1830 1916 1901 1949 puto
1912 1933 1921 1947 ‚
1945 1913 2015 1941 utin
2030 1913 2086 1943 Ecl.
2102 1922 2127 1950 7.
2142 1918 2185 1945 16.

1431 1944 1464 1973 Et
1478 1951 1620 1974 certamen
1631 1952 1688 1976 erat
1698 1945 1824 1978 Coridon
1840 1958 1905 1979 cum
1914 1949 2050 1988 Thyrside
2064 1961 2207 1990 magnum.

1373 1987 1431 2011 tem
1442 1992 1457 2011 a
1470 1991 1494 2011 v.
1511 1982 1601 2020 [inpar
1611 1984 1723 2021 regitur.

1352 2017 1385 2048 In
1397 2029 1547 2050 commune
1558 2021 1692 2058 congressi
1704 2022 1817 2060 quisque
1830 2024 1878 2054 sibi
1892 2017 2180 2059 consuluere.”l'acit.
2193 2038 2219 2060 2.
2230 2029 2297 2061 Hist.
2313 2042 2357 2069 54.

1354 2056 1387 2086 In
1398 2058 1491 2095 praelia
1505 2059 1651 2094 congressi.
1674 2059 1747 2099 Virg.
1762 2071 1803 2092 11.
1817 2062 1878 2092 [ΕΠ.
1892 2072 1954 2100 397.

1315 2093 1394 2125 CON
1404 2105 1445 2124 GR
1456 2105 1510 2125 ass
1520 2107 1528 2125 i
1538 2106 1555 2126 o
1565 2117 1574 2132 o
1595 2098 1665 2127 onis.
1687 2098 1706 2128 f.
1737 2099 1892 2136 [συμςολὸ]
1926 2101 1984 2131 Cic.
1997 2109 2023 2131 2.
2041 2100 2161 2142 Philipp.
2173 2108 2218 2140 46.
2256 2105 2382 2144 Eumque
2398 2118 2414 2138 a
2429 2114 2480 2138 tua

1352 2135 1512 2200 nonhirssodo
1522 2134 1707 2167 familiaritate
1719 2158 1727 2172 ,
1747 2136 1794 2167 sed
1814 2138 1899 2168 etiam
1919 2139 2112 2177 congressione
2129 2144 2219 2180 patrio
2231 2144 2292 2180 jure
2306 2146 2333 2174 ἃ
2343 2146 2482 2186 potestate

1353 2180 1405 2208 pro
1427 2182 1434 2200 i
1458 2178 1524 2202 eret.

1354 2209 1540 2239 Familiarium
1551 2211 1764 2249 congressiones.
1805 2212 1864 2243 Cic.
1881 2225 1904 2244 1.
1917 2214 1974 2244 Off.
1990 2223 2051 2251 132.
2073 2216 2170 2247 Sermo
2188 2218 2218 2247 in
2234 2219 2364 2257 circulis,
2386 2221 2482 2260 dispu-

1371 2248 1525 2277 tationibus
1538 2270 1547 2283 .,
1567 2249 1807 2287 congressionibus
1821 2251 1999 2282 familiarium
2012 2253 2142 2284 versetur.

1353 2283 1469 2315 Ponitur
1481 2287 1564 2316 etiam
1572 2297 1624 2325 pro
1635 2287 1792 2318 conflictu:
1807 2290 1941 2325 ut,Prima
1953 2292 2483 2334 cong-reffionefunduntur.Justin.6-4,

1354 2323 1520 2354 Certaminis
1529 2325 1635 2354 navalis
1645 2326 1807 2364 congressio.
1832 2329 1908 2359 Idem
1920 2340 1946 2365 4.
1961 2340 1984 2364 ς.

1354 2361 1615 2399 Praeliicongreffio.
1638 2364 1716 2393 Idem
1729 2375 1754 2398 4·
1769 2374 1812 2394 12.

1317 2397 1340 2428 C
1348 2409 1366 2428 o
1375 2409 1395 2428 Ν
1404 2409 1423 2428 c
1434 2410 1451 2428 R
1461 2409 1475 2429 a
1484 2409 1496 2428 s
1506 2410 1517 2430 s
1527 2410 1545 2429 υ
1555 2410 1567 2430 s
1578 2422 1586 2437 ,
1610 2402 1650 2431 us,
1672 2411 1709 2431 m.
1729 2404 1747 2438 [
1756 2402 1925 2439 minam]
1946 2404 1997 2434 Cic
2025 2405 2061 2434 de
2074 2406 2185 2436 Amicit.
2198 2411 2243 2445 67.
2265 2408 2303 2438 Ut
2318 2410 2481 2448 congressus

1354 2437 1504 2467 hominum
1513 2437 1600 2477 fugiat
1615 2446 1698 2477 atque
1710 2441 1808 2470 oderit.
1850 2442 1929 2472 Idem
1939 2452 1964 2472 2.
1988 2443 2024 2472 de
2040 2444 2116 2474 Orat.
2128 2454 2139 2481 3
2151 2455 2191 2479 ³7-
2215 2448 2282 2476 Ante
2302 2448 2483 2485 congressum

1354 2475 1443 2505 multa
1454 2475 1526 2505 fiunt
1535 2498 1543 2512 ‚
1566 2487 1626 2514 quae
1637 2487 1693 2507 non
1704 2478 1739 2508 ad
1750 2479 1850 2509 vulnus
1862 2502 1870 2514 ,
1891 2481 1937 2510 sed
1950 2482 1983 2510 ad
1995 2480 2116 2519 speciem
2130 2483 2220 2513 valere
2232 2485 2387 2516 videantur.

1353 2513 1481 2543 Materiae
1495 2515 1662 2553 congressus.
1697 2516 1715 2545 i.
1730 2525 1755 2546 e.
1777 2517 1957 2554 Coniunctio.
1980 2518 2089 2549 Lucret.
2105 2532 2128 2555 ς.
2142 2526 2188 2555 68.

1356 2551 1483 2581 Virorum
1491 2552 1628 2583 clarorum
1636 2554 1737 2584 tacitos
1746 2555 1904 2592 congressus
1913 2563 2033 2595 oportet.
2057 2558 2115 2588 Cic.
2126 2570 2153 2595 4.
2167 2560 2249 2590 Acad.
2264 2564 2290 2590 6.

1355 2590 1547 2627 Quotidianus
1559 2591 1725 2629 congressus.
1766 2592 1824 2623 Cic.
1836 2597 1862 2624 6.
1877 2594 1952 2624 Fam.
1966 2607 1991 2629 4.
2005 2602 2075 2625 extr.
2108 2597 2173 2626 Non
2196 2599 2271 2627 enim
2293 2599 2392 2629 dubito
2411 2601 2489 2637 quim'

1377 2637 1485 2665 magnae
1497 2628 1546 2657 tibi
1557 2628 1694 2659 levationi
1708 2629 1802 2661 solitus
1822 2631 1853 2661 sit
1873 2632 1928 2661 esse
1949 2634 2129 2670 quotidianus
2147 2636 2304 2672 congressus
2327 2639 2353 2668 ὅ(
2371 2638 2482 2675 sermo„

1318 2693 1321 2694 .
1376 2675 1440 2695 cum
1454 2666 1655 2697 familiarissimi
1665 2667 1786 2698 hominis
1798 2691 1806 2705 ,
1827 2677 1888 2700 tum
1898 2671 2033 2709 optimi&
2046 2673 2318 2710 prudentislitniviri.

1356 2703 1463 2741 Optare
1476 2704 1658 2742 congressum.
1681 2705 1739 2736 Cic.
1755 2712 1780 2741 8.
1802 2708 1856 2737 Att.

1357 2741 1459 2771 Placari
1471 2741 1583 2780 aspectu
1593 2743 1794 2782 congressuque
1805 2746 1963 2783 aliquorum
1973 2747 2048 2777 inter
2057 2748 2083 2778 se
2094 2750 2198 2779 omnia.
2220 2749 2278 2779 Cic.
2294 2759 2316 2780 1.
2329 2751 2381 2781 Att.
2396 2762 2440 2787 14.

1357 2779 1454 2809 Petere
1466 2781 1625 2818 congressus
1635 2782 1753 2818 alicuius
1765 2804 1774 2818 ‚
1794 2783 1952 2814 Convenire
1962 2785 2093 2823 aliquem.
2117 2787 2190 2824 Virg.
2205 2798 2229 2820 ς.
2246 2788 2306 2818 AEn.
2322 2797 2385 2826 733.

1358 2817 1602 2856 Polluicongresl'u
1615 2819 1792 2850 feminarum.
1817 2821 1884 2851 Plin.
1898 2821 1948 2852 lib.
1962 2832 2002 2852 12.
2019 2833 2079 2862 cap.
2096 2834 2137 2860 14.
2164 2827 2199 2854 de
2213 2825 2305 2855 Coitu.

1357 2855 1505 2886 Reservare
1516 2856 1660 2894 aliquidin
1671 2858 1854 2896 congressum.
1885 2860 1943 2890 Cic.
1960 2871 1982 2891 1.
2000 2862 2052 2892 Att.
2068 2872 2109 2898 17.
2132 2863 2202 2893 Mihi
2213 2874 2278 2893 vero
2290 2870 2320 2894 ut
2333 2866 2485 2897 invideant

1376 2892 1518 2961 ίρίίείῐὶέεῑιῐίἰ
1529 2896 1612 2926 nostri
1623 2918 1632 2932 ‚
1652 2902 1701 2926 aut
1708 2896 1826 2927 scribam
1837 2898 1873 2928 ad
1881 2905 1909 2928 te
1921 2898 1989 2929 alias
1997 2921 2005 2935 ‚
2027 2906 2075 2930 aut
2084 2901 2113 2930 in
2125 2901 2298 2939 congressum
2309 2903 2432 2934 nostrum
2442 2914 2486 2935 re-

1389 2940 1449 2961 erva
1472 2941 1497 2962 O·

1359 2969 1499 2999 Venirein
1510 2970 1684 3008 congressum
1694 2973 1720 3002 &
1732 2972 1907 3009 colloquium
1924 2974 2049 3009 alicuius
2073 2975 2130 3005 cie.
2147 2985 2188 3011 η.
2202 2976 2322 3016 Philipp.
2336 2981 2382 3007 26.

1360 3007 1546 3052 Congresl'us,
1569 3009 1723 3040 Confliistus
1745 3010 1791 3041 seu
1805 3012 1942 3050 praelium.
1963 3012 2068 3043 Sallust.
2091 3013 2176 3044 Multi
2194 3015 2224 3044 in
2237 3016 2424 3054 eocongreffu
2433 3026 2484 3055 pe-

1358 3052 1622 3121 liiigilldltcongresl‘u
1634 3085 1757 3122 aliquem
1775 3086 1886 3124 subire,
1907 3087 1993 3118 Hoste
2012 3086 2181 3127 superiorem
2201 3089 2276 3127 esse,
2294 3091 2367 3122 Cum
2381 3092 2487 3130 impari

1379 3121 1456 3151 hoste
1470 3121 1614 3152 dimicare.
1636 3123 1726 3153 Valet.
1737 3128 1763 3154 6.
1780 3127 1879 3163 Argon.
1895 3135 1958 3161 322.

1361 3158 1426 3189 Uno
1435 3160 1578 3197 congressu
1588 3167 1643 3191 tres
1657 3162 1770 3192 mittere
1781 3164 1854 3193 neci.
1878 3163 1948 3201 Vi-rg.
1965 3173 2006 3193 1².
2020 3163 2080 3194 ΖΕΝ.
2097 3175 2109 3199 5
2118 3174 2160 3200 14.

1323 3196 1345 3226 C
1354 3207 1370 3226 o
1379 3207 1426 3226 Nc
1435 3207 1449 3226 ss
1459 3208 1495 3227 ss
1505 3208 1516 3227 s
1527 3208 1544 3227 ο
1553 3208 1569 3227 R
1581 3220 1589 3233 ,
1610 3200 1674 3229 oris.
1696 3210 1734 3229 m.
1756 3200 1878 3231 Ambros.
1903 3201 1985 3240 Epist.
1995 3213 2022 3238 4.
2035 3202 2071 3231 ad
2090 3202 2226 3232 Irenaeum
2244 3202 2294 3233 sub
2318 3204 2367 3235 fin.
2389 3204 2491 3236 Bonus

1361 3236 1519 3272 congressor
1536 3246 1594 3266 non
1607 3237 1760 3267 aemulatur.

1324 3272 1346 3302 C
1355 3283 1372 3302 o
1383 3283 1402 3302 N
1412 3283 1430 3303 G
1440 3284 1455 3302 R
1465 3277 1482 3303 Ᾰ
1492 3284 1510 3303 D
1521 3284 1538 3303 u
1547 3284 1559 3304 s
1568 3296 1577 3309 ,
1599 3285 1615 3304 a
1624 3297 1632 3310 ,
1653 3285 1709 3305 uin.
1734 3276 1852 3306 Avienus
1862 3276 2001 3307 Phaenom.
2020 3277 2092 3307 Arat.
2105 3287 2131 3307 v.
2147 3287 2228 3314 ¹²41·

1515 3325 1553 3333 ——
1562 3312 1669 3342 labenti
1679 3315 1819 3350 congrada
1827 3314 1894 3345 soli:
1988 3314 2008 3344 i.
2021 3324 2045 3345 e.
2067 3314 2196 3349 Eiusdem
2213 3316 2313 3351 gradus
2324 3319 2350 3348 &
2364 3317 2430 3348 loci.

1323 3347 1346 3378 C
1354 3358 1371 3378 ο
1382 3356 1426 3378 NG
1437 3359 1452 3377 R
1461 3349 1476 3378 Ξ
1485 3359 1503 3378 G
1511 3358 1528 3379 0
1538 3372 1546 3385 ‚
1568 3351 1678 3386 [ἀμ-ἐξω
1690 3372 1698 3385 ,
1716 3354 1866 3389 συικγείςω,
1886 3351 1986 3389 ἰιῆῃοίζω
1996 3373 2005 3388 ,
2031 3354 2138 3389 συνάγω,
2163 3351 2240 3391 daiga
2255 3376 2264 3391 .,
2283 3355 2406 3393 ἀοῶίζω]
2424 3357 2485 3387 ὅτε,

1363 3387 1440 3416 velut
1450 3387 1479 3416 ln
1491 3398 1600 3425 gregem
1617 3398 1724 3425 cogere.

1362 3424 1403 3453 Ab
1413 3434 1473 3453 ortu
1485 3433 1587 3455 naturae
1599 3426 1769 3464 congregari.
1791 3425 1849 3457 Cic.
1861 3437 1886 3458 2.
1899 3428 1935 3457 de
1948 3427 2009 3458 Nat.
2029 3427 2111 3458 Deor.
2131 3438 2193 3466 123.

1360 3462 1536 3500 Congregare
1551 3465 1595 3493 ad.
1636 3464 1702 3493 l'lin.
1718 3464 1764 3494 lib.
1780 3474 1822 3494 ιο.
1835 3475 1896 3503 cap.
1912 3475 1955 3503 7³·
1980 3466 2050 3495 Cum
2066 3467 2162 3504 plausu
2177 3468 2337 3506 congregari
2359 3468 2432 3500 feros
2448 3471 2488 3500 ad

1377 3500 1473 3529 cibum
1490 3502 1517 3529 in
1530 3501 1692 3537 quibusdam
1705 3503 1813 3531 vivariis
1824 3504 2027 3533 consuetudine
2037 3505 2184 3541 spectetur.

1360 3538 1402 3568 Ad
1414 3538 1530 3567 alterum
1541 3548 1710 3576 congregare
1718 3539 1744 3569 se
1755 3562 1763 3573 .
1788 3541 1812 3569 ἃ
1824 3542 2004 3579 conjungere.
2045 3543 2104 3572 Cic.
2118 3553 2170 3581 pro
2180 3542 2279 3580 Quint.
2292 3553 2336 3580 52.
2358 3543 2485 3582 Quicum

1379 3582 1407 3605 te
1418 3584 1464 3605 aut
1476 3576 1603 3606 voluntas
1619 3577 1809 3614 congregasset
1823 3600 1833 3614 .‚
1851 3588 1901 3608 aut
1911 3579 2021 3609 fortuna
2036 3580 2231 3617 conjunxiffet.

1360 3613 1432 3643 Cum
1443 3613 1592 3650 {equalibus
1602 3615 1721 3644 libenter
1729 3615 1756 3644 sc
1766 3624 1937 3653 congregant
1948 3618 2087 3648 homines.
2110 3620 2168 3649 Cic.
2186 3629 2211 3656 ς.
2225 3619 2260 3649 de
2272 3618 2362 3650 Finib.
2376 3630 2423 3656 42.

1361 3650 1433 3680 Cum
1444 3651 1537 3687 aliquo
1548 3651 1573 3680 se
1585 3654 1610 3682 a
1623 3654 1721 3682 ceteris
1731 3652 1840 3682 alicubi.
1862 3654 1919 3684 Cic.
1931 3665 1980 3693 pro
1993 3656 2082 3685 Rabir.
2096 3665 2140 3687 21.

1360 3688 1487 3719 lnunum
1500 3688 1593 3719 locum
1607 3700 1820 3727 congregentur.
1843 3692 1900 3721 Cic.
1920 3704 1942 3722 i.
1960 3695 1988 3722 in
2002 3693 2081 3723 Catil.
2096 3703 2138 3729 32-

1360 3726 1393 3756 ln
1406 3736 1492 3755 unum
1503 3725 1597 3756 locum
1608 3729 1685 3757 cives
1696 3728 1722 3757 se
1737 3729 1769 3757 ad
1781 3730 1886 3759 curiam
1897 3731 2112 3768 congregabant.
2135 3730 2195 3762 Cic.
2208 3740 2253 3769 14.
2264 3733 2386 3772 Philipp.
2399 3742 2443 3769 13.

1361 3764 1394 3794 In
1405 3765 1527 3792 eundem
1544 3774 1692 3794 numerum
1706 3776 1874 3804 corgregare
1885 3768 2015 3805 aliquem.
2047 3769 2106 3799 Cic.
2117 3769 2147 3799 in
2161 3770 2249 3800 Vatin.
2267 3783 2308 3803 ις.
2333 3776 2338 3800 i
2359 3772 2485 3801 ominem.

1379 3801 1413 3830 ad
1425 3801 1639 3832 conservandam
1657 3803 1832 3841 Rempublic.
1849 3813 1968 3841 natum,
1988 3807 2016 3835 in
2030 3807 2108 3837 idem
2118 3807 2207 3838 vectii
2223 3809 2358 3844 judicium
2370 3830 2380 3843 7
2401 3817 2486 3846 atque

1378 3840 1406 3868 in
1417 3839 1537 3868 eundem
1547 3840 1622 3870 hunc
1632 3851 1780 3871 numerum
1793 3844 1970 3880 congregasti.

1360 3875 1510 3943 D‘iffiPatgs
1522 3877 1650 3908 homines
1664 3888 1848 3917 congregare,
1872 3883 1897 3911 8(
1907 3883 1943 3911 ad
1957 3882 2019 3912 vitae
2030 3881 2194 3913 societatem
2204 3891 2367 3913 convocare.
2391 3882 2448 3912 Cic.
2457 3892 2483 3913 1.

1409 3925 1424 3943 U
1439 3924 1461 3942 C.
1497 3924 1521 3944 2.

1360 3951 1575 4022 Molit'itudiinem
1585 3952 1765 3992 fugitivorum
1773 3964 1806 3986 ac
1815 3954 1959 3986 latronum
1967 3957 1998 3986 in
2010 3966 2100 3989 onum
2115 3957 2211 3989 locum
2222 3966 2397 3996 congregare.
2421 3957 2442 3986 C
2447 3968 2483 3989 2¹:-

1378 3999 1410 4020 an
1440 3999 1484 4020 ara
1508 4012 1514 4020 .
1527 4001 1555 4028 4.

2303 1955 2420 1987 Dativus
2430 1967 2484 1988 au-

1824 4029 1857 4063 M
1866 4038 1894 4062 rii
1902 4042 1930 4063 m
1937 4041 1967 4063 in
1986 4041 2003 4063 2
2358 4030 2484 4063 Turbam

2271 1803 2325 1833 Ubi
2343 1804 2454 1836 Servius
2465 1829 2478 1842 „
2524 1822 2530 1827 -
