2667 4145
1261 58 1508 107 xe<0>a³⁴

183 157 275 204 affe,
306 168 355 203 pro
372 156 496 192 decebat.
540 155 623 193 Hoc
642 154 796 192 Debuit,
824 151 906 187 vide
919 151 954 186 in
974 147 1182 191 Debeopro
1195 142 1349 180 Poffum.

184 207 305 252 lin-75.
357 206 370 251 l
401 218 479 253 pag.
502 217 553 241 10.
570 203 887 241 col.1.inDEl31L18
906 197 983 246 post
1002 198 1125 229 Mancus
1157 191 1194 231 ὅς’
1222 190 1351 230 Βείήίῐς,

185 256 348 293 Truncus
364 256 397 290 &
412 253 569 294 DebiliS,
597 264 664 300 pro
677 249 886 297 imperfecto
904 275 913 288 ,
941 244 1034 281 Vide
1064 241 1256 294 TRUNCUS.
1284 238 1351 283 [At

187 307 235 341 ibi
250 305 364 341 cultro
385 304 550 350 enipetlae
568 301 692 337 resecta
711 300 776 335 fuit
798 295 1006 342 Stephanica
1024 291 1235 326 oblervatio.
1294 287 1353 325 In-

187 353 302 389 tendit
323 359 438 388 autem
470 350 540 386 fine
571 349 681 385 dubio
711 348 862 393 digitum
886 342 928 379 ad
954 341 1028 376 haec
1049 336 1141 375 Celfi
1163 338 1288 378 verba,
1315 338 1351 372 in

186 402 342 439 Prooem.
356 412 433 447 pag.
456 411 484 443 3.
500 398 552 434 ed.
566 398 668 434 Lind.
698 396 883 441 Tanquam
904 390 975 425 fine
998 400 1037 424 ea
1058 394 1182 423 trunca
1204 387 1238 422 &
1253 385 1352 436 debi-

187 450 415 486 lismedicina
430 447 542 492 elset.]
572 458 653 493 pag.
673 444 744 480 ead.
759 442 826 479 col.
846 451 877 476 2.
905 434 1008 474 adfin.
1028 436 1108 484 post
1122 434 1216 472 DEC.
1242 433 1351 471 DECA

188 499 296 544 [δέκα]
323 496 464 537 Graece,
480 495 603 532 Latine
625 494 751 529 decem
770 490 907 525 dicitur,
937 486 991 524 Ab
1002 485 1074 522 hoc
1084 484 1186 522 Deca
1200 494 1352 529 compo-

187 547 245 583 fita
263 547 372 583 multa
394 546 499 581 habes
522 547 556 580 in
570 542 802 590 sequentibus,
846 535 990 580 [Priora
1001 535 1106 571 verba
1123 533 1199 569 sunt
1213 544 1257 568 ex
1267 530 1348 567 cod.

187 596 301 642 Lugd.
314 594 403 630 male
417 593 584 630 omissam
597 589 711 627 Lond.
727 597 927 636 quanquam
946 583 1068 621 Graeca
1088 594 1159 618 vox
1172 580 1232 620 fit,
1257 587 1296 616 ut
1314 581 1350 616 Sc

189 646 321 685 omnia,
334 655 409 691 quae
421 643 502 678 inde
515 643 795 686 componuntur,
808 633 1005 679 voeabula]
1017 644 1098 679 pag.
1113 644 1127 666 -1
1140 643 1167 667 1.
1187 630 1255 666 col.
1275 643 1300 665 1.
1313 631 1351 664 in

187 693 379 731 DECANTO
402 691 479 738 post
494 688 662 726 &lehi-are,
689 686 808 723 11111110
826 684 921 720 idem
944 681 1044 731 quod
1065 680 1181 717 Valde
1198 686 1348 715 cantare.

187 754 264 790 pag.
282 754 333 779 12.
348 740 415 776 col.
434 753 459 775 1.
489 741 522 773 in
535 737 696 773 DECEDO
717 735 777 770 lin.
791 745 823 778 7.
839 732 957 772 Febris
969 728 1118 766 decessit.
1146 727 1276 766 ·Cic.ad
1291 726 1353 763 At-

189 793 309 827 ticum.
335 784 641 833 [Sic‘citatNizol.
670 783 738 820 Sed
764 783 810 818 est
835 782 928 817 idem
953 780 1075 820 locus,
1104 779 1164 825 qui
1188 778 1351 823 protinus

187 840 384 886 subjicietur
404 849 446 872 ex
458 837 525 870 vita
537 834 665 874 Attici,
687 844 763 881 quae
772 831 851 869 Cic.
869 829 1032 876 Epistolis
1044 827 1164 863 iisdem
1173 826 1351 872 subjicitur

185 889 222 924 in
245 889 298 924 ed.
321 885 441 931 Aldi.]
468 896 546 931 pag.
568 884 603 918 &
622 882 690 918 col.
713 881 787 917 ead.
807 881 842 915 in
863 879 993 915 eodem
1007 877 1120 927 yerbo
1144 874 1248 911 adfin.
1272 874 1351 921 post

189 937 287 977 Valla,
313 935 432 972 Immo
451 944 537 977 vero
559 939 695 968 tantum
717 930 790 966 duo
808 928 866 964 illa
886 927 991 963 verba
1006 925 1065 962 De
1077 926 1146 960 vita
1165 923 1276 960 deesse
1287 935 1352 970 pu-

187 993 246 1026 to,
271 985 306 1020 &
328 983 461 1030 reliqua
486 980 730 1017 subaudienda.
775 977 883 1016 Corn.
909 976 1034 1022 Nepos
1051 976 1086 1010 in
1102 972 1212 1010 Attici
1230 973 1351 1008 vitain

186 1034 270 1074 fine,
312 1032 436 1068 Subito
456 1032 561 1067 febris
581 1029 730 1065 decessit.
760 1028 795 1063 &
816 1025 924 1073 paulo
950 1024 1055 1071 post,
1089 1021 1254 1058 Decessit.
1282 1032 1350 1068 pro

185 1082 353 1120 Mortuus
370 1081 426 1117 est.
488 1079 620 1115 Eadem
648 1089 727 1125 pag.
759 1077 794 1112 Sc
812 1075 881 1111 col.
913 1073 1175 1115 DECEMJUGIS,
1212 1069 1292 1106 vide
1313 1071 1351 1106 in

184 1131 426 1173 MULTIJUOES,
481 1127 773 1172 [Defiderabatur
798 1124 874 1160 haee
894 1134 969 1158 vox
987 1125 1023 1157 111
1044 1120 1241 1169 ¹Lugdun]
1266 1130 1346 1166 pag.

190 1179 437 1224 13.col.2.lin.
456 1190 508 1220 19.
564 1175 789 1215 Decernere,
827 1184 894 1219 pro
921 1171 1081 1218 Pugnare
1105 1168 1199 1217 apud
1229 1168 1349 1206 Ani-m..

185 1229 347 1267 Marcell.
363 1229 422 1264 lib.
441 1237 539 1273 31.p.
561 1232 639 1270 516.
655 1226 692 1260 in
703 1223 792 1264 fine,
814 1221 883 1258 Pro
907 1220 981 1265 loci
997 1219 1196 1256 humilitate
1212 1218 1351 1253 fortiter

185 1279 408 1315 decernebat.
434 1287 512 1323 pag.
529 1287 581 1321 14.
596 1273 664 1310 001.
679 1284 709 1309 2.
728 1271 877 1319 postlin.
896 1281 924 1315 5.
954 1267 1351 1306 Decertarealicuimo-

183 1339 222 1364 re
242 1326 451 1364 Graecorum
469 1323 557 1361 Hor.
580 1336 609 1360 1.
624 1322 739 1359 Carni.
753 1321 822 1357 ode
837 1331 866 1364 3.
889 1339 982 1344 ——-
998 1328 1065 1353 nec
1095 1316 1214 1353 timuit
1231 1316 1352 1362 praeci-

184 1378 296 1424 pitem
318 1376 475 1413 Africum
494 1372 746 1410 Decertantem
769 1367 1018 1418 Aquilonibus.
1058 1377 1138 1413 pag.
1157 1377 1212 1409 15.
1230 1364 1302 1400 col.
1316 1375 1348 1401 2.

184 1427 222 1462 in
240 1424 393 1462 DECIDO
407 1423 449 1460 ad
460 1421 518 1458 fin.
540 1420 723 1459 -Decidere
736 1418 806 1455 sine
819 1415 1031 1463 adjectione,
1052 1426 1119 1462 pro
1132 1414 1243 1451 Mori.
1260 1412 1350 1450 Hor..

185 1474 346 1522 Scriptor
363 1472 491 1508 abhinc
511 1482 623 1507 annos
641 1475 785 1506 centum
804 1468 865 1515 qui
883 1465 1024 1502 decidit.
1052 1470 1141 1510 puto
1153 1461 1219 1499 effe
1237 1461 1302 1509 Ep.
1316 1473 1348 1498 1„

184 1523 245 1559 lib.
258 1535 289 1561 2.
317 1520 452 1565 [Exstat
469 1533 500 1556 v.
515 1526 568 1564 36.
583 1519 704 1566 Atque
715 1520 761 1554 ita
782 1515 929 1565 quidem
947 1515 982 1549 &
1004 1512 1227 1561 Cruquianus
1237 1510 1352 1548 Scho-

184 1572 318 1613 liastes,
345 1571 433 1607 ut&
451 1568 644 1607 Lambinus
665 1567 825 1613 exponit.
874 1562 945 1600 Sed
962 1563 1080 1609 potius
1102 1561 1240 1597 videtur
1262 1560 1352 1598 Prae.

184 1621 280 1662 sens,
308 1619 521 1667 dictumque,
547 1628 614 1665 pro
639 1614 865 1654 Retrocadit,
891 1610 1061 1652 Recedit,
1089 1609 1265 1648 Remotus
1282 1609 1349 1651 est,

183 1667 310 1710 Distat,
333 1668 485 1716 eleganti
501 1665 744 1714 metaphora]
774 1662 876 1700 Adde
889 1667 1057 1709 praeterea
1070 1670 1149 1707 pag.
1163 1666 1185 1695 6
1190 1658 1300 1703 3.col.
1316 1670 1348 1695 2.

185 1719 248 1755 lin.
262 1730 317 1763 25.
341 1717 545 1755 Defiderata
560 1715 638 1752 sunt
649 1714 712 1750 illo
721 1712 855 1762 proelio
866 1717 922 1747 tot
933 1709 1043 1745 millia
1050 1708 1243 1744 hominum
1255 1707 1351 1754 apud

185 1768 382 1805 historicos.
430 1765 475 1803 At
484 1764 575 1801 male
591 1762 670 1801 Gel.
683 1768 822 1799 vertens
843 1758 1023 1809 quendam
1049 1758 1203 1806 Appiani
1226 1757 1351 1793 locum

185 1828 220 1865 p,
239 1818 371 1861 151,1'n
397 1813 559 1852 stlithrid,
589 1810 758 1855 κενοτάφια
783 1811 862 1849 σφῶν
886 1806 1080 1849 κατέλαβον,
1110 1806 1152 1842 ὥς
1176 1806 1223 1839 ἐπὶ
1253 1809 1352 1848 νεκροῖς

185 1866 338 1910 γενόμενα.
391 1863 474 1911 Qod
486 1863 539 1896 diu
557 1861 708 1905 defiderati
728 1860 822 1907 ffnt.
847 1858 886 1894 ὃς
898 1869 977 1905 pag.
992 1862 1049 1902 64.
1060 1855 1129 1892 001.
1145 1868 1174 1892 1.
1196 1854 1276 1903 post
1288 1854 1349 1891 lin.

188 1926 244 1952 12.
270 1913 378 1951 Nunc
399 1911 608 1950 desiderium
619 1910 779 1958 super-est.
804 1906 938 1945 T-ibull.
958 1908 996 1943 in
1011 1905 1109 1942 versu
1124 1905 1351 1942 hexametro.

187 1962 515 2009 [Exstat4.1.188.

263 2060 393 2101 Habes,
403 2057 550 2099 Lector,
572 2056 761 2104 specimen,
783 2048 948 2092 &veluti
965 2052 1117 2102 gustum,
1136 2053 1261 2087 Henrici
1283 2052 1347 2086 Ste-

182 2109 272 2156 phani
287 2106 518 2151 ὑπομνημάτων.
584 2106 626 2143 111
647 2106 774 2154 quibus
790 2103 880 2141 nihil
902 2104 998 2145 sane,
1038 2101 1138 2152 quod
1164 2101 1347 2138 lucernam

186 2159 301 2201 oleat,
321 2157 411 2194 nihil
426 2156 540 2192 studio
553 2155 772 2192 elaboratum
784 2181 794 2195 ,
812 2153 1046 2200 limatumque
1064 2157 1229 2199 apparet:
1257 2150 1348 2181 αὐτα-

186 2207 300 2250 σχέδιοι
315 2204 509 2243 omniaesse
521 2232 530 2246 ,
556 2202 713 2252 promissi
724 2204 840 2251 operis
858 2203 1041 2238 materiam
1054 2229 1063 2243 ,
1076 2200 1139 2237 nisi
1150 2200 1218 2236 fata
1231 2199 1349 2235 virum

186 2254 430 2306 praevenissent
445 2282 454 2295 ‚
483 2255 691 2302 praebitura,
718 2263 827 2289 nemo
843 2262 921 2288 non
939 2250 1045 2287 videt.
1091 2249 1181 2287 Non
1201 2247 1350 2294 indigna

186 2313 306 2343 tamen
314 2305 394 2342 luce
407 2303 474 2339 visa
492 2302 589 2344 sunt,
616 2309 654 2338 ut
667 2301 762 2338 velut
771 2313 815 2337 ex
832 2311 951 2348 ungue
973 2299 1118 2336 leonem
1132 2298 1297 2334 aestimare
1307 2296 1350 2332 li-

187 2361 309 2395 cerer,
337 2354 444 2393 &ea‚
470 2363 548 2400 quae
561 2353 597 2387 in
613 2351 744 2398 Operis
763 2349 887 2397 ipfius,
919 2348 1105 2389 elaborati,
1134 2345 1349 2394 perfectique

186 2403 332 2441 tandem
344 2403 487 2438 interitu
495 2401 578 2437 faeta
591 2401 650 2441 est,
675 2399 812 2446 jactura,
827 2398 1063 2446 qualicunque
1083 2395 1198 2432 modo
1210 2395 1349 2430 sarcire-

187 2460 253 2489 tur.
294 2451 336 2488 In
359 2462 431 2498 quo
458 2449 603 2498 quidem
622 2450 788 2496 postumo
801 2454 904 2495 partu
931 2448 978 2483 ita
1000 2457 1057 2482 me
1085 2445 1351 2482 obstetricatum

189 2501 255 2540 effe
266 2499 412 2538 confido
422 2524 433 2542 ‚
461 2506 500 2536 ut
512 2496 819 2547 ipsunetHenrico
830 2495 1012 2545 Stephano
1022 2494 1069 2538 ,fi
1087 2495 1131 2532 ab
1146 2494 1266 2532 inferis
1276 2493 1351 2529 exi·-

1415 141 1537 179 steret,
1565 133 1828 177 morbsolicet,
1855 134 2062 183 difficilique
2081 134 2206 182 judici,
2234 132 2343 171 fidem
2360 129 2581 170 certemeaffl

1416 200 1474 225 me
1484 188 1719 235 probaturum
1737 187 1883 232 sperem.

1508 236 1566 273 De
1582 235 1716 282 reliqua
1733 246 1818 270 vero
1839 244 1948 280 opera
1963 244 2040 269 mea
2056 260 2066 274 ,
2093 234 2256 273 (tantum
2272 230 2381 270 abest,
2397 235 2435 265 ut
2446 227 2584 275 magni·

1416 285 1481 322 fice
1494 286 1684 332 quicquam
1702 283 1864 330 polliceri
1883 281 2110 325 sustineam)
2135 284 2256 328 accipe
2274 280 2394 327 paucis
2413 276 2500 325 quid
2510 276 2586 312 sen-

1416 337 1510 371 tiam.
1564 332 1784 379 lmpudentis
1805 330 1870 366 effe
1887 331 2044 366 hominis
2059 331 2231 370 arbitror,
2261 330 2296 364 &
2316 327 2427 364 aliena
2439 323 2585 361 fideim-

1415 384 1530 431 probe
1551 382 1746 422 abutentis,
1775 379 1947 426 ejusmodi
1970 381 2163 427 quicquam
2183 379 2302 424 operis
2318 372 2586 413 emendandum

1416 435 1452 468 in
1461 432 1491 467 se
1504 430 1691 476 suscipere,
1718 428 1781 465 nifi
1802 440 1907 477 quam
1922 426 2210 464 absolutissimum
2221 425 2390 467 reddere,
2410 428 2583 472 quantum

1415 483 1451 517 in
1475 480 1550 527 ipso
1570 479 1636 519 est,
1663 477 1805 514 studeat.
1858 477 1904 514 At
1914 488 1997 512 cum
2016 475 2190 523 ejusmodi
2200 474 2259 511 hic
2269 473 2370 511 labor
2387 472 2438 515 fit,

1513 530 1572 561 Cui
1589 539 1742 574 nunquam
1759 526 1886 571 exhausti
1901 525 1971 569 fhtt's
1987 526 2034 568 est,

1414 584 1453 615 ut
1465 580 1510 614 ait
1520 575 1712 623 Virgilius,
1740 587 1808 612 nec
1822 586 1880 611 me
1889 580 2010 610 totum
2020 572 2189 609 oculeum
2206 569 2342 618 Argum
2354 569 2509 617 aliquem
2525 572 2583 603 aut

1414 625 1598 676 Lynceum
1614 624 1681 661 esse
1695 631 1819 672 putem
1830 652 1839 666 ‚
1859 624 1956 669 cujus
1967 623 2079 659 aciem
2093 620 2193 660 nihil,
2205 619 2305 668 quod
2315 618 2459 667 usquam
2471 618 2586 653 anim-

1415 673 1675 712 advertendum
1693 673 1793 715 effet,
1813 675 1963 719 fugeret,
1991 669 2194 707 satisfadlum
2208 670 2251 704 iri
2263 679 2368 715 aequo
2382 666 2507 703 lectori
2519 676 2587 713 pu-

1416 733 1454 761 to
1468 753 1476 766 ‚
1495 724 1520 760 ii
1533 735 1607 759 non
1618 722 1709 758 male
1722 722 1860 770 lippum
1872 722 2004 768 ubique
2016 731 2074 756 me
2087 716 2184 756 fuisse
2198 715 2484 765 deprehenderit.
2535 712 2586 750 Ut

1415 774 1535 822 paucis
1546 770 1762 818 completur
1774 799 1783 812 ,
1813 769 2024 806 tantundem
2039 767 2129 813 mihi
2148 774 2238 814 puto
2260 765 2449 814 praedicare
2465 763 2587 804 licere,

1416 835 1456 859 ac
1473 822 1633 859 Luciano
1646 822 1682 856 in
1698 819 1947 858 Pseudomanti
1960 820 2070 855 licuit.
2100 814 2256 853 Tametsi
2271 815 2394 863 Augiae
2410 811 2586 850 stabulum

1415 884 1491 908 non
1502 878 1618 907 totum
1630 871 1868 921 expurgarim‚
1881 879 1948 915 pro
1959 878 2040 904 mea
2047 874 2165 903 tamen
2178 864 2271 909 virili
2282 870 2382 912 parte
2392 874 2451 900 me
2465 872 2587 909 repur-

1415 932 1498 968 gare
1517 926 1688 956 conatum
1702 918 1788 958 elle,
1812 916 1908 957 fimi,
1937 923 2028 964 quot
2037 916 2157 956 licuit,
2175 913 2343 961 cophinis
2353 912 2486 960 egestis.
2515 909 2586 948 Re-

1415 971 1553 1017 liquum
1576 968 1736 1004 laborem
1755 965 1921 1004 Herculis
1941 966 2099 1002 humeris
2118 962 2334 1000 demandare
2354 960 2498 1002 licebit,
2525 960 2586 996 cui

1415 1019 1572 1066 palmam
1595 1017 1740 1053 dubiam
1762 1017 1876 1052 facere
1890 1042 1901 1056 ,
1935 1017 1974 1051 in
1991 1022 2064 1051 tam
2080 1012 2267 1050 luculento
2285 1010 2475 1059 praesertim
2488 1036 2499 1051 ,
2525 1008 2587 1045 vel

1414 1067 1593 1153 iumento
1608 1067 1749 1114 potius,
1773 1075 1891 1112 agone
1903 1092 1913 1107 ,
1938 1076 2016 1101 non
2027 1062 2197 1113 equidem
2206 1072 2366 1098 mearum
2376 1060 2505 1096 virium
2518 1056 2588 1095 effe

1428 1125 1538 1154 enno.

1510 1164 1597 1202 Vim
1618 1163 1804 1210 ingentem
1827 1162 2028 1200 carbonum
2043 1173 2103 1197 me
2123 1172 2167 1197 ex
2188 1160 2262 1196 hoc
2280 1157 2444 1196 thesauro
2466 1168 2586 1194 aman-

1415 1209 1505 1251 daffe
1519 1242 1528 1256 ,
1556 1213 1746 1249 hominem
1761 1207 1826 1249 esse
1843 1223 1920 1248 non
1939 1219 2084 1259 putem,
2103 1212 2164 1258 qui
2173 1210 2262 1246 serio
2277 1207 2469 1255 negaverit.
2495 1206 2586 1245 Non

1414 1265 1465 1300 ita
1478 1270 1597 1300 tamen
1607 1263 1775 1298 omnibus
1789 1261 1944 1297 numeris
1959 1259 2158 1297 absolutum
2171 1287 2180 1301 ‚
2203 1257 2469 1306 perfectumque
2479 1257 2515 1292 &
2527 1268 2588 1293 ex-

1414 1312 1590 1361 politum,
1618 1321 1711 1358 opus
1726 1317 1799 1347 tam
1823 1309 2064 1350 laboriosum,
2090 1315 2163 1345 tam
2187 1306 2374 1355 copiosum
2398 1306 2435 1342 &
2449 1307 2588 1347 varium

1414 1364 1511 1399 exire
1522 1389 1531 1403 ,
1557 1368 1597 1397 ut
1612 1360 1785 1409 nusquam
1796 1359 1952 1396 omnino
1962 1358 2128 1395 secundas
2141 1369 2241 1395 curas
2257 1355 2436 1405 postulet,
2462 1354 2588 1392 eorda-

1414 1418 1469 1449 tus
1485 1421 1594 1448 nemo
1609 1410 1803 1446 mirabitur.

1510 1457 1724 1496 Solenttalia
1732 1456 1871 1494 facilius
1885 1455 2109 1504 reprehendi,
2124 1466 2230 1505 quam
2241 1453 2327 1492 fieri.
2347 1452 2494 1501 Quodsi
2504 1454 2585 1503 quis

1414 1505 1478 1546 fibi
1502 1508 1545 1545 ad
1567 1508 1662 1544 hanc
1677 1508 1904 1555 provinciam
1921 1505 2144 1547 obeundam,
2169 1515 2278 1553 quam
2295 1504 2367 1541 fere
2393 1502 2588 1551 prudentes

1413 1559 1588 1606 fugitant,
1610 1557 1727 1593 multo
1747 1568 1806 1592 me
1822 1557 1939 1603 aptior
1959 1554 2118 1596 videtur,
2153 1560 2192 1590 ut
2202 1554 2272 1591 scio
2284 1552 2351 1590 effe
2367 1554 2410 1590 ab
2421 1554 2585 1601 ingenio.

1415 1607 1688 1654 eruditioneque
1703 1604 1940 1642 instrueliores
1958 1615 2065 1652 quam
2084 1603 2279 1651 plurimos,
2305 1602 2432 1640 lubens
2445 1604 2477 1639 ei
2496 1602 2587 1639 lam-

1412 1657 1524 1705 pada,
1553 1662 1591 1692 ut
1602 1657 1718 1702 ajunt,
1745 1654 1892 1691 tradam.
1944 1652 2014 1690 Sed
2034 1652 2190 1689 multum
2208 1663 2251 1689 ac
2274 1651 2508 1690 vehementer
2523 1662 2586 1689 me

1412 1706 1503 1742 fallit
1521 1706 1648 1752 opinio
1661 1732 1671 1746 ,
1698 1711 1776 1746 aut,
1802 1702 1827 1740 fi
1841 1705 1940 1750 Juxta
1956 1713 2100 1739 mecum
2111 1702 2233 1738 omnia
2251 1712 2316 1749 per
2336 1701 2370 1738 se
2390 1701 2585 1743 curaverit.

1412 1755 1495 1792 loca
1513 1754 1697 1791 auctorum
1712 1754 1893 1802 inquirere
1906 1780 1916 1794 ,
1943 1751 2129 1793 conferre,
2158 1750 2383 1798 expendere,
2412 1751 2588 1797 interpre-

1412 1805 1498 1845 tari,
1524 1804 1705 1851 digerere,
1731 1814 1808 1839 11011
1822 1807 1985 1850 gravatus
1998 1826 2009 1843 ,
2033 1812 2150 1848 neque
2171 1800 2325 1836 3110111111
2345 1799 2589 1849 qualicunque

1411 1853 1626 1890 succedanea
1638 1863 1748 1900 opera
1758 1857 1949 1888 contentus
1967 1850 2092 1892 fuerit,
2120 1848 2245 1898 (quod
2257 1848 2396 1891 adhuc,
2424 1860 2501 1886 non
2510 1848 2586 1887 fine

1412 1914 1547 1950 magno
1570 1902 1745 1938 litterariae
1773 1902 1826 1937 rei
1851 1900 2090 1941 detrimento,
2127 1910 2147 1934 a
2166 1897 2342 1946 plerisque
2363 1897 2492 1935 factum
2523 1898 2586 1936 de-

1412 1951 1617 2000 prehendi)
1644 1962 1698 1987 nae
1710 1961 1859 1992 vereor,
1884 1956 1924 1986 ut
1938 1950 2030 1985 intra
2043 1948 2258 1985 decennium
2269 1959 2362 1995 opus
2379 1947 2424 1984 ad
2440 1948 2587 1985 umbili-

1414 2012 1499 2038 cum
1522 2000 1732 2037 adducturus
1760 1998 1811 2036 fit.
1874 1997 1992 2045 Quod
2015 2009 2126 2046 quum
2150 1998 2197 2033 ita
2213 1996 2272 2039 fit,
2300 2003 2442 2039 tamen,
2467 1997 2586 2035 modo
2634 2005 2636 2008 ’

1414 2057 1454 2087 ut
1472 2049 1560 2086 mihi
1578 2049 1819 2086 valetudinem
1834 2049 2012 2096 integram
2030 2046 2078 2086 O.
2106 2046 2161 2084 M.
2188 2046 2335 2083 Numen
2356 2045 2585 2090 concesserit,

1414 2100 1563 2136 remotis
1587 2100 1655 2145 jam
1684 2098 1864 2146 pluribus,
1893 2108 1970 2146 quae
1989 2098 2086 2144 prius
2118 2096 2321 2138 obstabant,
2347 2094 2587 2143 impedimen-
2616 2098 2618 2101 ’

1414 2150 1469 2190 tis,
1481 2159 1548 2196 pro
1567 2155 1666 2185 certo
1686 2146 1852 2195 polliceri
1870 2145 2028 2194 polium,
2057 2146 2150 2186 fore,
2177 2152 2218 2182 ut
2246 2144 2357 2187 duos,
2377 2146 2439 2194 qui
2456 2144 2586 2194 reliqui

1415 2197 1511 2238 lunt,
1539 2204 1661 2234 tomos
1679 2197 1849 2233 maturius
1874 2196 2036 2242 accipias.
2101 2193 2162 2232 De
2188 2193 2350 2236 Chartae,
2395 2201 2587 2242 typorum-

1417 2258 1487 2295 que
1508 2248 1646 2288 nitore,
1675 2246 1888 2294 ceterisque,
1915 2256 1992 2293 quae
2013 2243 2144 2280 eodem
2161 2246 2359 2292 pertinent,
2386 2250 2586 2292 atypogra.

1416 2296 1493 2344 pho
1511 2295 1556 2331 ad
1578 2295 1781 2332 ornandum
1801 2306 1892 2342 opus
1911 2293 2050 2330 collatis
2071 2294 2180 2335 curis,
2205 2292 2401 2329 admonere
2421 2300 2455 2329 te
2469 2292 2587 2340 super-

1416 2356 1568 2382 vacuum
1586 2345 1758 2386 arbitror,
1785 2355 1896 2392 quum
1921 2350 1996 2379 tute
2007 2341 2244 2390 cognoscere,
2273 2342 2359 2390 quid
2375 2342 2426 2378 rei
2435 2340 2489 2384 fit,
2506 2342 2586 2389 poss

1415 2393 1468 2430 fis.
1519 2393 1628 2436 Vale,
1656 2405 1696 2430 ac
1710 2395 1804 2431 curis
1818 2421 1828 2435 ,
1857 2404 1942 2440 quas
1960 2391 2079 2428 studiis
2095 2393 2162 2429 tuis
2186 2392 2344 2428 dicamus
2361 2392 2486 2433 unice,
2512 2402 2583 2440 pro

1415 2455 1461 2481 eo
1482 2454 1524 2480 ac
1533 2443 1690 2480 candore
1706 2449 1772 2481 tuo
1790 2442 1942 2492 dignum
1959 2441 2026 2484 est,
2053 2442 2207 2490 benigne
2228 2440 2346 2479 favere
2361 2451 2483 2489 perge.
