2641 4187
481 81 520 116 AE.
616 81 646 114 T
742 81 776 116 H

84 163 116 199 ΕΞ
129 177 175 195 ·i·r⁴1
186 177 201 195 .⁵.
214 170 230 194 r.
240 177 249 194 r
260 177 277 195 A
287 188 295 201 ‚
315 165 360 194 Vel
377 163 409 194 ΗΞ
421 172 439 186 Τ
449 172 468 190 Η
478 173 495 191 A
506 173 522 190 1.
532 172 562 195 E,
583 157 671 190 Insula
693 160 842 196 [Alba-'13
865 158 980 197 Λὶῗὴέηζξ
1000 173 1034 191 eq
1045 165 1132 194 Stfflx„
1149 165 1195 194 μὴ,
1213 176 1236 200 ς,

122 204 324 239 descriptione‚
354 211 410 230 non
425 199 524 237 procul
542 199 615 227 abest
633 209 645 226 a
662 199 770 227 (dorileu
786 202 812 227 «Nc
832 200 975 228 Sardinia:
1009 204 1054 237 qui
1072 204 1154 231 ctiam
1176 203 1239 231 ferri

123 242 251 272 ffirlialici
268 239 403 269 meminit.
435 237 517 266 Diod.
531 236 614 277 Sicul.
630 236 678 264 lib.
690 240 715 264 6.
732 245 792 272 cap.
807 248 832 270 4.
873 240 1032 274 Sequuntur
1042 240 1103 275 post
1114 240 1240 276 liparam

124 278 219 307 infulae
228 278 263 307 ad
277 277 451 314 Tyrrhenum
464 273 576 311 pelagus
589 275 642 302 litae
656 283 661 302 z
694 273 723 301 in
739 273 839 309 quibus
857 284 911 303 una
929 275 967 303 est
981 278 1094 304 nomine
1113 277 1240 311 lfitliulia,

122 315 283 352 Populonia:
304 313 427 351 opposita
447 312 525 346 urbi,
558 311 659 339 distans
679 320 694 339 a
711 311 867 339 continenti
888 312 980 341 stadiis
1000 314 1086 342 ferme
1107 322 1239 343 centum:

123 363 183 389 quae
198 353 225 381 id
241 360 344 380 nornen
356 350 389 379 ab
400 348 538 383 ffirhalio,
560 348 606 385 qui
618 348 642 376 ei
654 348 762 384 praefuit
773 370 780 382 ‚
802 348 873 377 duce
884 348 976 378 sortita
985 352 1031 379 est.
1073 350 1105 379 ln
1124 359 1156 379 ea
1174 351 1243 379 effo-

120 390 198 418 ‘ditur
213 397 306 426 petra»,
328 397 362 416 ex
377 397 430 424 qua
440 387 540 415 ferrum
555 386 712 415 excuditur.

123 427 257 461 ffirhalffl,
284 424 371 454 insula
389 425 518 459 adjacens
531 423 616 452 Italiae
634 423 664 451 in
683 422 751 451 mari
767 422 921 458 Ligustico,
952 431 981 452 ut
999 424 1097 453 author
1115 425 1154 453 est
1172 424 1240 454 Plin.

140 464 189 530 lib)-
204 474 226 500 3.
243 473 303 500 cap.
316 466 341 490 6.
381 461 459 492 Idem
471 461 553 490 aliam
564 467 675 497 quoque
686 460 753 489 facit
763 460 911 490 AEthaliam
923 472 982 498 qua:
993 464 1018 492 ἅ
1029 461 1113 491 Cluos
1129 463 1242 496 dicitur,

89 533 93 536 ,
153 513 159 529 ι
182 525 188 530 .
203 513 226 537 ς.
243 510 275 529 ca
297 523 302 528 .
318 508 362 535 31.

84 539 118 569 ΞΕ
127 549 146 568 τ
155 548 174 567 H
185 549 201 567 A
212 550 227 566 L
237 549 245 566 r
255 547 266 566 s
275 510 296 573 ξ)
305 536 350 565 vel
366 536 398 566 ΗΞ
408 545 427 564 τ
437 546 456 564 H
468 546 486 564 A
496 536 560 564 tro
570 545 584 564 r.
593 545 604 564 s
616 557 623 570 ‚
641 545 670 564 ae.
691 543 727 563 m.
747 535 784 570 (i.
797 544 820 564 e.
838 534 1028 571 Fuliginosus‘)
1047 536 1136 566 l’raeeo
1147 559 1154 570 ,
1172 535 1244 565 Mer-

124 576 190 606 curii
206 575 279 604 filius
292 597 300 610 ‚
320 575 393 603 inter
403 574 481 602 vivos
500 573 586 602 modo
598 595 606 607 ‚
626 573 711 601 modo
728 572 799 600 inter
814 580 937 602 mortuos
952 576 1079 603 existens.
1111 568 1200 612 Apoll.
1220 583 1242 602 1.

123 615 221 651 Argon.
234 617 297 648 641.
336 612 408 641 Eum
421 611 447 640 se
457 611 535 640 fuill'e
545 610 712 647 gloriabatur
724 610 890 647 Pythagoras
899 633 907 646 ,
928 618 959 640 ut
968 612 1051 640 refert
1062 612 1141 649 Diog.
1154 611 1243 640 Laert.

93 683 97 685 .
124 651 185 680 Vita
198 650 308 688 Pythag.
325 649 397 678 adde
413 648 468 677 Val.
487 647 577 677 Flacc.
593 658 615 676 r.
629 657 693 683 437.
767 684 769 686 Ι

86 689 300 722 Erasinus,
328 688 346 716 i.
379 697 415 716 m.
452 686 572 715 Uvzirum
591 695 678 723 genus
696 685 726 713 in
746 684 876 722 AEgypto.
912 686 980 716 Plin.
1002 686 1051 716 lib.
1071 697 1113 723 14.
1136 695 1195 723 cap.
1217 695 1244 723 7.

92 758 94 760 ,
126 726 242 756 Euthulo
255 725 370 761 conjicit
382 724 533 761 legendum
546 723 715 753 Harduinus.

86 760 119 796 Ε
128 774 147 792 Τ
158 774 177 792 11
187 774 204 792 A
217 774 232 791 ι,
241 774 250 791 1
260 767 277 792 ὃ
286 772 305 791 Ν
316 773 329 791 Ε
339 772 350 791 s
360 784 368 797 ‚
390 762 575 797 [αόξὲιιλίωνες]
596 761 706 789 Cicada:
717 760 797 789 diastae
807 782 814 795 ,
835 756 908 796 περὶ
924 758 949 787 τὲ
966 760 1050 795 α’θεεῦς
1067 758 1119 788 ἀεὶ
1135 761 1166 786 τέ
1181 758 1245 795 izin,

124 801 150 831 h.
164 809 187 830 e.
210 801 356 838 Propterea
367 800 468 837 quoda
479 799 534 829 Iole
546 799 704 828 adurantur.
736 798 800 827 Cael.
817 797 864 827 lib.
883 806 924 836 17.
941 808 1000 837 cap.
1015 803 1041 828 6.
1057 809 1093 828 ex
1104 798 1248 829 Theocrit.

121 839 282 876 interprete.

86 876 120 908 ΞΕ
128 887 146 906 τ
157 887 175 905 Η
187 887 201 905 13
210 886 229 905 A
239 898 247 912 ,
268 875 330 904 Una
341 884 377 904 ex
387 881 501 904 centum
512 874 626 903 urbibus
638 872 774 902 Laconiae.
796 872 891 910 Steph.

83 914 119 948 ,ΗΞ
129 925 147 944 T
157 924 176 942 H
187 924 200 943 E
211 924 226 942 R
235 936 243 949 ‚
265 914 328 943 eris.
347 923 383 942 m.
407 913 462 942 sine
477 912 513 950 pl.
538 908 647 948 [0029239]
668 913 737 940 Sunt
749 911 794 947 qui
806 911 947 940 ffirherem
957 922 1006 949 pro
1014 911 1162 941 Elemento
1174 910 1247 947 ignis

122 952 279 990 accipiant,
308 951 381 980 inter
402 960 471 988 quos
493 950 530 978 est
550 951 745 984 Anaxogoras:
779 948 823 977 alii
843 959 892 986 pro
913 951 988 978 Aere.
1028 950 1133 978 Aristot.
1151 948 1198 977 lib.
1221 958 1245 978 1.

121 990 240 1021 Mereor.
257 989 311 1018 hoc
329 989 444 1017 nomine
459 987 570 1016 Coelum
586 987 732 1023 intelligit:
762 987 868 1015 dictum
880 1009 887 1020 ,
908 994 940 1016 ut
957 987 1013 1025 ipse
1030 994 1127 1025 putat,
1148 984 1198 1013 εἰπὲ
1215 983 1248 1014 τὲ

122 1028 217 1056 αἴθειν.
240 1032 272 1056 ut
282 1026 345 1061 alii,
367 1022 418 1051 ἀπὸ
431 1026 463 1051 τὲ
478 1026 521 1051 ab&
534 1022 591 1057 θέειν
601 1045 608 1057 ,
630 1035 644 1053 a
658 1031 793 1062 perpetuo
811 1032 897 1053 motu.
922 1025 980 1054 Cic.
995 1035 1020 1054 2.
1038 1025 1073 1054 de
1085 1025 1148 1054 Nat.
1163 1023 1245 1053 Deor.

126 1075 186 1095 101.
227 1064 320 1094 Restat
332 1063 447 1092 ultimus
459 1084 466 1098 ‚
488 1064 514 1092 ὅ.
529 1072 544 1091 a
559 1062 709 1091 domiciliis
724 1062 822 1091 nostris
838 1062 980 1091 altill‘nnus
990 1085 997 1098 ,
1026 1063 1121 1091 omnia
1132 1063 1248 1099 cingens

122 1105 151 1134 ’ἃ
170 1112 303 1139 coercens
320 1101 386 1130 coeli
402 1100 566 1138 complexus
576 1122 584 1134 ,
614 1100 660 1137 qui
675 1100 751 1128 idem
764 1095 858 1128 Ilither
870 1107 999 1135 vocatur,
1021 1107 1145 1129 extrema
1159 1110 1207 1128 ora
1220 1100 1248 1128 86

122 1141 318 1171 determinatio
329 1138 436 1168 mundi.
474 1138 569 1167 ffither
580 1147 615 1166 ex
627 1140 689 1166 aere
701 1138 830 1174 gignitur.
861 1138 919 1166 Cic.
934 1148 959 1167 2.
982 1139 1017 1167 de
1031 1139 1093 1167 Nat.
1106 1138 1186 1167 Deor.
1200 1143 1246 1171 84.

123 1179 158 1210 Et
179 1188 265 1216 quum
283 1185 400 1215 quatuor
420 1185 520 1213 genera
539 1176 589 1204 lint
608 1185 757 1213 corporum
773 1197 780 1209 ‚
816 1176 1004 1205 vicillitudine
1025 1185 1122 1205 eorum
1148 1174 1249 1204 mundi

122 1222 221 1247 natura
236 1216 275 1245 est
286 1215 458 1244 continuata.
500 1213 572 1242 Nam
584 1223 619 1242 ex
636 1219 706 1242 terra
719 1223 788 1250 aqua
799 1235 806 1247 ,
828 1221 863 1241 ex
873 1222 943 1250 aqua
952 1215 1038 1242 oritur
1053 1216 1098 1242 aer
1108 1234 1116 1249 ‚
1137 1222 1173 1242 ex
1186 1215 1249 1241 aere

121 1255 208 1289 aether
218 1264 224 1283 ε
256 1253 361 1282 deinde
381 1251 527 1281 retrorsum
541 1251 658 1280 vicissim
676 1260 711 1280 ei<
727 1251 827 1279 aethere
842 1253 904 1285 aer,
932 1252 999 1280 inde
1017 1262 1086 1288 aqua
1097 1273 1105 1286 ,
1127 1260 1162 1280 ex
1178 1259 1249 1287 aqua

121 1300 194 1323 terra
208 1291 310 1321 infima.
350 1289 510 1324 AEtherem,
530 1289 605 1319 SerV.
623 1288 652 1318 in
667 1289 874 1318 commentariis
886 1289 914 1316 in
928 1289 999 1327 Virg.
1019 1290 1107 1318 tribus
1118 1289 1175 1318 fere
1190 1298 1250 1316 mo-

123 1331 167 1361 dis
177 1330 288 1367 accipit.
325 1329 376 1358 Pro
389 1329 471 1371 Igne,
492 1328 508 1356 i.
523 1337 546 1356 e.
568 1327 704 1364 Supremo
716 1326 857 1355 elemento
869 1336 874 1355 :
898 1336 949 1364 pro
963 1329 1047 1362 Aere,
1068 1328 1096 1356 &
1108 1336 1158 1364 pro
1168 1326 1249 1361 Jove,

123 1378 207 1407 quem
220 1365 347 1405 &ipsum
359 1367 429 1396 dicrt
443 1365 573 1395 aetherem
589 1364 650 1394 effe.
694 1364 832 1394 Caeterum
848 1364 903 1393 hoc
919 1375 1007 1394 unum
1018 1365 1175 1394 constanter
1185 1362 1251 1393 asse·-

122 1408 158 1437 rit
167 1429 175 1442 .,
197 1406 273 1444 quod
286 1405 370 1434 aether
380 1404 492 1442 proprie
503 1403 534 1431 s1t
551 1403 632 1440 ignis.

121 1444 219 1512 JEbther
237 1445 263 1473 &
277 1443 343 1473 Dies
354 1465 362 1478 ‚
388 1443 517 1480 parentes
531 1440 623 1477 Coeli,
651 1436 763 1470 Coelum
778 1448 845 1470 vero
863 1440 983 1470 Saturni.
1014 1440 1073 1470 Cic.
1087 1449 1112 1477 3.
1132 1439 1167 1469 de
1181 1438 1247 1469 Nat.

169 1492 224 1512 eor.

122 1521 234 1555 AEther‚
255 1528 306 1557 pro
317 1518 394 1554 Jove.
424 1516 534 1546 Lucret.
549 1515 599 1545 lib.
613 1526 636 1546 1.
650 1525 714 1552 250.

202 1557 341 1587 Postremo
354 1561 474 1594 pereunt
487 1555 604 1584 imbres:
628 1554 678 1584 ubi
693 1563 741 1583 eos
756 1559 834 1591 pater
848 1553 933 1583 aether
1020 1588 1023 1590 ‚

201 1595 236 1626 In
250 1595 386 1633 gremium
399 1594 493 1623 matris
506 1596 588 1622 terrai
602 1592 794 1630 praecipitavit.
878 1591 949 1629 Virg.
963 1600 988 1621 2.
1007 1591 1107 1630 Georg.
1124 1598 1186 1629 325.

202 1632 280 1663 Tum
293 1639 370 1671 pater
384 1632 564 1669 omnipotens
578 1631 718 1659 foecundis
732 1629 866 1658 imbribus
882 1630 967 1658 aether

204 1671 339 1708 Coniugis
352 1671 381 1698 in
395 1670 531 1707 gremium
544 1669 613 1698 laetae
627 1667 780 1697 descendit.

143 1710 174 1741 ni
184 1709 333 1746 &reliquis
343 1708 400 1737 fere
415 1708 517 1737 Stoicis
531 1706 616 1736 aether
629 1704 739 1736 videtur
753 1702 877 1735 summus
894 1706 962 1735 deus
971 1728 979 1741 ,
1000 1711 1096 1735 mente
1106 1704 1249 1743 praeditus,

143 1758 197 1786 qua
206 1747 301 1776 omnia
310 1751 446 1784 regantur.

119 1785 237 1822 AEffler,
258 1792 310 1823 pro
321 1785 397 1814 Aere.
429 1783 502 1821 Virg.
518 1793 541 1812 1.
558 1782 657 1820 Georg.
672 1791 738 1819 407.

282 1839 320 1843 -
330 1822 431 1860 raptim
445 1821 518 1850 secat
532 1821 632 1850 aethera
646 1820 756 1858 pennis.

123 1862 237 1897 AEther,
278 1870 309 1890 ro
322 1860 412 1889 Coelo.
443 1860 526 1889 Ovid.
542 1859 653 1888 secutus
665 1856 838 1888 Aristotelem
849 1880 857 1894 ,
880 1869 903 1894 ς,
919 1857 1000 1888 Trist.
1012 1867 1039 1888 2.
1056 1860 1100 1895 51.

205 1900 251 1929 Sic
285 1898 372 1928 abites
384 1906 469 1927 terras
479 1920 487 1932 ,
510 1898 536 1927 &
548 1904 577 1926 te
591 1896 727 1926 desideret
740 1895 832 1925 aether.

122 1938 237 1973 AEffler,
258 1947 309 1975 pro
326 1936 404 1972 Diis;
432 1935 592 1970 AEtherem‚
613 1935 639 1964 h.
656 1944 679 1964 e.
703 1933 814 1963 Coelum
830 1933 1028 1964 incolentibus.
1059 1931 1157 1963 Claud.
1173 1940 1196 1969 3.
1213 1931 1250 1961 de

141 1976 224 2013 Rapt.
239 1974 359 2012 Proserp.
454 1989 492 1994 —
502 1973 616 2010 Phlegra
628 1972 710 2001 nobis
724 1972 855 2001 infensior
868 1972 961 2002 aether.
1050 1971 1078 2001 h.
1096 1981 1122 2001 e.
1154 1968 1249 2000 Multo

70 2035 71 2040 .
141 2014 228 2051 magis
241 2013 304 2042 sunt
317 2012 378 2041 irati
391 2011 473 2041 nobis
488 2011 527 2040 dii
542 2021 624 2049 quam
639 2011 771 2048 gigantes.

122 2052 237 2087 AEther,
257 2060 309 2089 pro
321 2049 448 2080 Lumine.
480 2048 570 2079 Valer.
587 2060 609 2085 ς.
626 2050 724 2086 Argon.
742 2054 803 2082 182-

282 2105 321 2109 -—
330 2087 411 2117 fimul
424 2087 525 2117 aethere
537 2085 621 2125 plena
634 2086 758 2122 corusco,
870 2083 966 2115 Pallas.
1038 2115 1039 2120 ¹

122 2127 247 2158 Flamma
263 2126 380 2156 aetheris.
414 2125 472 2155 Cic.
488 2135 513 2155 2.
537 2125 574 2155 de
593 2125 657 2155 Nat.
676 2124 760 2154 Deor.
778 2129 839 2158 118.
880 2123 967 2160 Quod
983 2122 1117 2152 astrorum
1135 2121 1207 2159 ignis
1222 2123 1250 2151 Sc

142 2165 249 2195 aetheris
261 2164 373 2193 flamma
386 2163 539 2193 consumat.

122 2203 239 2234 Abditus
257 2202 379 2232 tenebris
406 2202 491 2231 aether
501 2224 510 2238 ,
544 2201 562 2231 i.
582 2211 608 2231 e.
639 2200 825 2231 obscuratum
845 2199 951 2230 coelum
971 2197 1145 2237 caliginibus.
1182 2197 1247 2228 Sen.

141 2243 159 2271 A
180 2251 233 2271 am.
272 2263 278 2269 .

123 2251 218 2310 Altius.
248 2250 349 2308 Catull.
365 2278 400 2307 de
414 2277 579 2316 Berecynth.
597 2279 624 2308 8<
637 2277 698 2315 Aty.
712 2287 757 2314 40.

123 2317 209 2348 Altus.
230 2316 304 2354 Virg.
317 2326 342 2352 3.
358 2317 457 2353 Georg.
471 2321 533 2353 358.
556 2316 591 2345 de
602 2315 684 2345 Sole:
763 2314 825 2344 Nec
836 2323 923 2352 quum
934 2313 1061 2343 invectus
1072 2313 1151 2350 equis
1161 2311 1250 2343 altum

87 2378 89 2381 .
128 2390 130 2394 .
162 2356 212 2385 etit
224 2355 334 2385 aethera.
411 2353 430 2383 i.
449 2363 473 2383 e.
513 2354 546 2384 In
560 2363 679 2389 cancro,
701 2363 756 2389 quo
771 2353 853 2382 altius
867 2352 964 2390 nequit
979 2349 1137 2382 ascendere.

155 2400 200 2424 tus
213 2393 313 2424 aether:
335 2392 362 2421 h.
376 2401 400 2421 e.
423 2393 483 2421 Ae‘r.
514 2392 589 2430 Virg.
600 2403 627 2429 4.
644 2391 743 2428 Georg.
758 2397 803 2428 78.

265 2448 272 2455 ·
282 2446 319 2452 -—
333 2429 434 2460 aethere
446 2431 476 2459 in
489 2429 546 2459 alto
658 2429 703 2460 Fit
715 2429 830 2459 sonitus.

122 2469 200 2500 Altus
213 2469 298 2499 aether
308 2490 315 2503 ‚
336 2477 386 2506 pro
400 2467 481 2497 Coelo
493 2468 559 2498 alto.
591 2468 664 2506 Virg.
681 2478 723 2498 12.
740 2467 802 2498 AEn.
816 2468 878 2503 436.

123 2509 240 2546 Apertus
251 2506 344 2536 aether.
373 2504 447 2544 Virg.
464 2516 487 2535 1.
504 2506 565 2536 AEn.
581 2516 642 2543 591.
663 2512 695 2535 ut
709 2505 821 2536 Coelum
834 2514 859 2534 v.
878 2514 939 2540 159.

120 2546 230 2576 Arduus
240 2567 248 2581 ⁷
269 2544 363 2574 aether.
392 2544 464 2582 Virg.
480 2554 522 2574 10.
538 2544 600 2574 AEn.
617 2554 678 2574 102.

121 2584 246 2614 Attritus.
276 2583 343 2615 Stat.
358 2592 381 2612 1.
397 2582 489 2612 Theb.
503 2592 566 2619 354.
606 2582 722 2613 Attritus
734 2580 824 2611 subita
834 2580 893 2610 face
905 2578 1042 2618 rumpitur
1054 2579 1148 2610 aether.

121 2623 214 2658 Avius.
242 2621 309 2651 Stat.
325 2632 350 2657 5.
366 2619 456 2655 Theb.
473 2631 528 2657 14.>

123 2660 229 2690 Aureus
240 2681 248 2695 ,
270 2669 321 2697 pro
333 2658 413 2688 Coelo
424 2656 582 2696 splendido.
611 2655 697 2689 Ovid.
711 2667 754 2696 13.
771 2656 842 2687 Met.
856 2661 918 2693 587.

125 2697 231 2728 Clarus.
260 2698 325 2727 Sen.
341 2697 423 2727 Herc.
436 2707 462 2732 9.
626 2730 630 2732 μ

127 2735 281 2766 Concuffus
291 2735 451 2773 mugitibus.
482 2733 556 2772 Virg.
571 2742 595 2771 3.
611 2733 711 2773 Georg.
726 2743 788 2770 150.

122 2773 276 2804 Diffufilis:
304 2773 332 2802 h.
346 2783 371 2802 e.
400 2771 562 2810 Agitabih's,
593 2772 640 2809 qui
658 2771 688 2801 in
709 2781 808 2801 omnes
825 2775 916 2809 partes
934 2767 1030 2808 agitari
1048 2768 1140 2807 potest
1156 2769 1184 2799 &
1199 2766 1252 2798 difa

142 2811 233 2842 fundi.
272 2810 340 2846 Vel,
362 2809 579 2848 quaquaversum
593 2809 718 2840 diffusus.
749 2809 858 2839 Lucret.
874 2808 923 2838 lib.
938 2819 962 2845 ς.

206 2849 253 2879 Sic
267 2849 351 2887 igitur
362 2855 424 2878 tum
435 2848 463 2878 se
476 2848 545 2878 levis
558 2857 590 2878 ac
604 2847 730 2878 diffusilis
744 2848 838 2878 aether.

125 2886 251 2917 Gelidus.
274 2887 347 2924 Virg.
359 2893 385 2921 8.
401 2886 463 2917 AEn.
477 2892 521 2920 28.

123 2922 234 2964 Igneus.
263 2923 352 2954 Valet.
367 2935 390 2954 1.
406 2924 506 2963 Argon.
519 2926 583 2954 616.

122 2963 234 3002 Ignifer.
265 2962 325 2993 Cic.
341 2963 371 2992 in
385 2964 456 2994 Arat.

204 3002 240 3031 At
253 3007 368 3039 propter
380 3001 407 3031 se
420 3000 513 3038 aquila
526 3000 635 3030 ardenti
649 3008 715 3030 cum
730 3008 847 3038 corpore
861 3003 964 3038 portat,

203 3039 358 3078 Igniferum
370 3039 499 3077 mulgens
513 3037 706 3069 tremebundis
720 3038 822 3068 aethera
835 3037 945 3076 pennis.

142 3087 209 3114 499-

1039 3029 1148 3066 Lucret.
1163 3029 1211 3064 lib.
1226 3044 1250 3071 ς.

122 3148 124 3151 .
284 3114 399 3144 —inde
413 3114 498 3144 aether
511 3112 611 3153 ignifer
625 3113 693 3152 ipse.

98 3182 101 3183 .
124 3149 287 3184 Immensus.
318 3153 376 3182 Cic.
391 3161 417 3189 2.
434 3153 469 3182 de
482 3153 546 3182 Nat.
560 3152 644 3182 Deor.
683 3151 782 3182 Ae'rem
798 3150 976 3191 ampleffltur
992 3148 1142 3179 immensus
1158 3148 1252 3185 aether,

144 3192 192 3229 qui
209 3191 316 3221 constat
328 3201 364 3220 ex
375 3190 508 3220 altiffimis
522 3187 644 3228 ignibus.

83 3254 85 3256 ,
124 3228 262 3268 Impulsus
277 3229 378 3258 sonitu.
407 3228 511 3258 Lucan.
527 3228 575 3258 lib.
593 3238 616 3257 1.
632 3238 693 3264 152.

125 3264 251 3298 Incertus
262 3267 341 3297 ducit
352 3266 457 3296 nubila.
488 3265 577 3296 Valer.
591 3276 615 3296 1.
630 3265 731 3304 Argon.
745 3274 808 3303 307.

126 3305 283 3336 Innubilus.
312 3304 422 3335 Lucret.
437 3305 486 3334 lib.
499 3314 524 3341 3.
539 3313 585 3334 21.

125 3337 231 3374 11aevus.
263 3343 330 3373 Stat.
345 3354 368 3379 5.
384 3342 476 3373 Theb.
497 3343 516 3372 i.
530 3352 554 3379 e.
577 3342 690 3372 Sinister
703 3343 730 3372 &
740 3340 876 3371 adversus.

125 3380 225 3412 Laetus.
257 3379 355 3411 Claud.
372 3381 402 3410 in
415 3380 520 3419 praesat.
535 3379 585 3410 lib.
599 3390 623 3418 3.

86 3426 92 3429 ”
126 3418 215 3456 Levis.
239 3419 313 3456 Virg.
329 3429 351 3448 1.
368 3419 468 3457 Georg.
479 3429 546 3455 409.

87 3459 92 3462 '
126 3456 208 3488 Liber
218 3457 342 3487 nubibus
353 3457 437 3487 aether
449 3479 456 3492 ‚
478 3457 494 3486 i.
509 3466 534 3486 e.
557 3456 685 3486 Serenus.
716 3454 821 3485 Lucan.
838 3453 886 3484 lib.
901 3461 925 3491 3.
945 3456 1008 3491 522·

127 3495 263 3533 Liquidus
275 3495 376 3531 aether,
397 3495 451 3524 sive
462 3497 515 3524 aer.
545 3491 619 3532 Virg.
633 3503 659 3531 7.
674 3492 737 3524 ΖΕΗ.
749 3496 765 3523 6
770 3504 794 3530 ς.

128 3533 247 3571 Longus.
277 3533 345 3562 Stat.
361 3543 404 3563 10.
420 3532 510 3562 Theb.

128 3571 235 3602 Mitior.
264 3571 362 3601 Claud.
378 3571 414 3600 de
428 3570 496 3600 Bell.
514 3569 588 3600 Gild.
603 3579 665 3606 152.

86 3634 87 3638 ,
120 3609 251 3639 7Νἰῑξίἀυε.
280 3609 406 3645 νεῙετ.,3.
421 3610 521 3646 Argon.
536 3611 601 3645 467.

126 3646 284 3677 Perlucens.
318 3647 350 3676 V.
369 3646 477 3676 Tenuis
491 3656 523 3676 ac
557 3646 684 3681 erlucens
699 3644 791 3674 aether.
867 3679 870 3682 ῃ

126 3684 238 3715 Pervius
249 3707 257 3719 ‚
278 3685 296 3715 i.
309 3694 334 3714 e.
354 3686 406 3714 Aer
416 3691 531 3723 penetra
552 3684 604 3713 ilis.
636 3681 720 3714 Ovid.
733 3687 760 3712 6.
775 3682 845 3712 Met.
859 3683 923 3718 6'54.

124 3722 267 3753 Providus.
289 3722 316 3752 h.
331 3732 355 3752 e.
378 3723 502 3759 Deorum
514 3722 702 3761 providentia.
732 3720 830 3751 Claud.
846 3731 873 3757 4.
889 3719 989 3756 Paneg.

124 3758 259 3799 Rapidus.
289 3759 399 3790 Lucret.
415 3760 462 3790 lib.
478 3771 501 3796 5.
519 3770 581 3797 520.

126 3799 216 3829 Sacer.
247 3799 331 3828 Ovid.
347 3809 369 3828 1.
387 3798 456 3831 Met.
470 3807 535 3835 254.

126 3836 254 3866 Serenus.
284 3835 387 3866 Lucan.
403 3834 452 3866 lib.
468 3847 490 3865 1.
505 3839 548 3872 58.

127 3874 252 3942 Sigpifer.
282 3873 391 3942 {meren
406 3873 456 3904 lib.
471 3885 495 3911 ς.
509 3883 574 3911 499²

201 3922 218 3942 0
229 3923 254 3942 L·
298 3930 304 3942 Δ

857 1668 916 1696 Cic.
929 1678 955 1703 4.
969 1667 1052 1696 Acad.
1068 1669 1129 1696 126.
1159 1665 1252 1695 Zeno-

1319 3679 1524 3713 IETHmPs,
1546 3672 1691 3713 [Αἰθίοψ]

1318 3718 1522 3750 ἆΕΤΗιοΡς,
1543 3714 1612 3752 opis.

1753 86 2052 126 ..τῃ
2390 105 2459 140 ,07

1339 165 1477 194 Str-llinis.
1507 165 1594 194 Valet.
1609 168 1633 193 2.
1652 165 1750 203 Argon.
1763 177 1808 202 42.

1338 206 1467 232 Summus
1481 202 1579 234 iether.
1603 202 1618 231 i.
1633 215 1656 232 e.
1679 202 1800 233 trulum.
1832 205 1916 236 ovid.
1933 204 1962 235 in
1977 207 2039 236 Ibin
2052 216 2096 245 70.

1339 240 1487 282 'senuisse
1501 242 1654 272 perlucens.
1685 242 1741 270 Cic.
1757 252 1782 271 2.
1798 243 1833 272 dc
1848 244 1912 273 Nat.
1930 245 2010 273 Deor.
2026 256 2048 280 ς.

1339 276 1534 320 Tenuiilunus.
1573 279 1631 319 Cic.
1652 289 1676 307 2.
1708 278 1742 308 de
1761 280 1822 309 Nar..
1844 281 1926 310 Dcor.
1965 283 2058 311 Sidera
2083 292 2174 313 aurem
2198 284 2347 314 zetlic-rcum
2366 288 2460 317 locum

1359 315 1487 355 obtinent
1504 325 1509 344 :
1541 325 1586 348 Qui
1605 317 1735 352 quoniam
1754 318 1927 347 renuillimus
1947 320 2002 354 est,
2033 324 2058 350 ok
2079 321 2183 358 semper
2199 323 2314 357 agimtur
2335 328 2360 353 ἃ
2377 326 2459 360 viget,

1361 353 1467 393 nect-lle
1483 352 1519 380 eil
1534 353 1608 392 quod
1623 354 1725 383 animal
1739 356 1768 384 in
1785 365 1819 385 co
1835 356 1960 393 gignatur
1973 379 1981 392 ,
2002 358 2031 386 id
2048 360 2073 387 ὰ
2090 358 2165 389 lenl'u
2181 360 2314 389 acerrimo
2328 364 2356 390 ὅ.
2375 364 2462 390 mobi-

1362 387 1438 417 litate
1455 390 1596 418 celerrima
1609 391 1671 420 elle.

1343 423 1446 453 Vastus.
1478 426 1548 462 Virg.
1566 438 1588 459 ς,
1606 428 1666 457 AEn.
1679 435 1741 461 821.

1344 463 1481 503 (jravitartc
1493 474 1595 492 carens.
1626 465 1707 494 Ovid.
1726 477 1746 494 ι.
1764 465 1831 496 Met.
1845 470 1888 501 68.

1344 498 1418 527 l⁴crit
1434 500 1533 528 zr‘tliern
1547 501 1651 530 clamor
1668 505 1802 533 nauticus.
1833 505 1903 544 Virg.
1919 516 1942 540 ς.
1961 506 2019 535 ΙΕΠ.
2037 516 2096 542 140.

1346 531 1690 578 Mulcere;1*tlicr.1c.1ntu‚
1711 542 1840 571 dicuntur
1851 543 1977 572 volucres
1990 543 2098 573 assueta·
2109 545 2183 582 rIpis.
2214 543 2286 583 Virg.
2301 556 2326 583 7.
2343 547 2403 576 ffin.
2419 557 2461 584 34.

1345 573 1499 613 Oblcurzrre
1510 575 1608 603 aethera
1622 579 1719 612 pennis
1732 580 1862 608 dicuntur
1875 581 2009 610 volucres.
2043 582 2114 619 Virg.
2131 593 2170 612 12.
2188 583 2248 613 lEn.
2262 594 2293 619 25
2303 594 2325 620 3-.

1346 608 1520 639 Obumorarc
1537 611 1636 640 aethera
1650 614 1719 643 telis.
1750 615 1821 649 Viro.
1840 627 1878 646 12.
1896 619 1956 647 ffin.
1971 624 2031 656 578.

1345 646 1470 687 φηςι-’.ιτα
1482 648 1580 677 [ethera
1591 652 1672 679 votis.
1695 653 1711 680 i.
1724 664 1748 680 e.
1772 647 1852 683 D'eos.
1885 655 1929 683 Vir
1940 668 1955 684 ¹.
1970 667 1994 690 9.
2012 657 2073 686 [En.
2087 666 2132 693 24.

1345 684 1477 727 Purgatus
1489 689 1589 717 archer,
1611 687 1732 717 discullis
1745 690 1871 720 nubibus.
1902 669 1948 722 Sil'.
1967 693 2013 723 lib.
2031 705 2071 724 12.

1346 721 1527 757 Plangonbus
1541 723 1749 755 respiratis-ther.
1782 728 1852 764 Virg.
1870 740 1892 760 ς.
1910 730 1969 759 [10311.
1982 736 2046 765 668.

1347 758 1496 788 Verberare
1512 759 1561 789 alis
1576 761 1684 790 aethera.
1716 763 1787 801 Virg.
1805 776 1843 793 ιι.
1862 767 1921 795 114...
1938 773 2001 800 7ς6.

1309 793 1473 831 ῘΕΤΗΚΛ,
1501 805 1530 825 a:
1560 796 1672 834 [siffis]
1707 809 1757 836 pro
1776 802 1885 832 AEtlicrc
1907 798 1946 834 vel
1972 807 2055 835 Aere:
2088 807 2231 844 poeticum
2257 809 2303 838 cst.
2345 807 2411 847 Virg
2440 818 2464 846 3.

1346 833 1410 864 AEn.
1427 840 1477 869 «ὃς

1426 872 1499 916 Nam
1514 881 1604 909 neque
1618 880 1698 902 erunt
1712 874 1843 913 astrorum
1859 887 1934 913 ignes
1946 900 1953 911 ,
1974 889 2025 907 nec
2041 880 2148 910 lucidus
2163 883 2245 911 aerhra

1427 910 1538 953 Siderea
1554 910 1644 947 polus.
1728 911 1772 940 1:st
1789 920 1881 942 autc-m
1892 915 1983 944 mnam
1996 916 2090 946 Latine
2108 921 2255 949 formarum
2267 921 2300 950 ab
2313 920 2468 950 accusativo

1347 946 1444 976 Graeco
1459 947 1572 990 flathem
1590 958 1638 985 per
1655 948 1805 992 syncopen.
1838 951 1895 980 Cic.
1911 962 1935 980 2.
1953 954 1986 981 dc
2002 955 2062 983 Nat.
2085 956 2161 985 Deos.
2183 968 2239 994 ¹¹7-
2283 961 2376 988 Aerem
2393 970 2468 988 com-

1347 984 1431 1022 plexa
1450 986 1554 1014 lumina
1570 996 1632 1023 pars
1649 986 1715 1015 eoeli
1734 996 1794 1023 quie
1808 987 1903 1018 IEthra
1920 990 2020 1019 dicitur
2033 1013 2041 1026 ‚
2074 996 2099 1021 ὅ.
2125 995 2201 1024 suum
2224 997 2323 1025 retinet
2342 998 2468 1026 ardorem

1347 1029 1478 1066 tenuem,
1501 1024 1527 1052 Sc
1538 1023 1615 1053 nulla
1626 1024 1791 1054 admistione
1808 1033 1987 1062 concretum,
2010 1031 2035 1057 &c
2052 1038 2116 1059 cum
2133 1034 2199 1061 aeri:
2214 1035 2388 1064 cxrremitzitc
2402 1045 2470 1064 con-

1346 1068 1479 1098 Jung1tur.

1347 1097 1449 1127 Albens
1464 1098 1556 1127 aethra.
1586 1096 1634 1128 Sil.
1651 1097 1710 1128 Ital.
1727 1099 1774 1130 lib.
1790 1111 1813 1136 5.

1348 1135 1444 1165 AEthra
1455 1136 1590 1164 flammea.
1621 1136 1744 1166 Macrob.
1759 1142 1783 1167 6.
1801 1139 1908 1168 Saturn.
1921 1150 1947 1175 4.

1347 1171 1440 1202 Lenis.
1470 1172 1560 1202 valer.
1575 1172 1665 1204 'fl-acc.
1679 1179 1704 1205 6.
1721 1177 1820 1212 Argon.
1837 1182 1900 1214 748.

1347 1210 1378 1247 Li
1402 1211 1475 1240 uida.
1498 1211 1516 1240 i.
1530 1221 1554 1240 e.
1576 1211 1661 1241 Purus
1673 1215 1727 1242 ae'r.
1760 1214 1807 1243 Sil.
1824 1215 1884 1244 Ital.
1900 1214 1947 1244 lib.
1961 1226 1986 1251 4.

1348 1221 1450 1279 Riilbra.
1480 1248 1586 1278 Ennius
1596 1251 1671 1287 apud
1681 1251 1806 1280 macrob.
1820 1256 1845 1281 6.
1862 1254 1970 1282 Saturn.
1984 1265 2010 1289 4.
2034 1253 2106 1291 Virg.
2125 1265 2164 1284 12.
2180 1255 2242 1286 AEn.
2255 1263 2317 1294 247.

1430 1287 1550 1323 Namque
1564 1288 1658 1317 volans
1674 1288 1753 1318 rubra
1767 1289 1858 1319 fulvus
1872 1290 1948 1325 ,Iovis
1962 1291 2017 1321 ales
2033 1293 2062 1321 in
2078 1292 2169 1321 aethra.

1311 1322 1545 1359 AErnensus.
1562 1325 1613 1354 sive
1627 1325 1719 1355 AETH
1731 1337 1769 1355 ER
1781 1339 1788 1355 1
1801 1337 1855 1363 us,
1872 1329 1931 1363 Adj.
1955 1326 2118 1365 [us'Jz‘vCJr]
2140 1338 2184 1365 ut,
2201 1332 2310 1362 Coelum
2323 1334 2470 1365 aethereum

1350 1362 1471 1406 dicitur,¹
1491 1362 1543 1391 slve
1555 1361 1692 1401 Olympus
1704 1365 1838 1394 aethereus
1848 1387 1856 1400 ,
1878 1376 1928 1403 pro
1941 1366 2029 1396 Coelo.
2063 1368 2133 1405 Virg.
2147 1375 2171 1403 3.
2191 1370 2250 1399 stin.
2266 1379 2327 1405 319.

1372 1439 1377 1443 .
1432 1401 1536 1430 Primus
1550 1400 1583 1430 ab
1595 1402 1714 1430 aethereo
1725 1403 1802 1431 venit
1812 1403 1945 1433 Saturnus
1957 1405 2090 1442 Olympo.
2148 1407 2206 1435 Cic.
2222 1417 2247 1436 2.
2267 1408 2302 1436 de
2316 1409 2377 1437 Nat.
2391 1409 2471 1439 Deor.

1349 1437 1446 1481 Sidera
1457 1446 1550 1468 autem
1566 1439 1716 1468 aethereum
1733 1439 1827 1470 locum
1843 1441 1983 1471 obtinent.
2032 1443 2137 1472 Locum
2156 1445 2305 1474 aethereum
2323 1455 2372 1483 pro
2393 1448 2473 1477 Coelo

1350 1476 1424 1505 dixit
1433 1499 1440 1511 ‚
1462 1486 1522 1514 quae
1533 1477 1571 1506 est
1585 1476 1722 1506 stellarum
1733 1477 1819 1507 sedes.

1350 1511 1421 1557 Puto
1441 1525 1475 1543 ex
1493 1524 1584 1543 errore
1606 1515 1659 1558 esse
1680 1515 1910 1552 feriremus,
1941 1527 2031 1557 neque
2051 1519 2126 1547 enim
2147 1519 2185 1548 est
2203 1519 2296 1550 Graece
2313 1518 2432 1554 αι’)ἐυῦνν
2448 1524 2473 1552 8:

1369 1551 1512 1588 acssga&m
1544 1554 1570 1582 ἃ
1586 1552 1608 1597 si,
1617 1553 1756 1593 diceretur
1773 1556 1799 1583 ἃ
1818 1554 1871 1583 hoc
1893 1563 1942 1592 per
1960 1568 1997 1591 a,
2026 1556 2093 1585 esset
2110 1556 2180 1586 illud
2200 1568 2213 1585 p,
2231 1557 2354 1593 longum.
2386 1560 2418 1588 Η.
2434 1561 2472 1589 St.

1369 1590 1473 1633 [Haqnc
1488 1588 1523 1619 H.
1535 1590 1668 1628 Stepnani
1680 1591 1898 1622 oblervatiouem
1911 1603 1946 1622 ex
1961 1594 2146 1623 Vetustiffimo
2160 1595 2265 1625 Codice
2277 1596 2356 1626 MSS.
2371 1597 2475 1635 Virgilii

1369 1631 1515 1657 confirmat
1525 1629 1609 1658 Aldus
1621 1628 1729 1658 Manut.
1746 1629 1774 1658 in
1793 1629 1922 1668 Orthogr.
1939 1630 1983 1661 ed.
1999 1633 2118 1661 aucloris
2134 1642 2162 1670 p.
2176 1642 2220 1662 22.

1351 1666 1425 1695 Arc'ti
1439 1666 1563 1695 aethereae
1574 1689 1582 1702 ,
1604 1667 1622 1696 i.
1635 1676 1659 1696 e.
1683 1666 1762 1696 Ursae.
1790 1668 1853 1697 Sen.
1870 1669 1982 1706 Thyest.
1997 1681 2020 1705 5.

1351 1703 1400 1733 Ars
1412 1704 1531 1733 &etherea
1541 1726 1548 1740 ,
1569 1714 1621 1742 pro
1636 1704 1824 1734 Divinatione.
1856 1706 1923 1735 Stat.
1937 1711 1962 1737 6.
1978 1707 2067 1737 Theb.
2083 1713 2144 1745 379.

1350 1744 1404 1771 Arx
1424 1742 1558 1777 aetherea,
1589 1742 1709 1771 Coelum.
1744 1742 1826 1772 Ovid.
1845 1755 1871 1779 4.
1896 1744 1975 1774 Trist.
1989 1755 2014 1782 3.
2042 1757 2066 1782 5.
2109 1745 2247 1782 [Variant
2266 1747 2396 1783 codices,
2427 1748 2473 1778 sed

1350 1790 1535 1847 Affigcupscljpe
1550 1780 1809 1852 ledlffisegstgndum
1823 1781 1871 1817 fit,
1892 1782 1927 1811 de
1946 1783 2032 1819 Polo,
2054 1785 2164 1813 Aretico
2175 1785 2382 1822 exponendum.

1349 1853 1421 1885 Aura
1432 1827 1630 1886 aetherffzaqvesci
1643 1878 1651 1891 ‚
1689 1828 1722 1885 lo
1734 1855 1838 1886 Vivere.
1872 1857 1943 1896 Virg.
1958 1868 1982 1888 1.
1997 1859 2059 1889 AEn.
2075 1868 2138 1896 547.

1350 1894 1434 1928 Axis,
1457 1893 1577 1936 Coelum.
1611 1866 1696 1923 Ovig.
1710 1903 1733 1931 3.
1750 1894 1819 1924 Fast.
1834 1899 1896 1932 368.

1352 1931 1461 1961 Cursus.
1492 1931 1566 1969 Virg.
1581 1935 1605 1961 6.
1622 1931 1684 1961 AEn.
1699 1936 1761 1969 536-

1351 1965 1431 2037 Dlpasi
1458 1979 1508 2007 pro
1526 1969 1654 2005 Pallade⁷
1678 1971 1755 2007 quod
1771 1971 1800 2000 in
1815 1971 1934 2007 aethere‚
1958 1971 1986 2001 h.
2000 1978 2028 2003 e.
2048 1973 2081 2002 ‘in
2096 1972 2173 2003 'coelo
2193 1972 2308 2005 habitet.
2345 1974 2427 2006 Ovid.
2448 1978 2473 2005 6.

1393 2018 1407 2036 a
1433 2030 1438 2036 .
1458 2018 1523 2044 427.

1351 2045 1477 2081 Domus,
1499 2045 1619 2075 Coelum.
1650 2045 1716 2083 Hor.
1735 2057 1757 2075 1.
1776 2046 1865 2077 Carni.
1880 2057 1903 2085 3.
1922 2057 1966 2085 29.

1350 2082 1478 2113 Haustus.
1510 2084 1583 2121 Virg.
1598 2095 1624 2119 4.
1640 2084 1739 2121 Georg.
1751 2094 1816 2114 221.

1430 2121 1490 2152 Effe
1504 2122 1601 2159 apibus
1616 2131 1721 2160 partem
1735 2122 1838 2152 divinre
1851 2123 1953 2152 mentis
1963 2145 1971 2159 ‚
1993 2123 2019 2153 ἃ
2033 2123 2146 2154 haustus

1431 2160 1575 2198 AEthereos
1589 2160 1694 2189 dixere.
1771 2160 1798 2190 h.
1815 2171 1839 2190 e.
1881 2161 1999 2191 Divinos
2012 2160 2132 2199 spiritus.

1350 2197 1450 2236 Ignes,
1471 2198 1618 2227 Coelestes:
1640 2198 1668 2227 h.
1682 2203 1706 2227 e.
1729 2198 1873 2229 Siderales.
1904 2199 2014 2229 Lueret.
2030 2199 2080 2230 lib.
2093 2210 2118 2230 2.
2137 2208 2217 2239 1097.

1350 2236 1414 2266 Iter.
1446 2236 1531 2265 Ovid.
1548 2247 1570 2270 ς.
1588 2236 1654 2265 Fast.
1669 2241 1713 2270 88.

1351 2273 1422 2304 Lux.
1450 2274 1514 2303 Sen.
1533 2273 1645 2312 Hippol.
1659 2279 1685 2308 8.

1350 2312 1459 2342 Nubes.
1489 2312 1572 2342 Ovid.
1588 2322 1630 2348 ις.
1645 2312 1716 2342 Met.
1730 2316 1793 2348 804.

1350 2349 1438 2380 Pater.
1460 2350 1487 2379 h.
1502 2360 1526 2379 e.
1548 2349 1664 2388 Jupiter.
1694 2351 1761 2380 Stat.
1777 2360 1802 2388 3.
1820 2349 1893 2389 Sylv.
1910 2361 1933 2381 1.
1950 2351 2014 2387 186.

1350 2388 1418 2418 Pax.
1447 2387 1536 2418 Valer.
1552 2397 1578 2418 2.
1596 2389 1698 2425 Argon.
1713 2393 1758 2424 84.

1349 2426 1440 2463 Plaga.
1462 2426 1489 2456 h,
1504 2434 1528 2456 e.
1551 2427 1626 2455 Aeris
1639 2426 1723 2464 regio.
1753 2425 1826 2463 Virg.
1847 2436 1869 2455 r.
1887 2426 1949 2456 AEn.
1967 2436 2029 2464 394.

1351 2465 1437 2494 Sedes
1453 2464 1583 2494 aethereas
1599 2463 1713 2503 sperare.
1745 2463 1830 2493 Ovid.
1845 2475 1868 2500 5.
1884 2465 1953 2494 Met.
1968 2470 2031 2501 348.

1352 2503 1455 2532 Semen
1467 2502 1627 2532 aethereum.
1650 2502 1667 2531 i.
1684 2512 1708 2531 e.
1730 2501 1872 2531 Divinum.
1899 2503 1974 2541 Virg.
1986 2512 2011 2541 7.
2027 2501 2088 2532 AEn.
2102 2503 2166 2537 281.

1350 2540 1463 2570 Solibus
1474 2540 1599 2570 aethereis
1608 2539 1720 2577 altoque
1734 2540 1881 2569 recanduit
1895 2541 1968 2570 aestu.
2000 2540 2084 2570 Ovid.
2103 2550 2125 2569 1.
2144 2540 2213 2570 Met.
2226 2550 2290 2578 435.

1351 2577 1489 2646 Tgoppaea
1505 2578 1638 2645 aetherea,
1659 2578 1677 2607 i.
1691 2588 1715 2607 e.
1738 2577 1884 2614 Coelestia‚
1914 2580 1941 2608 &
1957 2578 2058 2608 honori
2071 2579 2189 2608 deorum
2204 2579 2302 2610 dicata.
2335 2579 2429 2609 Claud.
2447 2587 2472 2617 3.

1392 2626 1406 2645 e
1445 2626 1459 2645 a
1481 2622 1500 2646 t.
1536 2626 1566 2645 ro
1580 2626 1608 2645 er
1630 2639 1637 2645 .

1351 2626 1479 2689 Vertex?
1494 2654 1582 2684 Altus.
1608 2626 1709 2684 Pl'ibul.
1726 2662 1749 2683 1.
1765 2662 1790 2692 7.
1806 2661 1848 2689 ις.

1352 2692 1411 2722 Via.
1438 2692 1522 2722 Ovid.
1540 2701 1580 2728 ις.
1598 2691 1681 2730 Epist.
1694 2701 1738 2729 72.
1895 2723 1897 2725 ¹

1352 2731 1464 2760 Vindex
1477 2730 1611 2760 aethereus
1621 2752 1629 2765 ,
1652 2730 1769 2768 Jupiter.
1798 2729 1882 2759 Ovid.
1899 2729 1928 2758 in
1942 2728 2005 2759 Ibin
2014 2732 2080 2768 4¹76.

1315 2769 1349 2801 ΗΞ
1358 2779 1407 2798 ΤΗ
1416 2778 1430 2797 E
1439 2779 1455 2797 R
1465 2778 1479 2797 E
1489 2778 1508 2797 A
1519 2791 1526 2803 ‚
1548 2774 1608 2806 quae
1623 2767 1718 2806 postea
1733 2767 1808 2797 dieta
1821 2767 1858 2796 est
1869 2765 2019 2806 ffithiopia.
2044 2768 2114 2798 Plin.
2130 2766 2177 2798 lib.
2191 2772 2216 2799 6.
2233 2778 2292 2807 cap.
2307 2777 2348 2805 30.
2383 2768 2475 2799 AEthe-

1353 2808 1408 2837 rios
1419 2806 1563 2844 IEthiopas
1579 2807 1705 2835 nominat
1717 2805 1804 2834 Strab.
1820 2805 1869 2835 lib.
1884 2815 1909 2835 2.

1315 2845 1349 2876 AE
1359 2855 1379 2874 T
1388 2855 1409 2874 H
1418 2855 1428 2873 1
1438 2854 1516 2880 css,
1538 2843 1637 2882 Populi
1651 2843 1835 2873 Macedoniae.
1875 2841 2014 2873 Homerus
2029 2843 2059 2873 in
2071 2843 2204 2881 catalogo.
2233 2844 2321 2873 Strab.
2337 2844 2383 2873 lib.
2397 2854 2422 2880 9.

1315 2883 1378 2914 AET
1387 2893 1408 2912 H
1417 2893 1426 2911 1
1435 2891 1453 2911 c
1464 2894 1473 2911 1
1484 2904 1492 2918 ‚
1513 2882 1658 2912 Theffaliae
1670 2881 1770 2919 populi
1781 2903 1789 2917 ,
1810 2881 1912 2911 accolae
1925 2881 2014 2911 Pindi.
2046 2882 2134 2911 Strab.
2150 2882 2196 2911 lib.
2215 2890 2239 2918 7.

1316 2921 1378 2952 AET
1388 2931 1408 2950 H
1418 2932 1427 2949 1
1437 2930 1454 2949 o
1464 2931 1478 2950 P
1489 2930 1521 2956 s,
1542 2919 1633 2950 Insula
1644 2920 1683 2950 est
1693 2919 1775 2949 maris
1794 2919 1921 2954 Oceani,
1943 2918 2066 2949 Macaria
2081 2928 2144 2949 ante
2161 2918 2305 2958 appellata.
2341 2918 2410 2948 Plin.
2425 2918 2476 2949 lib.

1358 2970 1381 2996 5.
1397 2968 1458 2997 cap.
1472 2968 1516 2995 31.

1316 2996 1350 3028 ΖΕ
1360 3007 1380 3026 T
1389 3007 1409 3025 H
1419 3008 1427 3025 1
1438 3006 1454 3025 0
1464 3006 1479 3025 i>
1489 3008 1498 3025 1
1506 3006 1526 3025 A
1536 3018 1544 3031 ‚
1566 2990 1731 3032 [Αἰθιοπία]
1752 2994 1814 3024 Pars
1825 2995 1921 3024 Africae
1930 3017 1938 3030 ‚
1956 2995 2071 3025 torridae
2085 3004 2163 3024 zonae
2176 2993 2294 3029 subjecta
2303 3016 2311 3029 ,
2333 2995 2406 3024 inter
2417 2997 2478 3024 Ara-

1355 3035 1429 3064 biam
1445 3035 1471 3064 &
1487 3034 1648 3072 AEgyptum.
1688 3033 1735 3063 Sic
1753 3033 1826 3062 dit‘ta
1848 3033 1882 3062 ab
1903 3032 2033 3071 AEthiope
2049 3032 2164 3062 Vulcani
2186 3032 2250 3061 lilio.
2292 3031 2358 3062 Plin.
2379 3032 2426 3062 lib.
2447 3035 2474 3062 6.

1354 3082 1504 3141 ...0.
1716 3107 2457 3138 .

1355 3150 1386 3178 in
1406 3120 1581 3178 Maffiritania.
1614 3131 1689 3185 Virg'.
1708 3155 1734 3183 4.
1757 3147 1819 3177 AEn.
1836 3146 1904 3176 Plin.
1920 3146 1970 3175 lib.
1985 3157 2008 3181 5.
2025 3156 2083 3183 cap.
2099 3151 2123 3178 8.
2164 3144 2304 3174 Verillima
2322 3145 2360 3174 est
2380 3130 2478 3175 eoruni

1357 3187 1456 3224 opinio
1466 3208 1474 3219 .
1496 3187 1543 3224 qui
1560 3184 1672 3215 desertis
1683 3185 1780 3214 Africae
1791 3185 1858 3214 duas
1873 3184 2025 3222 AEthiopias
2039 3183 2247 3220 superponunt,
2268 3184 2295 3212 δε
2305 3189 2369 3212 ante
2379 3193 2480 3214 omnes

1355 3225 1490 3260 Homeri,
1520 3225 1567 3261 qui
1584 3223 1731 3261 bipartitos
1747 3223 1830 3252 tradit
1847 3222 2009 3259 IEthiopas,
2042 3223 2076 3249 ad
2094 3221 2231 3249 orientem
2247 3241 2256 3254 ‚
2293 3221 2478 3259 occasumque

1355 3262 1456 3292 versos.
1496 3262 1638 3299 AEthiopia
1649 3261 1734 3290 etiam
1749 3261 1788 3289 est
1804 3259 1848 3289 vel
1859 3259 1997 3297 superior,
2019 3267 2100 3294 quam
2114 3258 2259 3287 constituit
2270 3268 2385 3289 reanum
2399 3259 2480 3296 Abys-

1355 3300 1498 3336 smorum‚
1529 3299 1574 3330 vel
1591 3299 1723 3333 inferior⁷
1755 3308 1815 3335 qua:
1850 3297 1908 3326 lura
1922 3306 2004 3333 regna
2023 3296 2157 3324 continet.
2200 3295 2231 3325 V.
2247 3296 2359 3325 Cell‹1rii
2377 3297 2476 3334 Geogr.

1356 3338 1471 3369 Homer.
1495 3338 1550 3368 Od.
1570 3349 1596 3366 ιι.
1614 3347 1639 3367 v.
1657 3345 1702 3373 23.
1733 3335 1801 3365 Plin.
1833 3335 1871 3363 ib.
1890 3345 1913 3369 ς.
1938 3344 1996 3371 cap.
2017 3339 2042 3367 8.
2070 3335 2097 3363 Sc
2112 3337 2137 3362 6.
2159 3343 2202 3369 30.
2234 3336 2260 3363 δι
2283 3334 2387 3363 Melam
2407 3345 2430 3371 3.
2450 3345 2477 3369 9.

1356 3376 1500 3414 AEthiopia
1512 3376 1617 3405 aestivos
1632 3375 1733 3403 imbres
1745 3383 1803 3402 non
1819 3373 1909 3402 habet.
1949 3371 2065 3400 Proinde
2080 3372 2110 3400 in
2126 3381 2159 3400 ca
2175 3372 2253 3400 omni
2270 3371 2363 3401 serunt
2374 3372 2478 3407 mense,

1357 3421 1389 3444 ut
1406 3415 1436 3443 in
1450 3414 1571 3452 AEgypto
1588 3415 1614 3442 ⁶&
1630 3412 1717 3442 India.
1753 3411 1819 3440 Plin.
1837 3410 1883 3438 lib.
1899 3417 1939 3446 17.
1955 3419 2016 3446 cap.
2032 3414 2074 3443 18.

1318 3450 1381 3485 AET
1391 3462 1429 3481 1211
1440 3461 1457 3480 o
1466 3462 1479 3480 Ρ
1489 3462 1497 3480 1
1507 3461 1526 3481 A
1537 3474 1544 3487 ,
1567 3451 1656 3480 Diana
1666 3450 1860 3487 cognominata
1872 3447 1909 3476 est
1930 3447 2015 3479 (teste
2028 3445 2189 3484 Stephano)
2210 3457 2225 3476 a
2238 3447 2399 3485 regiuncula
2415 3457 2482 3484 qua-

1357 3490 1423 3519 dam
1442 3488 1555 3527 Lydiae,
1582 3488 1746 3526 AEthiopion
1765 3486 1894 3518 nomine,
1922 3483 1969 3513 ubi
1985 3484 2143 3514 colebatur:
2175 3485 2219 3514 vel
2237 3486 2312 3522 quod
2326 3495 2390 3514 cum
2404 3486 2479 3522 apud

1356 3528 1502 3565 AEthiopas
1517 3532 1628 3564 ageret,
1650 3527 1739 3554 eamA
1764 3523 1819 3552 ollo
1831 3522 1957 3551 abduxit.
2000 3521 2051 3550 Alii
2073 3520 2145 3558 nugi
2163 3520 2187 3549 τὲ
2206 3522 2283 3549 αἴθε..
2296 3543 2303 3553 ,
2334 3524 2367 3552 ab
2381 3525 2478 3552 minse

1356 3565 1507 3600 videlicet,
1537 3565 1613 3602 quod
1636 3563 1713 3592 Luna
1743 3569 1778 3595 rt,
1807 3566 1840 3588 ut
1857 3559 2043 3589 Callimachus
2060 3561 2115 3590 ait:
2147 3570 2195 3590 aut
2219 3561 2281 3598 quia
2303 3561 2334 3590 stt
2354 3561 2477 3595 Herae,

1357 3613 1442 3641 quam
1465 3603 1572 3640 semper
1593 3601 1699 3630 facibus
1724 3598 1777 3628 effe
1800 3597 1959 3626 instrustam
1980 3598 2118 3627 creditum
2139 3599 2198 3634 cst,
2232 3606 2262 3627 ut
2287 3599 2478 3628 Eratosthenes

1357 3642 1461 3680 Prodit.
1502 3641 1532 3669 V.
1555 3639 1618 3669 Cael.
1636 3634 1878 3702 Antiqvliec‘nlfiillii.
1897 3639 1936 3664 16.
1954 3645 2014 3673 cap.
2034 3647 2093 3683 Ις.Ἴ
2110 3674 2114 3679 ¹
2159 3673 2164 3678 ι
2215 3673 2219 3679 ,

1651 3712 1708 3748 QUi
1727 3683 2030 3753 ng-czfflkiozpisiksstquo
2040 3675 2184 3711 AEtmcpra
2192 3674 2265 3703 dic'ta
2276 3674 2320 3703 est.

1355 3754 1485 3791 AEthiops
1502 3762 1560 3781 non
1575 3750 1695 3780 albescit.
1735 3749 1797 3778 Dici
1816 3748 1927 3777 solitum
1945 3749 1980 3778 de
1997 3749 2029 3778 iis
2049 3749 2095 3785 qui
2113 3758 2256 3786 nunqnam
2268 3748 2400 3779 mutaturi
2418 3747 2480 3778 sunt

1376 3791 1529 3830 ingenium.
1565 3788 1660 3818 Fertur
1675 3785 1819 3824 AEsopicus
1834 3785 1969 3824 apologus
1985 3787 2020 3815 de
2036 3786 2157 3823 quodam
2169 3809 2176 3821 ,
2199 3787 2244 3823 qui
2259 3797 2355 3825 empto
2376 3787 2482 3817 ffithio.

1374 3830 1403 3867 pi
1424 3829 1511 3863 (cum
1527 3836 1591 3856 eum
1609 3824 1733 3855 colorem
1750 3823 1924 3853 arbitraretur
1940 3833 1998 3853 non
2016 3825 2141 3853 nativum
2159 3824 2227 3859 else,
2252 3824 2299 3853 sed
2316 3825 2423 3854 domini
2439 3824 2482 3852 su-

1374 3866 1492 3905 perioris
1512 3863 1640 3895 accidisse
1660 3861 1812 3901 neglectu)
1840 3861 1944 3930 assigna
1969 3861 2060 3891 lotura
2078 3862 2178 3891 faciem
2198 3862 2340 3892 <liveravit
2356 3884 2363 3898 ,
2393 3863 2431 3928 itg
2450 3868 2482 3890 ut

1945 3909 1962 3929 2
2352 3908 2412 3928 mor
2434 3908 2482 3928 um
