2600 4177
483 78 514 114 C
610 81 645 116 O
744 81 777 116 R

96 160 171 190 tibus
181 170 257 190 aenea
271 160 422 191 sitinventa
432 157 531 191 coinix
540 183 548 198 ,
570 172 630 199 quae
640 162 742 192 Graecis
754 161 838 199 segeint
856 161 976 192 dicitur:
1003 163 1083 197 cujus
1092 161 1132 191 rei
1151 160 1225 191 forte

98 205 263 234 argumento
274 199 304 227 in
317 199 447 237 Acropoli
457 209 565 229 aeneum
576 200 663 229 stabat
674 200 797 230 Pallados
818 200 995 230 fimulacrum
1013 199 1062 229 sub
1077 199 1127 229 dio
1139 221 1146 231 .
1168 208 1231 228 cor-

101 236 194 301 rliibcem
207 246 290 265 manu
300 243 407 266 tenens.
430 237 562 267 Meminit
573 237 648 267 Alex.
664 237 773 268 Genial.
790 237 840 267 lib.
856 249 879 273 ς.
896 248 957 276 cap.
977 247 1019 273 η.
1055 236 1090 267 Et
1104 236 1228 274 Rhodig.

118 283 122 300 ι
147 283 210 309 .ις.
224 284 284 311 cap.
298 284 342 303 20.

65 309 89 338 C
100 314 117 339 ὁ
129 322 141 337 ιι
154 315 170 339 ὃ
181 321 200 339 Ν
211 322 241 346 13,
263 311 317 340 sive
338 311 482 340 C6116N0N
502 311 611 348 [ηρςίινη
626 307 765 348 ἠἰιφςωνὸν]
785 319 963 351 nuncupatur
973 334 982 349 ‚
1001 312 1094 343 tenuis
1112 311 1160 341 ille
1176 320 1236 341 ma..

124 348 197 378 xillae
211 349 347 378 inferioris
360 348 502 386 processus
513 370 522 383 ‚
543 350 590 386 qui
602 350 631 379 in
641 359 804 380 mucronem
818 360 892 388 pone
907 360 972 380 eum
981 372 990 385 ,
1012 350 1060 388 qui
1071 350 1168 380 cervix
1181 348 1236 378 Ga-

126 386 190 414 leno
202 387 304 416 dicitur
314 408 322 419 ,
342 385 452 415 desinit.
474 386 503 416 V.
526 386 575 417 lib.
589 388 625 417 de
638 388 725 418 Ossib.
746 388 844 418 Galen.
857 391 886 417 in
901 398 1022 427 prooem.

67 421 92 453 C
102 424 119 451 ὅ
130 427 172 452 1³6
183 434 200 453 Ν
210 427 225 453 Ξ
236 434 254 453 A
265 445 273 458 ,
295 423 453 460 [κσςώνεω]
474 424 589 455 Boeotiae
606 427 748 464 oppidum
764 448 773 461 ,
802 427 916 456 auctore
938 426 1005 455 Plin.
1022 424 1070 454 lib.
1084 434 1110 458 4.
1130 433 1191 460 cap.
1206 432 1234 459 7.

106 460 189 495 Juxta
211 459 359 498 Cephisum
372 483 381 495 ‚
406 462 500 504 inquit
515 484 523 498 ‚
554 473 667 493 amnem
680 486 688 499 ,
719 464 856 502 Larymna
879 465 906 495 &
929 463 1042 493 Anchoa
1051 484 1059 497 ,
1090 461 1215 491 Medeon
1225 481 1238 497 ,

104 498 267 544 Phlygone,
288 498 430 535 Acraephia
442 522 450 535 ,
471 500 600 531 Coronea
611 524 619 538 ‚
640 501 804 532 Chaeronea.
842 501 977 532 Scribitur
989 502 1013 530 δι
1024 500 1155 530 Coronia.

68 534 169 603 Ctffo
178 545 272 603 ικιτιὲοι.
282 545 302 564 A
311 557 320 570 ‚
341 535 436 567 Genus
452 538 520 568 rosae
541 539 580 569 est
593 562 602 575 ,
621 540 749 570 autumni
764 546 893 578 tempore
909 540 940 569 in
960 539 1031 569 rubo
1055 536 1237 576 proveniens.

137 584 175 603 m.
199 584 207 602 ι
231 582 331 603 .21.ca
355 597 359 603 .
373 585 400 610 4.

69 609 93 650 C
100 612 120 640 ὅ
129 621 145 640 ιι
153 615 170 641 δ
178 620 199 654 Ν
207 621 217 639 1
227 620 240 640 s
250 633 258 645 ‚
279 584 351 641 idisl³
365 612 384 642 f.
406 614 423 649 [
434 615 558 651 Κοςυιὶς]
579 614 637 645 Dea
648 615 687 645 est
699 625 761 652 quae
775 615 804 644 in
824 614 955 652 Sicyonia
966 613 1068 644 colitur
1079 634 1087 648 ‚
1108 612 1188 646 cujus
1199 616 1241 640 ta-

107 658 171 678 men
182 648 358 693 irmulacrum
372 652 512 688 peculiare
530 653 670 691 templum
685 652 786 682 habeat
796 652 921 682 nullum:
942 652 990 682 sed
1005 660 1092 688 quum
1112 648 1239 679 sacrificii

106 692 217 724 appetit
235 693 346 725 tempus
356 710 364 723 ,
385 689 413 717 id
434 691 462 719 in
478 690 594 720 Palladis
613 691 782 720 transferunt
798 689 913 720 sacraria
922 712 930 723 ,
960 690 1125 726 honoreque
1148 686 1242 725 prose-

108 731 240 761 quuntur.
283 725 350 756 Haec
361 726 504 758 Pausanias
514 728 543 757 in
555 728 683 758 Corinth.
695 738 723 766 p.
737 738 780 763 ς4.
793 734 861 758 extr.
883 727 989 758 Wech.
1012 726 1059 756 sed
1070 734 1196 763 quaenam
1209 724 1242 753 il-

107 761 134 791 la
147 762 177 807 sit
191 763 270 792 aliter
281 773 338 793 non
349 765 480 802 explicat.
522 766 593 796 Nam
608 766 646 795 de
655 765 799 795 Coronide
809 765 959 805 AEsculapii
976 772 1064 795 matre
1080 773 1138 793 non
1149 762 1242 792 credi-

109 800 199 831 dcnm
211 823 220 837 ,
242 811 301 839 quae
311 809 435 832 narratur
446 804 552 841 duplex
562 805 592 833 in
603 804 672 833 Met.
684 803 791 833 Ovidii.

70 837 96 867 C
105 839 123 867 ὅ
132 848 148 867 a
156 841 174 868 ὃ
183 849 204 868 Ν
212 850 222 868 ι
231 849 255 874 s,
263 840 327 870 idis.
349 840 368 870 f.
382 841 407 877 '[
419 840 544 878 Κορωνὶς]
565 841 698 879 Nympha
707 840 874 875 Thessalica.
887 840 1023 879 Leucippi
1032 837 1242 869 Lacedaemonii

110 875 175 920 filia,
193 887 254 914 quae
263 887 299 907 ex
309 878 440 916 Apolline
450 880 584 916 concepit
593 879 698 909 AEscula
722 879 789 908 ium.
822 879 916 909 Postea
924 879 989 916 quia
999 888 1065 908 curn
1075 877 1171 915 Ischye
1182 875 1243 905 Ela-

108 920 130 959 ti
143 913 202 958 lilio
217 915 288 945 clam
297 926 355 945 rem
366 916 498 960 liaberet,
518 917 596 947 fimul
605 926 673 947 cum
688 889 783 955 ischye
793 916 897 961 sagittis
909 927 924 946 a
938 917 1038 951 Diana,
1048 921 1146 953 rogatu
1160 912 1244 952 Apol-

108 951 322 995 linis,·onfe6ta
333 954 394 984 furt.
433 955 490 985 Sed
504 956 581 994 prius
594 964 722 989 corvum,
735 955 783 992 qui
794 964 903 985 crimen
919 955 1092 984 indicaverat
1102 974 1111 988 ,
1133 961 1167 982 ex
1178 951 1243 981 albo

108 999 138 1018 ιη
149 997 238 1021 atrum
247 993 388 1021 convertit
403 992 520 1031 Apollo:
543 994 570 1023 ἃ
580 1002 700 1031 puerum
713 1002 729 1022 e
749 998 846 1022 ventre
865 993 961 1023 matris
985 991 1108 1022 excisum
1125 989 1244 1020 Chironi

107 1027 479 1096 genctiauromenutriendum‘
494 1033 528 1066 &l
538 1030 728 1062 erudiendum
751 1030 878 1061 tradidit.
913 1030 981 1061 Haec
1002 1029 1112 1060 Pindari
1126 1027 1244 1059 scholia.

139 1075 163 1096 vr
188 1089 194 1096 .
206 1075 232 1096 2.
276 1074 313 1097 et.
327 1077 388 1104 543.

204 1103 350 1135 Pulchrior
365 1107 394 1136 in
403 1113 462 1136 tota
470 1129 479 1143 ‚
500 1117 585 1146 quam
594 1105 719 1137 Lariffaea
728 1105 848 1136 Coronis
856 1128 865 1140 ,

125 1180 131 1186 ·
203 1142 269 1172 Non
281 1143 334 1174 fuit
343 1145 482 1175 AEmonia.
577 1145 644 1183 Quo
658 1145 687 1174 in
699 1144 764 1174 loco
777 1144 901 1174 fabulam
914 1144 940 1174 δι
953 1142 1085 1174 fufiffime
1098 1142 1247 1180 &elegan-

110 1178 213 1246 pili-me
224 1180 356 1212 describit
369 1204 378 1219 ,
400 1183 447 1213 sed
457 1182 542 1222 paulo
551 1183 640 1213 aliter.
661 1182 694 1213 V.
715 1182 790 1213 Serv.
805 1183 835 1212 in
846 1182 918 1219 Virg.
930 1185 956 1212 6.
979 1182 1042 1212 AEn.
1057 1185 1123 1216 618.
1145 1180 1179 1210 Et
1188 1189 1246 1210 rur-

124 1227 154 1247 us
166 1228 196 1247 in
207 1229 232 1254 7.
244 1229 308 1256 773.
464 1249 467 1253 ,

74 1255 98 1285 C
106 1257 147 1300 6·ss
157 1259 175 1286 ὃ
185 1266 205 1285 Ν
214 1268 223 1286 ι
231 1268 244 1287 s
254 1280 263 1292 ,
282 1258 347 1288 idis.
369 1259 389 1288 f.
411 1258 548 1296 [magmis]
569 1257 718 1289 Summitas
726 1258 773 1288 seu
782 1267 855 1296 apex
865 1257 985 1295 alicujus
993 1257 1033 1287 rei
1043 1278 1052 1293 ‚
1072 1256 1150 1287 velut
1163 1264 1247 1286 mon-

110 1301 145 1323 tis
156 1317 164 1329 ,
185 1302 233 1324 aut
243 1297 383 1326 structurae
390 1296 517 1333 alicujus.
557 1296 586 1325 V.
609 1305 627 1325 c
635 1307 652 1325 o
661 1307 676 1325 n
686 1306 704 1325 o
714 1306 734 1326 Ν
744 1306 772 1325 A.

110 1333 231 1363 Coronis
239 1355 248 1369 ‚
268 1333 402 1372 fignificat
411 1336 437 1364 ἃ
447 1334 532 1364 Navis
544 1334 665 1373 puppim
675 1356 684 1370 ,
704 1334 781 1371 quod
797 1334 831 1364 sit
844 1334 874 1363 in
885 1333 945 1370 ejus
954 1333 1036 1371 apice
1045 1337 1191 1362 curvatum
1201 1340 1247 1361 ro-

131 1370 225 1401 strum.
269 1373 283 1408 [
296 1372 373 1410 Quin
387 1374 415 1403 &
426 1372 508 1410 ipsius
518 1373 596 1403 navis
607 1373 753 1411 epitheton
767 1373 814 1402 est.
836 1372 867 1402 V.
892 1372 978 1402 Henr.
990 1370 1086 1408 steph.
1099 1369 1183 1399 Thes.
1196 1369 1245 1400 Gr.

110 1407 204 1446 Usque
214 1409 249 1439 ad
258 1411 424 1440 coronidem
436 1410 558 1440 dicimus
567 1433 576 1446 ,
599 1411 697 1448 Quum
708 1417 867 1441 extremum
881 1409 968 1440 finem
986 1409 1026 1438 rei
1037 1407 1194 1446 cuiuspiam
1215 1407 1246 1437 fi.

131 1447 304 1485 gnificamus.
347 1450 367 1478 A
377 1448 494 1478 navibus
507 1450 627 1479 tractum
658 1455 739 1479 utant
755 1448 924 1478 litteratores
934 1469 943 1483 ,
963 1447 1064 1485 quibus
1079 1445 1185 1484 aliquid
1202 1454 1247 1474 ro-

130 1485 175 1514 stri
186 1484 306 1523 speciem
316 1495 415 1524 gerens
424 1486 494 1516 solet
502 1487 577 1516 addi.
646 1497 690 1517 am
701 1486 814 1517 Corone
835 1485 963 1522 (κοςῶνη)
982 1485 1086 1515 Graecis
1102 1484 1247 1514 Cornicen

130 1523 229 1553 sonat:
253 1523 371 1554 Coronis
382 1546 390 1560 ,
411 1525 549 1562 (negavis)
568 1524 759 1555 Corniculam.
801 1524 882 1562 Apud
897 1522 1054 1554 Homerum
1074 1522 1158 1554 κορώνη
1172 1520 1247 1551 usur.

130 1567 213 1598 patui·
223 1571 275 1600 pro
283 1562 394 1592 Annulo
405 1584 412 1597 ,
435 1569 483 1592 aut
493 1563 511 1592 fi
522 1563 591 1601 quid
601 1562 678 1593 aliud
693 1562 846 1602 apponitur
856 1562 936 1592 ostio.
974 1561 1055 1592 Idem
1071 1560 1149 1590 velut
1166 1568 1248 1589 orna-

132 1600 221 1629 menti
232 1600 320 1637 gratia
328 1600 458 1638 perfectis
468 1601 600 1632 omnibus
607 1601 728 1631 additur.
768 1600 941 1637 Quanquam
952 1598 1074 1630 Coronis
1088 1598 1193 1629 dicitur
1203 1597 1247 1628 iu-

130 1637 244 1667 terdum
255 1637 343 1675 Quod
357 1639 468 1669 accedit
475 1638 601 1669 absoluto
611 1640 708 1679 operi:
729 1645 762 1668 ut
770 1637 891 1668 Martial.
902 1637 953 1668 lib.
969 1648 1012 1668 10.
1027 1647 1052 1667 1.

204 1676 260 1707 Sed
272 1678 376 1707 nimius
387 1677 486 1707 videor
495 1699 504 1713 ,
524 1677 638 1715 seraque
653 1677 789 1707 coronide
799 1676 902 1716 longus

243 1713 303 1744 Effe
315 1715 402 1745 liber:
424 1716 512 1753 legito
523 1725 611 1754 pauca
621 1737 630 1752 ,
651 1714 763 1745 libellus
773 1725 830 1745 ero.

243 1752 279 1783 Et
291 1762 371 1791 mage
381 1753 521 1792 principio
532 1760 607 1791 grata
623 1754 738 1784 coronis
757 1753 818 1783 erit.

132 1790 242 1826 quoties
253 1790 369 1821 Persona
379 1792 480 1822 actoris
491 1793 594 1822 eodem
607 1792 689 1822 metri
698 1801 802 1830 genere
813 1789 877 1820 finit
885 1800 941 1828 quo
960 1795 1086 1828 coeperat
1094 1810 1102 1824 ‚
1129 1788 1247 1818 Coroni-

132 1829 198 1858 dem
209 1836 328 1866 vocant,
349 1839 467 1867 eamque
477 1836 578 1866 notant
588 1829 676 1864 veluti
686 1830 764 1859 rostri
781 1828 897 1867 figuram
914 1826 1138 1867 exprimentibus
1150 1826 1246 1856 lineis.

75 1867 99 1898 C
109 1870 152 1936 oon
162 1869 209 1934 §dn
217 1870 230 1896 ῑ
238 1878 280 1935 nl}
289 1877 321 1935 sst,
341 1877 373 1897 ae.
394 1877 431 1898 m.
454 1869 470 1905 [
481 1866 642 1905 Κοςωνεὶὣις]
672 1867 823 1906 AEsculapii
841 1876 947 1897 nomen
958 1888 967 1904 ‚
994 1864 1145 1897 Coronidis
1161 1864 1247 1896 filius.

146 1915 172 1935 vi
196 1928 201 1934 .
216 1909 242 1935 6.
279 1916 293 1935 a
320 1930 326 1936 .
343 1915 379 1943 74
401 1929 407 1936 .

197 1942 282 1973 Nulla
291 1909 450 1974 Coronides
460 1941 541 1974 causa
554 1942 659 1974 doloris
669 1943 731 1974 erit.

75 1981 100 2013 C
107 1983 126 2011 ὅ
134 1992 150 2010 ιι
158 1984 175 2010 ὃ
184 1991 205 2010 Ν
214 1992 223 2010 ι
232 1991 245 2011 s
254 1992 275 2011 M
285 1992 306 2012 A
313 2005 321 2018 ‚
342 1983 403 2013 atis.
426 1992 453 2012 n.
476 1980 663 2018 [κορώησμα]
683 1980 872 2013 mendicandi
882 1989 970 2019 genus
980 1988 1032 2018 pro
1043 1979 1166 2009 cornice.
1179 1977 1248 2009 Cael.

116 2019 237 2057 Rhodig.
252 2029 293 2056 17.
314 2030 356 2050 12.
380 2021 420 2050 Ex
430 2020 562 2050 Athenaeo
575 2019 624 2050 lib.
640 2029 682 2057 13.

76 2058 126 2089 εὖ
136 2061 176 2087 ιδ
187 2067 206 2087 Ν
217 2058 282 2088 ὄΡυ
292 2068 323 2094 s,
343 2058 416 2089 fidis.
438 2068 474 2089 m,
497 2057 685 2095 [noemin-trs]

914 1712 993 1744 Idem
1002 1735 1012 1749 ,

903 1752 1043 1782 Postremo
1063 1749 1247 1780 Grammatici

705 2056 837 2095 Oblonga
847 2055 934 2086 herba
944 2055 984 2085 est
998 2064 1063 2085 cum
1078 2053 1187 2085 fissuris.
1209 2052 1250 2084 se-

113 2098 182 2126 ritur
193 2097 324 2127 interim:
345 2097 478 2135 quoniam
487 2097 567 2127 radix
575 2096 701 2126 coeliacis
710 2096 840 2134 praeclare
851 2095 919 2125 facit
929 2095 958 2123 in
970 2094 1064 2124 cinere
1074 2093 1153 2123 tosta.
1176 2091 1247 2122 Plin.

112 2134 162 2164 lib.
172 2144 217 2164 22.
227 2144 290 2172 cap.
306 2145 316 2164 1
342 2158 348 2164 .
369 2135 537 2165 Matthiolus
547 2141 628 2174 putat
638 2134 752 2165 corono
774 2144 821 2164 um
832 2132 888 2163 effe
897 2142 959 2163 eam
969 2132 1085 2162 herbam
1095 2153 1105 2167 ,
1119 2140 1180 2169 quae
1189 2129 1251 2161 vul-

115 2182 152 2207 go
162 2172 264 2202 dicitur
272 2177 322 2200 Her
339 2183 355 2200 a
369 2174 454 2202 Stella.
478 2174 547 2203 Plin.
561 2183 606 2203 21.
622 2177 664 2203 16.
687 2183 713 2211 q.
736 2144 771 2201 dp
787 2171 914 2202 Cornicis
929 2170 1042 2209 pedem.

77 2211 102 2240 C
109 2214 134 2278 Ek),
137 2221 153 2239 R
163 2212 181 2277 {5-
186 2220 204 2278 ἔ
213 2221 232 2240 A
241 2220 255 2241 s
264 2220 277 2240 s
286 2221 305 2240 υ
314 2220 327 2240 s
339 2232 348 2247 ‚
368 2211 578 2248 [medum-&J
597 2210 704 2251 Civitas
711 2210 751 2242 est
760 2209 907 2248 Lycaoniae
916 2231 924 2245 ,
946 2209 1026 2245 cujus
1036 2207 1168 2238 meminit
1177 2206 1250 2238 δια-ε

137 2259 152 2277 o
174 2258 181 2277 1
205 2271 212 2278 .
225 2258 268 2284 14.

77 2286 101 2317 C
108 2297 126 2316 o
135 2297 153 2315 a
160 2296 177 2316 o
186 2296 202 2316 t·
210 2296 232 2316 H
241 2297 250 2315 1
260 2296 277 2316 υ
287 2297 308 2315 Μ
317 2308 325 2322 ,
349 2287 499 2323 [merom]
518 2286 601 2317 Piscis
611 2287 647 2317 de
657 2295 759 2325 genere
767 2285 949 2316 Cancrorum.
970 2283 1041 2314 Plin.
1058 2283 1107 2313 lib.
1122 2292 1167 2320 32.
1184 2292 1247 2321 cap.

117 2335 128 2354 1
137 2335 160 2355 1.
202 2324 353 2362 Corophya
369 2324 485 2354 Dalech.
497 2335 548 2363 per
562 2335 589 2363 y.
613 2325 698 2355 Hard.
720 2323 854 2355 Coluthia
865 2345 873 2359 ,
895 2323 949 2353 five
967 2321 1110 2361 Corythia.
1144 2321 1252 2352 Verum

115 2372 177 2401 cap.
189 2372 215 2398 7.
230 2370 299 2393 extr.
321 2371 357 2392 ex
368 2362 429 2392 aliis
445 2363 587 2401 Coryphia
596 2363 676 2393 affert
685 2364 714 2392 in
726 2363 809 2392 notis.
832 2362 927 2392 Lectio
937 2361 1093 2391 admodum
1105 2359 1190 2390 dubia
1201 2360 1250 2390 est.

77 2400 102 2431 C
111 2402 129 2431 ὅ
139 2411 153 2429 a
163 2402 181 2431 ὅ
190 2411 204 2430 1²
212 2412 230 2429 L
238 2411 258 2430 A
267 2411 287 2429 T
296 2410 316 2430 H
327 2411 335 2429 ι
346 2422 355 2437 ,
375 2401 569 2437 [κσςοπλεὲῖυι]
590 2409 726 2431 vocantur
741 2401 797 2438 Qui
813 2409 922 2438 puppas
931 2398 1026 2429 nescio
1036 2407 1104 2436 quas
1118 2397 1252 2436 pueriles,

117 2441 144 2469 ἃ
157 2439 186 2469 id
197 2449 285 2477 genus
295 2438 487 2476 imagunculas
496 2449 728 2477 quorumcunque
738 2439 904 2468 animalium
911 2447 948 2467 ex
956 2437 1017 2467 luto
1026 2442 1105 2474 parte
1115 2436 1249 2474 plurima,

116 2477 163 2507 sed
175 2479 200 2508 &
211 2486 246 2507 ex
258 2477 431 2507 aliainterim
441 2478 558 2508 materia
565 2477 684 2515 fingunt.
707 2478 809 2507 Auctor
825 2476 891 2506 Cael.
906 2475 1026 2512 Rhodig.
1040 2474 1090 2504 lib.
1100 2484 1126 2510 7.
1135 2484 1196 2514 cap.
1204 2485 1247 2510 19·

78 2515 103 2546 C
113 2525 157 2583 9·ss
165 2525 180 2544 1²
189 2526 199 2544 1
208 2527 225 2544 L
234 2527 250 2544 L
257 2526 267 2544 1
277 2537 286 2551 ,
306 2515 406 2554 Populi
420 2515 485 2546 sunt
506 2515 635 2546 Thraciae
645 2538 654 2553 ,
674 2515 803 2546 Hebrum
816 2513 977 2545 accolentes
987 2535 997 2549 ,
1018 2519 1050 2543 ut
1065 2512 1159 2543 scribit
1180 2512 1251 2543 Plin.

117 2559 136 2583 11
159 2577 165 2583 .
182 2564 207 2588 4.
218 2563 281 2591 cap.
294 2563 337 2583 ιι.

79 2591 343 2627 CORPoRATro,
364 2590 438 2621 Coa
450 2600 682 2626 PonA‘ruaA,
707 2591 941 2622 Coxroxxus.
980 2589 1014 2619 In
1035 2597 1187 2619 conus.

79 2629 103 2660 C
113 2640 130 2659 o
140 2640 155 2658 a
164 2639 178 2658 ι)
188 2640 205 2658 u
214 2639 242 2665 s,
262 2630 327 2660 orla.
349 2639 376 2658 n.
399 2630 492 2666 [πῖμα
500 2651 510 2666 ,
527 2630 615 2668 λςδις]
639 2629 725 2660 Massa
738 2630 886 2667 compacta
903 2638 939 2658 ex
949 2627 1061 2658 artubus
1072 2628 1099 2658 δι
1109 2626 1252 2658 membris.

116 2667 260 2704 [Mallem
272 2690 280 2701 ,
302 2673 334 2697 ut
344 2666 460 2698 assuevit
469 2689 478 2702 ‚
499 2668 583 2698 Notae
594 2667 804 2706 significationis
815 2667 927 2697 dixisset
937 2688 945 2700 ,
967 2675 1053 2703 quum
1065 2665 1102 2694 de
1112 2664 1254 2695 definitio-

115 2715 153 2736 ne
162 2707 287 2744 eorporis
298 2715 397 2744 parum
406 2705 515 2736 constet
523 2707 597 2736 inter
613 2706 685 2744 ipsos
693 2705 905 2744 philosophos]
925 2703 985 2734 Cic.
995 2713 1022 2734 2.
1039 2704 1075 2734 de
1092 2703 1171 2734 Orat.
1186 2708 1251 2741 358.

117 2743 231 2774 Etenim
241 2753 343 2781 corpus
359 2743 480 2782 intelligi
497 2744 555 2775 fine
563 2744 629 2775 loco
639 2754 697 2774 non
708 2743 806 2782 potest.

116 2782 276 2820 Corporum
290 2783 341 2812 tria
351 2781 414 2812 sunt
427 2791 537 2820 genera.
559 2783 578 2812 l.
594 2792 684 2812 rerum
696 2781 815 2811 mistura.
837 2780 873 2811 D.
896 2780 932 2810 de
943 2779 1056 2818 usucap.

116 2820 226 2860 Corpus
237 2842 246 2856 ,
266 2829 318 2858 pro
328 2820 392 2850 Sola
402 2829 486 2850 carne
497 2842 507 2857 ‚
526 2826 558 2850 ut
574 2821 613 2851 ait
624 2820 759 2850 Perottus.
781 2819 841 2850 Cic.
851 2828 878 2857 7.
893 2818 969 2849 Fam.
981 2827 1027 2854 27.
1050 2817 1108 2855 Ego
1118 2816 1167 2848 hic
1178 2817 1256 2856 cogi-

134 2865 165 2888 to
175 2859 352 2893 commorari,
362 2859 455 2896 quoad
465 2867 510 2888 me
521 2858 645 2889 reficiam
656 2869 663 2889 z
686 2868 750 2887 narn
759 2859 785 2888 ἀ
796 2858 867 2887 vires
880 2858 907 2886 ἃ
919 2866 1021 2894 corpus
1031 2855 1118 2885 amisi.
1133 2855 1211 2886 Idem
1224 2866 1252 2887 2.

136 2897 173 2926 de
185 2897 249 2926 Nat.
262 2896 343 2926 Deor.
361 2905 421 2932 139.
444 2896 522 2934 Quid
530 2897 623 2927 dicam
634 2897 670 2926 de
681 2895 793 2931 ollibus,
806 2905 867 2934 quae
885 2894 1006 2931 subjecta
1016 2894 1126 2932 corpori
1140 2894 1255 2924 mirabi-

134 2933 177 2965 les
188 2934 379 2964 commissuras
387 2934 510 2970 habent,
531 2937 558 2965 &
568 2935 605 2965 ad
614 2935 793 2965 stabilitatem
806 2939 884 2972 aptas
895 2954 904 2968 ,
925 2934 951 2962 &
967 2932 1002 2962 ad
1020 2939 1095 2962 artus
1111 2931 1254 2962 finiendos

136 2973 366 3003 accommodatas
379 2972 447 3002 &ad
458 2980 568 3003 motum
579 2995 589 3008 ,
611 2975 638 3003 &
652 2973 688 3003 ad
705 2981 820 3002 omnem
835 2971 962 3009 corporis
975 2971 1117 3001 actionem
1127 2971 1141 3000 ‘3
1162 2971 1253 3008 Quin-

137 3011 178 3041 til.
193 3010 241 3040 lib.
259 3021 281 3040 1.
300 3012 329 3040 in
340 3020 458 3047 prooem.
471 3018 544 3041 extr.
1129 3010 1131 3013 '

115 3049 269 3085 Utramque
278 3047 511 3086 significationem
521 3047 652 3087 expreffit
662 3047 785 3078 martial.
795 3047 882 3077 unico
892 3046 971 3077 versu
982 3068 991 3082 ,
1012 3045 1061 3076 lib.
1073 3056 1098 3076 1.
1111 3055 1138 3083 7.

212 3087 351 3117 Vivebant
359 3087 445 3116 laceri
457 3087 591 3117 membris
600 3086 767 3116 stillantibus
777 3092 852 3115 artus
863 3107 872 3121 ,

249 3125 338 3161 Inque
347 3126 425 3154 omni
437 3125 571 3163 nusquam
582 3134 702 3163 corpore
711 3134 814 3162 corpus
828 3128 894 3153 erat.

117 3163 150 3194 In
159 3171 262 3200 corpus
276 3163 325 3192 ire.
366 3163 487 3199 Quintil.
503 3164 550 3193 lib.
562 3173 588 3193 2.
599 3173 662 3201 cap.
677 3173 720 3192 10.
742 3162 819 3199 Quid
828 3160 916 3198 ergo?
937 3159 1090 3196 Nunquam
1101 3159 1161 3190 haec
1171 3158 1254 3197 supra

135 3201 234 3236 fidem,
257 3202 283 3230 ἃ
293 3201 404 3239 poetica
423 3202 477 3238 (ut
487 3211 551 3231 vere
558 3201 698 3237 dixerim)
718 3200 841 3230 themata
850 3198 1001 3235 juvenibus
1015 3199 1182 3236 pertractare
1193 3207 1256 3236 per.

137 3240 290 3307 grihttexrlnu}
312 3245 344 3268 ut
351 3238 542 3278 exspatientur
551 3261 561 3276 ,
573 3241 600 3270 ἃ
609 3240 749 3278 gaudeant
759 3238 884 3272 materia.
896 3238 922 3267 ἃ
932 3236 1005 3275 quasi
1014 3237 1043 3265 in
1052 3245 1154 3275 corpus
1163 3244 1230 3266 eant
1238 3236 1253 3265 ἱ)

185 3288 194 3307 ι
238 3300 244 3305 ,
292 3286 362 3306 urm.

117 3315 227 3348 Formae
242 3317 269 3345 ἃ
281 3324 410 3353 corpora.
449 3314 508 3345 Cic.
520 3324 547 3345 2.
559 3315 596 3346 de
606 3315 683 3345 Orat.
702 3324 745 3352 35.
766 3313 819 3344 His
827 3318 921 3343 autem
932 3312 1030 3343 formis
1039 3317 1122 3350 atque
1130 3312 1255 3350 corpori-

136 3354 189 3384 bus
199 3376 206 3389 ,
229 3354 297 3383 ficut
306 3353 439 3383 omnibus
449 3352 532 3383 rebus
543 3375 551 3389 ,
571 3363 632 3391 quae
642 3354 691 3384 sub
700 3352 843 3391 aspectum
850 3351 969 3382 veniunt
980 3373 990 3389 ,
1010 3350 1075 3382 sede
1082 3360 1155 3390 opus
1163 3350 1212 3381 est.

119 3393 199 3423 artus
206 3401 253 3422 cor
276 3392 339 3421 oris.
359 3391 426 3421 Hor.
437 3392 467 3420 in
477 3391 568 3422 Carm.
581 3391 672 3423 saecul.
681 3394 728 3427 64.

119 3431 231 3461 Auc‘tus.
276 3435 362 3460 ucret.
377 3429 426 3459 lib.
437 3439 462 3459 2.
474 3435 541 3465 481.

119 3471 255 3506 Augmen.
278 3468 386 3498 Lucret.
401 3467 450 3497 lib.
463 3477 490 3497 2.
505 3478 572 3504 494.

119 3507 223 3537 Caulae.
264 3506 296 3536 V.
318 3516 336 3535 c
346 3516 366 3535 A
378 3516 396 3535 υ
405 3517 421 3535 ι
431 3516 459 3534 A.

119 3544 310 3583 Compagibus
320 3544 445 3583 corporis
454 3542 569 3573 includi.
592 3542 652 3572 Cic.
661 3542 698 3573 de
707 3542 818 3574 Senect.
830 3550 876 3579 77.
1115 3575 1122 3584 δ

120 3582 194 3613 Cura
208 3604 216 3618 ,
238 3582 361 3612 Curatio.
404 3583 479 3612 Suet.
491 3582 521 3610 in
530 3581 636 3610 Domit.
648 3590 710 3619 cap.
727 3585 770 3610 16.
791 3580 853 3613 His.
871 3578 950 3609 velut
958 3576 1094 3608 transacto
1111 3587 1168 3614 Jam
1180 3578 1255 3616 peri.

138 3620 215 3655 culo,
226 3620 331 3655 laetum,
342 3620 575 3656 festinantemque
584 3619 620 3648 ad
629 3619 755 3657 corporis
766 3617 1036 3653 curam,Parthenius
1046 3615 1177 3646 cubiculo
1185 3626 1254 3654 prae-

141 3658 246 3697 positus
257 3659 405 3688 convertit.
446 3658 478 3686 V.
503 3659 602 3687 tutare
613 3667 716 3696 corpus
725 3657 803 3686 infra.
1106 3682 1109 3683 .

122 3697 228 3727 Formae
241 3707 402 3735 corporum.
444 3695 565 3733 Quintil.
578 3694 626 3725 lib.
635 3705 661 3725 2.
677 3704 739 3733 cap.
750 3700 778 3730 8.
798 3693 861 3725 Nec
873 3692 1020 3732 pauciores
1029 3691 1188 3722 animorum
1197 3701 1255 3730 pae=

141 3745 178 3764 ne
189 3757 196 3769 ‚
217 3745 301 3772 quam
312 3744 464 3772 corporum
476 3734 582 3764 formae.

123 3773 249 3804 Habitus.
271 3772 393 3809 Quintil.
403 3773 451 3801 lib.
464 3783 488 3807 ς.
504 3781 565 3809 cap.
579 3780 622 3801 10.

120 3811 279 3843 Inclinatio.
301 3810 420 3847 Quintil.
438 3810 486 3840 lib.
504 3820 526 3839 r.
539 3818 600 3847 cap.
614 3818 626 3838 1
634 3817 657 3839 r.

121 3849 278 3881 Infirmitas.
302 3848 332 3877 V.
354 3858 392 3877 1N
401 3858 456 3878 1⁷1ss
466 3859 488 3877 M
499 3857 547 3877 us.

120 3888 222 3920 Nixus.
264 3886 384 3923 Quintil.
395 3886 443 3915 lib.
453 3896 478 3916 2.
497 3896 559 3924 cap.
575 3894 616 3914 12.
649 3882 796 3919 tueatur,
815 3882 863 3919 qui
886 3880 972 3910 totius
990 3880 1116 3919 corporis
1134 3880 1205 3910 nixu
1224 3880 1255 3910 in

140 3928 171 3958 id
180 3950 188 3965 ‚
210 3926 286 3964 quod
295 3924 381 3956 semel
390 3924 504 3962 invasit,
524 3922 682 3959 incumbit,
701 3922 800 3953 fortior
807 3920 843 3952 ab
853 3920 888 3951 iis
898 3925 1023 3951 vocatur.

1702 76 1733 111 C
1828 78 1865 113 O
1954 78 1986 114 R
2396 95 2467 132 '701

1331 159 1401 190 Nisu
1411 160 1539 198 corporis
1549 180 1557 193 ,
1578 159 1604 188 ἂ
1616 158 1724 196 impetu
1735 157 1799 193 equi
1812 158 1936 194 pervafit.
1958 159 2049 189 Tacit.
2062 168 2089 190 2.
2103 162 2173 193 Ann.
2188 172 2231 199 17.

1332 198 1432 235 Neque
1444 197 1596 227 adsultibus
1605 218 1614 231 ,
1636 198 1661 226 ει
1673 195 1825 225 velocitate
1833 205 1984 235 corporum
1996 203 2131 231 uteretur.
2150 201 2240 233 Tacit.
2252 211 2279 234 2.
2297 203 2367 234 Ann.
2380 212 2427 235 21.

1333 235 1449 265 Vitium.
1472 236 1557 264 Ovid.
1570 243 1594 270 3.
1609 234 1643 263 de
1655 237 1716 263 Arte
1727 235 1786 263 Am.
1797 237 1863 264 262.

1334 273 1449 302 Umbra.
1472 272 1558 302 Ovid.
1572 281 1596 306 ι.
1612 272 1647 301 de
1659 272 1737 302 Pont.
1750 280 1774 308 ς.
1788 281 1814 308 3.
1900 305 1909 314 κ

1335 311 1418 346 Aquae
1426 320 1537 347 corpus.
1560 310 1668 339 Lucret.
1688 309 1736 339 lib.
1747 318 1773 338 2.
1787 318 1852 346 232.

1335 348 1461 385 Neptuni
1477 358 1579 386 corpus
1591 347 1740 383 acerbum,
1761 347 1778 376 i.
1790 357 1814 377 e.
1837 346 1945 377 Salsum
1953 356 2039 379 mare.
2060 348 2171 379 Lucret.
2184 349 2233 380 lib.
2241 359 2268 381 2.
2282 361 2350 390 471.

1334 385 1403 416 Fera
1422 395 1538 430 corpora
1558 385 1631 414 ferri.
1664 385 1699 428 ὴ.
1712 395 1736 414 e.
1760 384 1874 423 Aspera,
1895 386 1973 429 dura.
2014 386 2073 418 Nisi
2089 387 2163 418 forte
2180 388 2241 419 feta
2260 388 2384 428 dixerit,
2404 392 2469 430 quia

1355 423 1427 452 ferro
1437 424 1472 452 ad
1482 423 1622 452 feritatem
1631 429 1742 452 utimur.
1766 422 1875 452 Lucret.
1885 422 1933 452 hb.
1946 433 1973 453 2.
1987 433 2050 455 102.

1336 459 1472 498 Lapidum
1486 470 1602 497 corpora
1614 460 1763 490 condensa.
1782 461 1890 490 Lucret.
1903 460 1952 490 lib.
1966 465 1992 491 6.
2005 472 2068 493 ror.

1335 498 1448 528 Naturae
1459 508 1661 534 rerumcorpus
1672 520 1680 532 ,
1702 498 1838 529 Mundus.
1861 497 1962 536 Vellej.
1975 509 2001 530 2.
2018 503 2064 530 66.
2079 506 2149 532 extr.

1336 536 1405 566 Mali
1415 537 1527 566 habitus
1538 545 1640 573 corpus
1651 536 1773 572 dicitur,
1796 537 1872 573 quod
1884 536 1973 567 Graeci
1993 537 2141 574 κωῴχυμςν
2164 539 2274 570 dicunt.
2296 539 2366 570 Cels.
2380 539 2429 570 lib.
2443 551 2468 577 ς.

1355 583 1417 611 cap.
1427 579 1472 608 28.
1495 574 1650 610 Utrumque
1663 595 1682 617 .'
1693 573 1761 603 sicut
1770 575 1862 603 omnis
1872 584 1990 612 cancer,
2011 575 2042 606 fit
2051 577 2172 608 maxime
2182 578 2214 608 in
2224 578 2336 609 senibus
2345 601 2354 616 ‚
2376 578 2422 610 vel
2429 578 2475 609 his

1357 621 1476 648 quorum
1488 620 1605 649 corpora
1618 610 1683 640 malr
1700 611 1810 642 habitus
1824 611 1894 641 sunt.

1337 650 1488 679 Abundans
1498 650 1632 687 corporis.
1675 650 1705 679 ln
1727 659 1747 678 A
1757 660 1771 678 a
1781 660 1799 679 u
1810 659 1832 679 Ν
1841 659 1860 679 1>
1868 659 1897 679 o.

1338 687 1453 724 AEgrum
1465 687 1511 717 vel
1520 693 1664 724 aegrotum.
1684 687 1784 722 Juven.
1798 698 1824 722 o.
1841 688 1898 717 Sat.
1913 697 1957 724 19.

1339 725 1472 760 JEquaevo
1486 734 1606 763 corpore
1617 724 1723 754 fratres.
1745 724 1794 755 Sil.
1807 725 1856 755 lib.
1873 735 1914 760 ιι,
1931 735 1990 760 191.

1339 762 1447 792 arbum.
1471 762 1539 793 Hor.
1553 772 1579 792 2.
1592 761 1683 792 Carm.
1700 768 1742 792 16.
1764 763 1810 793 Sic
1823 770 1907 793 vocat
1914 763 2023 804 Corpus
2038 764 2200 805 hydropici„

1339 800 1427 830 Anile.
1449 801 1534 831 Ovid.
1551 811 1573 829 1.
1587 802 1678 829 Amor.
1694 806 1719 833 8.
1736 810 1779 836 ¹4·

1338 838 1482 876 Ampium.
1504 839 1581 868 Suet.
1593 838 1688 867 Tiber.
1705 847 1766 876 cap.
1782 843 1828 874 68.

1339 876 1420 906 Caeca
1430 887 1478 906 cor
1501 886 1550 906 ora
1560 875 1664 905 Ventos
1675 875 1799 914 appellat
1818 875 1928 907 Lucret.
1944 876 1993 907 lib.
2009 886 2034 908 1.
2050 883 2116 917 278.
2150 879 2180 911 h.
2192 890 2219 912 e.
2237 880 2398 921 Corporeos
2417 884 2479 922 qui..

1361 914 1427 944 dem
1441 937 1449 949 ,
1481 914 1517 943 ed
1527 913 1700 943 invisibiles:
1722 913 1776 944 five
1785 924 1903 954 corpora
1912 915 2068 948 invifibilia.
2441 919 2444 923 ’

1341 951 1453 982 Carum.
1476 952 1541 982 Sen.
1552 950 1670 989 Hippol.
1686 960 1730 981 12.

1341 989 1452 1020 Cassum
1465 991 1566 1020 anima.
1590 990 1699 1020 Lucret.
1710 988 1758 1019 lib.
1771 998 1797 1026 3.
1811 993 1875 1026 561.

1340 1027 1452 1057 Castum
1463 1028 1531 1063 diu,
1553 1027 1600 1057 vul
1622 1037 1666 1057 are
1679 1027 1793 1065 populis
1803 1037 1916 1067 corpus.
1956 1028 2022 1060 Sen.
2034 1029 2153 1070 Hippol.
2164 1035 2192 1067 8.
2226 1031 2246 1063 i.
2260 1041 2286 1064 e.
2313 1032 2406 1073 Vulgo
2415 1044 2481 1074 pro-

1360 1065 1473 1095 stituere
1484 1076 1586 1103 corpus
1613 1073 1739 1096 ervatum
1752 1065 1811 1096 diu.

1341 1103 1432 1132 Celeri
1444 1113 1562 1141 corpore
1574 1103 1692 1139 elapsus.
1717 1104 1788 1142 Virg.
1801 1114 1825 1138 ς.
1835 1103 1973 1141 AEn.445.

1341 1140 1456 1171 Clarum
1468 1163 1476 1175 ,
1503 1143 1521 1170 i.
1535 1151 1551 1170 e
1583 1141 1695 1170 Nobile.
1718 1141 1781 1171 Sen.
1796 1141 1902 1172 Troad.
1918 1152 1961 1172 12.

1342 1178 1489 1209 Consortia
1497 1189 1590 1217 poenae
1603 1189 1730 1217 corpora.
1754 1180 1841 1210 Ovid.
1855 1189 1897 1217 13.
1911 1180 1981 1211 Met.
1994 1183 2059 1218 663.
2090 1181 2126 1214 al.
2147 1183 2272 1216 Pectora.

1342 1217 1468 1247 Crassum
1477 1227 1579 1255 corpus
1589 1224 1676 1247 terrae.
1701 1218 1808 1248 Lucret.
1820 1217 1869 1249 lib.
1881 1221 1908 1249 6.
1922 1223 1987 1257 857.

1341 1254 1455 1285 Debile.
1478 1255 1587 1285 Lucret.
1605 1255 1651 1284 lib.
1662 1266 1689 1291 4.
1699 1267 1765 1292 949.

1343 1293 1486 1324 Deforme.
1509 1293 1573 1322 Sen.
1587 1293 1690 1323 Troad.
1709 1304 1751 1325 12.

1344 1331 1507 1362 Densiflima
1519 1331 1592 1361 setis.
1616 1333 1700 1361 Ovid.
1713 1341 1737 1368 3.
1750 1332 1819 1362 Met.
1830 1335 1897 1367 846.

1343 1369 1428 1403 Dira.
1451 1370 1611 1407 Gigantum.
1632 1370 1718 1399 Ovid.
1734 1381 1756 1400 1.
1773 1371 1843 1400 Met.
1861 1373 1923 1405 156.

1342 1407 1449 1437 Divino
1461 1417 1579 1444 corpore
1590 1408 1674 1438 Luna.
1700 1408 1808 1439 Lucret.
1821 1408 1870 1438 lib.
1885 1419 1909 1444 ς.
1921 1411 1986 1447 764.

1343 1445 1461 1475 Durum.
1483 1446 1581 1475 Claud.
1593 1456 1620 1476 2.
1630 1447 1660 1476 in
1681 1457 1702 1476 1.
1721 1446 1804 1477 Cons.
1820 1446 1883 1477 Stil.
1899 1457 1962 1484 ιος.

1343 1483 1474 1514 Effetum.
1498 1484 1587 1514 Ovid.
1602 1493 1628 1520 7.
1644 1484 1713 1514 Met.
1727 1494 1792 1521 251.

1342 1521 1470 1559 Egenum
1481 1522 1590 1552 decoris
1605 1524 1630 1553 ἃ
1641 1522 1750 1552 frontis.
1773 1522 1820 1554 Sil.
1832 1522 1883 1553 lib.
1898 1526 1924 1553 6.
1941 1531 2006 1561 304.

1341 1560 1491 1598 Egregium
1507 1569 1626 1598 corpus,
1647 1559 1819 1591 Formosum.
1842 1561 1910 1592 Hor.
1925 1571 1949 1592 1.
1964 1562 2054 1593 Serm.
2067 1562 2095 1592 6.
2107 1564 2155 1599 67..

1342 1598 1497 1636 Exsangue.
1521 1598 1607 1628 Ovid.
1620 1607 1645 1628 2.
1668 1598 1736 1629 Met.
1750 1603 1815 1635 647.
2190 1611 2193 1614 ·

1343 1636 1479 1674 Exangue
1490 1635 1607 1666 reddere
1618 1635 1755 1674 sepulcro.
1778 1636 1853 1674 Virg.
1864 1644 1892 1665 2.
1904 1635 1967 1667 AEn.
1981 1646 2052 1674 542.

1343 1674 1491 1704 Exsanime
1501 1695 1510 1710 ‚
1526 1673 1572 1704 vel
1583 1676 1756 1705 exanimum.
1776 1674 1901 1712 Quintil.
1915 1674 2000 1712 lib.4.
2010 1685 2074 1715 cap.
2083 1684 2114 1707 2.

1343 1713 1395 1743 Exi
1418 1713 1445 1742 ui
1456 1712 1581 1750 corporis
1592 1712 1688 1742 homo.
1712 1713 1779 1743 Hor.
1794 1722 1818 1743 1.
1833 1711 1917 1751 Epist.
1927 1722 1975 1744 2ο.
1986 1722 2034 1751 24.

1342 1751 1393 1781 Exi
1409 1761 1433 1780 e.
1458 1751 1534 1781 Suet.
1550 1750 1648 1780 Claud.
1666 1760 1728 1789 cap.
1741 1760 1786 1788 30.

1343 1789 1471 1820 Ferentia
1484 1789 1622 1819 laborum.
1645 1787 1736 1819 Tacit.
1752 1799 1776 1825 5.
1790 1788 1857 1819 Hist.
1873 1792 1900 1819 6.

1343 1826 1418 1858 Fessa
1430 1832 1551 1865 carpunt
1563 1825 1702 1865 soporem.
1725 1826 1800 1865 Virg.
1812 1839 1839 1862 4.
1850 1827 1913 1858 AEn.
1937 1835 2002 1864 522.

1343 1865 1440 1896 Fidele
1449 1865 1574 1895 seneetae.
1601 1864 1669 1895 Pers.
1685 1874 1711 1894 2.
1726 1865 1783 1895 Sat.
1796 1875 1842 1899 41.

1343 1903 1446 1934 Fluido
1455 1912 1575 1941 corpore
1587 1902 1702 1941 liquidae
1714 1912 1766 1933 res.
1789 1903 1899 1933 Lucret.
1912 1901 1961 1932 lib.
1972 1910 1999 1932 2.
2010 1911 2078 1940 452.

1343 1941 1433 1973 Fluxa
1444 1943 1470 1971 ἃ.
1481 1941 1608 1971 resoluta.
1632 1940 1772 1971 Columel.
1783 1942 1813 1971 in
1827 1941 1931 1980 praefat.
1944 1940 1992 1970 lib.
2009 1951 2033 1971 1.

1343 1979 1469 2048 Fssmmfi
1475 1979 1604 2047 corpprgs
1614 1979 1734 2018 spolium
1744 1980 1804 2010 dies
1813 1980 1903 2010 aufert
1912 2001 1922 2017 ,
1945 1979 2044 2010 Forma
2052 1979 2192 2019 paulatim
2202 1981 2337 2014 dilabitur
2356 1983 2384 2015 ἃ
2400 1984 2491 2022 petit-⁴

1382 2027 1428 2048 en.
1472 2028 1501 2055 ip
1555 2040 1562 2046 .
1595 2041 1601 2047 .

1343 2055 1446 2087 Fortia.
1470 2027 1544 2094 vg,
1560 2065 1583 2085 1.
1601 2055 1664 2087 AEn.
1684 2064 1747 2090 104·

1539 2109 1578 2114 —
1587 2094 1635 2123 ubi
1647 2099 1691 2123 tot
1702 2093 1803 2124 Simois
1814 2098 1943 2132 correpta
1953 2092 2003 2123 sub
2014 2093 2100 2123 undis

1425 2131 1510 2161 Scuta
1527 2132 1618 2161 virum
1633 2131 1782 2170 galeasque
1798 2133 1825 2161 &
1850 2132 1934 2162 forria
1951 2141 2070 2169 corpora
2083 2130 2182 2162 volvit.
2265 2132 2295 2164 h.
2311 2143 2338 2165 e.
2359 2134 2491 2168 Virorum

1363 2169 1479 2200 fortium
1493 2178 1622 2207 corpora.
1645 2169 1722 2199 nulla
1734 2170 1813 2199 enim
1831 2170 1869 2200 est
1880 2170 1908 2198 in
1920 2170 2038 2199 mortuis
2049 2169 2198 2200 fortitudo.
2230 2169 2353 2203 Servius.

1344 2207 1568 2239 Fortiffimorum
1579 2207 1710 2237 educatio
1743 2207 1864 2244 Quintil.
1877 2208 1925 2237 lib.
1943 2219 1963 2237 1.
1975 2217 2007 2237 ca
2031 2229 2038 2237 .
2055 2218 2078 2237 1.

1344 2246 1489 2283 Frigidum
1500 2247 1526 2276 δι
1536 2245 1676 2284 exsangue
1686 2245 1805 2281 alicujus
1814 2245 1975 2285 complecti.
1998 2217 2120 2283 (guintil.
2131 2245 2162 2276 in
2176 2255 2297 2285 prooem.
2309 2248 2358 2279 lib.
2369 2252 2398 2280 6.

1347 2284 1492 2315 Gelidum.
1516 2283 1618 2320 Juven.
1634 2294 1676 2313 10.
1690 2284 1746 2313 Sat.
1758 2293 1825 2320 217.

1346 2321 1495 2352 Genitalia.
1518 2322 1625 2352 Lucret.
1638 2321 1689 2351 lib.
1706 2331 1730 2351 r.
1744 2331 1787 2357 53.
1807 2321 1837 2353 h.
1849 2331 1874 2354 e.
1897 2321 2044 2353 Elementa
2055 2321 2133 2353 unde
2143 2321 2297 2361 gignuntur
2304 2330 2411 2356 cetera.

1345 2359 1477 2391 Globosa.
1503 2358 1612 2390 Lucret.
1625 2359 1674 2389 lib.
1691 2369 1717 2389 2.
1730 2363 1796 2395 468.

1347 2399 1456 2433 Grave,
1476 2397 1601 2436 AEgtum.
1625 2397 1693 2427 Hor.
1708 2397 1798 2436 Epod.
1809 2406 1837 2429 2.
1855 2401 1900 2435 ς8.

1442 2435 1542 2466 Malvae
1552 2435 1673 2466 salubres
1683 2436 1807 2474 corpori.
1898 2462 1902 2466 .

1346 2474 1511 2506 Horridum.
1533 2474 1599 2504 Sen.
1616 2473 1707 2504 OEth.
1722 2484 1748 2510 7.

1346 2512 1379 2544 ld
1391 2512 1486 2542 aetatis.
1525 2512 1617 2542 Tacit.
1636 2522 1661 2547 ς.
1679 2513 1750 2542 Ann.
1768 2521 1796 2548 9·
1817 2511 1890 2542 Exin
1909 2510 2001 2543 oblisis
2016 2511 2145 2544 faucibus
2159 2512 2190 2544 id
2211 2513 2300 2546 aetatis
2318 2523 2437 2555 corpora
2457 2514 2490 2547 in

1366 2550 1521 2581 Gemonias
1533 2550 1652 2587 abjecta.

1347 2589 1468 2620 Immani
1479 2588 1584 2626 pistrix.
1608 2588 1681 2626 Virg.
1693 2596 1718 2623 ³-
1737 2587 1799 2619 AEn.
1813 2596 1881 2625 427.

1346 2626 1467 2666 impube
1478 2636 1589 2666 corpus.
1612 2626 1681 2656 Hor.
1694 2626 1784 2665 Epod.
1804 2637 1830 2662 5.
1845 2635 1889 2663 13.

1347 2666 1436 2695 Inane
1447 2665 1556 2697 animae.
1578 2664 1663 2695 Ovid.
1677 2673 1704 2694 2.
1722 2664 1872 2694 Met.610.

1347 2702 1435 2734 Inane
1445 2713 1546 2741 corpus
1557 2725 1566 2739 ,
1587 2703 1605 2732 i.
1616 2712 1641 2733 e.
1665 2702 1821 2733 Mortuum.
1843 2701 1929 2734 Ovid.
1944 2712 1989 2739 ις.
2001 2702 2088 2743 Epist.
2101 2706 2165 2735 116.

1348 2741 1504 2772 Incolume.
1524 2741 1633 2771 Lucret.
1646 2739 1695 2770 lib.
1709 2751 1732 2770 1.
1745 2750 1812 2778 247.

1347 2779 1500 2810 Incultum.
1539 2779 1571 2809 V.
1593 2789 1603 2808 1
1614 2788 1635 2808 Ν
1644 2788 1662 2808 c
1670 2788 1688 2808 o
1699 2789 1714 2808 r.
1724 2788 1751 2809 o.

1349 2817 1535 2848 Indomitum.
1556 2817 1622 2848 Sen.
1633 2815 1724 2847 OEth.
1741 2826 1769 2846 2.

1349 2856 1462 2887 Inertia.
1485 2856 1554 2886 Stat.
1572 2865 1596 2891 ς.
1612 2853 1703 2886 Theb.
1718 2860 1781 2891 383.

1349 2890 1504 2925 Iffirmum.
1527 2893 1612 2924 Ovid.
1624 2903 1669 2922 20.
1685 2892 1767 2931 Epist.
1778 2900 1844 2929 241.

1349 2931 1482 2962 Informe.
1504 2931 1573 2961 Stat.
1589 2935 1614 2961 ⁶.
1628 2931 1720 2961 Theb.
1731 2936 1797 2965 818.

1348 2970 1460 3008 ingenti
1471 2979 1588 3008 corpore
1598 2970 1708 2999 cunctis
1719 2969 1855 3008 praestare.
1877 2967 1963 2998 Ovid.
1975 2977 2002 3004 4.
2016 2967 2087 2999 Met.
2100 2971 2166 3006 630.

1349 3008 1517 3046 Ingenuum.
1540 3008 1630 3039 Ovid.
1643 3019 1667 3043 ς.
1680 3007 1764 3045 Epist.
1780 3017 1843 3042 ¹44·

1348 3046 1512 3077 Insecabilia
1528 3068 1537 3081 ,
1557 3047 1659 3076 Atomi.
1682 3045 1804 3083 Quintil.
1820 3044 1869 3074 lib.
1880 3052 1908 3074 2.
1919 3053 1983 3082 cap.
1996 3053 2040 3082 17.
2051 3044 2087 3075 ad
2097 3043 2148 3076 fin.

1349 3085 1491 3115 Intactum
1503 3094 1519 3114 a
1530 3085 1690 3114 vexatione.
1730 3081 1763 3113 V.
1785 3094 1795 3112 1
1803 3092 1852 3112 ΝΤ
1860 3092 1880 3112 A
1891 3090 1937 3112 CT
1947 3092 1966 3111 u
1975 3092 1997 3113 s.

1348 3121 1593 3154 intolerantissima
1601 3121 1714 3152 laboris.
1755 3121 1786 3151 V.
1809 3132 1819 3150 1
1829 3130 1850 3150 Ν
1859 3128 1905 3150 ‘ro
1915 3130 1982 3150 Lux
1990 3129 2011 3151 A
2021 3130 2037 3149 a
2045 3130 2056 3150 ι
2064 3128 2129 3151 tis„

1350 3161 1518 3192 Invalidum.
1539 3160 1626 3191 Ovid.
1640 3169 1684 3189 21.
1696 3158 1779 3197 Epist.
1789 3168 1856 3196 207.

1350 3199 1480 3230 Invisum.
1502 3198 1567 3229 Sen.
1582 3197 1701 3237 Hippol.
1719 3207 1760 3227 ι2.

1350 3238 1455 3268 Inutile
1463 3237 1540 3266 letho
1551 3237 1627 3266 dare.
1649 3235 1733 3266 Ovid.
1753 3243 1796 3264 12.
1809 3234 1880 3265 Met.
1895 3242 1960 3270 ³44·

1348 3276 1486 3314 Irriguum
1496 3284 1574 3305 mero
1585 3275 1697 3304 habere.
1719 3273 1785 3303 Hor.
1799 3282 1827 3302 2.
1843 3272 1932 3303 Serm.
1947 3281 1972 3302 1.
1987 3281 2015 3308 9.

1349 3314 1488 3351 Juvenile.
1512 3313 1583 3351 Virg.
1601 3322 1640 3342 12.
1658 3311 1721 3342 AEn.
1734 3320 1798 3341 221.

1349 3353 1493 3382 Lacerum.
1517 3351 1602 3381 Ovid.
1621 3354 1648 3380 6.
1669 3350 1739 3380 Met.
1755 3351 1819 3385 562.

1349 3390 1431 3421 Laeta.
1457 3390 1563 3420 Lucret.
1580 3389 1627 3418 lib.
1644 3398 1663 3418 ι.
1681 3392 1746 3423 258.

1350 3428 1476 3459 Lethata.
1504 3427 1535 3456 V.
1558 3438 1574 3456 ι.
1584 3437 1598 3456 ις
1606 3435 1626 3455 τ
1635 3436 1656 3455 ιι
1668 3435 1686 3455 υ
1695 3435 1726 3455 Μ.

1350 3467 1426 3498 Luce
1442 3471 1588 3497 carentum
1604 3473 1722 3502 corpora
1736 3485 1744 3498 ‚
1766 3461 1888 3492 Mortua.
1910 3459 1984 3497 Virg.
1993 3470 2020 3496 4.
2036 3459 2138 3499 Georg.
2148 3467 2213 3497 255.

1627 3518 1663 3523 —
1675 3508 1735 3530 tum
1745 3509 1865 3538 corpora
1876 3499 1939 3529 luce
1950 3505 2095 3528 carentum

1444 3539 1601 3579 Exportant
1612 3540 1694 3569 tectis
1704 3561 1713 3574 ,
1735 3540 1760 3568 δι
1772 3538 1857 3567 tristia
1865 3538 1963 3567 funera
1975 3537 2093 3566 ducunt.

1350 3580 1471 3612 Luteum
1486 3585 1638 3607 ceromate.
1662 3576 1781 3607 martial.
1793 3575 1842 3605 lib.
1860 3585 1870 3604 1
1880 3585 1902 3605 1.
1916 3582 1963 3611 47.

1444 3616 1500 3647 Cur
1508 3615 1722 3645 Lacedaemonio
1732 3614 1841 3643 luteum
1853 3619 1995 3643 ceromate
2005 3620 2109 3651 corpus

1502 3653 1646 3684 Perfundit
1660 3652 1751 3690 gelida
1761 3652 1886 3688 virgine?
1907 3653 1960 3681 &c.

1352 3694 1498 3730 Magnum.
1523 3692 1586 3728 Virg
1610 3701 1633 3719 2.
1649 3692 1748 3725 Georg.
1769 3699 1831 3726 327.

1351 3730 1520 3763 meretricia.
1545 3729 1627 3758 Ovid.
1642 3738 1668 3757 2.
1681 3727 1762 3757 Trist.
1777 3736 1840 3762 ιιι.

1351 3770 1463 3801 Minuta
1473 3776 1592 3805 corpora
1600 3789 1607 3799 ,
1630 3767 1744 3795 Atomos
1755 3771 1838 3794 vocat
1848 3763 1958 3794 Lucret.
1971 3762 2021 3792 lib.
2032 3771 2059 3793 2.
2074 3771 2137 3799 ης.

1352 3805 1520 3839 miserabile.
1542 3804 1627 3833 Ovid.
1643 3815 1669 3838 4.
1684 3804 1752 3833 Met.
1768 3809 1830 3838 158.

1353 3844 1567 3876 Moribundum.
1590 3842 1697 3871 Lucret.
1710 3841 1757 3870 lib.
1777 3849 1801 3877 3.
1814 3842 1897 3876 1046.

1354 3882 1484 3914 Mortale.
1508 3880 1575 3910 Hor.
1590 3889 1613 3909 1.
1623 3879 1714 3909 Carrn.
1726 3888 1770 3915 35.
1782 3888 1807 3915 3.

1354 3921 1497 3952 Nativum.
1521 3917 1632 3949 Lucret.
1648 3917 1696 3948 lib.
1709 3925 1736 3947 2.
1751 3925 1906 3984 ςιμι..Τηε
1927 3961 1941 3991 3

2095 2398 2172 2429 -&
2185 2399 2263 2438 gravi

2334 3947 2484 3987 Naufraga.
