2600 4177
509 120 537 155 C
636 121 669 156 O
764 121 798 155 N

113 203 272 232 Conventio
290 202 401 241 publica
413 201 451 231 est
463 223 470 236 ,
494 211 554 238 quae
566 201 598 230 fit
609 211 658 238 per
669 210 765 238 pacem
776 224 783 238 ,
804 204 913 240 quoties
930 202 1000 234 inter
1018 203 1044 234 se
1059 203 1145 234 duces
1162 202 1231 234 belli

136 242 261 275 quaedam
273 240 455 277 paciscuntur.
477 238 494 267 l.
507 250 530 273 ς.
547 239 581 268 de
592 240 664 276 pact.
704 261 710 269 .
1058 251 1063 259 ·

118 278 343 307 Conventionem
353 278 453 306 habere
465 298 472 310 ,
494 278 520 305 ἃ

118 316 160 343 Ad
170 317 387 344 conventionem
398 323 504 342 vocare.
528 313 599 341 Varr.
613 312 649 342 de
660 312 689 342 L.
703 312 732 342 L.
750 323 773 348 ς.
786 324 812 349 9.

118 352 206 381 Fortis
218 355 242 382 ἃ
253 353 360 390 egregia
371 352 418 381 fati
432 351 591 380 conventio.
613 351 676 379 Sen.
690 351 725 380 de
736 351 846 382 Provid.
861 361 922 390 cap.
938 361 965 382 2.

80 389 427 419 Couvuurriomms
441 410 449 422 ,
471 396 496 417 e.
517 388 592 425 apud
609 387 703 423 JCtos.

81 426 105 455 C
114 438 130 454 o
141 437 159 456 Ν
171 437 187 456 v
196 438 209 456 a
219 438 239 456 Ν
250 439 268 457 τ
277 438 295 457 υ
305 438 317 457 s
328 449 335 459 .
355 436 372 455 a
384 447 392 459 ,
414 435 470 455 um.
494 425 588 455 Partic.
611 422 810 462 [συνηλυμὲζύῶυ]
830 427 938 457 Sallust.
955 426 1082 463 Jugurth.
1098 437 1108 457 1
1117 435 1157 458 η.
1182 427 1237 457 Sae-

118 474 155 501 pe
166 473 245 494 antea
262 475 324 494 cum
337 463 550 500 imperatoribus
559 463 692 493 Romanis
703 473 802 502 pacem
813 472 979 495 conventam
992 464 1094 495 frustra.

118 502 282 532 Conventus
294 502 418 530 estame.
441 501 499 530 Cic.
516 510 557 535 ις.
572 502 624 530 Att.
642 511 665 531 1.

119 539 268 569 Convento
278 539 369 574 aliquo
385 536 499 568 homine
509 548 579 575 opus
593 539 639 568 est.
680 538 739 568 Cic.
756 549 797 568 10.
815 541 868 569 Att.
883 551 908 575 ⁴·
921 547 988 569 extr.
1012 540 1067 570 Sed
1089 550 1161 578 opus
1184 539 1237 570 fuit

141 577 230 606 Hirtio
243 583 395 605 convento.
435 576 452 605 i.
464 586 487 605 e.
513 577 633 606 Hirtium
647 578 798 606 convenire
812 599 820 611 ,
841 577 894 607 five
907 570 1020 615 alloqui.

120 614 264 644 Conventa
280 615 407 643 conditio
424 614 567 644 dicebatur
577 637 585 649 ,
607 614 701 651 Quum
717 615 822 651 primus
835 615 923 645 sermo
934 616 969 645 de
981 615 1086 653 nuptiis
1100 616 1126 645 Sc
1140 625 1237 652 earum

140 652 305 680 conditione
317 651 478 681 habebatur.
520 653 620 682 Audtor
633 652 731 681 Festus.

83 688 185 718 Conv
195 698 236 718 ΕΝ
247 699 266 717 τ
276 700 292 718 υ
304 701 323 718 Μ
335 712 343 725 ,
366 691 382 719 i.
406 700 431 719 n.
455 686 609 726 [σύνθημα]
643 690 712 719 Gell.
731 698 772 724 17.
782 698 807 724 9.
829 689 892 719 Erat
907 697 1078 720 conventum
1099 691 1171 720 inter
1189 700 1238 720 eos

121 726 332 756 clandestinum.
371 728 431 756 Cic.
445 728 479 756 de
489 727 547 756 Oll'.
564 737 585 756 1.
601 736 643 762 32.
668 727 756 756 Potest
768 727 894 757 accidere
909 728 1071 765 promissum
1088 728 1238 765 aliquod&

119 771 290 794 conventum
304 787 312 800 ,
334 772 364 794 ut
380 766 408 794 id
420 765 491 794 effici
507 765 537 794 sit
549 764 646 794 inutile
657 764 681 793 ei
691 786 699 799 ,
720 765 766 801 qui
776 765 939 802 promiserit.
978 766 1056 795 Idem
1069 775 1095 795 2.
1110 766 1145 795 de
1158 766 1237 796 Orat.

123 811 185 831 100.
208 803 241 831 At
254 812 319 831 vero
333 803 360 832 in
372 803 453 836 foro,
474 802 592 838 tabulae,
614 803 790 837 testimonia,
812 804 900 839 pacta,
920 810 1069 838 conventa,
1089 803 1242 842 stipulatio-

121 849 190 873 nes,
211 842 411 878 cognationes,
433 838 596 874 affinitates,
616 840 744 872 decreta,
766 839 909 877 responsa,
931 842 986 870 vita
1005 842 1125 878 denique
1142 851 1240 871 eorum

119 878 168 913 qui
180 878 207 906 in
220 877 299 907 causa
312 877 452 908 versantur
461 900 468 912 ,
490 885 549 907 tota
560 877 755 914 cognoscenda
765 877 811 906 est.
854 878 895 908 De
911 879 1038 909 Formula
1049 879 1201 909 causarum.

119 914 266 945 Dictorum
277 923 535 953 conventorumque
547 916 699 945 constantia
711 916 737 945 δι
750 915 849 944 veritas
859 938 867 952 ,
887 917 956 947 sides
970 917 1017 947 est.
1039 917 1238 952 Cic-1.0ffir3.

120 951 256 991 Frangere
267 962 413 984 conventa.
434 954 480 983 Sil.
496 953 544 982 lib.
561 964 582 982 r.
598 963 639 982 10.

438 1006 475 1012 —-
485 998 526 1021 ter
539 990 628 1021 Marte
642 989 744 1020 sinistro

201 1028 381 1064 Juratumque
391 1029 454 1064 ¹lovi
467 1029 559 1059 foedus
568 1050 577 1065 ,
598 1034 793 1065 conventaque
804 1032 915 1066 patrum

201 1066 309 1095 Sidonii
322 1066 427 1103 fregere
438 1068 533 1097 duces.

122 1101 202 1132 Pacta
213 1111 362 1132 conventa.
386 1104 519 1143 Ulpianus
533 1103 591 1134 inl.
607 1103 678 1139 Juris
693 1103 828 1141 gentium.
851 1104 873 1141 §.
888 1103 1034 1141 Quinimo.
1048 1103 1081 1135 D.
1097 1105 1133 1136 de
1143 1104 1241 1143 Paetis,

141 1140 270 1170 Solemus
281 1141 357 1170 enim
368 1143 461 1172 dicere
472 1165 479 1177 ,
501 1143 581 1180 pasta
592 1147 730 1171 conventa
740 1140 824 1170 inesse
834 1141 914 1171 bonae
925 1141 990 1172 fidei
1002 1144 1122 1177 judiciis.

120 1176 196 1208 Inter
209 1179 318 1209 Paetum
331 1181 356 1209 δι
374 1180 560 1210 Conventum.
604 1180 715 1209 Pastum
731 1179 769 1207 est
790 1188 824 1208 ex
844 1187 922 1217 parte
941 1180 1147 1218 stipulantium:
1170 1181 1244 1212 Con-

142 1223 258 1246 ventum
268 1239 275 1251 ,
297 1226 382 1254 quum
394 1228 454 1255 quae
465 1218 632 1256 pepigerunt
640 1215 769 1254 promiffa
778 1215 847 1246 sunt.
880 1217 940 1248 Hac
950 1218 986 1247 de
997 1218 1075 1248 causa
1088 1219 1167 1250 Pacta
1177 1229 1245 1250 con—

143 1262 226 1284 venta
236 1277 244 1290 ,
265 1257 291 1285 ἃ
302 1255 381 1284 Pacta
392 1263 585 1292 conventaque
601 1255 736 1292 legimus:
758 1255 901 1284 antecedit
915 1256 990 1285 enim
1003 1256 1113 1286 Paetum
1126 1279 1134 1293 ‚
1156 1257 1246 1294 sequi-

142 1297 187 1321 tur
197 1292 385 1322 Conventum.
425 1293 532 1323 Seneca
544 1315 553 1328 ,
575 1293 635 1322 Nec
648 1294 727 1329 pacta
742 1300 940 1331 conventaque
951 1293 1086 1332 impressis
1101 1295 1184 1333 signis
1198 1305 1245 1325 cun

142 1330 320 1360 stodirentur.
343 1331 410 1360 Haec
419 1331 542 1360 Turneb.
555 1330 666 1360 Advers.
681 1334 723 1359 16.
739 1340 763 1365 ς.

85 1366 162 1398 Con
174 1378 270 1397 vaur
281 1379 320 1397 us
332 1390 340 1403 ,
361 1371 403 1398 us.
426 1378 464 1398 m.
495 1370 654 1405 [συιέλώιης
667 1390 675 1403 ,
695 1365 825 1402 micion]
851 1367 913 1398 sunt
934 1369 1044 1406 (inquit
1062 1369 1139 1400 Valla
1156 1369 1204 1399 lib.
1217 1380 1245 1406 4.

125 1415 188 1443 cap.
202 1406 251 1440 2.)
272 1407 408 1436 Homines
420 1407 465 1443 qui
481 1407 509 1435 in
531 1415 620 1436 unum
636 1406 730 1435 locum
748 1413 948 1435 convenerunt.
990 1407 1050 1437 Cic.
1064 1416 1088 1444 3.
1112 1408 1186 1437 Verr.
1197 1419 1244 1444 94.

124 1443 181 1472 Cur
190 1444 624 1481 pudentislimaslectislimasque
636 1444 754 1473 feminas
765 1444 795 1472 in
807 1450 914 1473 tantum
930 1444 1053 1476 virorum
1073 1452 1247 1477 conventum

123 1481 248 1511 insolitas
259 1482 414 1519 invitasque
422 1482 534 1520 prodire
543 1483 621 1520 cogis
631 1483 646 1511 ἵ)
667 1482 762 1511 Horat.
780 1491 802 1510 1.
817 1482 904 1512 Serm.
920 1491 946 1518 7.
959 1492 1005 1513 22.

204 1519 305 1549 Persius
316 1520 434 1558 exponit
443 1519 552 1550 causam
561 1542 569 1555 ,
590 1520 695 1550 ridetur
704 1519 738 1549 ab
749 1519 828 1548 omni

203 1557 362 1586 Conventa.

124 1593 287 1624 Conventus
308 1595 420 1632 (inquit
439 1594 554 1632 Festus)
576 1601 695 1633 quatuor
718 1594 811 1624 modis
832 1592 1006 1633 intelligitur.
1046 1594 1129 1633 Uno,
1159 1604 1247 1635 quum

142 1631 295 1668 quemlibet
304 1633 448 1664 hominem
457 1634 490 1663 ab
500 1634 593 1671 aliquo
605 1640 777 1663 conventum
787 1632 841 1662 esse
851 1633 978 1664 dicimus.
1022 1635 1116 1665 Altero
1127 1658 1135 1671 ,
1159 1646 1247 1672 quum

142 1669 312 1708 significatur
319 1671 473 1701 multitudo
482 1681 519 1701 ex
531 1671 722 1710 compluribus
730 1670 876 1707 generibus
894 1671 1040 1702 hominum
1059 1675 1201 1703 contrasta
1217 1674 1248 1703 in

143 1718 232 1738 unum
247 1708 352 1739 locum.
393 1709 492 1740 Tertio
502 1732 510 1745 ,
531 1719 617 1746 quum
631 1708 855 1746 amagistratibus
865 1731 873 1745 ‚
893 1709 991 1745 judicii
1004 1711 1083 1740 causa
1095 1733 1103 1746 ,
1123 1711 1248 1749 populus

143 1754 342 1784 congregatur:
365 1755 443 1778 erant
453 1748 531 1777 enim
545 1748 574 1777 in
585 1747 738 1785 provinciis
749 1747 839 1776 statuti
848 1755 1006 1778 conventus
1015 1758 1065 1786 per
1074 1751 1195 1779 restores
1205 1759 1250 1778 ea-

143 1793 207 1813 rum
218 1785 252 1814 ad
262 1785 367 1822 judicia
377 1786 518 1815 facienda.
558 1785 667 1822 Quarto
679 1807 687 1820 ,
708 1795 794 1822 quum
810 1785 931 1821 aliquem
946 1787 974 1814 in
987 1786 1080 1816 locum
1091 1787 1249 1825 frequentia

143 1821 311 1858 hominum,
333 1823 543 1862 supplicationis
557 1830 605 1853 aut
620 1822 812 1861 gratulationis
829 1823 908 1852 causa
929 1824 1077 1861 colligitur.
1105 1825 1249 1854 Hactenus

145 1860 247 1891 Festus.
289 1861 330 1892 De
342 1863 422 1891 tertia
434 1861 633 1898 significatione
641 1860 771 1898 exempla
784 1860 846 1890 sunt
856 1861 933 1899 apud
949 1862 1008 1891 Cic.
1022 1871 1045 1898 3.
1062 1863 1098 1892 de
1109 1862 1204 1900 Legib.
1222 1864 1249 1893 &

147 1908 173 1933 5.
192 1899 267 1928 Verr.
308 1899 380 1930 Hirt.
397 1906 423 1934 8.
446 1899 511 1929 Bell.
533 1898 602 1929 Gall.
624 1903 670 1935 46.
702 1899 862 1929 Exercitum
894 1909 944 1937 per
958 1899 1078 1938 *legatos
1105 1902 1134 1930 in
1159 1900 1251 1930 hiber-

144 1944 181 1965 na
199 1936 328 1967 deduxit.
370 1937 473 1967 Paucos
492 1937 549 1975 ipse
565 1938 625 1966 dies
642 1938 672 1966 in
696 1937 840 1974 provincia
857 1944 998 1973 moratus,
1029 1948 1094 1968 cum
1120 1938 1250 1968 celeriter

144 1983 246 2004 omnes
266 1982 422 2005 conventus
444 1974 675 2014 percucurrisset,
698 1974 822 2013 publicas
841 1976 1038 2006 controversias
1059 1976 1248 2014 cognovisset,

143 2013 260 2042 tandem
270 2014 304 2042 ad
316 2013 451 2051 Legiones
465 2014 494 2042 in
506 2013 630 2050 Belgium
642 2013 668 2042 se
679 2013 794 2050 recepit.
834 2013 898 2043 Scil.
921 2013 1122 2051 Peragebantur
1135 2015 1163 2043 in
1178 2015 1251 2044 urbi.

144 2049 197 2080 bus
209 2072 216 2086 ,
240 2051 274 2080 ad
287 2061 353 2089 quas
363 2051 503 2081 ducebant
519 2051 573 2081 viae
582 2051 726 2086 militares,
747 2060 807 2087 quae
816 2051 880 2088 ipsae
892 2051 976 2081 etiam
989 2053 1041 2082 hac
1052 2053 1089 2081 de
1099 2052 1177 2081 causa
1190 2062 1251 2082 mu-

144 2088 212 2118 nitae
222 2095 300 2119 erant
309 2097 340 2119 ut
351 2089 461 2119 Facilem
480 2091 506 2119 &
515 2089 681 2127 expeditum
693 2088 829 2118 accessum
840 2096 922 2127 atque
934 2090 986 2119 iter
998 2090 1153 2128 praeberent
1163 2090 1251 2128 Magi.

142 2126 286 2163 stratibus,
307 2128 423 2165 quinon
439 2128 494 2157 sine
507 2127 655 2157 numeroso
674 2127 808 2156 comitatu
822 2128 858 2157 ad
869 2127 929 2157 illas
951 2128 1032 2158 urbes
1051 2128 1247 2160 adveniebant<

144 2164 176 2194 V.
202 2165 297 2202 Sigon.
310 2166 345 2195 de
356 2167 416 2195 Ant.
431 2165 497 2201 Jure
516 2165 642 2195 Provinc.
659 2175 681 2194 1.
698 2175 721 2194 1.

125 2201 289 2233 Conventus
301 2225 309 2238 ,
331 2214 382 2242 pro
393 2204 513 2240 eoquod
533 2203 685 2239 Resortitum
698 2208 809 2233 vocant.
846 2201 914 2243 Plin:
929 2202 977 2233 lib.
990 2213 1014 2239 ς.
1034 2213 1095 2242 cap.
1108 2213 1154 2239 29-
1176 2205 1251 2236 Con-

145 2241 263 2270 veniunt
273 2251 307 2270 eo
323 2251 393 2271 xxv
408 2242 533 2271 civitates
548 2263 556 2277 ,
582 2241 764 2271 celeberrima
787 2240 855 2271 urbe
878 2241 1023 2271 Laodicea.
1065 2243 1193 2280 Imposita
1211 2244 1251 2274 est

143 2278 221 2317 Lyco
234 2279 344 2309 flumini
357 2302 364 2314 ,
385 2280 468 2310 latera
481 2276 652 2309 alluentibus
665 2279 752 2317 Asopo
763 2280 789 2308 <Sc
801 2279 901 2317 Capro,
923 2280 1061 2318 appellata
1073 2283 1164 2319 primo
1175 2282 1252 2311 Dios—

145 2316 219 2355 polis
231 2339 238 2353 ,
261 2318 328 2347 dein
342 2318 442 2348 Rhoas.
484 2318 594 2355 Reliqui
614 2318 643 2347 in
659 2327 693 2346 eo
704 2325 844 2347 conventu
856 2339 864 2353 ,
885 2327 954 2355 quos
973 2320 1119 2348 nominare
1132 2329 1191 2349 non
1210 2321 1254 2358 pi-

145 2361 225 2393 geat,
247 2356 414 2393 Hydrelitae,
438 2356 623 2386 Themisones
637 2377 644 2389 ,
666 2355 857 2393 Hieropolitae.
900 2355 973 2385 Alter
992 2358 1253 2396 conventusaSyn-

145 2393 218 2423 nada
235 2395 340 2432 accipit
356 2404 472 2424 nomen.
512 2394 696 2424 Conveniunt
717 2393 877 2431 Lycaones,
905 2394 1041 2431 Appiani,
1070 2395 1229 2434 Cercopeni
1243 2418 1251 2434 ,

146 2431 269 2468 Dorylaei
281 2454 289 2467 ,
311 2432 407 2462 Nlidaei
418 2455 426 2468 ,
447 2431 583 2467 julienses
594 2453 601 2465 .
625 2433 650 2461 &
663 2431 763 2468 reliqui
778 2431 917 2469 ignobiles
934 2432 1031 2470 populi
1044 2441 1097 2462 xv.

126 2468 245 2506 Juridici
256 2476 428 2506 conventus,
449 2470 537 2500 Idem.
575 2469 642 2499 Plin.
657 2469 705 2498 lib.
720 2479 744 2505 3.
757 2479 818 2508 cap.
832 2480 856 2499 1.
871 2470 907 2499 de
917 2469 1036 2505 Baetica,
1056 2470 1174 2506 Juridici
1184 2481 1252 2502 con·

146 2514 246 2536 ventus
258 2508 411 2545 eiquatuor
424 2530 432 2543 ,
454 2508 606 2538 Gaditanus
617 2530 624 2543 ,
644 2507 830 2537 Cordubensis
844 2529 852 2543 ,
874 2508 1050 2545 Astigitanus,
1072 2508 1250 2546 Hispalensis.

127 2545 216 2583 Agere
227 2552 393 2576 conventus.
435 2546 492 2576 Cic.
507 2556 532 2583 7.
544 2546 619 2575 Verr.
631 2551 675 2579 28.
700 2545 740 2575 Ex
752 2546 785 2575 iis
800 2546 914 2585 oppidis
924 2568 931 2582 ,
952 2547 982 2576 in
1000 2547 1103 2584 quibus
1121 2548 1252 2578 Praetores

148 2583 295 2613 consistere
307 2606 316 2618 ,
337 2586 363 2614 Gr
374 2591 545 2614 conventum
555 2593 636 2621 agere
644 2583 751 2619 solent,
772 2585 823 2614 διο.

127 2621 274 2651 Celebrate
283 2628 449 2652 conventus.
491 2622 549 2652 Cic.
565 2625 651 2652 1.Att.
665 2632 706 2658 ¹9-
728 2622 825 2660 ltaque
835 2628 1004 2659 conventus,
1025 2623 1072 2661 qui
1087 2623 1169 2653 initio
1178 2623 1252 2655 cele-

147 2659 313 2696 brabantur,
334 2661 390 2694 jam
402 2661 450 2689 diu
466 2660 526 2689 fieri
540 2660 688 2689 desierunt.

124 2697 249 2728 Circuire
258 2705 423 2728 conventus.
451 2699 525 2728 Suet.
537 2698 566 2727 in
579 2698 643 2727 Caes.
656 2708 716 2736 cap.
729 2706 755 2735 7.
778 2698 915 2735 Quaestori
927 2698 1043 2729 ulterior
1052 2699 1185 2738 Hispania
1202 2699 1252 2730 ob.

144 2737 239 2765 venit:
261 2735 308 2765 ubi
322 2746 407 2773 quum
417 2736 548 2765 mandato
557 2736 656 2774 populi
668 2736 786 2766 Romani
806 2738 866 2772 jure
887 2737 1012 2766 dicundo
1032 2745 1188 2768 conventus
1200 2740 1252 2768 cir-

143 2774 281 2810 cumiret,
307 2773 462 2811 Gadeisque
476 2774 600 2810 venisset,
617 2776 669 2804 &c
693 2774 853 2804 Conventus
867 2775 914 2804 hic
929 2776 1000 2805 Loca
1014 2775 1087 2811 sunt,
1110 2776 1138 2806 in
1150 2777 1252 2814 quibus

145 2811 242 2850 populi
251 2812 318 2849 juris
329 2813 444 2842 dicendi
453 2812 533 2842 causa
542 2823 556 2842 a
567 2812 768 2849 magistratibus
782 2813 908 2848 juridicis
914 2820 1126 2852 congregantur.

125 2847 230 2880 Facere
242 2858 415 2880 conventum
427 2872 435 2885 ,
457 2850 488 2879 V.
514 2850 661 2880 Celebrare
672 2858 838 2880 conventus.

126 2887 258 2925 Peragere
268 2894 435 2918 conventus.
476 2887 541 2918 Caes.
557 2899 580 2924 5.
593 2888 660 2917 Bell.
675 2888 744 2918 Gall.
757 2898 818 2926 cap.
835 2898 858 2919 r.
880 2888 940 2926 lpse
956 2890 1142 2919 conventibus
1153 2889 1251 2921 Galliae

145 2926 283 2956 citerioris
293 2926 411 2963 peraetis
423 2948 431 2961 ,
453 2926 483 2955 in
494 2926 636 2964 Illyricum
647 2925 838 2964 proficiscitur.
879 2927 922 2956 Est
940 2933 1033 2957 autem
1043 2929 1171 2966 Peragere
1183 2939 1252 2959 con-

145 2970 246 2993 ventus
261 2985 269 2998 ,
289 2963 515 3000 JurisdiCtionem
526 2965 679 3002 legitimam
691 2964 831 2994 absolvere
842 2973 892 3002 per
901 2965 1006 3003 oppida
1013 2966 1048 2995 ad
1058 2967 1087 2996 id
1097 2967 1247 2998 destinata:

145 3010 225 3039 quae,
251 3002 383 3039 quoniam
404 3002 433 3031 in
453 3002 570 3032 castatis
590 3003 764 3040 temporibus
783 3003 981 3033 conveniretur
997 3014 1012 3033 a
1030 3004 1251 3042 provincialibus

147 3038 303 3074 causajuris
314 3039 352 3069 sui
362 3039 556 3077 persequendi,
575 3047 730 3070 conventus
743 3041 915 3070 dicebantur.
956 3041 1165 3079 Repraesentant
1174 3043 1251 3074 hunc

147 3086 254 3106 morem
267 3087 342 3107 anno
351 3084 478 3107 vertente
487 3079 619 3108 monachi
630 3100 637 3112 ,
661 3077 790 3116 Capitula
799 3077 939 3117 generalia
952 3080 1135 3118 appellantes.

127 3115 292 3145 Conventus
301 3117 327 3145 &
337 3116 500 3153 frequentia.
518 3116 577 3146 Cic.
589 3126 641 3153 pro
650 3116 743 3146 Deiot.
755 3125 780 3153 ς.

127 3154 292 3183 Conventus
304 3155 328 3183 ἃ
340 3154 427 3183 turba.
450 3152 521 3192 Virg.
534 3158 560 3184 6.
575 3155 637 3185 AEn.
647 3163 711 3191 735.

127 3191 306 3220 Senatorum.
328 3191 386 3221 Cic.
398 3203 424 3228 4.
438 3192 515 3222 Fam.
530 3203 553 3228 ς.

128 3228 313 3259 meretricius.
352 3229 410 3259 Cic.
422 3238 446 3265 ³-
462 3230 537 3260 Verr.
550 3239 611 3267 ¹37·
638 3230 746 3261 Domus
759 3236 818 3261 erat
836 3238 895 3260 non
913 3232 1071 3262 meretricio
1088 3239 1251 3270 conventu,

147 3267 194 3297 sed
205 3268 332 3305 praetoria
344 3268 422 3297 turba
432 3268 543 3297 referta.
657 3304 665 3309 ᾖ
1052 3268 1057 3273 ’

126 3302 202 3336 Inter
216 3312 386 3335 conventum
403 3312 601 3336 matronarum.
642 3305 673 3336 V.
696 3316 823 3336 rrwrau.
1175 3342 1178 3345 ,

126 3343 318 3373 Celeberrimo
340 3344 464 3373 virorum
486 3343 691 3381 mulierumque
709 3351 852 3375 conventu
870 3345 930 3375 dies
952 3343 1035 3376 festos
1049 3346 1252 3378 anniversarios

148 3391 240 3419 agere.
262 3380 321 3411 Cic.
335 3385 361 3410 6.
376 3381 448 3417 Verr.
460 3388 523 3417 207.

127 3417 351 3449 Honestislimus.
374 3419 495 3456 Quintil.
509 3418 557 3448 lib.
573 3429 595 3449 1.
607 3429 669 3458 cap.
683 3429 709 3449 ².

128 3456 161 3487 ln
173 3457 282 3487 medios
294 3464 449 3487 conventus
459 3457 565 3487 trahere
574 3458 705 3495 aliquem.
728 3457 801 3495 Vir-g.
815 3461 841 3488 6.
854 3458 914 3488 AEn.
928 3466 992 3496 753.

127 3495 256 3526 Indicere
266 3502 431 3525 conventus.
464 3495 522 3525 Liv.
536 3501 576 3531 38.
592 3505 635 3531 ιο.
648 3507 688 3534 pr.
712 3495 823 3534 AEgium
835 3507 849 3526 a
861 3497 1001 3534 principio
1016 3498 1125 3528 Achaici
1136 3498 1252 3529 concilii

147 3532 256 3571 semper
268 3541 424 3563 conventus
433 3533 524 3571 gentis
539 3534 637 3563 indieti
656 3533 718 3563 sunt
729 3555 737 3570 ,
757 3534 804 3564 seu
824 3534 953 3573 dignitati
969 3534 1045 3566 urbis
1058 3536 1109 3572 id,
1130 3536 1176 3567 seu
1195 3537 1251 3567 loci

148 3572 354 3608 opportunitati
365 3571 463 3601 datum
474 3571 522 3600 est.
1112 3580 1124 3597 -λ

128 3607 273 3639 instituere
284 3617 448 3639 conventus.
471 3607 592 3646 Quintil.
605 3607 653 3638 lib.
665 3617 690 3645 3.
702 3619 762 3647 cap.
774 3615 801 3644 8.

130 3646 223 3675 Vitare
233 3655 412 3677 conventum.
435 3646 496 3677 Cic.
513 3654 539 3682 7.
562 3646 636 3676 Verr.

129 3684 309 3720 Conventus,
331 3685 370 3715 ait
384 3685 577 3723 Theophilus,
598 3684 636 3714 est
658 3684 772 3714 Certum
792 3683 948 3723 statumque
957 3691 1069 3725 tempus
1081 3686 1173 3716 litium
1187 3687 1254 3717 diri-

148 3722 313 3752 mendarum
327 3724 411 3760 gratia
421 3725 577 3753 inventum.
618 3721 744 3760 Tempus
753 3729 847 3752 autem
859 3723 930 3752 illud
941 3734 956 3753 a
967 3724 1170 3755 Conve'niendo
1179 3725 1254 3755 Con-

149 3767 252 3790 ventus
263 3760 353 3790 dietus
366 3761 413 3791 est.
436 3762 457 3799 §.
474 3771 496 3791 1.
522 3760 608 3798 Quib.
621 3770 657 3789 ex
670 3760 742 3789 caus.
756 3762 914 3791 manumitt.

130 3797 294 3829 Conventus
303 3820 311 3833 ,
333 3809 383 3836 pro
395 3799 591 3829 Conventione
602 3799 686 3827 etiarn
699 3798 807 3836 legitur.
828 3798 928 3834 Juven.
939 3802 964 3828 6.
976 3799 1033 3829 Sat.
1046 3809 1091 3837 25.

225 3836 402 3866 Conventum
413 3843 524 3871 tamen,
546 3837 695 3874 &pastum
708 3858 715 3870 ‚
737 3838 763 3866 ἂ
777 3836 927 3874 sponsalia,
950 3838 1041 3867 nostra

223 3873 400 3912 Tempestate
411 3885 497 3912 paras,
509 3877 560 3905 ἃς.
600 3873 706 3910 [immo
715 3874 854 3904 Neutrum
866 3874 961 3904 Partic.
971 3876 1019 3910 est,
1027 3875 1062 3905 de
1072 3885 1128 3913 quo
1137 3872 1251 3912 suprav.

131 3908 174 3943 Ex
184 3921 325 3941 conventu
338 3914 418 3949 pacta
430 3913 614 3942 observantur.
657 3913 733 3941 Aust.
748 3913 782 3941 ad
794 3912 915 3941 Herenn.
928 3912 976 3941 lib.
994 3923 1018 3941 2.
1032 3923 1077 3942 20.
1100 3913 1142 3942 De
1153 3913 1254 3949 quibus

151 3952 241 3989 paetis
252 3952 350 3980 Praetor
364 3951 453 3981 edixit
464 3972 472 3986 ,
492 3950 567 3990 apud
586 3949 698 3988 Ulpian.
713 3950 743 3979 in
762 3950 779 3980 l.
798 3949 873 3986 Juris
885 3951 1021 3988 gentium.
1042 3951 1064 3988 §.
1088 3951 1189 3981 Praetor
1205 3951 1252 3982 ait.

1435 118 1454 133 ‘·
1658 121 1954 157 con
2382 131 2456 172 687

1348 201 1382 230 D.
1394 201 1429 231 de
1440 202 1527 232 Paetis
1537 224 1546 237 ,
1566 201 1647 232 Pacta
1661 208 1802 232 conventa
1813 224 1820 237 ,
1842 212 1902 240 quae
1918 212 2008 240 neque
2025 203 2092 233 dolo
2109 206 2184 234 malo
2194 228 2201 240 ,
2222 216 2313 243 neque
2326 208 2455 238 adversus

1350 238 1424 274 leges
1433 263 1440 275 ,
1453 242 1504 270 &a
1527 240 1647 269 servabo.
1689 240 1728 270 Ex
1739 240 1840 278 quibus
1852 250 1966 279 apparet
1979 243 2124 279 pactorum
2137 243 2193 272 duo
2205 244 2258 273 effe
2269 255 2367 281 genera
2376 268 2383 280 ,
2407 245 2455 275 Le-

1350 277 1445 311 gitima
1455 300 1463 313 ,
1485 280 1509 308 ἃ
1522 278 1678 307 Conventa.

1331 311 1371 342 Ex
1380 317 1461 349 pacto
1474 317 1498 345 ἃ.
1509 321 1650 344 conventu
1662 314 1804 344 discedere
1811 315 1846 344 ab
1857 315 1959 353 aliquo.
1981 315 2038 345 Cic,
2049 319 2074 345 6.
2088 318 2141 346 Att.
2155 326 2179 353 3.
2202 317 2367 355 Pomptinus
2378 321 2456 351 enim

1349 361 1383 379 ex
1394 354 1510 387 pricio&
1523 360 1663 382 conventu
1685 354 1773 388 (nam
1789 363 1820 383 ea
1832 353 1894 391 lege
1902 354 2031 390 exierat)
2052 355 2135 390 jama
2147 364 2192 384 me
2208 355 2372 386 discesserat.
2411 357 2453 388 Al.

1351 389 1499 419 Convento
1512 390 1622 419 rectius.

1295 425 1317 454 C
1329 435 1345 454 o
1356 434 1375 468 Ν
1387 436 1402 454 ν
1414 437 1427 456 a
1437 437 1455 455 Ν
1467 437 1486 456 T
1496 439 1505 456 1
1516 437 1534 456 c
1543 430 1560 457 ῠ
1571 439 1588 455 ι.
1598 437 1613 455 υ
1624 438 1643 456 Μ
1654 449 1662 461 ,
1683 428 1701 457 i.
1722 438 1751 457 n.
1772 428 1872 457 dimin.
1894 425 1952 458 Cic.
1965 439 2016 466 pro
2030 429 2106 460 Sext.
2118 439 2165 467 91.
2189 430 2395 461 Conventicula
2408 432 2457 462 ho-

1333 473 1439 493 minum
1450 486 1457 497 ,
1479 475 1540 501 quae
1554 466 1647 502 postea
1659 466 1783 495 civitates
1795 466 1947 495 nominatae
1957 468 2028 497 sunt.

1295 500 1341 529 Co
1354 510 1372 528 Ν
1384 511 1399 529 v
1411 511 1452 530 un
1463 511 1482 531 Ν
1493 513 1510 531 ο
1521 524 1528 537 ,
1551 502 1621 531 nnis.
1643 511 1680 532 rn.
1705 504 1761 540 Qui
1778 503 1856 532 simul
1871 504 1922 532 iter
1931 504 2007 539 facit,
2018 506 2132 542 interpr.
2145 505 2273 535 Elmenh.
2295 505 2373 544 Apul.
2388 506 2457 539 Met,

1337 548 1359 566 1.
1374 548 1401 575 p.
1415 549 1476 575 ¹09-
1495 540 1551 569 Sed
1563 541 1653 569 verior
1670 540 1753 570 leftio
1771 541 1809 569 est
1828 542 2012 577 Combenno,
2034 544 2110 579 quod
2123 543 2194 573 vide.

1294 574 1614 643 anvun’rrfrus,
1634 587 1668 613 a,
1688 588 1745 608 um.
1768 578 1854 608 Plaut.
1867 578 1930 609 cist.
1951 590 1974 609 1.
1988 590 2012 610 ι.
2028 590 2074 616 4²·
2104 581 2194 611 Patres
2215 581 2390 611 conventitii.
2423 582 2455 613 V.

1350 624 1457 644 ,ronow
1474 625 1502 644 tn
1524 625 1567 644 oc.

1295 649 1318 679 C
1329 660 1345 679 o
1357 660 1375 679 Ν
1386 661 1401 679 v
1412 661 1425 681 n
1435 662 1482 681 NT
1492 662 1509 681 o
1521 675 1529 688 ,
1549 656 1606 681 are.
1628 651 1800 688 Frequenter
1822 654 1986 684 convenire.
2026 655 2114 685 Solin.
2129 665 2190 694 cap.
2207 666 2251 692 40.
2277 657 2414 687 Externos
2431 658 2461 688 in

1334 698 1365 716 ea
1377 689 1511 726 plurimos
1523 689 1716 733 conventasl'e,
1738 699 1933 727 argumentum
1945 693 1980 721 dc
1990 693 2105 722 urbibus
2115 695 2140 723 8<
2152 694 2221 723 locis
2234 694 2371 724 dabimus.

1296 724 1346 755 Co
1356 735 1375 754 Ν
1388 737 1403 754 ν
1415 737 1427 755 1⁷.
1438 738 1452 756 a
1463 729 1502 756 nt}
1512 738 1526 756 a
1536 737 1553 755 o
1563 749 1571 762 ,
1593 728 1711 762 [wvr'lw]
1732 731 1787 758 Ere.
1811 730 1888 758 Idem
1909 731 1983 766 quod
1997 731 2156 760 Verberare.
2196 732 2264 762 Plin.
2280 732 2326 761 lib.
2343 742 2382 767 ¹³·
2396 742 2459 771 cap,

1334 772 1380 793 22.
1403 765 1553 794 Nocturnis
1563 764 1773 802 grassationibus
1782 767 2009 797 converberatam
2020 769 2120 797 faciem
2132 769 2251 799 illinens.
2274 771 2339 799 Sen.
2354 771 2440 801 deira
2450 793 2460 808 ,

1337 810 1362 835 3.
1375 811 1419 830 20.
1442 804 1468 832 ἄ
1485 802 1565 840 Apul.
1585 802 1653 832 met.
1667 813 1692 837 9.
1735 804 1871 839 [Senecre
1886 804 1981 835 locum
1993 808 2019 836 &
2032 807 2066 836 Η.
2079 807 2118 836 St.
2130 807 2317 846 adscripscrat.

1298 838 1585 869 connisum
1598 850 1650 874 10,
1672 841 1744 869 onis.
1766 841 1784 870 f.
1806 843 1916 879 August.

1298 876 1473 906 convalui
1484 888 1501 907 o
1512 899 1521 912 ,
1539 878 1610 907 verri
1627 879 1653 907 δε
1674 878 1758 914 versr,
1779 879 1887 909 versum
1906 903 1914 917 ‚
1936 881 2031 918 [vulga
2042 901 2052 917 ‚
2073 881 2189 917 wadum]
2211 883 2267 912 ὅτε.
2289 882 2367 913 Idem
2383 883 2460 920 quod

1338 914 1458 945 Vertere.
1479 915 1567 946 Plaut.
1578 915 1664 945 Stich.
1682 925 1707 944 2.
1721 926 1748 945 2.
1761 919 1806 949 64.

1490 962 1673 983 ——reverram
1689 953 1782 982 hercle
1794 954 1866 990 hoc,
1889 956 1966 992 quod
1989 957 2116 986 converri
2139 957 2235 987 modo.
2318 959 2459 989 Columel.

1336 988 1386 1018 lib.
1400 997 1425 1026 7.
1436 999 1497 1028 cap.
1512 994 1537 1020 6.
1561 991 1686 1027 Diligens
1699 992 1790 1029 pastor
1806 993 1934 1030 quotidie
1949 994 2087 1024 stabulum
2107 996 2268 1031 converrit,
2289 1005 2342 1027 nee
2358 998 2463 1035 patitur

1336 1027 1440 1057 stercus
1454 1034 1502 1058 aut
1512 1029 1659 1058 humorem
1669 1029 1824 1060 consistere.

1335 1065 1508 1096 Convertere
1517 1067 1638 1103 aliquem
1649 1089 1657 1101 ,
1680 1077 1730 1104 pro
1740 1067 1894 1098 Percutere.
1915 1067 2002 1098 Plaut.
2012 1069 2086 1099 Rud.
2100 1079 2124 1106 3.
2139 1073 2167 1101 6.
2181 1080 2198 1109 7

1357 1104 1572 1170 AbstCohnverret
1581 1106 1639 1141 jam
1650 1105 1695 1135 hic
1714 1114 1759 1135 me
1776 1110 1868 1136 totum
1880 1115 1944 1136 cum
1959 1107 2126 1145 pulvisculo.

1421 1151 1448 1171 ra
1471 1150 1508 1171 et.

1298 1175 1347 1207 Co
1359 1187 1403 1207 Νν
1413 1189 1427 1207 a
1437 1189 1452 1208 R
1463 1189 1475 1209 s
1488 1190 1504 1209 u
1515 1189 1527 1210 s
1537 1201 1546 1216 ,
1567 1189 1598 1216 a,
1617 1189 1675 1211 um.
1701 1179 1797 1212 Partic.
1814 1191 1830 1211 a
1841 1181 1993 1212 Converro.
2023 1182 2094 1212 Cato
2111 1184 2147 1214 de
2158 1182 2190 1213 R.
2204 1183 2237 1213 R.
2252 1193 2312 1222 cap.
2325 1195 2386 1222 143.
2408 1186 2466 1217 vil.

1338 1215 1393 1245 lam
1404 1218 1566 1247 conversam
1575 1239 1583 1254 ,
1605 1218 1796 1256 mundamque
1806 1219 1915 1249 habeat.
1958 1220 1998 1249 Al.
2022 1221 2161 1250 Converse
2172 1243 2180 1256 ,
2202 1223 2372 1260 mundeque.

1297 1253 1323 1283 C
1332 1264 1349 1282 o
1360 1264 1379 1282 Ν
1390 1264 1405 1283 v
1415 1265 1429 1284 a
1439 1265 1455 1284 R
1464 1257 1524 1284 air
1532 1265 1549 1285 o
1558 1266 1574 1285 R
1584 1277 1592 1292 ‚
1613 1257 1677 1286 oris.
1699 1266 1736 1286 m.
1759 1257 1906 1293 [νωιλυνἹὲρ]
1928 1263 2059 1295 tanquam
2074 1258 2204 1297 supinum
2218 1259 2248 1288 sit
2257 1260 2464 1299 Converritum,

1339 1292 1414 1329 apud
1424 1293 1572 1331 Apuleium
1585 1294 1613 1323 in
1624 1294 1752 1333 apologia
1763 1305 1814 1333 pro
1825 1295 1928 1333 Magia,
1939 1296 2164 1327 Converritorem
2175 1297 2310 1334 pridianae
2323 1299 2468 1337 relliquiae.

1299 1328 1526 1367 Convssssso,
1549 1332 1771 1362 Conva'asoa
1784 1355 1792 1368 ,
1814 1334 1840 1363 ἃ
1855 1333 2136 1364 (ΣοΝνιῑΒεΑτιο.
2180 1334 2209 1364 V.
2232 1344 2449 1367 CONVBRTO.

1299 1366 1324 1396 C
1333 1377 1379 1396 οΝ
1388 1377 1406 1396 ν
1416 1379 1429 1397 a
1438 1379 1453 1397 R
1464 1379 1483 1398 ’r
1492 1379 1508 1398 o
1518 1391 1526 1404 ,
1547 1370 1585 1406 ti,
1609 1370 1667 1400 sum
1679 1392 1688 1405 ,
1710 1372 1825 1406 [epioe-1,
1847 1372 1983 1407 ἑπτςρέφω]
2004 1373 2059 1402 ὅτε.
2083 1372 2205 1402 Verbum
2216 1379 2332 1404 notum:
2354 1375 2390 1406 de
2401 1377 2466 1407 re&

1340 1405 1455 1435 homine
1468 1407 1581 1437 dicitur.
1623 1409 1737 1446 Antiqui
1751 1408 1894 1438 Convorto
1906 1408 2081 1447 scripserunt.

1338 1443 1512 1474 Convertere
1524 1444 1551 1475 se
1562 1445 1678 1475 domum
1690 1468 1698 1481 ,
1722 1456 1772 1483 pro
1784 1446 1904 1476 Reverti.
1928 1447 2014 1477 Plaut.
2027 1448 2114 1478 Stich.
2128 1457 2152 1484 3.
2168 1459 2192 1477 ι.
2205 1457 2230 1478 1.

1383 1482 1480 1519 Quom
1491 1483 1562 1512 bene
1571 1493 1600 1513 re
1611 1485 1683 1521 gesta
1696 1483 1784 1514 salvus
1796 1491 1947 1514 convortor
1957 1486 2085 1521 domum,
2097 1487 2150 1516 ἃς.
2171 1485 2468 1525 TerAdelph.2.4.22.

1431 1520 1489 1558 Ego
1499 1522 1555 1557 jam
1566 1521 1699 1551 transasta
1711 1531 1741 1551 te
1756 1529 1920 1552 convertam
1931 1532 1977 1552 me
1989 1525 2106 1554 domum
2117 1533 2184 1555 cum
2196 1524 2322 1555 obsonio.

1337 1557 1543 1588 Convertemus
1552 1558 1604 1589 iios
1617 1559 1647 1588 in
1657 1559 1752 1589 Aliam.
1774 1559 1834 1590 Cic.
1846 1569 1871 1597 3.
1883 1562 1937 1590 Att.
1952 1571 1995 1597 14.

1339 1595 1481 1626 Conversa
1497 1597 1533 1626 ad
1545 1597 1711 1634 Aquilonem
1723 1597 1864 1636 spelunca.
1887 1598 1946 1628 Cic.
1959 1603 1984 1628 6.
1996 1598 2072 1630 Verr.
2089 1608 2150 1634 107.

1340 1633 1513 1665 Convertere
1521 1635 1576 1671 ad,
1599 1635 1785 1665 velinlocum
1795 1636 1926 1674 aliquem.
1965 1637 2026 1667 Cic.
2043 1647 2066 1674 3.
2082 1637 2140 1667 Off.
2152 1642 2198 1674 753.
2218 1637 2260 1667 lbi
2276 1648 2362 1676 quum
2378 1639 2471 1677 palam

1360 1672 1421 1707 ejus
1440 1672 1537 1702 annuli
1562 1673 1597 1702 ad
1616 1673 1739 1712 palmam
1763 1681 1958 1711 converterat,
1979 1685 1995 1705 a
2016 1676 2095 1705 nullo
2113 1676 2279 1712 videbatur,
2301 1677 2358 1715 ipse
2376 1684 2472 1708 autem

1361 1710 1456 1740 omnia
1465 1710 1587 1741 videbat.

1339 1747 1511 1778 Convertere
1519 1748 1661 1787 aspectum
1671 1748 1773 1786 aliquo.
1795 1750 1854 1780 Cic.
1866 1759 1893 1780 2.
1909 1750 1946 1780 de
1955 1750 2020 1781 Nat.
2036 1750 2121 1780 Deor.
2134 1761 2198 1787 14²-

1341 1785 1513 1816 Convertere
1528 1787 1556 1816 se
1575 1787 1668 1824 aliquo
1679 1789 1774 1817 animo
1787 1789 2005 1826 &cogitatione.
2048 1790 2107 1819 Cic.
2121 1799 2144 1819 1.
2159 1791 2194 1819 de
2210 1789 2287 1820 Orat.
2300 1792 2326 1819 6.
2352 1791 2387 1821 Ac
2404 1801 2474 1827 quo„

1362 1832 1474 1861 cunque
1489 1830 1516 1854 te
1530 1825 1626 1854 animo
1639 1827 1664 1855 Sc
1675 1827 1847 1863 cogitatione
1866 1827 2038 1857 converteris
2049 1849 2057 1862 ,
2082 1827 2239 1865 permultos
2258 1828 2430 1859 excellentes
2447 1831 2477 1859 in

1361 1872 1474 1899 quoque
1491 1872 1592 1900 genere
1604 1863 1722 1893 videbis.

1343 1900 1385 1929 Ad
1396 1899 1421 1928 se
1432 1907 1594 1930 convertere
1605 1902 1631 1932 δι
1644 1911 1742 1939 rapere
1758 1901 1862 1932 dicitur
1874 1912 1917 1933 res
1928 1903 2030 1940 aliqua.
2052 1902 2114 1933 Cic.
2127 1912 2154 1933 2.
2169 1903 2227 1934 Off.
2244 1913 2287 1941 37.

1341 1937 1512 1968 Convertere
1522 1939 1652 1969 homines
1664 1940 1694 1968 in
1703 1940 1928 1971 admirationem.
1963 1941 2020 1970 Liv.
2038 1950 2083 1970 22.
2098 1951 2140 1977 30.
2158 1951 2197 1980 pr.
2220 1942 2346 1974 Profed'ti.
2363 1944 2477 1980 agmine

1362 1976 1539 2020 incedentes,
1553 1978 1589 2006 ad
1602 1978 1754 2007 Dit‘tatoris
1772 1978 1878 2015 castraff,
1899 1978 1928 2008 in
1947 1980 2167 2010 admirationem
2187 1981 2214 2010 ἃ
2229 1980 2319 2018 ipsum
2341 1982 2477 2011 &omnes

1363 2023 1493 2050 qu1crrca
1508 2022 1586 2045 erant
1598 2037 1606 2050 ‚
1628 2022 1838 2045 converterunt.

1335 2049 1416 2081 ‘Cum
1430 2059 1494 2082 aetas
1509 2059 1555 2083 tua
1568 2052 1697 2092 septenos
1706 2054 1795 2084 octies
1806 2054 1870 2084 solis
1880 2054 2019 2085 anfractus
2029 2077 2037 2090 ,
2056 2054 2217 2091 reditusque
2228 2058 2406 2086 converterit.
2431 2057 2477 2087 Fi-

1362 2097 1457 2127 gurata
1467 2090 1606 2157 loquutio.
1644 2092 1702 2122 Cic.
1715 2093 1744 2121 in
1754 2092 1852 2122 Somn.
1864 2092 1940 2131 Scip.
1955 2101 1980 2130 3.
2010 2093 2038 2123 h.
2055 2103 2080 2123 e.
2102 2093 2195 2124 Sex&
2211 2095 2414 2132 quinquaginta
2429 2105 2479 2125 an-

1365 2137 1418 2157 nos
1429 2138 1464 2158 na
1479 2138 1511 2159 us
1523 2138 1585 2159 eris.

1342 2165 1515 2196 Convertere
1525 2168 1555 2196 in
1565 2167 1726 2198 amicitiam.
1751 2167 1837 2198 Plaut.
1855 2167 1942 2198 Stich.
1956 2176 1982 2204 3.
1995 2177 2020 2198 1.
2035 2176 2079 2206 13.

1437 2204 1469 2234 In
1484 2205 1635 2234 amicitiam
1650 2211 1732 2243 atque
1746 2206 1775 2235 in
1790 2206 1908 2244 gratiam
1923 2207 2126 2236 convortimus.
2208 2207 2324 2238 subaud.
2348 2207 2417 2238 Nos.

1343 2240 1389 2286 Ne
1397 2241 1426 2271 in
1435 2243 1541 2280 graveis
1551 2243 1714 2273 inimicitias
1721 2250 1888 2274 convertant
1898 2243 1924 2274 se
1934 2245 2078 2281 amicitiae,
2090 2245 2257 2276 cavendum.
2281 2246 2341 2277 Cic.
2354 2247 2391 2277 de
2402 2247 2479 2278 Ami-

1364 2286 1412 2310 cit.
1425 2286 1471 2315 80.

1341 2317 1482 2348 Conversa
1490 2318 1519 2348 in
1529 2318 1722 2349 crudelitatem
1734 2318 1895 2349 clementia.
1918 2319 1977 2350 Cic.
1989 2328 2016 2356 7.
2038 2321 2068 2350 in
2083 2320 2158 2351 Verr.
2175 2329 2238 2357 114.

1342 2355 1506 2386 Pei-movere
1518 2358 1544 2386 Sc
1554 2364 1718 2387 convertere
1729 2357 1847 2387 animos.
1871 2357 1929 2387 Cic.
1943 2359 1972 2388 in
1984 2358 2062 2388 Orat.
2076 2368 2121 2388 20.

1343 2394 1476 2424 Animum
1486 2401 1650 2425 convertere
1659 2396 1694 2425 ad
1705 2395 1849 2425 crudelem
1861 2395 2064 2434 superbamque
2075 2398 2142 2427 vim.
2165 2395 2224 2427 Liv.
2238 2404 2263 2434 3.
2277 2407 2323 2434 44.

1343 2432 1461 2462 Animos
1471 2433 1506 2462 ad
1515 2442 1610 2471 agrum
1622 2433 1784 2463 colendum.
1806 2433 1866 2464 Liv.
1880 2437 1926 2464 26.
1941 2445 1989 2470 40.

1343 2470 1664 2538 Anirgoqqimpssritorum
1671 2472 1707 2502 ad
1719 2471 1838 2502 deorum
1847 2471 1956 2502 cultum
1966 2482 1982 2502 a
1990 2473 2056 2503 vitae
2066 2472 2204 2511 pravitate
2218 2478 2390 2504 convertere.
2413 2472 2473 2505 Cic.

1368 2518 1391 2537 ι.
1426 2518 1441 2538 e
1478 2514 1514 2538 at.
1555 2518 1610 2538 eor.
1624 2518 1667 2546 77.

1345 2546 1460 2576 Animos
1471 2547 1500 2576 in
1509 2546 1679 2577 hilaritatem
1689 2546 1817 2577 risumve.
1837 2546 1897 2578 Cic.
1908 2547 1938 2577 in
1949 2547 2026 2578 Orat.
2040 2552 2103 2583 138.

1344 2585 1477 2614 Animum
1487 2585 1522 2614 ad
1532 2585 1642 2615 labores
1652 2585 1779 2621 alicujus.
1802 2584 1891 2616 Valer.
1902 2598 1929 2622 4.
1948 2587 2047 2624 Argon.
2061 2595 2124 2623 539.

1345 2622 1477 2652 Animum
1489 2623 1524 2652 ad
1532 2624 1646 2661 negotia
1657 2624 1770 2653 urbana.
1792 2623 1852 2653 Liv.
1869 2633 1893 2654 ι.
1908 2634 1952 2661 ςς.
1966 2631 2009 2663 pt.

1344 2661 1478 2690 Animum
1490 2660 1608 2697 alicujus
1625 2662 1655 2690 in
1666 2660 1700 2691 se.
1726 2661 1782 2690 Liv.
1798 2671 1843 2696 24.
1857 2672 1885 2696 4.

1343 2698 1488 2728 Auxilium
1497 2700 1526 2728 in
1538 2700 1705 2737 perniciem.
1745 2699 1805 2729 Cic.
1821 2699 1851 2728 in
1866 2698 1954 2729 Pison.
1969 2709 2011 2735 19.
2034 2699 2148 2730 Auxilio
2165 2700 2233 2730 mihi
2247 2710 2318 2739 opus
2336 2698 2427 2732 fuerat
2445 2703 2474 2732 ἃς

1364 2736 1492 2766 Consulis
1512 2738 1538 2767 &
1555 2737 1694 2767 Senatus:
1715 2744 1837 2775 quorum
1850 2734 1970 2767 alterum
1986 2737 2070 2767 etiam
2085 2739 2121 2767 ad
2136 2740 2289 2776 perniciem
2309 2749 2399 2768 meam
2419 2745 2478 2769 erat

1365 2784 1380 2804 a
1395 2775 1473 2804 vobis
1483 2774 1651 2805 Consulibus
1662 2775 1826 2805 conversum
1837 2797 1845 2811 ,
1867 2775 1986 2806 alterum
1998 2776 2172 2813 Reipublicae
2187 2778 2300 2814 penitus
2318 2784 2456 2815 ereptum.

1344 2810 1453 2843 Bellum
1464 2812 1548 2842 civile
1558 2812 1817 2851 periculosissimum
1826 2814 2040 2851 maximumque
2052 2814 2227 2844 humanitate
2245 2816 2271 2845 &
2286 2814 2424 2853 sapientia
2442 2815 2480 2846 ad

1361 2860 1460 2888 pacem
1470 2852 1710 2888 concordiamque
1723 2859 1899 2881 convertere.
1922 2852 1980 2881 Cic.
1996 2863 2020 2887 ς.
2032 2852 2153 2889 Philipp.
2165 2862 2212 2886 40·

1341 2889 1434 2919 Castra
1445 2889 1546 2919 castris.
1569 2890 1587 2918 i.
1597 2896 1622 2919 e.
1645 2889 1836 2920 commutare.
1874 2889 1940 2919 Caesl
1955 2899 1978 2919 1.
1996 2890 2063 2919 Bell.
2078 2889 2159 2919 Civil.
2174 2899 2234 2928 cap.
2250 2896 2296 2925 gr.
2319 2890 2410 2921 Tot‘ta
2421 2901 2476 2922 no-

1362 2928 1405 2956 <er
1416 2926 1589 2957 munitiones
1599 2927 1747 2965 proferunt
1756 2950 1764 2963 ,
1786 2928 1925 2965 castraque
1933 2928 2027 2958 castris
2035 2934 2216 2958 convertunt.

1341 2964 1446 3032 Copjias
1457 2966 1667 3033 cogyerterefad
1677 2965 1833 3003 periculum
1851 2967 1964 3004 patriae,
1985 2975 2052 3003 quas
2067 2965 2242 2996 simulatione
2260 2965 2340 3004 Reip.
2359 2976 2478 3006 compa,

1362 3013 1389 3032 ra
1412 3009 1468 3032 ant.
1514 3013 1548 3033 lc.
1564 3013 1575 3032 1
1585 3013 1607 3033 r.
1643 3013 1697 3033 am.
1714 3014 1724 3032 1
1749 3026 1756 3032 .

1340 3040 1458 3071 Crimen
1468 3041 1630 3071 inlaudern.
1665 3013 1787 3079 Cic.3pr0
1798 3041 1888 3072 Flacc.
1905 3045 1950 3077 69.
1973 3041 2118 3079 Quoniam
2136 3041 2212 3079 quod
2231 3042 2337 3073 crimen
2357 3041 2412 3073 effe
2426 3052 2476 3073 vo.

1362 3078 1435 3109 luisti
1445 3101 1454 3114 ,
1476 3079 1505 3108 id
1515 3085 1608 3109 totum
1619 3080 1698 3109 vides
1710 3080 1739 3108 in
1749 3079 1864 3109 laudem
1878 3078 1932 3109 esse
1942 3079 2117 3109 conversum.

2202 1092 2225 1145 '[
2235 1109 2252 1139 i.
2272 1118 2297 1139 e.
2321 1110 2463 1149 Abripiet‚

1343 3116 1498 3147 Hominem
1512 3125 1674 3147 convertere
1697 3127 1713 3147 a
1733 3117 1946 3147 consuetudine.
1988 3117 2046 3147 Cic.
2062 3127 2085 3146 1.
2117 3117 2152 3147 de
2170 3116 2278 3147 invent.
2294 3125 2319 3151 ι.
2351 3118 2389 3147 Ac
2404 3118 2476 3149 mihi
2526 3110 2530 3111 ⁷

1363 3155 1478 3192 quidem
1488 3154 1599 3184 videtur
1607 3156 1664 3185 hoc
1676 3177 1684 3191 ,
1705 3165 1759 3185 nec
1771 3156 1856 3186 tacita
1870 3177 1878 3191 ,
1899 3165 1952 3185 nec
1963 3156 2044 3193 inops
2058 3155 2173 3185 dicendi
2182 3155 2317 3193 sapientia
2336 3155 2473 3192 perficere

1362 3192 1483 3231 potuisse
1494 3215 1502 3228 ,
1525 3199 1556 3222 ut
1565 3193 1695 3223 homines
1709 3203 1724 3223 a
1737 3193 1940 3224 consuetudine
1950 3193 2039 3222 subito
2053 3199 2246 3229 converteret,
2268 3195 2294 3223 &
2306 3193 2341 3223 ad
2350 3194 2473 3225 diversas

1360 3231 1424 3260 vitae
1435 3231 1556 3261 rationes
1567 3231 1733 3261 traduceret.
1771 3231 1789 3261 i.
1803 3241 1827 3261 e.
1851 3233 2002 3261 Averteret.

1342 3269 1385 3298 Ad
1397 3269 1478 3299 dolos
1494 3269 1521 3299 se
1535 3276 1708 3299 convertere.
1749 3270 1851 3298 Auctor
1865 3270 1901 3298 de
1921 3269 1976 3298 Vir.
1988 3268 2073 3298 illust.
2096 3276 2156 3306 cap.
2174 3278 2218 3305 ¹4-
2231 3277 2256 3304 3.
2287 3268 2419 3299 Veientes
2437 3270 2476 3300 ad

1364 3307 1446 3336 dolos
1459 3307 1581 3336 conversi
1593 3330 1601 3343 ,
1626 3317 1728 3345 pecora
1738 3316 1773 3336 ex
1783 3307 1898 3336 adverso
1912 3307 1941 3336 in
1955 3306 2105 3344 conspeetu
2117 3306 2231 3336 illorum
2242 3305 2401 3344 posuerunt.

1342 3342 1502 3375 Exercitum
1513 3352 1698 3380 convertere,
1719 3345 1795 3381 quod
1807 3345 1906 3382 vulgus
1920 3345 1991 3374 dicit
2014 3349 2101 3372 Facere
2121 3345 2263 3379 monstram.
2285 3343 2357 3374 Gell.
2378 3344 2427 3374 lib.
2447 3356 2472 3381 ς.

1363 3393 1425 3422 cap.
1443 3393 1467 3419 ς.
1491 3383 1665 3413 Ostendebat
1675 3384 1700 3412 ei
1712 3382 1864 3412 Antiochus
1874 3383 1902 3412 in
1915 3391 2014 3421 campo
2027 3383 2272 3419 copiasingentes,
2289 3392 2357 3418 quas
2366 3381 2476 3414 bellum

1363 3421 1432 3459 Pop.
1446 3421 1576 3450 Romano
1592 3420 1716 3451 'facturus
1728 3442 1737 3456 ,
1760 3428 1987 3458 comparaverat,
2010 3419 2246 3457 convertebatque
2262 3421 2418 3452 exercitum
2432 3422 2476 3452 in-

1363 3459 1485 3495 signibus
1501 3460 1638 3495 argenteis
1652 3461 1678 3489 &
1693 3459 1783 3488 aureis
1798 3458 1956 3489 florentem.

1343 3497 1458 3528 Ferrum
1471 3498 1498 3525 in
1511 3497 1642 3534 aliquem.
1667 3497 1740 3534 Virg.
1753 3506 1779 3531 9.
1793 3496 1854 3526 AEn.
1865 3504 1931 3533 427.

1343 3530 1495 3565 Fortunam
1506 3535 1534 3563 in
1545 3534 1668 3572 culpam.
1692 3535 1749 3563 Cic.
1764 3543 1814 3572 pro
1826 3533 1922 3564 stabit.
1937 3534 2006 3564 Post.
2025 3542 2068 3568 29.

1343 3573 1376 3603 In
1387 3573 1481 3610 fugam
1493 3572 1652 3602 conversus.
1693 3572 1750 3601 Liv.
1764 3580 1807 3608 30.
1823 3577 1865 3606 18.
1881 3580 1950 3602 extr.
1974 3571 2151 3608 Posteaquam
2161 3570 2266 3601 femine
2280 3570 2413 3602 transfixo
2429 3582 2476 3604 ca.

1364 3611 1479 3640 dentem
1494 3631 1502 3644 ,
1524 3610 1681 3646 auferrique
1701 3620 1735 3640 ex
1749 3608 1846 3647 praelio
1865 3619 1954 3648 prope
1966 3618 2125 3647 exanguem
2139 3609 2236 3639 videre
2248 3630 2256 3646 ‚
2279 3610 2425 3648 extemplo
2444 3613 2475 3641 in

1363 3649 1458 3685 sugam
1466 3656 1566 3676 omnes
1577 3648 1710 3677 conversi.

1345 3684 1449 3724 Fugam
1461 3684 1583 3714 clamore
1594 3690 1771 3714 convertunt.
1809 3683 1882 3721 Virg.
1899 3693 1941 3714 12.
1952 3684 2013 3714 AEn.
2029 3693 2095 3720 ²5²·
2123 3684 2142 3713 i.
2153 3693 2179 3714 e.
2200 3684 2334 3716 Redeunt
2342 3696 2407 3717 cum
2420 3686 2476 3716 cla-

1364 3733 1457 3757 more,
1477 3723 1547 3752 sicut
1559 3723 1588 3751 in
1599 3724 1724 3752 exercitu
1738 3722 1806 3750 solet
1820 3722 1889 3751 fieri.
1920 3723 2041 3752 Servius.

1345 3761 1453 3792 Gaudia
1461 3766 1622 3789 convertere
1634 3761 1663 3788 in
1674 3760 1824 3789 diversum.
1865 3759 1935 3790 Plin.
1947 3766 1973 3795 8.
1991 3759 2073 3798 Epist.
2084 3768 2129 3796 ²3·
2151 3759 2209 3789 Tot
2217 3759 2278 3799 spes
2290 3783 2299 3797 ,
2321 3767 2363 3792 tot
2373 3762 2474 3799 gaudia

1365 3800 1425 3829 dies
1437 3808 1509 3828 unus
1523 3798 1551 3826 in
1568 3797 1671 3827 diversa
1685 3799 1832 3827 convertit.

1346 3836 1456 3867 Greffus
1465 3842 1645 3870 convertere,
1668 3835 1752 3865 Retro
1762 3836 1880 3868 cedere,
1901 3834 2003 3873 pedem
2016 3834 2126 3864 referre.
2149 3835 2197 3865 Sil.
2207 3835 2256 3866 lib.
2270 3844 2312 3873 ¹3·
2326 3845 2390 3872 ²50-

1345 3874 1486 3911 Impetum
1498 3872 1576 3902 suum
1590 3874 1700 3902 fortuna
1710 3873 1745 3902 ad
1757 3883 1805 3902 eos
1816 3874 1963 3902 convertit.
1986 3872 2045 3902 Cic.
2061 3881 2084 3907 3.
2101 3872 2183 3902 Tusc.

1346 3913 1380 3943 In
1389 3912 1488 3942 serium
1500 3919 1661 3940 convertere
1671 3911 1745 3948 quod
1755 3920 1805 3947 per
1814 3911 1911 3946 jocum
1924 3911 2029 3940 distum
2039 3912 2083 3939 est.
2100 3910 2184 3940 Plaut.
2197 3910 2273 3940 Poen.
2288 3921 2311 3945 ς.
2324 3921 2347 3942 ς.
2358 3918 2404 3945 42.

1427 3963 1464 3988 'T‘
1472 3948 1541 3978 'neus
1552 3955 1581 3979 tu
1591 3948 1610 3977 si
1620 3949 1687 3985 quid
1696 3958 1745 3986 per
1754 3949 1850 3985 jocum
1945 3948 2021 3984 Dixi,
2034 3947 2126 3978 nolito
2136 3949 2167 3977 in
2175 3947 2274 3978 serium
2283 3954 2455 4014 convertereI.

2457 3995 2475 4014 n
