2641 4187
437 132 465 168 A
561 133 589 167 L
686 130 714 167 A

64 202 170 247 lla-rnen
187 213 320 251 aligerum
336 236 344 249 ‚
369 214 387 243 i.
409 223 432 243 e.
452 215 529 243 Aves.
552 212 624 250 Virg.
645 222 686 242 12.
711 213 769 243 IEn.
791 222 855 250 249.

65 249 156 287 Aliger
174 252 272 287 Arcas,
293 262 342 289 pro
363 251 511 280 Mercurio.
534 251 600 280 Stat.
617 260 640 286 3.
671 250 743 287 Sylv.
759 257 782 287 3.
796 257 841 286 30.

122 289 229 317 Summi
246 289 318 318 lovis
334 289 418 325 aliger
435 290 516 317 Arcas
587 289 719 317 Nuntius.

67 324 162 354 Genus
181 325 324 363 aligerum.
348 327 410 355 Seri.
424 327 453 354 in
473 325 585 363 Hippoi.
605 335 629 354 ν.
647 332 708 361 338.
746 326 827 364 Ignes
839 327 921 358 sentit
937 337 1023 366 genus
1045 327 1187 365 aligerum.

84 362 110 391 h.
134 372 158 392 e.
181 364 265 392 etiam
283 373 346 392 aves
359 363 482 392 sentiunt
496 364 621 392 flammas
631 363 741 392 amoris.

8 422 11 429 .
30 399 180 436 Arrium,
203 401 271 430 edis.
294 397 488 437 [or7egv29'msr]
510 409 545 429 ex
558 400 604 429 Ala
616 422 623 434 ,
646 402 672 430 δε
690 400 747 430 Pes.
789 402 861 432 Hinc
875 403 966 441 Alipes
978 413 1088 439 currus,
1122 403 1140 431 i.
1162 413 1185 432 e.

67 435 162 468 Velox.
184 438 231 467 Sil.
245 438 303 467 Ital.
320 437 366 467 lib.
381 447 406 476 7.
419 446 482 469 700.
504 437 651 475 Alipedeiii
666 437 760 475 planta
772 449 882 469 currum
897 443 1005 479 premit.

66 474 198 512 alipedes
211 476 292 512 equi,
314 476 332 504 i.
351 485 376 504 e.
398 475 522 504 Veloces.
564 475 636 512 Virg.
654 485 695 504 12.
717 477 778 505 lEn.
793 484 857 514 484.

139 512 343 550 Alipedumque
357 514 450 550 fugam
463 513 541 542 cursu
556 514 672 542 tentavit
688 524 833 551 equorum.
916 517 961 546 Sic
974 516 1057 546 Ovid.
1067 525 1093 545 2.
1116 514 1186 544 Met.

84 554 129 583 48.
148 549 183 579 de
192 550 269 587 equis
281 550 353 579 Solis
362 551 445 580 verba
453 550 566 581 faciens.

65 585 195 625 Alipedes
207 610 214 623 ‚
235 598 286 625 pro
300 588 382 625 Equis
400 588 552 618 velocibus.
594 589 666 626 Virg.
678 597 703 626 7.
722 588 784 618 ffin.
797 599 861 627 277.

136 625 264 655 Instratos
280 626 351 655 ostro
369 625 510 664 alipedes,
533 626 669 665 pictisque
686 628 797 665 tapetis.

55 690 58 692 ,
83 670 135 692 mae
144 663 219 700 apud
229 663 275 693 Sil.
285 663 345 693 Ital.
356 663 405 693 lib.
421 673 432 692 1
442 675 464 699 ς.
480 675 490 699 ς
500 675 540 700 54.

64 698 163 736 Cervi,
185 701 202 730 i.
224 710 248 731 e.
271 700 397 731 Veloces.
420 701 529 731 Lucret.
541 701 589 731 lib.
602 705 628 731 6.
642 705 705 739 765.

62 736 150 768 Citus.
175 738 241 768 Stat.
257 749 300 768 11.
319 739 410 769 Theb.
428 746 488 775 198.

63 774 156 843 Allvilpes
168 776 255 814 deus,
275 777 433 807 Mercurius
446 778 532 807 alatos
540 774 748 816 pedesliabens.
773 777 857 823 vaid.
878 790 903 815 ς,
921 779 988 810 Fast.
1009 790 1072 811 100.
1093 781 1120 811 &
1144 790 1187 811 11.

51 829 55 835 ·
116 820 151 843 et.
184 824 226 844 12.

27 848 114 881 Διῑρ
123 823 186 881 i‘t3u
195 861 222 887 s,
244 851 263 881 i.
286 850 534 890 [maxumin-em]
557 853 615 890 Qui
626 853 731 882 alarum
744 852 817 890 pilos
828 855 856 883 in
869 854 974 884 balneis
985 866 1067 886 manu
1079 856 1190 886 autvol-

62 886 134 919 sellis
143 889 228 919 vellit.
250 890 314 920 Seri.
328 891 412 928 Epist.
427 895 469 928 56.
492 891 624 929 Alipilum
634 890 725 927 cogita
737 913 743 925 ,
766 898 879 921 tenuem
891 894 916 921 ἃ
930 892 1067 923 stridulam
1077 903 1189 930 vocem,

64 931 120 965 quo
131 927 163 956 sit
170 927 330 964 notabilior,
339 929 456 958 subinde
466 930 669 967 exprimentem
678 950 685 963 ,
696 938 749 957 nec
760 939 882 966 unquam
894 936 1033 961 tacentem
1046 933 1092 961 nili
1103 942 1190 970 quum

61 965 118 995 alas
127 965 214 1002 vellit,
226 967 252 996 ἂν
262 966 346 996 alium
355 977 406 1004 pro
418 967 444 996 se
455 967 574 996 clamare
584 967 667 1004 cogit.
704 966 768 996 Crel.
780 966 826 997 lib.
840 977 884 1004 30.
904 978 964 1006 cap.
986 980 1027 1005 19-
1049 972 1075 1000 Sc
1086 974 1128 999 16.
1142 974 1187 1006 46.

61 1001 95 1034 In
109 1001 207 1033 Glossis
219 1004 257 1033 est
275 1014 294 1033 A
306 1015 322 1032 L
332 1015 342 1033 r
352 1015 385 1033 Pr
396 1015 465 1034 LAR
476 1016 484 1033 i
496 1014 515 1034 u
525 1015 537 1034 s
547 1027 555 1041 ,
577 1003 740 1041 Jpasmxoehc,
761 1006 808 1042 qui
817 1005 947 1044 dropace,
967 1007 985 1036 i.
997 1017 1020 1037 e.
1046 1014 1190 1046 unguento

62 1041 146 1078 epice
155 1041 228 1079 pilos
246 1041 333 1071 vellit.
375 1042 406 1071 V.
431 1053 449 1071 D
459 1053 475 1071 R
485 1052 502 1071 0
512 1053 526 1071 P
534 1053 550 1071 A
562 1051 589 1072 x.

27 1078 98 1109 Am
108 1089 122 1107 B
131 1088 151 1107 A
159 1100 167 1114 ,
190 1079 340 1117 Oppidum
350 1079 488 1118 Hispaniae
497 1080 719 1111 Tarraconensis.
757 1083 829 1112 Sunt
835 1081 911 1111 enim
921 1088 975 1112 tres
994 1083 1076 1113 urbes
1086 1084 1115 1112 iri
1124 1083 1191 1113 Tar-

64 1116 222 1153 raconensi,
243 1116 346 1154 Alaba,
366 1117 474 1148 Alabon
491 1117 545 1148 sive
564 1119 704 1155 Alabona,
727 1120 753 1150 8:
778 1120 896 1150 Labana.
934 1120 1050 1151 Ptolem.
1077 1121 1187 1152 author.

35 1172 42 1188 ‚l
60 1153 185 1184 Hermol.
198 1154 286 1185 inlib.
301 1165 325 1191 3.
354 1155 423 1185 Plin.
441 1166 502 1194 cap.
514 1165 537 1193 3.

55 1201 259 1228 LABENSES,
288 1193 322 1222 ab
342 1193 446 1223 Alaba:
483 1194 761 1225 ALABONENSES
774 1218 781 1231 ,
803 1195 838 1224 ab
864 1195 988 1225 Alabone
1005 1197 1113 1235 oppido
1129 1204 1190 1227 non

62 1229 160 1269 procul
175 1229 382 1269 Caesaraugusta.
392 1231 519 1261 Hermol.
532 1231 619 1270 inl.3.
640 1231 710 1262 Plin.
725 1243 750 1263 c.
763 1243 787 1270 3.
811 1233 985 1270 [legendum
994 1234 1187 1265 Alabanenses.

5 1284 11 1298 ι
54 1278 255 1304 ιΛΒΑΝοΑ,
279 1270 393 1305 ae,s1ve
412 1270 626 1299 ALABANDA
638 1292 645 1306 ,
666 1280 754 1300 orum.
777 1281 805 1300 ri.
831 1271 869 1309 pl.
901 1271 1083 1308 [Α’λαρἔνᾶοι]
1117 1273 1189 1303 Urbs

4 1307 7 1310 ⁴
61 1305 162 1342 Cariae,
183 1306 326 1344 Stephano
337 1308 367 1336 in
378 1307 487 1336 Comm.
506 1308 541 1337 de
554 1307 686 1343 urbibus,
708 1308 742 1338 ab
752 1309 905 1343 Alabando,
924 1309 1026 1347 Euippi
1037 1311 1084 1346 (al.
1097 1311 1188 1347 Caris)

59 1342 140 1383 filio,
161 1354 245 1382 quem
254 1355 289 1374 ex
300 1345 440 1375 Callirhoe
457 1345 593 1375 Maeandri
611 1346 668 1375 filia
676 1345 811 1385 suscepit,
833 1348 996 1382 conditore.
1019 1358 1124 1378 nomen
1135 1349 1189 1378 sor-

60 1382 113 1411 'tita
121 1382 167 1411 est.
199 1383 344 1420 Siquidem
354 1384 376 1413 is
391 1384 536 1422 postquam
546 1385 576 1413 in
586 1384 702 1421 equestri
712 1385 808 1423 praelio
819 1385 927 1414 strenue
937 1386 1186 1424 navassetoperam,

59 1419 216 1450 Alabandus
234 1422 273 1450 est
287 1421 391 1451 dictus:
412 1422 430 1450 i.
453 1432 477 1451 e.
499 1422 577 1459 Equo
598 1422 723 1452 vinceris.
774 1423 856 1453 Cares
875 1424 952 1452 enim
965 1423 1011 1453 sua
1026 1424 1121 1462 lingua
1136 1425 1189 1452 Ala

59 1466 162 1488 vocarit
174 1468 278 1496 equum
292 1481 300 1494 ,
318 1461 408 1487 Banda
424 1459 577 1490 vidtoriam.
618 1460 742 1497 Eamque
756 1469 855 1490 vocem
865 1483 872 1496 ,
893 1462 932 1490 ait
942 1462 1038 1500 Steph.
1053 1462 1189 1492 Romanis

57 1496 90 1525 in
98 1496 146 1526 usu
156 1495 250 1533 fuisse,
272 1504 304 1526 ut
315 1497 439 1527 Bandam
450 1499 594 1527 victoriam
604 1498 738 1528 dicerent.
780 1499 855 1529 Hinc
868 1499 947 1528 durat
960 1501 986 1530 δε
1001 1500 1144 1530 Germanis
1155 1510 1189 1529 ea

59 1541 115 1564 vox
126 1556 135 1570 ,
155 1544 209 1572 qua
223 1541 428 1573 praepotentem
438 1537 465 1565 Sc
476 1537 596 1574 antiquae
607 1535 763 1566 nobilitatis
782 1538 940 1575 principem
952 1559 959 1573 ,
980 1539 1122 1566 Banderum
1139 1548 1188 1567 vo>-

60 1578 142 1607 cant‚
161 1579 193 1602 ut
204 1574 252 1610 qui
270 1574 359 1603 νὶᾶοῑ
372 1573 441 1603 olim
453 1574 507 1603 hoc
522 1574 637 1604 honoris
646 1575 748 1604 virtute
759 1575 860 1604 bellica
875 1574 923 1603 sibi
940 1577 1087 1614 pepererit.
1127 1575 1189 1606 Ala-

57 1608 158 1640 bandae
176 1621 232 1648 quo
251 1621 287 1641 ue
304 1612 416 1641 alterius
434 1612 464 1641 in
479 1612 577 1641 eadem
589 1612 668 1642 Caria
676 1613 835 1651 Stephanus
845 1612 983 1642 meminit.
1005 1614 1188 1652 [Quanquam

57 1647 106 1677 alii
117 1648 243 1688 Geograp
266 1650 274 1678 i
287 1651 370 1679 unius
384 1651 560 1680 mentionem
569 1651 680 1681 faciant.

57 1685 246 1754 ΑΙῙεὼωιάωὲ,
271 1688 395 1718 recenset
405 1687 504 1724 Juven.
524 1698 549 1726 3.
562 1689 617 1719 Sat.
631 1698 676 1727 70.
697 1689 772 1719 inter
783 1688 866 1719 urbes
877 1689 1025 1719 barbaricis
1034 1689 1143 1720 deliciis
1155 1699 1187 1720 ac

88 1734 145 1754 uxu
178 1735 207 1754 er
229 1732 297 1761 itas,

130 1735 187 1792 fise
201 1763 256 1793 alta
270 1764 391 1802 Sicyone
402 1786 411 1800 ,
432 1765 471 1794 ast
485 1764 533 1794 hic
552 1764 699 1802 Amydone
717 1764 812 1795 relidta
825 1787 833 1801 ,
915 1796 916 1799 Ἴ

133 1800 189 1830 Hic
199 1802 294 1831 Andro
307 1824 315 1838 ,
336 1802 383 1832 ille
392 1803 475 1832 Samo
485 1825 492 1838 ,
514 1802 562 1832 hic
575 1803 715 1833 Trallibus
729 1809 777 1832 aut
788 1801 946 1834 Alabandis.
1028 1803 1187 1841 Stephanus

34 1858 38 1865 .
74 1845 188 1876 quoque
199 1840 348 1876 admonet,
373 1840 442 1870 olim
453 1840 622 1870 Alabandam
632 1841 703 1871 inter
716 1841 803 1871 Cariae
811 1842 937 1871 civitates
950 1840 1187 1878 opulentiffimam

34 1899 36 1905 ,
74 1885 108 1905 ac
116 1876 337 1908 florentissimam
346 1878 426 1908 fuiffe
436 1901 445 1913 ,
466 1885 498 1908 ut
510 1879 659 1917 proverbio
680 1879 777 1909 locum
791 1880 905 1908 fecerit:
928 1878 1069 1908 Alabanda
1083 1879 1187 1909 Carum

73 1913 295 1946 fortunatissima.
336 1916 423 1953 Quod
435 1917 599 1954 quadrabit,
620 1917 667 1947 ubi
684 1917 813 1947 volemus
828 1917 947 1955 intelligi
964 1916 1114 1946 Fortunam
1129 1927 1187 1947 amo

97 1951 152 1982 lam
164 1975 173 1988 ,
191 1955 290 1983 &vitae
307 1964 394 1992 genus
412 1955 603 1993 voluptarium
614 1977 622 1991 ,
644 1955 754 1985 aliteris
773 1957 800 1985 ἃ
814 1956 922 1985 virtutis
940 1955 1030 1984 studio
1050 1955 1184 1985 alienum.

100 1990 167 2020 eluti
176 1991 195 2020 si
206 1991 282 2022 dicat
291 1992 398 2022 aulicus
408 1999 455 2022 aut
462 1993 618 2031 negotiator
628 1994 766 2031 quispiam
776 2004 782 2023 :
804 1994 855 2023 Alii
865 1993 891 2022 se
898 1994 928 2022 iri
937 1993 1025 2022 literis
1032 2000 1185 2036 macerent,

73 2028 121 2058 alii
142 2038 206 2059 cum
226 2037 391 2069 paupertate
406 2031 639 2070 philosophentur
653 2054 661 2067 ,
682 2031 824 2061 Alabanda
840 2031 941 2061 Carum
961 2031 1183 2061 fortunatissima.

72 2065 215 2098 Poterit&
226 2078 277 2106 per
296 2069 449 2098 irrisionem
464 2069 604 2108 usurpari:
624 2069 710 2099 veluti
724 2070 742 2099 fi
755 2070 855 2106 joceris
874 2070 903 2098 in
914 2070 1075 2106 quempiam
1086 2078 1186 2107 parum

72 2106 216 2143 egregium
226 2128 234 2142 ,
257 2107 305 2144 qui
315 2112 408 2136 tamen
422 2108 453 2137 in
463 2113 546 2145 gente
559 2107 740 2138 vehementer
751 2108 866 2138 barbara
875 2107 1014 2144 crassaque
1023 2107 1184 2146 praecellere

72 2143 207 2174 videatur.
247 2144 349 2174 Erasm.
364 2145 395 2174 in
405 2145 524 2175 Chiliad.

0 2198 1 2203 =
25 2180 268 2219 A‘Lasaunus,
290 2181 497 2220 [Ᾱλοίζαινὲῶυ]
519 2183 554 2213 de
573 2193 629 2221 quo
637 2183 721 2223 paulo
734 2178 824 2222 supra,
845 2193 896 2221 pro
915 2182 977 2212 Deo
998 2183 1088 2213 cultus
1103 2184 1141 2213 est
1149 2183 1183 2213 ab

4 2231 12 2249 κ
55 2219 298 2251 Alabandensibus.
323 2220 390 2251 Cic.
405 2231 428 2258 3.
442 2222 478 2251 de
488 2222 552 2252 Nat.
566 2221 649 2251 Deor.
664 2233 707 2260 50.
730 2221 933 2252 Alabandenses
943 2222 1185 2259 quidemsanctius

5 2267 10 2271 ’
55 2257 230 2288 Alabandum
238 2258 352 2295 colunt,
374 2269 390 2289 a
403 2270 459 2298 quo
467 2260 508 2290 ‘est
521 2259 587 2290 urbs
603 2260 651 2290 illa
666 2261 782 2290 condita
793 2282 801 2295 ,
823 2270 907 2298 quam
925 2269 1084 2298 quenquam
1103 2259 1185 2289 nobi-

3 2319 14 2335 ..
50 2290 125 2325 iium
141 2297 279 2327 deorum:
301 2297 378 2335 apud
394 2308 465 2335 quos
480 2308 539 2328 nori
550 2298 688 2328 inurbane
705 2298 896 2333 Stratonicus,
921 2308 1007 2336 quum
1022 2298 1138 2335 quidam
1156 2299 1184 2328 ei

0 2336 11 2370 '⁴
52 2332 192 2365 molestius
206 2334 381 2365 Alabandum
390 2336 475 2367 deum
484 2336 538 2366 esse
552 2336 746 2373 confirmaret,
768 2336 919 2366 Herculem
928 2344 1059 2374 negaret:
1091 2336 1183 2374 Ergo,

53 2366 143 2410 inquit
156 2395 164 2409 ,
185 2373 256 2403 mihi
263 2373 422 2404 Alabandus
437 2397 445 2411 ,
466 2374 518 2404 tibi
529 2375 664 2405 Hercules
678 2375 811 2404 litiratus.

45 2419 329 2445 LABANDENSIS,
355 2413 383 2442 δε
401 2414 686 2450 ΛιΑΒΑΝΒευε,
706 2414 768 2449 Adj.
791 2413 849 2442 Cic.
863 2421 905 2450 13.
930 2411 1006 2443 Fam.
1025 2415 1069 2449 56.

51 2446 245 2479 Alabandensis
258 2449 433 2488 Apollonius.
456 2450 514 2480 Cic.
529 2461 553 2481 1.
575 2451 612 2481 de
624 2451 702 2481 Orat.
720 2462 766 2490 75.
845 2487 850 2494 ἱ
1050 2489 1056 2495 ἱ

13 2496 17 2503 ”
51 2485 271 2554 Algbandensem
280 2487 362 2525 illum
369 2488 533 2519 Meneclem
548 2511 557 2525 ‚
578 2490 605 2519 ἃ
623 2490 682 2526 ejus
694 2490 807 2520 fratrem
816 2489 987 2519 Hieroclem.
1025 2488 1084 2519 Cic.
1102 2498 1128 2520 2.
1145 2489 1182 2520 de

100 2532 149 2556 rat.
205 2550 211 2556 .

53 2558 150 2630 qualis
166 2537 199 2594 191i
205 2565 318 2596 historia
326 2564 451 2595 Timaeus
461 2587 469 2601 ,
491 2565 522 2595 in
535 2565 659 2595 dicendo
677 2572 774 2596 autem
786 2566 880 2604 pueris
894 2565 976 2595 nobis
991 2565 1137 2596 Hierocles
1148 2566 1182 2597 A-

81 2601 222 2633 abandeus
232 2625 241 2639 ,
254 2603 340 2641 magis
350 2604 435 2633 etiam
444 2603 591 2633 Menecles
598 2604 682 2633 frater
691 2605 751 2641 ejus
760 2605 822 2634 fuit.
846 2604 905 2633 Cic.
919 2605 948 2633 in
965 2604 1051 2633 Bruto
1064 2624 1071 2639 ,
1095 2613 1159 2641 325.

43 2648 168 2670 LABAN
178 2643 244 2671 υἷε
254 2651 311 2677 us,
365 2641 450 2671 offers.
472 2641 636 2672 Alabandici
657 2642 747 2672 libelli
762 2666 769 2678 ‚
791 2652 841 2680 pro
858 2641 983 2672 Barbaris
1002 2644 1028 2672 ὃς
1046 2643 1150 2681 ineptis
1165 2652 1181 2672 a

42 2675 153 2708 Graecis
163 2680 321 2718 capiuntur.
373 2678 471 2709 ermol.
486 2676 517 2709 in
535 2680 606 2709 Plin.
647 2680 677 2710 V.
701 2680 773 2710 Chii.
786 2691 815 2719 p.
828 2690 890 2718 372.

49 2715 233 2756 Alabandicos
243 2717 428 2748 carbunculos
437 2725 518 2747 vocat
527 2717 596 2747 Plin.
607 2717 657 2748 Lib.
672 2728 715 2756 37.
729 2729 790 2757 cap.
808 2729 834 2755 7.
853 2720 882 2748 in
896 2718 1024 2748 Orthofia
1042 2725 1122 2749 caute
1132 2728 1181 2748 na-

8 2756 10 2758 ’
68 2753 175 2784 scentes
192 2777 200 2790 ,
223 2754 270 2785 sed
278 2756 325 2794 qui
335 2755 516 2794 perficiantur
527 2756 725 2794 polianturque
737 2780 745 2793 ,
766 2755 924 2787 Alabandis.

48 2790 233 2822 Alabandicus
243 2793 313 2832 lapis
321 2801 399 2824 terrae
409 2794 463 2824 suae
473 2795 591 2824 nomine
602 2817 610 2829 ,
632 2805 790 2832 quanquam
801 2797 827 2825 Sc
836 2795 929 2825 Mileti
939 2795 1054 2824 nasceris
1075 2817 1084 2830 ,
1099 2795 1180 2833 niger

67 2830 125 2866 est,
147 2831 183 2860 ad
200 2841 353 2870 purpuram
368 2839 464 2862 tamen
483 2831 570 2870 magis
584 2832 696 2870 aspectu
707 2833 879 2863 declinante.
901 2833 1036 2870 Idemque
1057 2832 1180 2871 liquatur

67 2864 144 2906 igni,
165 2878 198 2898 ac
209 2869 335 2900 funditur
351 2871 386 2900 ad
398 2867 478 2900 usum
489 2871 561 2900 vitri.
581 2870 652 2900 Plin.
665 2870 714 2901 lib.
726 2876 769 2907 36.
787 2882 848 2910 cap.
864 2877 890 2906 8.
1005 2909 1010 2914 ι
1088 2908 1093 2915 ο

45 2910 336 2974 ιὲἐειεὲικωυϊουε,
356 2908 425 2945 ffldj.
457 2908 538 2939 Idem
551 2909 628 2946 quod
639 2909 836 2940 Alabandicus.
860 2908 986 2940 Hermol.
1002 2919 1033 2938 in
1054 2908 1125 2941 Plin.
1143 2919 1180 2940 ex

43 2987 256 3019 QABASTER,
291 2993 329 3013 m.
363 2984 418 3014 five
442 2983 709 3020 ALABASTRUS,
740 2985 759 3015 f.
792 2987 819 3016 Sc
839 2987 1118 3019 ALABASTRUM,
1147 2995 1178 3015 n.

38 3018 227 3058 faudem-eo-
239 3043 247 3057 ,
268 3020 426 3059 ἀλάξοιςμσν]
446 3022 498 3052 Vas
508 3024 726 3061 unguentarium
735 3033 771 3053 ex
781 3023 934 3053 alabastrite
945 3023 1057 3053 sadtum.
1080 3023 1138 3052 Cic.
1150 3033 1177 3053 2.

175 3059 286 3096 Qiibus
297 3060 383 3090 etiam
398 3059 529 3091 alabaster
542 3061 644 3099 plenus
659 3063 797 3099 unguenti
816 3063 914 3100 putere
931 3062 1051 3091 videtur.
1087 3061 1175 3091 Mete.

34 3057 132 3240 ⁸{srde
140 3096 202 3126 effe.
222 3107 268 3136 ap.
287 3098 363 3128 Non.
379 3109 422 3135 15.
438 3108 480 3136 17.
501 3099 654 3130 Adnotavit
669 3100 698 3130 h.
709 3099 729 3130 l.
744 3100 780 3130 H.
793 3100 831 3130 St.
844 3099 998 3129 Alabastrus
1007 3099 1093 3138 plena
1104 3121 1112 3135 ,
1133 3099 1180 3129 Sic

32 3132 33 3137 ¹
75 3138 93 3164 ⁷.
113 3133 213 3170 Erasm.
233 3136 334 3165 citatur
351 3137 382 3166 in
401 3137 459 3166 Ada

892 629 939 658 Sic
950 651 958 665 ,
984 629 1114 668 Alipedes
1131 634 1190 658 tur-

0 2007 4 2015 <
0 1618 17 1985 <ref—W
0 1318 15 1604 “ffmwwb
0 760 15 1265 <We-*⁸⁵

47 3205 49 3208 Α
80 3171 136 3202 ‘od
158 3173 250 3203 Cofini
276 3174 407 3204 redolent
423 3146 573 3211 aiasastra,
594 3176 707 3213 focique
724 3176 850 3206 deorum.
880 3174 1001 3205 Martial.
1021 3173 1070 3218 lib.
1095 3184 1136 3204 11.
1149 3184 1176 3210 9.

78 3217 197 3249 ,guenta
217 3212 324 3250 optime
344 3213 486 3243 servantur
503 3213 534 3243 in
553 3213 708 3244 alabastris:
737 3215 838 3245 odores
851 3215 881 3243 in
896 3213 969 3244 oleo.
1001 3212 1071 3242 Phn.
1090 3222 1133 3249 13.
1149 3222 1176 3243 2.

32 3258 35 3261 ·
68 3246 99 3281 Vi.
119 3249 431 3281 ALABASTR1TES.

47 3283 176 3322 fflabastri
184 3288 300 3325 figuram
308 3288 439 3318 nonnihil
451 3289 584 3327 exprimit
594 3289 662 3320 Plin.
675 3290 723 3319 lib.
737 3300 762 3326 9.
776 3299 837 3328 cap.
853 3299 895 3327 35.
920 3288 956 3318 de
974 3288 1127 3318 unionibus
1138 3288 1179 3318 lo—

67 3332 163 3362 quens.
196 3326 335 3356 Elenchos
350 3327 483 3364 (inquit)
503 3327 647 3365 appellant
663 3328 797 3366 fastigiata
815 3327 1012 3366 longitudine,
1034 3327 1179 3357 alabastro.

0 3368 14 3404 μ
67 3370 129 3392 rum
143 3363 230 3401 figura
244 3365 274 3393 in
312 3364 448 3394 leniorem
467 3364 564 3395 orbem
583 3366 747 3396 desinentes.

0 3398 15 3434 ῤ
49 3396 224 3437 Alabastrum,
246 3403 284 3432 ait
327 3403 438 3433 affatius
447 3403 553 3433 inPlin.
563 3410 620 3433 erat
628 3404 678 3434 Vas
688 3404 905 3442 unguentarium
918 3403 1008 3432 forma
1025 3402 1176 3439 turbinata,

0 3438 17 3503 ἴ
66 3437 122 3468 fine
140 3439 257 3476 ansulis,
278 3441 355 3478 quod
369 3451 404 3472 ex.
415 3440 510 3480 lapide
528 3441 681 3473 alabastrite
702 3443 787 3473 fiebat
801 3465 808 3478 ‚
831 3442 964 3480 quoniam
974 3441 1081 3480 optime
1093 3442 1124 3471 in
1142 3451 1177 3471 eo

65 3475 204 3507 servantur
214 3479 385 3517 incorrupta.

0 3512 16 3554 ¹ss
49 3509 199 3545 Alabastrus
209 3538 217 3551 ‚
242 3516 261 3546 f.
283 3527 334 3555 per
341 3518 537 3556 metaphoram
548 3518 651 3548 dicitur
664 3517 753 3556 Calyx
765 3517 831 3548 rosae
842 3524 991 3554 antequam
1006 3517 1037 3547 fit
1046 3517 1174 3555 expansa.

0 3550 15 3593 ᾗ»
65 3551 133 3582 Plin.
143 3552 190 3583 lib.
202 3563 247 3584 21.
266 3564 326 3594 cap.
342 3566 369 3592 4.
391 3556 440 3586 ubi
454 3557 490 3586 de
509 3556 586 3593 rosa,
609 3556 753 3586 Germinat
762 3556 854 3586 omnis
863 3555 954 3593 primo
964 3555 1069 3585 inclusa
1078 3565 1178 3593 grano-

0 3596 18 3616 ο·
65 3588 95 3619 so
109 3591 221 3628 cortice,
243 3602 298 3630 quo
317 3603 385 3623 mox
399 3593 621 3629 intumescente,
650 3596 677 3624 Sc
689 3595 719 3623 iri
736 3595 839 3624 virides
855 3593 1000 3622 alabastros
1019 3593 1174 3630 fastigiato‚

0 3635 14 3670 [ι
64 3628 197 3665 'paulatim
208 3630 356 3661 rubescens
366 3632 485 3662 dehiscit
499 3655 508 3669 ,
530 3642 562 3663 ac
572 3632 628 3662 sese
639 3632 741 3671 pandit
751 3655 759 3669 ,
779 3633 811 3661 iri
820 3631 924 3669 calycis
943 3631 1040 3661 medio
1054 3631 1096 3661 sui
1105 3631 1176 3663 stan.-

64 3671 106 3695 tes
123 3667 270 3706 complexa
285 3668 378 3699 luteos
397 3671 499 3708 apices.

14 3720 17 3729 ι
43 3712 213 3734 nanasra
223 3716 242 3744 u
253 3716 265 3736 s
275 3728 283 3742 ,
305 3706 406 3737 fluvius
420 3708 547 3739 AEolidis.
568 3708 639 3738 Plin.
649 3708 698 3738 lib.
712 3718 806 3746 5.cap.
822 3717 866 3745 30.
964 3744 970 3751 ι
1051 3744 1056 3753 ,
1154 3746 1160 3752 ·

0 3750 20 3769 ia
40 3750 105 3781 tas
115 3747 301 3774 AsTRiTizs
311 3767 319 3781 ,
342 3755 372 3774 ae.
392 3755 429 3775 m.
453 3746 666 3783 [ἀλαζκςφὶτης]
688 3746 726 3776 est
740 3755 827 3784 genus
841 3754 1002 3780 marmoris,
1022 3743 1175 3776 ahonomi-

0 3778 6 3801 ¹
47 3782 84 3808 ne
93 3779 140 3810 On
169 3791 196 3810 ⁷:
219 3781 254 3811 de
264 3792 319 3820 quo
330 3782 443 3813 sicPlin.
458 3784 506 3814 lib.
523 3788 566 3820 36.
582 3794 644 3822 cap.
666 3794 692 3822 7.
715 3784 855 3822 Onychen
863 3784 948 3813 etiam
959 3790 1019 3812 tum
1028 3784 1058 3813 in
1067 3783 1173 3813 Arabiae

49 3819 138 3848 monti
159 3829 207 3854 us,
220 3825 274 3849 nec
284 3830 402 3858 usquam
411 3821 478 3851 alibi
487 3822 700 3860 nasciputavere
712 3823 797 3852 nostri
811 3828 926 3851 veteres.
960 3821 1072 3851 Deinde
1082 3823 1174 3860 capite

14 3877 19 3883 .
47 3850 171 3892 sequenti
189 3857 397 3896 itasubjungit,
416 3859 501 3890 Hunc
518 3860 604 3897 aliqui
614 3860 738 3898 lapidem
755 3860 936 3890 Alabastriten
946 3863 1067 3895 vocarit,
1089 3867 1173 3897 quem

47 3899 144 3923 cavant
153 3894 188 3924 ad
195 3895 256 3925 vasa
265 3898 464 3934 unguentaria:
487 3899 620 3936 quoniam
638 3899 746 3936 optime
760 3909 794 3929 ea
807 3899 970 3935 incorrupta
988 3895 1094 3927 servare
1104 3898 1173 3928 dici-

47 3934 99 3960 tur.
138 3932 170 3962 V.
192 3933 291 3971 Georg.
312 3935 332 3964 A
354 3935 468 3965 ricolam
476 3937 510 3965 de
522 3936 604 3971 hujus
618 3937 742 3967 nomine.

47 3966 316 4044 Alatssstriteietiam
351 3983 444 4010 emina
451 3974 508 4012 est,
528 3974 833 4011 nascensinfflabastro
842 3972 975 4013 AEgypti,
996 3973 1023 4004 δί
1044 3973 1075 4007 in
1088 3973 1172 4011 Syriae

131 4017 183 4040 011»

1650 142 1929 178 ALA
2336 165 2402 199 ,37

1304 217 1446 260 Damasco.
1459 222 1754 253 candoreiutercint‘lo
1764 225 1843 253 variis
1860 225 2017 256 coloribus:
2039 239 2099 265 quae
2115 240 2233 264 cremata
2248 243 2311 266 curn
2321 238 2401 268 fossili

1305 256 1358 284 lale
1373 268 1403 285 ac
1415 259 1476 288 [rita
1491 282 1498 294 ‚
1521 271 1576 297 grau
1586 262 1664 290 itates
1676 263 1730 291 oris
1741 264 1766 292 ἃ
1778 263 1905 291 dentium
1915 271 2063 296 extenuare
2073 270 2183 299 dicitur.
2207 272 2273 302 l’lin.
2295 275 2342 305 lib.
2359 286 2400 314 37.

1305 302 1365 330 cap.
1394 305 1433 324 io.

1247 328 1269 357 A
1279 339 1294 356 L
1304 339 1319 357 A
1331 341 1345 356 iz
1356 342 1396 373 :⁴2³
1412 343 1450 375 ur.
1462 343 1479 362 u
1489 345 1508 362 ,xi
1518 356 1526 368 ,
1549 336 1694 372 Oppidum
1715 336 1834 374 Jilgypti.
1859 337 1925 366 Plin.
1936 338 1953 367 l.
1967 350 1988 373 ς.
2001 349 2023 369 c.
2037 352 2062 376 9.
2087 342 2163 373 Idem
2174 345 2190 374 1.
2210 355 2251 382 37.
2268 358 2291 376 c,
2305 354 2330 381 8.
2352 350 2404 380 Rc-

1287 369 1432 409 centilliiiii
1442 378 1549 400 autores
1560 376 1584 401 ὰ.
1595 375 1667 402 cirea
1675 374 1827 404 Thebaidis
1837 375 2003 405 Alabastruni
2015 380 2150 416 oppidum
2160 383 2230 412 nasci
2242 386 2339 415 dicunt
2348 387 2406 417 To-

1288 413 1408 439 palium.
1446 407 1474 435 V.
1498 409 1793 441 s.1liii.1ilr2xere.i’lin.
1810 423 1835 450 p.
1854 418 1913 448 169.
1932 416 1984 443 &cn

1249 439 1271 468 A
1282 451 1322 484 ia
1336 452 1348 468 κ
1360 452 1431 485 ursi-2
1442 466 1453 486 ,³
1473 445 1556 475 l'isces
1571 448 1597 476 iu
1609 449 1663 477 Nili
1679 449 1739 478 lacu
1753 450 1904 480 nascentes.
1927 451 1992 480 l'liii.
2009 452 2025 482 l.
2042 465 2063 486 ς.
2075 464 2098 484 c.
2112 466 2136 489 τ).
2160 457 2256 488 Alahcs
2269 460 2314 490 hic
2326 462 2406 498 piscis

1286 478 1413 522 Straboni
1427 481 1527 523 diei-tur
1538 484 1553 512 1.
1572 491 1722 523 17.p.<(‚6.
1739 498 1819 523 quem
1834 492 1858 518 S<
1870 489 1898 517 in
1909 488 1974 518 Nilo
1985 491 2055 520 nasci
2065 494 2155 523 tradit.
2180 495 2299 526 Mustela
2310 499 2354 528 hic
2364 502 2407 538 pi-

1287 516 1337 543 icis
1347 517 1464 547 fluvialis
1474 521 1542 549 torte
1554 522 1607 551 est:
1631 524 1679 552 nisi
1690 524 1720 553 lit
1737 525 1887 563 Lampetra.
1930 527 1958 556 V.
1981 529 2094 559 Gesner.

1249 551 1271 580 A
1281 562 1296 579 1.
1307 563 1325 580 A
1335 563 1349 581 Β
1359 564 1375 596 o
1386 564 1427 599 NN,
1463 555 1492 584 V.
1518 568 1534 585 Α
1546 569 1561 585 i.
1571 569 1587 586 A
1600 570 1613 587 r.
1624 571 1650 588 Λ.
1692 563 1735 597 [A
1747 574 1761 591 ι,
1772 573 1791 592 Α
1801 574 1840 591 no
1850 574 1869 592 N
1889 564 1952 594 Sive
1979 566 2078 596 Alabus
2093 570 2191 606 oppidi
2209 573 2234 600 δε
2255 572 2343 605 Fluvii
2357 585 2406 604 no-

1289 599 1390 619 iiienin
1401 592 1492 621 Sicilia
1507 616 1514 628 ,
1537 595 1627 625 Alabis
1642 598 1718 627 Silio.
1746 610 1784 635 14.
1803 608 1865 632 228.
1908 602 1937 631 V.
1961 603 2148 642 (ieographos.

1247 627 1286 654 Ar
1305 637 1323 654 A
1333 638 1346 655 Β
1357 638 1373 656 υ
1384 638 1399 656 r.
1411 640 1446 657 10
1456 640 1473 658 Ν
1486 652 1493 665 ,
1517 632 1682 668 [Α’λιιζοάρισν
1698 637 1713 670 ]
1733 638 1815 674 Syriat-
1827 640 1963 676 oppidum
1974 641 2125 679 Stephano,

1247 664 1484 709 Ax..JCi11«)iu,
1506 668 1602 706 l’opuli
1619 693 1626 705 ,
1649 674 1694 708 qui
1713 676 1737 702 ἃ
1752 675 1902 712 Lotophagi
1922 678 2063 709 dicuntur.
2085 681 2152 710 l'lin.
2167 682 2184 711 l.
2203 694 2225 718 ς.
2242 694 2265 714 c.
2284 697 2308 719 4.

1248 701 1270 730 A
1282 712 1322 730 LA
1332 712 1405 737 ceu,
1418 714 1480 737 cris.
1491 715 1543 748 cre.
1557 707 1601 736 vel
1618 709 1636 736 A
1650 720 1664 735 i.
1676 720 1691 738 Α
1702 722 1718 738 c
1730 722 1742 738 P
1756 723 1850 745 is,crc.
1866 714 1987 750 [φωδρόῃ
2001 715 2152 755 ωεέῇνιιῷι]
2169 720 2392 760 Virr¹.5.l}in.380

1367 739 1439 784 Ergo
1455 742 1550 772 alacris
1562 765 1570 777 ,
1589 748 1760 787 'cuneumque
1772 758 1871 785 putans
1880 754 2015 783 excedere
2026 747 2127 794 pugna.
2188 747 2253 790 Ter.
2267 761 2334 790 Eun.
2347 773 2361 792 2
2379 750 2403 800 3·

1370 778 1449 821 Quid
1469 787 1498 808 ru
1513 790 1542 809 es
1562 782 1664 810 tristis'?
1683 786 1783 820 quidve
1800 798 1828 815 es
1846 788 1960 818 alacris?
2366 785 2372 792 Ι
2397 787 2404 794 ·

1287 814 1399 849 Alacris,
1416 819 1469 845 live
1477 817 1732 862 Macer-(iurunque
1745 825 1819 852 enini
1829 826 1941 856 dicitur}
1955 828 2019 857 isest
2030 831 2075 867 qui
2086 832 2158 861 viust
2169 832 2287 864 senlihus
2298 838 2405 866 univcr-

1307 852 1357 882 sis:
1382 855 1457 897 quod
1468 856 1655 900 estiiidiciuiii
1667 861 1747 900 erecti
1758 862 1932 899 aniiniziique
1944 865 2075 896 sublimis.
2099 861 2168 899 lx'iiui
2185 875 2347 903 econtrario
2359 875 2408 905 in-

1307 892 1482 934 cerdicirur,
1508 902 1657 931 amputatis
1671 906 1822 934 incorpore
1835 899 1959 930 sensuum
1977 906 2119 935 membris:
2145 908 2197 937 hoc
2213 911 2250 938 est
2283 913 2393 942 auribus

1307 929 1449 972 oculisve:
1467 941 1526 968 qua:
1539 932 1573 960 ad
1585 934 1710 962 :inimum
1722 935 1791 972 sirpe
1802 940 2006 969 transit-rumina
2029 943 2105 972 Sicut
2114 946 2188 974 enini
2201 933 2353 983 pici-’unciae
2367 936 2406 986 sit:

1307 967 1449 997 utafflieto
1469 978 1564 998 animo
1575 970 1693 1000 sensibus
1712 982 1769 1000 nun
1781 979 1889 1002 utamur
1910 979 2023 1007 ert-elis:
2048 981 2082 1009 iic
2101 968 2341 1016 aluccrrlititur¹is
2360 990 2407 1018 cui

1308 1006 1401 1046 omnis
1414 1006 1504 1035 sensus
1516 1008 1543 1035 in
1555 1007 1602 1037 suo
1611 1009 1726 1045 quisque
1738 1009 1909 1047 iocoue-gat:
1932 1014 1969 1042 iix
1989 1026 2043 1051 quo
2057 1018 2123 1046 illud
2136 1020 2297 1056 iutelluu'tur
2330 1025 2408 1055 aliud

1307 1043 1362 1071 elle
1374 1043 1501 1079 alacrem,
1525 1045 1600 1074 aliud
1615 1046 1669 1075 esse
1679 1046 1782 1077 laetuni.
1824 1049 1894 1079 Sunt
1905 1051 1950 1086 qui
1961 1053 2075 1083 alacrem
2085 1052 2254 1088 l'estinzinteni
2268 1064 2292 1090 δ’
2306 1047 2408 1101 ⁷propc.

1308 1089 1370 1108 rum
1380 1087 1488 1118 putant,
1500 1083 1573 1120 quasi
1583 1083 1632 1113 alis
1642 1095 1740 1114 acrem.
1764 1085 1831 1116 Hzec
1839 1085 1969 1117 Asconius
1980 1091 2008 1119 iii
2018 1091 2222 1125 Divinationem
2235 1087 2376 1129 Ciceronis

1284 1117 1381 1160 Alaeer
1396 1120 1421 1148 ἃ
1442 1121 1557 1150 eret‘tus.
1597 1123 1856 1154 AuthoradHeren.
1879 1125 1989 1161 l.2.2‹;.
2031 1129 2101 1158 Nam
2123 1142 2207 1167 quum
2222 1135 2289 1165 teras
2311 1126 2408 1169 belliiis

1305 1156 1449 1186 videamus
1468 1155 1570 1188 alacres
1589 1159 1615 1189 ὅ(
1631 1161 1734 1191 erectas
1744 1162 1862 1198 vadere,
1884 1170 1915 1192 ut
1925 1163 2004 1194 alteri
2018 1164 2108 1196 bestiie
2118 1178 2237 1200 noceant
2272 1175 2314 1203 &c
2355 1177 2409 1206 Ad-

1307 1193 1379 1223 didit
1389 1194 1514 1230 Erectus,
1538 1197 1609 1234 quali
1630 1207 1776 1236 exponens
1787 1200 1903 1230 Alacres.
2247 1195 2254 1207 ’
2317 1198 2323 1204 ’

1287 1230 1383 1261 Alacer
1392 1239 1474 1276 atque
1486 1233 1564 1263 laetus
1576 1235 1704 1266 Catilina.
1729 1238 1787 1267 Cic.
1803 1248 1854 1276 pro
1864 1239 1972 1269 Murcn.
1985 1251 2030 1276 49.
2055 1242 2104 1272 lste
2113 1254 2225 1281 repente
2235 1257 2268 1276 ex
2280 1249 2359 1279 alacri
2371 1258 2412 1280 at.

1307 1279 1361 1307 que
1376 1270 1441 1299 laeto
1457 1272 1492 1300 lic
1506 1281 1563 1301 erat
1581 1273 1695 1304 humilis
1714 1281 1796 1313 atque
1813 1276 1953 1307 demissus.
1990 1278 2100 1316 Proprie
2119 1281 2231 1317 1..ttiti.1,
2251 1288 2334 1316 animi
2353 1290 2405 1319 est:

1306 1307 1699 1353 Alacritas-autem,corporis:
1722 1323 1804 1350 quarn
1815 1314 1932 1349 4.Tusc.
1943 1316 2155 1349 vocatla’titiaim
2168 1322 2336 1355 gestientem.
2358 1327 2410 1356 lta-

1307 1354 1360 1383 que
1368 1345 1490 1376 hominis
1498 1349 1608 1385 propria
1620 1349 1734 1386 Laetitia,
1754 1352 1858 1389 quippe
1868 1363 1928 1390 quie
1939 1354 2074 1391 opinione
2083 1358 2187 1387 constet
2200 1368 2205 1387 :
2227 1360 2353 1391 Alacritas
2365 1375 2410 1392 au-

1304 1389 1365 1413 tem
1375 1387 1532 1415 communis
1547 1388 1674 1416 omnium
1686 1390 1877 1420 animantium.
1891 1391 1968 1420 Idem
1979 1401 2003 1420 2.
2017 1392 2052 1421 de
2065 1393 2202 1430 Divin.56.
2220 1397 2289 1427 (iiiiii
2300 1400 2410 1436 gallina-

1306 1422 1349 1450 cei
1358 1423 1476 1453 victores
1488 1423 1627 1454 alacritate
1643 1428 1669 1455 Sc
1683 1426 1755 1464 quasi
1776 1427 1870 1456 leutitia
1880 1428 1914 1457 ad
1926 1430 2084 1460 canendum
2097 1434 2260 1464 excitantur.

1285 1459 1383 1491 Alacer
1404 1462 1431 1490 Sc
1446 1469 1603 1500 promptus.
1626 1462 1684 1493 Cic.
1704 1474 1726 1493 1.
1740 1465 1775 1494 de
1786 1466 1863 1495 Orat.
1878 1471 1940 1501 ¹84·
1980 1467 2110 1499 Erectum
2124 1473 2150 1501 ὁὶ
2168 1471 2271 1502 celsum
2286 1475 2366 1505 alacri
2383 1479 2409 1507 ἁ

1306 1505 1438 1537 prompto
1455 1510 1502 1528 ore
1515 1510 1547 1529 ac
1561 1501 1639 1530 vultu
1656 1502 1711 1531 huc
1722 1510 1804 1540 atque
1814 1503 1883 1533 illuc
1900 1505 2067 1536 intuentem.

1288 1536 1386 1566 Alacer
1405 1538 1499 1567 animo
1514 1538 1582 1568 sum.
1606 1539 1664 1568 Cic.
1688 1551 1712 1575 5.
1732 1541 1806 1570 Fam.
1831 1551 1873 1570 12.
1914 1541 1963 1571 Illa
1974 1552 2026 1573 nos
2043 1546 2182 1583 cupiditas
2202 1548 2328 1579 incendit
2341 1552 2412 1581 festi-

1305 1575 1428 1618 nationis
1441 1597 1448 1610 ,
1470 1576 1545 1619 quod
1557 1576 1661 1606 alacres
1683 1579 1778 1608 animo
1792 1579 1902 1616 sumus,
1924 1586 1955 1609 ut
1968 1583 1995 1611 δε
2012 1585 2120 1621 caeteri,
2140 1585 2299 1617 viventibus
2312 1589 2409 1626 nobis,

1302 1622 1338 1641 ex
1353 1612 1432 1642 libris
1443 1620 1499 1643 tuis
1509 1624 1560 1643 nos
1571 1615 1748 1652 cognoscant.

1286 1649 1411 1680 Monitu.
1434 1651 1481 1680 Sil.
1502 1651 1562 1682 Ital.
1578 1653 1628 1682 lib.
1644 1663 1685 1690 13.

1284 1688 1372 1717 Odio.
1394 1690 1460 1718 Stat.
1481 1699 1504 1719 1.
1525 1690 1616 1720 Theb.
1627 1701 1692 1727 425.

1284 1726 1382 1756 Alacer
1395 1728 1504 1767 animus
1519 1728 1554 1757 ad
1573 1729 1688 1766 aliquid.
1711 1729 1776 1760 Caes.
1798 1740 1822 1768 3.
1843 1731 1910 1761 Bell.
1932 1732 2002 1762 Gall.
2024 1742 2065 1770 19.
2106 1734 2182 1766 Nam
2196 1737 2231 1766 ad
2247 1737 2320 1768 bella
2331 1739 2410 1770 susci-

1304 1765 1409 1802 pienda
1421 1764 1565 1795 Gallorum
1579 1767 1667 1796 alacer
1688 1770 1713 1798 ἃ
1724 1776 1869 1807 promptus
1877 1771 1915 1799 est
1927 1772 2044 1801 animus.

1285 1802 1328 1832 Ad
1339 1803 1480 1833 maleficia.
1505 1805 1610 1834 Author
1619 1805 1654 1834 ad
1666 1805 1769 1836 Heren,
1783 1818 1826 1844 29.
1858 1808 1886 1837 Si
1898 1808 1963 1837 huic
1974 1810 2006 1838 lit
2014 1809 2156 1842 remissum
2166 1834 2174 1849 ,
2184 1813 2288 1844 multos
2300 1815 2411 1845 alacrio-

1304 1850 1348 1870 res
1366 1841 1401 1870 ad
1419 1841 1555 1872 maleficia
1572 1843 1689 1873 futuros.

1284 1878 1327 1908 Ad
1339 1879 1484 1909 tutandam
1498 1881 1711 1919 rempublicam.
1735 1882 1791 1911 Cic.
1802 1883 1934 1913 inSomn.
1949 1885 2023 1923 Scip.
2036 1896 2063 1922 4·

1285 1917 1401 1946 Animus
1419 1916 1516 1947 alacer.
1537 1919 1643 1949 Sallust.
1666 1920 1696 1948 iri
1712 1919 1793 1950 Catil.

1282 1954 1433 1985 Certamen
1446 1955 1543 1986 alacre.
1566 1957 1613 1987 Sil.
1627 1958 1658 1986 in
1670 1957 1730 1988 ital.
1744 1958 1793 1988 lib.
1808 1968 1832 1988 1.
1855 1964 1916 1996 184.

1364 1993 1530 2037 Annibalem
1543 2004 1630 2032 voce,
1651 2002 1734 2034 atque
1749 1996 1832 2026 alacri
1845 1999 1997 2028 certamine
2014 1998 2114 2037 poscit.

1304 2037 1496 2061 contentione.

1283 2067 1376 2099 Enses.
1399 2069 1496 2099 Claud.
1510 2070 1661 2110 inEu‘trop.
1673 2071 1723 2101 lib.
1736 2081 1761 2102 2.
1775 2078 1839 2107 28r.

1282 2106 1394 2144 Equum
1411 2107 1530 2137 alacrem
1544 2109 1623 2138 laetiis
1632 2109 1746 2148 aspexit.
1769 2111 1828 2140 Cic.
1845 2121 1868 2140 1.
1882 2112 1917 2141 de
1931 2112 2023 2142 Dirin.
2034 2122 2080 2151 73.

1283 2144 1631 2214 {elgionexspalacreskClic
1648 2158 1671 2177 1.
1695 2148 1778 2178 Tusc.
1799 2149 2410 2193 QuumlegionesscribatCatosaepealacres.

1334 2193 1381 2213 vae.
1428 2194 1450 2213 ir
1471 2207 1477 2213 .
1513 2207 1519 2213 .
1570 2195 1585 2214 c
1599 2209 1604 2214 .
1641 2191 1665 2220 8.

1305 2192 1397 2259 yErgo
1419 2194 1522 2251 alagcrgs
1542 2197 1646 2260 sylvas,
1671 2225 1699 2253 δε
1716 2231 1816 2254 caetera
1833 2234 1911 2261 rura,
1935 2226 2079 2265 voluptas,

1320 2258 1458 2296 Panaque,
1480 2260 1656 2298 pastoresque
1675 2269 1762 2297 tenet,
1772 2263 1951 2302 Dryadasque
1960 2265 2076 2303 puellas.
2121 2266 2162 2298 Al.
2177 2268 2288 2306 Alacris,
2300 2273 2408 2302 restius.

1282 2297 1401 2327 Tauros.
1423 2298 1519 2328 Claud.
1530 2308 1556 2328 2.
1568 2299 1603 2328 de
1614 2300 1699 2329 Laud.
1715 2301 1773 2330 Stil.
1788 2311 1832 2331 21.
2137 2330 2156 2333 -.

1245 2338 1423 2369 Atticam
1434 2346 1549 2372 ourA,
1570 2348 1600 2367 ae.
1622 2338 1641 2367 f.
1665 2337 1774 2368 Cathol.
1803 2339 1883 2369 Idem
1899 2349 1931 2369 ac
1948 2340 2088 2372 Alacritas.

1244 2377 1268 2407 A
1277 2386 1294 2404 ι.
1305 2384 1325 2402 A
1334 2383 1351 2403 c
1360 2383 1377 2402 R
1386 2375 1474 2403 iTAS
1486 2396 1494 2410 ,
1516 2374 1661 2412 [φαιδρότης
1671 2398 1679 2411 ,
1702 2377 1852 2413 wamia]
1873 2378 1956 2415 Vigor
1967 2401 1974 2412 ,
1997 2381 2022 2409 ἃ
2039 2381 2124 2410 animi
2141 2382 2244 2412 crestio
2255 2405 2262 2418 ,
2282 2394 2334 2415 nec
2352 2396 2410 2416 non

1284 2413 1312 2442 Sc
1327 2411 1433 2442 Laetitia
1442 2412 1569 2450 gestiens,
1595 2424 1655 2452 quae
1664 2414 1818 2444 secundum
1827 2415 1977 2451 Donatum,
2012 2419 2103 2455 roprie
2113 2419 2151 2448 est
2158 2422 2274 2450 mutatio
2285 2425 2410 2460 quatdam

1284 2450 1378 2480 vultus
1389 2450 1527 2488 gestientis
1538 2451 1567 2480 in
1577 2451 1653 2490 spem
1660 2452 1799 2490 aliquam:
1820 2455 1847 2483 Sc
1861 2455 1955 2484 media
1965 2464 1980 2484 e
2011 2456 2223 2493 interlaetitiam,
2242 2466 2322 2496 atque
2332 2463 2412 2491 tristi-

1283 2489 1361 2518 tiam.
1385 2489 1443 2518 Cic.
1459 2489 1491 2517 in
1500 2488 1583 2518 Tusc.
1608 2490 1807 2528 Virigiturtem
1831 2498 1931 2528 eratus,
1950 2493 2086 2530 constans,
2109 2494 2164 2524 sine
2178 2499 2411 2538 nictu,liiieaegri-

1281 2527 1392 2561 tudine,
1405 2526 1461 2555 sine
1473 2526 1615 2558 alacritate
1627 2550 1634 2562 ,
1655 2527 1732 2558 nulla
1745 2528 1796 2558 libi
1817 2530 1863 2559 ine
1873 2536 1997 2560 vexatus.
2040 2531 2070 2561 V.
2092 2531 2219 2563 Nonium
2232 2538 2257 2564 6.
2269 2547 2314 2573 49.

1282 2565 1416 2595 Alacritas
1434 2565 1460 2594 &
1479 2564 1582 2595 laetitia.
1621 2565 1652 2596 V.
1674 2566 1770 2596 Alacer
1782 2568 1962 2604 atquelaetus.

1281 2603 1414 2633 Alacritas
1429 2604 1455 2632 8<
1464 2603 1602 2641 cupiditas
1613 2603 1680 2633 belli
1694 2605 1808 2642 gerendi
1823 2605 1888 2635 Caes.
1901 2605 1996 2637 1.Bell.
2007 2606 2126 2645 Gall.41.
2138 2610 2306 2650 Summaque
2315 2612 2411 2642 alacri·

1300 2648 1341 2671 tas
1357 2642 1383 2670 ἃ
1396 2641 1536 2679 cupiditas
1547 2641 1611 2670 belli
1624 2643 1738 2679 gerendi
1753 2644 1849 2673 innata
1859 2644 1907 2674 est.

1284 2678 1394 2709 Canum
1403 2678 1528 2709 alacritas
1538 2686 1616 2709 tanta
1630 2682 1660 2709 in
1675 2681 1805 2710 venando
1820 2704 1827 2717 ,
1849 2682 1916 2719 quid
1925 2682 2057 2720 fignificat
2068 2683 2153 2719 aliud,
2172 2686 2220 2715 nisi
2236 2686 2262 2716 se
2272 2687 2306 2716 ad
2321 2688 2407 2717 hoini-

1300 2727 1369 2746 num
1379 2718 1593 2747 commoditates
1605 2718 1659 2748 effe
1669 2725 1814 2757 generatos
1828 2719 1841 2748 ⁴?
1864 2720 1922 2749 Cic.
1935 2731 1960 2750 2.
1973 2721 2008 2750 de
2021 2721 2085 2751 Nat.
2098 2722 2181 2752 Dcor.
2198 2735 2257 2762 ¹59·

1279 2755 1412 2785 Alacritas
1425 2754 1528 2785 laboris
1540 2756 1569 2785 iri
1581 2755 1725 2786 Laconicis
1736 2757 1860 2787 canibus.
1882 2758 1951 2788 Plin.
1965 2759 2015 2788 lib.
2026 2769 2068 2789 ιο.
2083 2770 2143 2799 cap.
2156 2765 2200 2799 63.

1280 2793 1396 2831 Egregia
1410 2793 1535 2823 alacritas
1551 2795 1647 2824 animi.
1670 2795 1729 2824 Cic.
1743 2805 1766 2824 1.
1789 2795 1864 2825 Fam.
1879 2807 1904 2832 9.

1278 2830 1382 2861 Inanis.
1407 2831 1465 2860 Cic.
1477 2843 1503 2867 4.
1525 2831 1607 2862 Tusc.
1627 2836 1669 2868 36.
1693 2833 1840 2871 Cupiditas
1860 2835 1941 2864 avide
1957 2834 2065 2873 semper
2080 2836 2186 2874 aliquid
2204 2844 2339 2875 expetens
2351 2861 2359 2869 .
2377 2840 2405 2869 ἃ

1299 2870 1390 2898 inanis
1401 2869 1526 2900 alacritas
1538 2892 1546 2906 ,
1562 2871 1592 2900 id
1603 2870 1744 2900 estlaetitia
1753 2872 1881 2909 gestiens,
1896 2883 1955 2901 non
1961 2874 2082 2904 multum
2090 2875 2221 2904 differunt
2230 2876 2262 2904 ab
2272 2878 2402 2906 amentia.

1279 2907 1389 2945 Ingens.
1411 2907 1499 2937 Liv.l.
1515 2915 1540 2945 3.
1562 2908 1708 2947 Postquam
1717 2910 1825 2947 ingenti
1833 2909 1974 2940 alacritate
1986 2911 2270 2942 clamorestsublatus.

1279 2945 1385 2977 Innata.
1409 2945 1475 2975 Caes.
1490 2954 1515 2982 3.
1527 2946 1596 2976 Bell.
1608 2947 1689 2977 Civil.
1702 2957 1747 2983 92.
1788 2947 1832 2978 Est
1848 2949 1975 2986 quaedam
1987 2950 2073 2979 animi
2083 2951 2206 2979 incitatio
2216 2958 2296 2987 atque
2310 2951 2406 2981 alacri-

1298 2990 1339 3013 tas
1350 2984 1511 3013 naturaliter
1521 2984 1618 3014 innata
1632 2985 1765 3015 omnibus
1777 3007 1784 3020 ,
1807 2995 1868 3023 quae
1881 2987 1970 3016 studio
1984 2988 2288 3025 pugnaeincenduiitur.

1277 3022 1388 3051 Additis
1406 3022 1475 3052 mihi
1492 3022 1631 3052 scribendi
1644 3023 1822 3053 alacritatem.
1847 3024 1905 3054 Cic.
1920 3029 1962 3054 16.
1985 3027 2040 3054 Att.
2053 3035 2076 3061 3.

1277 3059 1365 3089 Affert
1381 3060 1451 3090 mihi
1462 3060 1632 3090 alacritatem
1642 3061 1777 3091 summam
1789 3061 1908 3100 Reipub.
1934 3063 2116 3093 defendendae
2125 3063 2278 3100 frequentia
2285 3064 2404 3096 vestrum

1296 3098 1480 3128 incredibilis.
1511 3099 1570 3129 Cic.
1583 3110 1610 3136 4.
1633 3099 1754 3138 Philipp.
1770 3110 1793 3129 1.

1238 3134 1481 3172 ΑιΑοῃῑτΕκ,
1505 3138 1521 3173 [
1537 3137 1663 3173 φιαδῂᾶς]
1686 3139 1753 3168 Adv.
1771 3137 1918 3175 qualitatis.
1935 3137 2004 3167 Plin.
2015 3135 2033 3167 1.
2043 3146 2119 3167 20.0.
2137 3146 2178 3167 12.
2209 3139 2402 3176 Sequutaaetas

1278 3174 1405 3203 alacriter
1423 3174 1562 3205 defendit.
1585 3175 1701 3213 Hic-pro
1718 3176 1824 3205 Acriter
1832 3176 1951 3213 positum
1964 3176 2015 3211 est3
2038 3182 2068 3204 ut
2078 3175 2202 3213 plerique
2214 3176 2400 3208 librihabent.

1276 3213 1319 3241 At.
1336 3212 1430 3242 lustin.
1448 3223 1471 3242 1.
1485 3217 1511 3243 6.
1528 3223 1569 3243 10.
1585 3213 1717 3252 Repetito
1734 3213 1851 3243 alacrius
1870 3214 2028 3243 certamine.
2050 3214 2185 3243 Ammian.
2210 3214 2298 3245 marc.
2315 3228 2357 3252 14.
2374 3223 2401 3251 8.

1276 3249 1308 3279 In
1317 3258 1458 3280 certamen
1472 3251 1599 3281 alacriter
1610 3252 1781 3290 consurgere.

1235 3287 1363 3317 Amica
1375 3299 1407 3324 ε,
1430 3287 1612 3325 [mamam]
1635 3300 1685 3328 pro
1698 3290 1838 3320 Alacriter.
1861 3287 1945 3318 Plaut.
1958 3287 2063 3331 simpli.
2087 3287 2189 3318 Verum
2209 3290 2324 3327 quidem
2335 3302 2350 3321 e
2361 3292 2403 3321 lo.

1276 3335 1310 3355 co
1323 3326 1527 3365 compellemus
1537 3327 1634 3357 alacre.
1668 3328 1779 3357 Poetice
1793 3337 1897 3356 nomen
1910 3327 2000 3364 poluit
2018 3336 2068 3363 pro
2081 3326 2222 3357 adverbio.

1235 3363 1258 3393 A
1267 3375 1283 3393 L
1293 3375 1313 3393 A
1324 3375 1341 3393 L
1351 3375 1394 3394 co
1404 3375 1448 3394 ΜΕ
1457 3375 1476 3394 N
1487 3376 1506 3394 A
1516 3376 1528 3395 s
1540 3388 1548 3401 ‚
1571 3366 1583 3402 [
1595 3365 1792 3401 A'noczffiofhnvm]
1822 3364 1951 3394 Urbicula
1971 3363 2148 3401 Cephalenlae
2166 3365 2270 3395 insulae.
2311 3367 2399 3397 Strab.

1272 3401 1321 3431 lib.
1332 3413 1358 3438 9.
1378 3402 1597 3433 Alalcomeniam
1607 3404 1763 3433 Minervam
1774 3410 1871 3436 vocat,
1900 3404 1926 3431 ἃ
1937 3402 2032 3431 urbem
2044 3402 2130 3439 ipsam
2143 3403 2341 3433 Alalcomenas.

1234 3440 1257 3469 A
1265 3450 1282 3507 1i
1291 3450 1311 3469 A
1320 3451 1337 3469 L
1346 3452 1356 3469 1
1366 3451 1386 3470 A
1394 3463 1402 3477 ‚
1425 3439 1483 3479 [πὶ
1498 3443 1601 3468 Kadasa
1613 3441 1626 3478 ]
1649 3441 1719 3470 Urbs
1729 3440 1823 3470 insulae
1832 3439 1916 3476 Cyrni
1925 3461 1933 3475 ,
1960 3439 2142 3469 l'liocensium
2151 3441 2271 3472 colonia.
2294 3442 2399 3472 Herod.

1284 3478 1321 3507 ib.
1347 3488 1371 3509 1.

1233 3515 1454 3553 ALAMENss,
1496 3516 1526 3546 V.
1551 3525 1789 3546 ALCAMENES.
1880 3551 1885 3557 ·

1234 3554 1256 3583 A
1265 3564 1281 3582 L
1291 3564 1311 3583 A
1321 3563 1343 3583 N
1353 3565 1362 3583 r
1372 3564 1392 3583 τ
1401 3566 1410 3584 i
1420 3565 1437 3584 c
1447 3565 1466 3584 υ
1474 3564 1486 3584 s
1496 3577 1504 3590 ,
1525 3555 1607 3584 Sinus
1624 3555 1706 3583 maris
1719 3553 1819 3587 Rubri,
1840 3561 1885 3589 qui
1907 3554 1933 3582 ἅ
1948 3551 2110 3583 IElam'cicus
2119 3555 2146 3584 &
2159 3553 2323 3586 Laeamticus
2331 3555 2399 3585 dici-

1271 3598 1324 3621 tur.
1340 3592 1467 3622 Hermol.
1481 3594 1510 3623 in
1530 3592 1598 3622 Plin.
1610 3591 1629 3620 1.
1647 3602 1669 3625 5.
1682 3602 1705 3620 c.
1724 3601 1764 3619 11.
1794 3589 1927 3620 Meminit
1937 3592 1963 3619 ἅ·
1975 3591 2042 3620 Plin.
2056 3591 2074 3621 l.
2084 3595 2109 3621 6.
2121 3602 2144 3621 c.
2155 3599 2199 3626 28.

1233 3629 1256 3660 A
1268 3639 1345 3659 LAN
1355 3641 1372 3659 u
1382 3641 1393 3660 s
1415 3631 1566 3667 [Amice-J
1589 3630 1707 3665 Scythia:
1721 3628 1821 3657 fluvius
1834 3650 1841 3663 ,
1863 3637 1941 3664 aquo
1952 3628 2138 3667 Alanipopuli
2150 3631 2216 3659 Plin.
2238 3630 2255 3659 l.
2271 3642 2297 3666 4.
2314 3641 2338 3660 c.
2353 3639 2395 3660 12.

1273 3665 1342 3697 didi
1357 3668 1430 3703 sunt,
1444 3670 1520 3703 iuxta
1529 3677 1597 3705 quos
1608 3667 1754 3696 Roxalani.
1777 3666 1938 3695 Ammianus
1954 3676 1994 3701 31.
2010 3671 2033 3696 6.
2045 3667 2139 3697 scribit
2151 3669 2398 3706 Alaiiosdici,qiios

1272 3705 1518 3744 priscihlassagetas
1527 3704 1706 3734 dixerunt.Hi
1716 3704 1843 3732 carnibus
1851 3703 2140 3743 vescuntur,&panem
2149 3716 2206 3735 non
2215 3707 2394 3736 manducant.

1271 3743 1374 3773 Alanos
1386 3745 1548 3774 Ptolemaeus
1559 3743 1588 3771 iii
1603 3749 1680 3780 parte
1690 3742 1809 3778 Scythiae
1818 3751 1922 3779 ponere
1932 3742 2058 3772 videtur:
2081 3743 2255 3781 Capitolinus
2273 3745 2299 3772 in
2319 3751 2396 3782 parte

1291 3781 1403 3811 Daciae:
1426 3780 1606 3811 Marcellinus
1617 3801 1625 3813 ,
1644 3779 1765 3814 Plinius,
1787 3780 1812 3808 Sc
1834 3778 1980 3817 Dionysius
1995 3787 2079 3819 poeta
2089 3782 2119 3810 iri
2128 3782 2260 3811 Sarmatia
2268 3782 2393 3820 Europa‘.

1290 3819 1321 3848 V.
1334 3819 1452 3849 Eustath.
1469 3818 1503 3847 ad
1519 3816 1631 3853 Dionys.
1656 3826 1680 3846 V.
1693 3826 1754 3852 305.
1796 3816 1931 3854 Josephus
1957 3817 2004 3847 lib.
2022 3818 2071 3848 ult.
2093 3820 2132 3848 ait
2150 3820 2220 3848 inter
2236 3819 2353 3855 Tanaim
2369 3821 2396 3849 ὃς

1290 3856 1454 3887 maeotidem
1472 3854 1612 3890 habitare,
1635 3864 1668 3883 ac
1680 3854 1749 3883 inita
1763 3864 1828 3884 curn
1849 3855 1984 3892 Hyrcanis
1997 3856 2127 3886 societate
2140 3857 2243 3886 Medos
2262 3858 2309 3886 suo
2327 3867 2396 3886 tem-

1312 3904 1358 3922 ore
1380 3893 1458 3922 fuiffe
1470 3892 1666 3931 depopulatos.
1708 3892 1869 3923 Hidemum
1877 3894 1970 3928 fuere,
1993 3895 2039 3931 qui
2050 3904 2108 3924 uno
2120 3895 2176 3923 fere
2194 3905 2320 3932 tempore
2329 3904 2394 3924 cum

1288 3905 1419 3960 Vandalis
1434 3930 1534 3960 Gallias
1546 3952 1554 3963 ,
1576 3930 1680 3959 deinde
1687 3930 1834 3968 Hispanias
1843 3931 2002 3968 petierunt:
2024 3932 2071 3961 sed
2081 3932 2156 3962 brevi
2171 3934 2196 3962 S.-
2205 3933 2275 3970 ipiia
2284 3933 2394 3967 Gothis,

1288 3978 1353 3999 cum
1368 3968 1469 4007 quibus
1483 3968 1602 4004 earrdein
1613 3968 1669 3999 fere
1689 3975 1802 4006 gentem
1817 3970 1843 3999 ἃ
1853 3968 1985 4013 ,linguam
2008 3969 2061 3999 effe
2075 3970 2226 4011 Procopius
2240 3971 2327 4005 dicit,
2349 3980 2397 4036 exn:

2328 4017 2366 4045 pu
2389 4017 2398 4035 i

2187 2003 2207 2032 i.
2227 2013 2251 2033 e.
2274 2004 2372 2034 Studio
2386 2007 2412 2036 ἀ
