2600 4177
35 187 81 218 εξ
92 196 109 213 Τ
120 189 136 215 3
147 195 210 214 ΜΕ
221 206 229 218 ,
251 193 336 213 amm,
367 182 563 218 Γκηπφςιφᾶαι]
595 181 668 212 Loca
687 184 765 220 juxta
785 194 861 214 mare
872 207 879 219 ,
903 187 1043 223 stagnante
1063 187 1124 218 lacu
1137 211 1144 221 ,
1166 191 1195 218 in

72 224 172 260 quibus
184 223 280 253 tbvnni
292 244 298 251 .
321 222 398 250 &alii
411 221 568 250 huiusmodi
581 221 669 257 pisces
681 223 863 258 capiuntur&¹
875 234 951 258 juxta
963 225 1102 254 saliuntur.
1128 226 1195 255 l'lin.

71 261 119 290 lib.
129 270 168 293 ν.
182 255 272 295 ca'p.5,
299 259 397 287 seruiit
410 261 434 287 St
445 260 471 287 in
484 269 515 287 ea
525 257 610 286 insula
622 259 730 287 tumulo
741 260 828 295 reguli
841 260 972 298 Hermiae,
984 264 1062 298 juxta
1071 264 1195 300 cetarias,

71 307 227 327 marmoreo
238 296 311 324 leoni
322 295 399 324 suiil'e
409 297 513 324 inditos
522 295 619 324 oculos
630 306 663 324 ex
677 297 834 333 iiiiarzigdis.

15 330 17 370 l
35 336 59 366 C
69 346 81 364 ιῑ
91 338 135 363 ra
146 344 161 362 ri
172 345 179 362 r
192 344 208 361 A
221 355 228 364 ,
241 343 328 361 orum.
352 343 379 362 ii.
403 334 491 362 Idem.
516 333 581 361 Hor.
595 342 619 361 2.
630 334 715 376 Serui.
732 345 754 367 ς.
769 346 813 370 44.

165 370 255 399 Plures
266 371 411 399 annabunt
423 371 523 399 rliiinni
537 372 561 399 δι
576 378 678 400 cetaria
693 372 823 403 crescent.

72 408 202 446 gendum.
226 417 276 444 pro
289 416 400 444 recepta
410 408 460 436 stat
468 408 561 437 Schol.
578 415 631 437 vet.
1125 451 1130 457 ⁸

34 448 79 477 Cri
89 450 133 474 TA
143 456 156 473 r<
168 456 175 473 i
186 455 204 473 u
215 454 243 479 s,
266 445 283 473 i.
307 455 343 474 m.
366 443 543 480 [κκππώλκς]
566 446 622 481 Qui
633 452 695 475 cete
706 469 713 480 ,
735 447 752 476 i.
767 457 791 477 e.
812 458 928 481 mannos
949 450 1036 487 pisces
1048 450 1172 480 venditat
1182 473 1192 487 ,

71 485 97 514 ἃ
108 483 223 512 bolonas
231 489 343 511 exercet
355 505 362 516 ,
380 484 493 512 auctore
506 483 616 512 Donato
627 507 633 517 ‚
656 485 689 512 ad
702 484 770 513 illud
781 485 845 515 Ter.
858 487 925 515 Eun.
935 496 958 515 2.
972 497 996 515 2.
1011 491 1054 517 26.

126 520 237 553 Cetarii,
259 519 335 552 lanii,
357 521 449 557 coqui,
471 521 595 555 fartores,
618 520 775 559 piscatores.
836 524 892 553 Cic.
908 534 928 552 i.
949 524 1030 554 offic.
1048 536 1106 559 ῐςο.
1129 526 1191 554 Nec

68 559 145 588 enini
166 557 314 594 quicquam
336 558 487 594 ingenuum
504 559 607 588 habere
618 560 706 596 potest
716 560 869 604 opiii‘cinaJ·
889 562 1061 605 minimeque
1073 570 1143 606 artes
1153 574 1192 592 ere

70 595 237 633 probandae,
254 604 313 631 quae
325 596 454 624 ministrae
475 596 537 625 sunt
559 596 756 635 voluptatum,
777 606 888 631 cetarii,
912 599 993 634 lai-iii,
1015 610 1115 644 coqui,
1135 602 1188 644 ἃς.

70 633 189 666 Cetarii,
212 632 306 660 Nonio
320 654 328 667 ,
349 642 435 669 geniis
446 634 483 663 est
494 634 679 671 piscatorum,
702 636 776 671 quod
795 637 912 671 majores
930 638 1016 673 pisces
1033 644 1108 676 capit
1120 661 1126 670 ,
1150 639 1192 682 di-

86 672 162 700 (lum
172 669 206 698 ab
217 680 261 704 e0,
273 671 348 706 quod
361 678 421 700 cete
433 671 460 700 in
478 673 545 701 mari
562 673 666 707 majora
683 673 745 702 sunt
763 673 996 710 pisciiimigenera.
1022 677 1104 705 Varro
1117 677 1189 711 γνωθι

87 706 196 741 aruo-rh,
218 707 283 736 Non
294 709 490 739 animadvertis
500 711 633 744 cerarios,
657 721 742 747 quum
759 712 853 740 videre
865 712 963 741 volunt
976 714 1003 741 in
1023 715 1090 743 mari
1102 715 1191 757 'thun-

87 755 154 779 nos,
175 745 321 774 ascendere
330 747 357 774 in
369 747 472 776 malum
484 748 538 776 alte
548 769 556 782 ,
577 749 726 786 utpenitus
735 759 782 786 per
794 758 892 786 aquam
903 750 1188 790 perspiciantpisees?

33 783 128 814 Cs‘rt')
139 793 176 812 su
187 793 199 812 s
209 804 218 818 ‚
240 783 301 818 Adj.
324 784 417 814 Avien.
433 785 572 815 Phaenom.
594 786 629 815 de
641 785 710 815 Ceto
722 786 798 824 pisce
818 796 844 816 v.
862 796 942 824 1300.

221 835 259 840 —
271 823 468 858 cumprimum
484 823 573 852 rursus
582 824 615 852 ab
625 825 708 853 undis

110 857 206 886 Cetosa
217 859 245 887 in
253 857 381 896 superum
390 860 547 890 reseruntur
562 861 663 890 viscera
671 861 788 891 Czclum.

32 895 173 929 CizTTs,
195 895 288 931 [ὰπεπ
302 891 314 924 ἒ
328 894 400 932 δότε]
422 899 555 935 significat
573 899 666 928 Dicite
685 900 728 928 vel
746 900 832 928 Date:
855 900 889 929 ab
904 910 938 930 eo
955 902 1029 938 quod
1044 902 1083 931 est
1098 903 1188 933 Cedo.

67 933 178 963 Naevius
190 933 314 971 Lycurgo
330 957 337 968 ,
362 935 551 965 Proindustria
563 947 597 965 ne
610 944 635 965 rc
648 947 740 975 regem
751 945 918 974 prognatum
937 949 1013 977 patre
1033 940 1190 978 Lycurgum

67 977 148 1000 cette.
189 971 294 1001 Ennius
309 972 411 1002 Medea
424 995 432 1007 ,
454 974 564 1003 Salvete
584 975 690 1012 optima
710 985 756 1004 cor
780 985 843 1009 ora,
866 984 940 1006 cette
957 988 1055 1007 manus
1073 979 1189 1022 vestras,

65 1008 192 1046 measque
203 1010 330 1047 accipite.
352 1011 470 1041 Nonius.
512 1012 662 1050 Antiquum
677 1013 754 1086 est.U
783 1036 789 1042 .
812 1023 880 1042 ci-:o
891 1024 907 1043 o
928 1016 1003 1045 verb.
1017 1016 1147 1046 defectiv.

31 1093 53 1125 C
61 1104 74 1124 a
83 1104 110 1129 U,
131 1092 207 1131 [οἷον.
216 1095 305 1132 douvra,
315 1095 414 1133 ἔων-εξ]
429 1098 494 1127 Adv.
509 1098 705 1134 similitudinis,
718 1101 804 1138 inagis
814 1102 852 1130 est
862 1108 1017 1139 poetarum,
1039 1112 1121 1140 quam
1132 1113 1192 1133 ora-

66 1138 175 1162 torum:
197 1133 243 1163 sed
258 1144 313 1172 quo
326 1135 425 1171 multi,
443 1138 469 1166 ἃ
481 1137 632 1174 pr—azsertiiii
645 1137 748 1167 Plinius
759 1160 767 1171 ,
784 1146 908 1169 utuntur.
933 1140 1035 1177 Virga.
1047 1142 1110 1171 AEn.
1126 1145 1188 1172 116.

146 1171 254 1201 Adversi
269 1181 352 1210 rupto
362 1183 415 1203 ceu
427 1176 570 1211 quondam
581 1176 691 1205 turbine
704 1177 781 1205 venti

144 1208 316 1246 Confligunt.
948 1254 953 1259 ¹

66 1244 124 1276 Ceu
135 1267 142 1280 ,
165 1257 215 1283 pro
229 1248 317 1278 Velut.
357 1248 424 1278 Plin.
436 1248 482 1278 lib.
490 1260 516 1286 9.
534 1261 596 1289 cap.
610 1260 636 1288 7.
658 1252 829 1289 Argumento
839 1253 1004 1283 animalium
1015 1264 1074 1292 quae
1083 1254 1191 1294 semper

84 1283 187 1314 defossa
200 1286 299 1315 vivunt
310 1308 318 1320 ,
340 1296 391 1316 ceu
404 1287 494 1324 talpae.

64 1321 142 1356 Ceu,
164 1332 215 1360 pro
227 1324 317 1360 Quasi.
361 1324 428 1354 Plin.
442 1325 490 1355 lib.
504 1332 529 1360 8.
542 1336 603 1365 cap.
619 1329 661 1356 16.
682 1326 862 1358 Incremento
881 1335 974 1367 terga,
996 1340 1047 1360 ceu
1067 1331 1190 1368 quodam

83 1359 284 1396 incitamento,
307 1362 489 1399 flagellantur.
1182 1407 1188 1413 .

64 1395 122 1426 Ceu
138 1408 205 1427 vero
216 1421 224 1433 ,
246 1409 297 1437 pro
310 1400 391 1437 Quasi
403 1411 477 1437 vero,
501 1401 720 1439 frequentissime
732 1403 794 1432 usus
804 1404 842 1433 est
855 1403 924 1434 Plin.
942 1406 1013 1434 utin
1029 1407 1133 1443 praefat.
1149 1407 1189 1436 sui

53 1454 58 1460 ·
81 1437 189 1473 operis,
212 1437 270 1466 Ceu
282 1447 347 1467 vero
360 1438 479 1468 nesciam
495 1439 622 1469 adversus
632 1441 853 1478 Theophrastum
867 1443 997 1480 scripsisse
1014 1446 1097 1474 etiam
1109 1445 1191 1474 femi·

82 1482 156 1503 narn.
198 1474 277 1504 Idem
292 1475 340 1505 lib.
355 1487 380 1513 7.
399 1487 458 1514 cap.
475 1488 517 1513 ςς.
530 1476 599 1507 'Ceu
610 1487 675 1508 vero
688 1479 844 1509 ullomodo
861 1481 982 1519 spirandi
997 1483 1067 1511 ratio
1077 1483 1188 1512 homini

80 1520 97 1540 a
111 1513 209 1542 ceteris
218 1514 384 1543 animalibus
398 1515 488 1544 distet.

81 1558 143 1585 VA,
165 1561 194 1580 ae.
219 1551 326 1588 [πᾶσι]
348 1553 441 1582 Genus
453 1562 541 1582 vaccae
550 1552 716 1584 humilioris.
739 1554 877 1586 Columel.
889 1556 936 1586 lib.
951 1562 977 1587 6.
991 1567 1051 1595 cap.
1065 1567 1110 1592 24-
1130 1596 1136 1602 ⁶

32 1585 165 1622 Cssvso,
188 1589 400 1626 [μαλακωιίζω]
422 1594 479 1620 ἕπε.
502 1591 606 1621 Clunes
629 1603 757 1623 movere:
786 1596 862 1631 quod
884 1597 996 1633 proprie
1015 1596 1053 1625 est
1063 1605 1187 1639 'marium

63 1625 192 1655 obscoene
203 1626 228 1656 se
242 1630 423 1658 morantium.
446 1629 488 1658 Usi
499 1629 563 1658 sunt
575 1630 664 1660 Poetae
678 1631 776 1666 Juven.
788 1642 814 1661 2.
828 1633 883 1662 Sat.
894 1643 937 1662 21.
951 1636 976 1663 δι
989 1634 1186 1669 NlartiaI.3.95.

63 1661 166 1694 Cevere
187 1666 200 1700 [
213 1672 291 1691 οτκνλο
299 1664 434 1702 πων-ἳεοζῖν]
458 1677 509 1705 per
520 1668 731 1698 translationem
746 1679 797 1707 pro
811 1670 920 1700 Adulari
932 1673 1087 1708 accipitur:
1111 1672 1188 1710 quod

81 1710 166 1738 quum
176 1702 324 1732 adulantur
333 1714 431 1739 canes,
454 1705 550 1735 clunes
562 1714 677 1736 movent
688 1709 713 1737 ἃ
723 1708 851 1738 caudam.
874 1709 942 1739 Pers.
958 1720 981 1739 1.
998 1710 1054 1740 Sat.
1067 1715 1114 1747 87.

234 1757 272 1762 -
280 1751 315 1770 an
326 1742 448 1772 Romule
462 1744 566 1773 ceves‘?

0 1795 2 1806 ι
29 1774 96 1806 Οξν
107 1784 174 1808 ist
184 1801 192 1815 ,
213 1778 310 1808 Partic.
334 1781 550 1818 [σαλακωνϊζων]
573 1781 671 1817 Juven.
684 1791 710 1811 2.
729 1783 783 1813 Sat.
794 1792 838 1814 21.

5 1831 7 1834 <
27 1850 49 1882 c
55 1833 63 1860 7
167 1853 190 1883 V
236 1833 274 1837 —
284 1827 337 1855 ego
346 1825 374 1848 te
388 1826 544 1855 ceventem,
557 1820 651 1855 Sexte,
659 1819 796 1851 verebor?

55 1861 70 1881 iz
80 1862 99 1881 υ
107 1862 118 1882 s
130 1875 139 1888 ,
192 1877 199 1884 .

222 1864 239 1884 c
247 1865 274 1884 oe
285 1866 302 1885 u
310 1865 332 1885 s.

22 1925 25 1937 l
458 1896 486 1930 C
575 1895 611 1950 nE
712 1897 746 1933 Y
756 1947 762 1952 ι
964 1946 972 1956 h
1100 1949 1107 1956 c
1132 1950 1138 1956 1

0 1962 2 1966 .
29 1937 145 1973 C'u‘i'x,
168 1941 237 1971 reis.
259 1951 297 1972 m.
321 1942 428 1978 [Κέὗξ]
451 1945 595 1982 Accipitris
611 1955 697 1982 genus
715 1946 816 1976 Suidae.
857 1946 919 1978 Rex
932 1949 986 1978 fuit
1004 1946 1163 1979 Thraciniae
1176 1971 1184 1985 ‚

21 1941 25 2007 l
61 1976 182 2006 Luciferi
195 1979 283 2014 filius,
306 1982 332 2010 Sc
345 1983 458 2011 maritus
470 1982 606 2020 Alcyones
618 1983 680 2012 filiae
690 1984 762 2013 ffioli
773 2007 780 2019 ,
803 1985 850 2023 qui
863 1996 948 2023 quum
962 1988 998 2016 ob
1015 1988 1125 2017 causam
1136 1988 1186 2016 fra-

62 2015 109 2044 tris
121 2016 149 2044 in
161 2018 322 2055 accipitrem
334 2020 432 2048 mutati
444 2041 452 2055 ,
474 2021 508 2049 ad
523 2021 645 2050 Clarium
657 2023 802 2052 oraculum
815 2024 1020 2054 consulendum
1032 2026 1183 2062 navigaret,

59 2054 222 2091 tempestate
236 2057 271 2085 de
295 2056 425 2087 rehensus
439 2058 477 2087 est
491 2059 516 2088 8<
533 2058 695 2090 submersus.
736 2061 829 2097 Quiire
841 2071 927 2098 quum
939 2063 1039 2106 statuto
1056 2071 1185 2100 tempore

60 2100 118 2120 non
128 2093 240 2128 rediret,
254 2066 375 2131 ΛΓεγοηε
387 2095 474 2125 multa
484 2097 612 2133 quotidie
625 2106 689 2127 vora
701 2108 750 2136 pro
761 2100 809 2128 viri
820 2100 906 2129 salute
917 2099 1090 2139 suscipiebat.
1109 2102 1184 2146 Tan-

60 2129 127 2158 dem
138 2130 166 2158 in
175 2129 277 2161 somnis
286 2133 392 2162 monita
404 2155 412 2167 ,
432 2135 576 2171 naufragio
588 2146 652 2164 eum
664 2136 774 2172 periisse
783 2160 789 2170 ,
812 2148 897 2175 quum
914 2140 948 2167 ad
959 2138 1121 2168 deflendum
1132 2150 1184 2169 mi-

60 2166 202 2197 serabilem
213 2170 263 2197 viri
275 2169 369 2199 casum
379 2180 461 2201 mane
474 2173 508 2201 ad
521 2172 586 2202 litus
598 2174 731 2209 venisset,
754 2176 829 2205 unde
849 2175 896 2205 ille
908 2176 1043 2211 solverat,
1063 2179 1183 2207 cadaver

61 2205 201 2242 quoddam
210 2205 339 2237 fluc‘tibus
348 2209 384 2237 ad
394 2209 460 2239 litus
471 2211 541 2240 vidit
554 2211 676 2249 expelli:
700 2214 774 2250 quod
789 2223 876 2251 quum
889 2216 938 2243 viri
952 2214 991 2257 sui
1007 2215 1060 2259 esse
1078 2225 1184 2252 cogno-

61 2242 154 2278 visset,
175 2254 207 2273 ac
217 2255 268 2282 per
283 2246 372 2275 undas
380 2247 414 2276 ad
424 2248 495 2277 illud
509 2249 607 2278 exilire
615 2250 708 2285 vellet,
730 2251 847 2280 deorum
859 2251 1073 2297 miserationem
1085 2254 1184 2298 Alcyo-

60 2288 125 2310 nem
136 2283 278 2317 conversa,
301 2284 336 2313 ad
347 2295 378 2314 os
389 2287 479 2315 mariti
490 2287 646 2317 advolavit:
670 2289 754 2326 qui&
770 2289 826 2327 ipse
838 2288 931 2319 oscula
942 2300 1036 2320 uxoris
1050 2291 1181 2328 sentiens,

61 2318 90 2348 in
100 2319 250 2357 Alcyonem
260 2329 383 2352 mutatus
393 2324 439 2353 est.
477 2324 610 2354 Fabulam
621 2326 693 2356 hanc
704 2327 788 2356 refert
799 2327 883 2357 Ovid.
900 2338 940 2357 ιι.
956 2329 1025 2358 Met.
1038 2340 1100 2366 544.

461 2363 490 2397 C
585 2365 619 2399 H
717 2367 742 2400 A

7 2401 20 2433 ³>
29 2405 103 2436 CHA
113 2416 132 2436 A
144 2429 152 2441 ,
175 2408 261 2444 [Χάει]
278 2409 368 2447 inquit
379 2409 479 2440 Strabo
488 2410 537 2442 lib.
550 2418 576 2446 8.
600 2413 783 2452 Peloponnesi
794 2415 859 2444 urbs
873 2414 986 2454 Lepraeo
1004 2415 1096 2445 vicina
1106 2438 1114 2450 ,
1136 2416 1185 2446 ubi

9 2448 11 2452 ’
61 2443 193 2482 Ephasius
212 2456 327 2485 campus
354 2448 433 2480 iacet.
476 2450 564 2486 Hujus
580 2450 663 2481 Chaae
681 2453 760 2482 causa
773 2475 780 2488 ,
801 2454 908 2483 bellum
923 2455 995 2484 inter
1016 2456 1136 2485 Arcades
1157 2457 1184 2485 δι

61 2481 149 2520 Pylios
158 2484 311 2514 conflatum
326 2486 453 2523 plerique
461 2488 548 2518 aiunt.

56 2529 103 2549 HA
113 2531 132 2549 A
143 2532 159 2550 L
168 2532 188 2550 A
200 2543 208 2556 ,
230 2522 313 2552 Vicus
323 2524 361 2553 est
373 2524 485 2562 AEgypti
498 2526 573 2564 apud
588 2526 694 2556 Strabo.
709 2528 756 2558 lib.
773 2532 813 2558 ¹6.
1166 2570 1172 2577 .

56 2566 76 2587 H
85 2568 126 2587 As
135 2569 152 2588 A
161 2569 177 2587 R
186 2563 202 2588 ᾗ
211 2570 270 2595 Νι,
293 2561 474 2599 [Χαῖαςηνεὲ]
496 2564 594 2601 Populi
607 2566 746 2603 Scythici,
769 2568 804 2596 ad
815 2567 969 2604 Chalybem
979 2566 1096 2599 fluvium
1107 2569 1185 2599 habi-

16 2599 19 2626 ’,
61 2601 164 2631 rantes,
186 2599 449 2637 quiperegririarurn
465 2603 615 2632 mulierum
627 2625 634 2637 ,
663 2614 729 2641 quas
741 2605 862 2634 nancisci
874 2614 1007 2643 poterant
1018 2630 1025 2642 ,
1048 2618 1184 2638 mammas

16 2629 19 2657 ἶ
45 2656 48 2658 ,
60 2635 156 2664 crudas
166 2636 304 2672 edebant,
325 2639 351 2667 &
365 2647 466 2675 pueros
478 2641 660 2670 devorabant.
701 2643 860 2680 Stephanus
869 2654 903 2673 ex
914 2644 1050 2675 sententia
1064 2646 1182 2676 Eudoxi.

55 2680 75 2700 H
86 2682 103 2700 A
111 2683 126 2701 Β
134 2683 150 2701 R
158 2684 168 2702 r
178 2683 197 2702 A
207 2695 215 2709 ,
237 2674 321 2711 Vicus
330 2677 367 2704 est
376 2676 486 2715 AEgypti
499 2688 587 2716 prope
601 2680 735 2709 Arabiam.
758 2682 856 2710 Strabo
866 2682 914 2712 lib.
932 2693 973 2719 ¹7·

52 2718 77 2739 vn
85 2719 103 2739 Α
111 2721 126 2739 Β
135 2721 149 2739 R
157 2722 168 2740 1
177 2722 196 2741 A
204 2722 226 2747 s,
239 2712 594 2748 [medodA-henienfium
607 2718 827 2756 philosophus,&
840 2719 898 2749 dux
908 2721 1185 2753 clariffimus.Auetor

57 2747 166 2778 Suidas.
207 2751 298 2786 Hujus
314 2751 517 2783 Demosthenes
528 2764 593 2784 cum
605 2755 675 2793 saepe
686 2757 713 2785 in
724 2758 898 2787 orationibus
914 2760 1060 2795 meminit,
1081 2768 1141 2790 tum
1154 2763 1183 2791 in

62 2787 186 2816 oratione
200 2789 235 2817 ad
252 2788 401 2826 Leptinem
412 2813 419 2824 ,
441 2792 567 2828 pluribus
579 2803 621 2822 res
636 2795 720 2828 gestas
731 2796 912 2833 persequitur,
934 2801 959 2826 &z
975 2799 1003 2826 in
1016 2799 1075 2833 ejus
1087 2799 1184 2829 laudes

61 2823 223 2861 digreditur.
264 2827 320 2856 Hic
345 2829 439 2858 dicere
454 2829 559 2860 solebat
574 2832 772 2863 terribiliorem
791 2834 846 2864 ess‘e
868 2836 1022 2865 exercitum
1038 2845 1186 2868 cervorum

60 2859 131 2891 duce
138 2862 221 2893 leone
233 2886 241 2899 ,
264 2875 349 2901 quam
359 2865 474 2897 leonum
486 2868 559 2898 duce
570 2879 662 2899 cervo,

56 2907 76 2928 H
85 2909 103 2928 A
112 2910 131 2929 D
141 2911 151 2930 1
159 2911 172 2931 s
182 2912 192 2930 r
203 2912 223 2931 A
236 2923 244 2937 ,
267 2901 421 2940 [xxdie-iae]
442 2906 556 2936 Fluvius
575 2908 612 2937 est
624 2909 649 2937 Sc
662 2908 799 2945 oppidum
810 2909 934 2945 ejusdem
942 2912 1064 2942 nominis
1074 2913 1102 2942 in
1112 2914 1186 2952 Cap.

61 2939 175 2975 padocia
185 2962 193 2975 ,
214 2940 270 2970 sive
282 2940 443 2980 Leucosyria
454 2965 461 2979 ,
483 2945 512 2973 in
521 2944 621 2976 finibus
631 2946 855 2984 Themiscyrena:
867 2969 874 2983 ,
896 2959 954 2978 non
964 2950 1089 2987 procula
1101 2952 1185 2990 Lyca-

62 2974 109 3005 sto.
149 2979 251 3007 Austor
266 2978 335 3008 Plin.
348 2980 396 3010 lib.
408 2985 433 3010 6.
447 2991 507 3019 cap.
524 2992 548 3017 ζ.

58 3021 77 3042 H
86 3024 109 3042 Ξ
118 3024 136 3043 A
145 3024 165 3043 N
175 3026 184 3044 1
195 3025 215 3044 T
224 3027 247 3045 ra
259 3038 268 3051 ,
291 3017 459 3052 [xoumoswa
471 3021 484 3057 ]
506 3020 603 3059 Populi
615 3021 677 3051 sunt
685 3021 720 3050 ad
732 3021 842 3052 Caucasi
854 3025 958 3053 montis
970 3026 1078 3056 radices
1088 3049 1097 3063 ,
1117 3028 1184 3067 Sep.

61 3053 229 3083 tentrionem
239 3054 331 3085 versus
344 3077 352 3090 ,
373 3057 434 3093 post
444 3057 629 3097 Troglodytas
639 3082 647 3095 ,
668 3060 704 3088 de
714 3060 814 3097 quibus
826 3062 923 3092 Strabo
938 3063 986 3093 lib.
1002 3074 1012 3093 1
1021 3074 1044 3094 1.

21 3115 23 3117 ,
57 3097 129 3118 mun
139 3100 153 3119 iz
163 3113 171 3125 ,
191 3093 308 3129 [χαῖρε]
328 3094 345 3122 i.
360 3104 384 3123 e.
407 3095 493 3126 Salve.
517 3097 637 3127 Martial.
650 3097 698 3126 lib.
712 3109 735 3133 ς.
748 3108 791 3133 5²·

137 3128 303 3166 Exprimere
315 3153 323 3165 ,
345 3131 417 3162 Rufe
430 3154 438 3167 ,
460 3134 580 3164 fidiculae
591 3136 659 3165 licet
670 3143 788 3173 cogant,

137 3167 193 3196 Ave
204 3167 332 3198 Latinum
343 3191 351 3203 ,
372 3171 446 3207 χαῖςε
459 3182 516 3202 non
531 3174 621 3211 potest
635 3174 772 3204 Graecum.

137 3204 210 3241 Quis
220 3207 366 3244 expedivit
378 3208 493 3245 psittaco
504 3210 582 3241 suum
602 3213 700 3248 χαῖξεὶ)

57 3248 76 3269 Η
85 3250 129 3270 mii
139 3252 154 3270 iz
165 3255 180 3271 A
191 3253 204 3272 s
215 3265 223 3277 ,
246 3245 390 3281 [Xaugioor]
411 3247 561 3279 Statuarius
569 3250 672 3279 nobilis
685 3272 693 3284 ,
713 3250 901 3282 Alexandrum
913 3262 1044 3291 magnum
1057 3276 1065 3291 ‚
1087 3257 1112 3286 δι
1123 3255 1185 3286 Phi-

62 3276 168 3316 lippum
180 3289 287 3318 patrem
300 3283 359 3318 ejus
369 3284 436 3314 fecit
449 3307 457 3321 ,
480 3286 547 3316 teste
561 3287 629 3317 Plin.
647 3287 696 3317 lib.
709 3298 751 3325 34.
765 3298 826 3327 cap.
838 3295 864 3323 8.

61 3315 125 3345 Fuit
136 3319 161 3347 &
174 3318 242 3348 alter
254 3320 380 3351 Chaereas
392 3343 401 3358 ,
424 3323 594 3355 Atheniensis
608 3326 736 3356 medicus
750 3348 759 3363 ,
781 3327 816 3357 de
830 3337 886 3365 quo
906 3328 983 3358 idem
1001 3329 1070 3360 Plin.
1083 3333 1186 3362 memi-

81 3354 178 3385 nitlib.
191 3367 236 3387 20.
251 3367 312 3395 cap.
326 3369 390 3397 pen.

58 3400 303 3425 Harrei-omum
321 3418 328 3431 ,
356 3398 387 3427 ln
408 3408 510 3428 CHAER
521 3409 732 3432 riri-ivLLurr.

59 3437 78 3463 Β
86 3440 109 3458 AE
117 3440 132 3458 R
141 3434 157 3460 ἴε
165 3443 186 3461 Μ
195 3442 212 3461 o
221 3443 241 3461 Ν
253 3456 260 3468 ,
283 3436 453 3472 [Xougn‘um]
474 3438 606 3468 Comicus
621 3448 704 3478 poeta
720 3441 842 3471 Graecus.

63 3465 197 3499 Fuititem
207 3471 275 3500 alter
284 3494 292 3507 ,
315 3474 359 3510 qui
370 3473 473 3512 scripsit
485 3475 661 3512 ὶεςογλυφυωί.
684 3480 786 3507 Auctor
797 3479 936 3518 utriusque
946 3480 1055 3512 Suidas.

60 3512 110 3534 ΗΕ.
119 3508 159 3536 1ιέ
167 3517 181 3536 P
189 3518 209 3537 H
220 3518 236 3537 o
246 3518 267 3537 Ν
276 3531 285 3544 ,
307 3512 479 3548 [Χαιρεφῶν]
509 3515 681 3545 Atheniensis
695 3516 880 3555 philosophus
890 3540 898 3551 ,
920 3519 1039 3549 Socratis
1060 3520 1180 3552 auditor.

31 3567 34 3571 .
63 3541 151 3579 Hujus
161 3545 231 3575 nihil
241 3548 359 3578 traditur
373 3549 514 3588 scripturn.
554 3553 595 3582 Ab
612 3554 665 3583 hoc
676 3560 774 3583 natum
796 3556 978 3593 proverbium
989 3579 996 3591 ,
1019 3556 1072 3584 i'rdi..
1087 3557 1182 3587 ὢοίσεςς

18 3590 25 3601 t
63 3583 249 3617 καιςεφῦντῶυ.
271 3586 289 3614 i.
300 3596 324 3615 e.
344 3587 421 3616 Nihil
432 3599 446 3617 a
456 3588 660 3628 Chaerephonte
668 3591 788 3621 differes.
812 3594 842 3623 sn
855 3594 1021 3623 macilentos
1032 3596 1180 3634 pallentes,

63 3620 135 3655 apud
145 3621 352 3659 Aristophanem
365 3626 393 3654 in
405 3626 542 3657 Nubibus.
577 3629 640 3658 Erat
649 3631 725 3659 enim
742 3631 916 3669 Chaerephon
929 3633 1050 3669 pallidus
1060 3657 1068 3670 ,
1094 3641 1125 3663 ut
1135 3636 1183 3671 qui

20 3667 36 3689 μ
63 3663 160 3694 magno
173 3660 263 3689 studio
274 3661 458 3701 philosophiae
467 3675 581 3702 operam
592 3667 680 3702 daret,
692 3669 717 3697 ἅ
727 3669 753 3697 in
762 3668 867 3699 litteras
877 3671 1062 3702 incumberet.
1072 3673 1180 3703 Suidas.

59 3701 78 3721 H
86 3703 108 3723 ἃ
117 3705 132 3723 R
140 3697 156 3724 ἴε
166 3706 180 3725 P
189 3706 209 3725 H
218 3708 237 3726 ir
246 3709 287 3728 LL
297 3710 314 3728 o
326 3710 346 3728 N
356 3722 364 3735 ,
390 3703 407 3737 [
417 3705 598 3739 moriemur]
629 3705 720 3734 Herba
739 3707 777 3735 est
796 3707 941 3744 pastinacae
962 3711 1085 3739 erraticae
1097 3732 1105 3743 ,
1127 3711 1181 3741 five

65 3731 142 3762 dauci
154 3734 220 3763 solio
232 3736 373 3774 aliquanto
387 3742 516 3770 tenuiore
526 3763 534 3776 ,
555 3743 679 3772 radicula
696 3745 863 3774 candicante
874 3767 882 3779 ,
903 3746 1057 3777 subamara.
1099 3748 1181 3778 Vete-

17 3800 22 3806 ,
62 3777 102 3798 res
113 3770 266 3808 Gingidion
280 3776 464 3813 appellarunt.
505 3779 578 3809 Nam
590 3780 779 3819 Chaerephylli
798 3792 904 3812 nomen
924 3786 1064 3815 recentius
1085 3787 1123 3816 est
1135 3809 1143 3822 ‚
1165 3798 1182 3818 a

63 3814 146 3837 coinae
157 3809 265 3840 luxuria
275 3834 283 3847 ,
300 3814 456 3852 &aspectus
466 3816 642 3852 jucunditate
663 3822 713 3854 (ut
726 3820 854 3855 videtur)
874 3822 1043 3858 impofitum.
1087 3826 1180 3856 Hodie

20 3854 33 3870 ι’
63 3852 78 3872 a
90 3845 172 3883 vulgo
185 3847 376 3881 herbariorum
388 3852 585 3885 Chaerefolium
596 3878 604 3891 ‚
627 3857 721 3886 Graeca
733 3859 758 3887 ἃ
773 3858 869 3888 Latina
879 3869 949 3889 voce
964 3861 994 3888 in
1014 3871 1098 3892 unam
1117 3874 1180 3894 coa-

24 3891 26 3894 *
63 3879 234 3918 lescentibus,
251 3896 373 3919 vocatur.
397 3891 533 3922 Columel.
546 3893 593 3923 lib.
611 3904 619 3923 1
632 3905 651 3923 r.
663 3904 723 3932 cap.
737 3904 760 3931 3.
786 3897 862 3926 conf.
885 3906 933 3926 effi
944 3907 958 3925 a
968 3908 981 3926 E
992 3909 1004 3926 r
1014 3909 1031 3927 o
1042 3911 1056 3927 L
1069 3912 1076 3929 i
1088 3912 1105 3930 u
1115 3913 1146 3932 Μ,

40 3915 131 3993 fumi
140 3928 168 3951 rs
178 3945 185 3955 ,
206 3924 269 3953 idis.
293 3926 433 3963 [Xassests]
452 3929 749 3970 Citharoedusineptus
761 3933 829 3968 fuit,
851 3935 930 3968 cuius
942 3937 1073 3968 meminit
1081 3941 1180 3970 Aristo.

944 374 1023 410 [Nisi
1034 374 1143 405 Crescet
1158 376 1195 406 le-

0 2098 11 2279 νῖτ-ήῧ
0 2025 8 2086 -Ἶ-
0 1988 10 2014 *2⁷

854 3174 922 3207 Pers.
937 3177 967 3206 in
979 3187 1098 3216 prooem.
1114 3188 1140 3210 v.
1154 3186 1182 3216 8.

23 3970 28 4007 s
63 3955 164 3994 phanes
175 3961 205 3990 in
216 3961 373 4000 Comoedia,
385 3974 445 4003 quae
456 3965 614 3998 inscribitur
630 3971 749 4007 Α’λαςνεῖς.
771 3973 849 4003 Αυέὶ.
865 3973 974 4005 Surdas.

1648 117 1678 151 C
1774 118 1810 154 H
1900 120 1927 155 A
2344 140 2411 174 495

1255 192 1276 220 C
1286 203 1304 221 Η
1315 203 1337 221 ,aa
1349 203 1361 221 iz
1373 197 1390 223 ὃ
1400 205 1418 223 Ν
1429 197 1446 224 E
1457 206 1474 224 Α
1486 218 1494 229 ,
1516 197 1690 233 [xmer'woe]
1712 198 1827 229 lloeotiae
1839 202 1931 235 vicus.
1959 201 2096 233 Plutarchi
2110 207 2198 242 patria
2210 229 2217 242 ,
2244 208 2324 240 clade
2338 213 2420 244 Athe-

1292 232 1427 261 niensium
1439 235 1635 264 memorabilis.
1659 238 1816 267 Clia‘ronea:
1830 241 1960 270 meminit
1971 240 2038 270 l’lin.
2049 241 2097 272 lib.
2110 255 2135 278 4.
2148 254 2208 282 cap.
2221 255 2247 281 7.

1254 267 1275 294 C
1285 277 1302 295 ii
1315 279 1336 296 ,ιε
1346 279 1360 296 ri
1372 274 1388 295 Γι
1400 280 1440 298 Νη
1452 281 1469 299 u
1481 281 1492 299 s
1507 294 1514 303 ,
1538 274 1717 309 [Χωιξωνεὺς]
1739 275 1852 311 gentile.

1253 304 1275 332 C
1286 314 1304 333 ii
1316 315 1330 332 .-i
1347 317 1360 332 i,
1372 317 1388 334 A
1401 318 1417 335 c
1429 318 1445 335 A
1458 318 1477 335 N
1488 319 1506 337 T
1518 319 1535 337 H
1548 320 1565 338 A
1583 332 1590 341 ,
1612 312 1686 348 apud
1701 313 1848 342 hicolaum
1868 314 2029 352 Myrepsum
2042 340 2049 351 ,
2070 319 2297 356 quandoquidem
2315 325 2419 362 ambigi

1290 342 1374 371 video
1389 345 1454 380 quid
1467 356 1501 374 eo
1516 349 1856 385 noniirieintelligendum
1877 352 1906 381 sit
1918 374 1925 386 ,
1949 363 2005 382 iion
2023 355 2097 384 aliud
2114 358 2261 394 quicquam
2276 360 2313 388 est
2336 373 2419 399 quam

1292 380 1486 411 Arranientum
1498 383 1648 419 sutorium,
1671 389 1745 423 quod
1758 388 1961 419 Clialcanthuin
1976 392 2021 420 alii
2031 402 2147 422 vocant:
2169 397 2252 426 etiam
2268 398 2420 430 chalacan-

1289 417 1356 445 t'iicn
1366 419 1501 456 interpres
1514 422 1646 451 Nicandri
1658 426 1787 462 appellat.
1816 427 1940 457 Turneb.

1253 454 1274 481 C
1287 463 1307 495 Η
1319 464 1334 482 A
1348 466 1361 482 i,
1373 466 1396 484 L<
1407 466 1424 484 o
1437 467 1455 484 N
1467 479 1474 491 ,
1498 460 1650 495 [Aulaeum]
1666 462 1815 493 Locrorum
1825 474 1922 502 portus
1934 488 1942 498 .
1960 476 1974 496 a
1989 477 2044 503 quo
2058 478 2094 497 vr
2105 480 2123 498 i.
2139 482 2168 500 M.
2183 472 2309 508 passuum
2321 475 2421 505 intror-

1291 492 1333 519 sus
1345 492 1463 523 liberum
1473 497 1609 532 oppidum
1622 498 1736 537 Delphi,
1761 501 1809 530 sub
1821 510 1916 532 monte
1929 503 2052 534 Parnasso
2063 527 2071 541 ,
2095 507 2273 540 clarisliiiium
2293 512 2322 541 in
2339 515 2419 543 terris

1289 530 1402 558 oraculo
1414 533 1559 568 Apollinis.
1585 535 1651 565 Plin.
1672 538 1756 573 liba.
1775 549 1837 577 cap.
1854 549 1957 575 3.extr.

1251 566 1274 594 C
1287 576 1303 594 H
1316 577 1330 594 A
1343 578 1358 594 L
1368 578 1385 595 A
1398 578 1452 597 sis
1462 591 1470 604 ,
1492 571 1643 608 Γχιὶλοιπς]
1664 586 1678 603 a
1690 577 1807 606 medicis
1817 579 1973 616 appellatur
1983 579 2097 611 Laxatio
2108 584 2288 616 articulorum
2299 609 2306 621 ,
2330 597 2417 625 quum

1287 603 1394 634 scilicet
1407 616 1441 635 ex
1455 607 1622 644 laslitiidine,
1645 613 1769 643 nimiove
1781 615 1874 645 labore
1886 639 1893 651 ,
1916 617 2004 647 aliave
2019 629 2053 648 ex
2064 621 2142 651 causa
2157 625 2262 658 evenit,
2274 632 2305 654 ut
2319 625 2418 656 laxatis

1290 642 1410 672 vinculis
1420 645 1578 675 membrum
1591 650 1702 679 excidat
1715 661 1720 680 :
1744 660 1774 680 ut
1785 653 1801 691 si
1813 654 1904 683 radius
1915 655 1943 684 in
1957 655 2070 687 brachio
2081 668 2096 688 a
2109 660 2204 690 cubito
2213 662 2417 700 submoveatur,

1289 680 1326 708 ita
1339 688 1369 709 ut
1379 681 1456 711 Iocus
1467 684 1578 719 quidam
1594 687 1620 714 in
1634 688 1728 717 medio
1737 699 1839 720 vacuus
1851 692 2030 730 relinquatur.

1251 716 1335 746 CHA
1348 728 1488 755 1.Assis‚
1517 721 1546 750 V.
1571 733 1616 751 CA
1630 735 1766 755 LAssrs.

1251 755 1273 783 C
1283 765 1301 797 H
1317 766 1331 783 A
1345 766 1359 783 L
1371 767 1389 784 A
1399 766 1438 785 sT
1448 769 1455 785 i
1466 768 1483 787 c
1492 769 1511 787 A
1523 780 1530 793 ,
1553 761 1722 798 Γχαλιέε-ικσι]
1745 764 1863 796 Medicis
1875 768 2009 799 dicuntur
2019 770 2227 804 Medicamenta
2242 776 2413 808 relaxantia:

1288 793 1355 821 inde
1367 795 1499 824 nimirum
1512 818 1520 830 .
1543 797 1644 828 sicut&
1656 810 1758 830 nomen
1771 804 1858 840 ipsum
1873 805 1979 835 indicat
1990 830 1997 841 ,
2020 811 2095 845 quod
2114 812 2202 841 tensas
2227 812 2322 843 laxent
2335 817 2418 852 parti—

1287 830 1374 860 culas.
1398 833 1499 862 Auctor
1514 834 1635 866 Galerius
1647 837 1694 867 lib.
1711 847 1735 875 7.
1749 840 1784 869 de
1796 841 1925 879 Compos.
1939 846 2088 877 medicam.
2104 848 2216 880 secund.
2229 861 2322 888 gener.
2337 855 2413 884 conf.

1289 877 1546 901 CALAs‘rieus.

1249 905 1273 934 C
1282 915 1301 934 H
1314 915 1332 933 A
1344 917 1359 934 L
1368 917 1385 935 A
1396 917 1435 936 ST
1444 918 1458 936 R
1468 919 1498 941 A.
1522 910 1591 939 Urbs
1601 912 1635 940 ad
1646 911 1824 946 Thermaeum
1837 917 1935 954 sinum,
1946 926 1976 949 ut
1989 921 2027 950 ait
2037 922 2155 954 Strabo:
2177 935 2192 955 a
2203 925 2341 958 Chalastra
2351 939 2417 967 pro-

1288 944 1364 973 ximo
1376 952 1458 982 port-u
1474 948 1556 977 dit‘ta.
1596 948 1671 980 Hinc

1250 980 1330 1009 CHA
1344 993 1577 1021 LAs'rRreus,
1601 989 1659 1024 Adj.
1682 995 1713 1018 ut

1286 1019 1484 1051 Chalassricum
1498 1024 1617 1054 Nitrum.
1660 1026 1729 1057 Plin.
1745 1028 1793 1058 lib.
1808 1039 1850 1063 21.
1864 1041 1926 1070 cap.
1943 1043 1985 1063 ιο.
2010 1035 2159 1073 Optimum
2172 1039 2371 1079 copiosumque
2383 1043 2413 1072 in

1305 1057 1383 1102 Letis·
1396 1059 1572 1127 Macedqriiae
1584 1085 1592 1098 ,
1615 1066 1690 1101 quod
1702 1075 1802 1096 vocant
1812 1069 2011 1102 Chalastricum
2021 1095 2028 1108 ,
2048 1076 2213 1111 candidum,
2235 1088 2393 1117 purumque
2403 1103 2413 1116 ,

1303 1105 1467 1133 proximum
1493 1110 1507 1127 a
1522 1110 1537 1127 i.

1249 1131 1271 1161 C
1280 1142 1298 1161 H
1311 1143 1329 1162 A
1338 1144 1354 1161 L
1364 1143 1425 1163 Azi
1438 1147 1455 1164 A
1464 1146 1494 1167 s.
1518 1146 1548 1166 ae.
1572 1140 1744 1177 [χιλκζίαις]
1766 1143 1884 1174 Gemma
1898 1156 1958 1183 quae
1977 1149 2143 1185 grandinum
2155 1151 2279 1182 colorem
2291 1154 2374 1185 liabet
2387 1158 2414 1186 δι

1286 1170 1412 1207 figuram,
1428 1174 1614 1206 adamantinae
1626 1179 1744 1209 duritiae.
1764 1181 1833 1212 Plin.
1846 1183 2024 1223 lib.37.cap.1
2034 1197 2056 1216 1.
2071 1188 2179 1224 χαλαζα
2192 1191 2354 1222 Gr.Grando
2365 1195 2413 1224 est.

1248 1208 1271 1236 C
1282 1218 1300 1237 H
1314 1220 1330 1237 A
1340 1220 1355 1237 r.
1366 1220 1383 1238 A
1395 1220 1422 1239 zi
1434 1221 1450 1239 o
1460 1221 1479 1240 Ν
1489 1235 1497 1247 ,
1520 1215 1686 1252 [χαλάζεον]
1707 1218 1899 1250 Tuberculum
1911 1223 1986 1251 estin
1999 1224 2147 1254 oculorum
2170 1227 2310 1265 palpebris
2324 1253 2331 1263 ,
2356 1241 2415 1261 non

1287 1247 1417 1278 dissimile
1432 1249 1490 1285 illi,
1513 1253 1588 1288 quod
1601 1264 1615 1282 a
1626 1254 1726 1285 Graecis
1741 1256 1815 1292 139⁵?
1829 1259 1987 1297 appellatur
1999 1284 2007 1295 ,
2029 1263 2141 1291 diversae
2150 1272 2244 1294 tamen
2255 1267 2347 1304 figurae
2357 1291 2365 1304 ,
2386 1272 2414 1300 δε

1285 1286 1411 1321 mobile,
1434 1287 1451 1316 si
1464 1288 1519 1318 huc
1529 1298 1612 1327 atque
1622 1292 1690 1321 illuc
1702 1295 1829 1331 pellatur.
1859 1297 1900 1326 De
1911 1299 1965 1328 hoc
1977 1301 2106 1330 meminit
2118 1301 2214 1331 Galen.
2232 1304 2277 1334 lib.
2294 1316 2334 1340 ¹4-
2354 1307 2416 1337 Me-

1284 1323 1362 1352 thod.
1374 1326 1399 1353 8(
1410 1325 1457 1354 lib.
1471 1338 1494 1360 4·
1507 1329 1542 1357 de
1553 1330 1762 1367 Compositione
1771 1334 1911 1370 pharmac.
1924 1336 2036 1367 secund.
2048 1337 2135 1367 locos.
2147 1342 2171 1369 ἃ
2182 1342 2210 1369 in
2220 1341 2412 1376 Finitmedic.

1247 1359 1270 1389 C
1281 1370 1299 1389 H
1310 1364 1326 1390 A
1336 1373 1351 1389 L
1361 1366 1377 1390 fi
1389 1372 1404 1391 z
1413 1365 1431 1392 ὁ
1442 1374 1454 1391 P
1463 1374 1481 1393 H
1491 1366 1510 1394 ir
1521 1377 1536 1394 L
1546 1377 1562 1395 A
1574 1377 1590 1396 x
1602 1390 1609 1401 ,
1635 1369 1701 1399 dcis.
1725 1381 1761 1399 m.
1786 1372 2016 1410 [χαλαζοφύλαξ]
2038 1376 2207 1407 Observator
2217 1381 2358 1415 grandinis
2372 1383 2413 1412 fu-

1284 1406 1352 1428 turae
1364 1422 1371 1434 ,
1394 1401 1545 1440 interprete
1566 1407 1672 1436 Seneca
1684 1429 1692 1442 ,
1723 1409 1824 1445 Quaest.
1840 1411 1902 1440 Nat.
1917 1423 1943 1447 4.
1957 1417 1982 1441 6.
2007 1413 2061 1442 Ubi
2085 1417 2111 1444 ἃ
2132 1417 2250 1446 modum
2271 1418 2411 1456 describit,

1284 1440 1525 1473 quemadmodum
1537 1443 1684 1474 instantem
1696 1447 1861 1482 grandinem
1873 1448 2010 1480 sacrificiis
2019 1453 2179 1488 averterint,
2191 1455 2414 1492 apudCleonaeos

1282 1475 1349 1504 huic
1358 1478 1394 1506 rei
1408 1478 1521 1515 publice
1537 1482 1688 1512 constituti.
1711 1485 1781 1514 Add.
1795 1486 1932 1517 Plutarch.
1945 1489 2043 1528 Symp.
2061 1499 2088 1527 7.
2107 1491 2197 1522 Probl.
2211 1502 2237 1522 2.

1245 1511 1478 1552 CHALHANE,
1507 1519 1538 1547 sn
1559 1529 1782 1552 GALRANUM.

1245 1550 1268 1579 C
1279 1560 1297 1579 H
1309 1561 1326 1579 Α
1337 1562 1410 1581 Lora
1421 1561 1437 1581 A
1448 1576 1456 1589 ,
1486 1555 1530 1585 vel
1560 1557 1581 1586 C
1592 1568 1611 1587 H
1622 1569 1639 1587 A
1650 1563 1717 1589 Lei}
1728 1570 1746 1589 A
1759 1583 1767 1595 ,
1800 1563 1958 1598 [Χαλκὲαι]
1983 1564 2058 1595 Festa
2080 1566 2207 1603 quaedam
2230 1578 2310 1601 erant
2321 1595 2328 1605 ,
2351 1582 2412 1609 quae

1283 1590 1413 1619 nonnulli
1425 1601 1527 1624 vocant
1538 1597 1677 1626 Athenaea.
1721 1598 1863 1629 Aliietiam
1876 1601 2048 1632 Pandemuni
2059 1625 2067 1639 ,
2089 1607 2221 1641 quoniam
2232 1610 2267 1637 ab
2278 1613 2412 1642 omnibus

1281 1626 1507 1661 celebrarentur:
1530 1643 1687 1671 quanquam
1701 1646 1767 1666 mox
1778 1647 1792 1666 a
1806 1639 1977 1669 cerdonibus
1995 1648 2103 1671 tantum
2115 1665 2123 1677 ,
2145 1652 2192 1673 aut
2209 1649 2342 1683 operariis
2352 1671 2361 1683 ,
2384 1651 2412 1679 ἃ

1281 1665 1364 1694 fabris
1376 1668 1535 1705 praesertim,
1557 1679 1587 1700 ut
1599 1673 1680 1702 refert
1694 1675 1914 1712 Harpocration,
1936 1679 1962 1707 δι
1979 1679 2145 1716 Apollonius
2157 1682 2321 1715 Acharneus.
2345 1687 2412 1724 Quo

1280 1712 1446 1739 argumento
1470 1710 1621 1745 prodidere
1641 1712 1756 1748 quidam
1766 1735 1774 1748 ,
1796 1714 1975 1745 Athenienses
1993 1719 2116 1755 primum
2136 1722 2258 1751 aerariam
2278 1721 2411 1756 fabricam

1281 1743 1434 1772 exercuisse
1444 1767 1451 1779 ‚
1472 1753 1503 1775 ut
1513 1747 1604 1777 scribit
1617 1749 1778 1780 Eustatliius.

1281 1778 1345 1808 Fuit
1356 1782 1381 1810 ἃ
1394 1781 1544 1814 Menandri
1554 1786 1646 1816 fabula
1656 1809 1665 1822 ,
1686 1788 1770 1818 titulo
1781 1788 1901 1820 Clialcea
1915 1813 1923 1827 ,
1945 1797 1977 1821 ut
1989 1795 2134 1825 annotavit
2148 1795 2212 1827 Cael.
2227 1797 2347 1838 Rhodig.
2360 1800 2410 1832 lib.

1304 1827 1346 1853 ¹9·
1364 1828 1424 1857 cap.
1438 1831 1464 1857 9.

1244 1854 1561 1895 CHALCANTr-ros,
1580 1860 1795 1901 [pyZAxu9&·]
1814 1866 2206 1906 velCHALCAN'rHUM,
2228 1875 2410 1921 [gdamevv‘]

1281 1894 1434 1925 Atramenti
1445 1907 1531 1934 genus
1541 1909 1556 1928 a
1569 1901 1750 1931 similitudine
1761 1904 1822 1933 aeris
1834 1905 1869 1933 sic
1882 1906 2005 1936 dicrum:
2032 1909 2136 1947 quippe
2148 1910 2169 1939 C

2161 1922 2249 1942 tramis
2263 1923 2298 1942 aes
2342 1926 2355 1939 Α
2390 1928 2408 1946 ν.

1281 1930 1370 1969 Vulgo
1379 1933 1436 1964 'hoc
1445 1946 1459 1964 a
1469 1936 1531 1965 vitri
1543 1937 1722 1969 similitudine
1733 1941 1880 1971 Vitriolum
1895 1946 2052 1975 nominant.
2097 1948 2136 1976 l-it
2155 1951 2250 1979 multis
2269 1952 2297 1980 in
2306 1925 2390 1982 Ὗοεῖ·
2400 1975 2410 1990 ,

1279 1972 1478 2036 Braecipueque
1494 1974 1521 2003 in
1536 1975 1665 2013 Hispania
1680 1989 1695 2007 e
1708 1980 1799 2016 puteis
1821 1981 1956 2018 stagnisve
1974 1982 2145 2015 habentibus
2161 1987 2190 2015 id
2212 1998 2298 2023 genus
2317 1999 2404 2026 aquae.

1307 2011 1451 2045 ecoquitur
1461 2021 1493 2041 ea
1505 2013 1618 2044 admista
1633 2018 1689 2053 pari
1702 2017 1828 2047 mensura
1843 2018 1932 2048 dulcis
1951 2030 2028 2056 aqiiae
2039 2044 2047 2057 ,
2071 2025 2096 2052 &
2115 2025 2142 2052 in
2163 2025 2282 2062 piscinas
2300 2027 2407 2065 ligneas

1278 2046 1414 2077 funditur.
1456 2050 1651 2082 lmmobilibus
1665 2054 1744 2092 super
1762 2057 1809 2085 has
1822 2057 1944 2086 transtris
1954 2059 2119 2096 dependent
2134 2064 2232 2099 restes,
2249 2064 2352 2102 lapillis
2361 2077 2409 2096 ex-

1278 2090 1363 2114 tenrae
1375 2108 1382 2120 ,
1406 2088 1506 2123 quibus
1518 2091 1708 2122 adhaerescens
1722 2093 1804 2123 limus
1814 2096 1907 2124 vitreis
1916 2096 2010 2129 acinis,
2034 2099 2183 2135 imaginem
2197 2105 2336 2137 quandam
2347 2115 2408 2134 uvae

1278 2123 1387 2158 reddit,
1410 2134 1552 2157 exemtum
1571 2129 1727 2167 iratriginta
1740 2132 1838 2162 diebus
1850 2133 1973 2162 siccatur.
2016 2136 2100 2165 Color
2119 2138 2157 2167 est
2177 2140 2327 2175 caeruleus,
2348 2143 2410 2180 spe-

1279 2160 1373 2190 ctabili
1389 2163 1479 2192 nitore
1492 2187 1500 2199 ,
1521 2167 1678 2203 vitrumque
1693 2169 1747 2198 esse
1767 2171 1897 2200 creditur.

1277 2199 1379 2235 gendis
1390 2209 1486 2238 aptum
1499 2205 1580 2233 coriis
1594 2228 1601 2237 ,
1624 2209 1649 2236 δι
1663 2206 1717 2236 hoc
1727 2207 1863 2237 factitium
1875 2218 1986 2239 vocant.
2013 2212 2077 2241 Haec
2092 2214 2216 2245 Perottus
2228 2226 2265 2246 ex
2278 2218 2344 2247 Plin.
2358 2219 2408 2250 lib.

1281 2245 1323 2272 34.
1336 2247 1396 2276 cap.
1415 2249 1453 2268 ια.
1477 2240 1545 2270 Cels.
1561 2244 1608 2272 lib.
1623 2255 1645 2279 5.
1661 2249 1723 2282 cap.
1742 2256 1763 2274 1.
1793 2247 1965 2283 Sanguinem
1985 2247 2178 2287 supprimunt,
2211 2255 2317 2292 inquit,
2338 2265 2409 2287 atra-

1278 2283 1408 2306 mentum
1418 2276 1562 2315 sutorium,
1584 2283 1658 2318 quod
1672 2283 1908 2319 Graecifflatmffiu
1921 2287 2072 2323 appellant.
2096 2289 2206 2321 Plenius
2217 2293 2312 2323 Galen.
2325 2294 2404 2331 llb.9.

1278 2312 1313 2342 de
1328 2314 1426 2352 Simpl.
1441 2317 1514 2345 med.
1535 2319 1628 2348 facult.
1653 2320 1683 2350 V.
1709 2323 1901 2352 Atramentum
1914 2324 2067 2362 sutorium,
2092 2327 2121 2356 in
2143 2339 2244 2359 Arsa.

1236 2349 1262 2379 'C
1272 2360 1319 2418 rlrss
1332 2362 1413 2388 Lon,
1435 2355 1566 2392 [Χωλτιῆ]
1586 2358 1676 2388 Insula
1689 2360 1726 2389 est
1744 2370 1810 2389 cum
1835 2362 1961 2399 oppido,
1983 2364 2057 2394 circa
2075 2364 2217 2397 Rhodum.
2237 2369 2314 2399 Aut‘t.
2336 2369 2406 2400 Plin.

1293 2399 1298 2417 i
1359 2400 1406 2419 ,ca
1431 2415 1435 2420 .
1471 2403 1493 2422 1.

1240 2425 1263 2455 C
1273 2436 1292 2455 H
1303 2437 1321 2456 A
1333 2399 1374 2457 L5c
1385 2402 1427 2458 {pu
1437 2401 1483 2460 03N
1496 2453 1504 2465 ,
1527 2427 1708 2469 [Χαλκκὲὶέν]
1730 2436 1877 2474 Oppidum
1892 2437 1929 2466 est
1940 2438 2067 2469 Thraciae
2079 2441 2112 2470 ad
2137 2442 2309 2480 Bosphorum
2321 2445 2409 2476 Thra-

1276 2466 1351 2494 cium
1362 2488 1371 2501 ,
1389 2477 1447 2496 non
1459 2470 1558 2506 procul
1569 2481 1584 2499 a
1598 2471 1741 2509 Byzantio.
1782 2475 1850 2504 Plin.
1862 2475 1912 2505 lib.
1927 2486 1950 2512 ς.
1965 2486 2025 2515 cap.
2036 2478 2088 2508 ult.
2112 2479 2300 2512 Chalcedonis
2308 2486 2408 2514 memi-

1277 2504 1319 2532 nit
1330 2504 1464 2543 Pompon.
1481 2507 1528 2537 lib.
1542 2518 1564 2537 r.
1583 2518 1624 2543 ¹9.

1237 2539 1284 2569 CH
1291 2541 1670 2581 Ai.cssos,[s2aeiz›ffl&]Genus
1681 2548 1984 2582 herbae.Plin.lib.21.c.
1993 2553 2163 2585 16.Carduus
2174 2558 2200 2586 Sc
2210 2557 2277 2587 folio
2289 2561 2315 2589 &
2327 2560 2408 2591 caule

1276 2579 1397 2617 spinosas
1407 2581 1553 2620 lanugines
1562 2584 1655 2615 liabet.
1666 2586 1734 2616 ltem
1745 2597 1855 2624 acorna,
1868 2589 2220 2630 leucacanthos,chalceos,
2231 2598 2341 2634 cnidos,
2351 2600 2406 2628 ἃς.

1236 2616 1262 2646 C
1271 2627 1290 2645 H
1301 2628 1319 2646 A
1331 2628 1371 2647 Lc
1380 2629 1394 2647 a
1403 2629 1417 2647 R
1428 2624 1440 2648 ῑ
1450 2630 1484 2649 Ti
1495 2631 1523 2656 s,
1548 2622 1635 2652 lnsula
1647 2625 1725 2654 estin
1738 2626 1826 2655 Ponto
1837 2649 1845 2662 ,
1865 2627 1921 2657 alio
1938 2630 2053 2660 nomine
2067 2632 2128 2661 Aria
2147 2634 2285 2671 appellata
2294 2658 2301 2671 ,
2325 2636 2408 2666 Marti

1276 2655 1357 2685 sacra.
1381 2656 1422 2686 Ex
1435 2657 1502 2688 Plin.
1516 2660 1563 2689 lib.
1581 2665 1604 2689 6.
1619 2671 1680 2699 cap.
1697 2673 1738 2693 12.

1239 2692 1261 2722 C
1270 2703 1290 2722 H
1301 2703 1319 2722 A
1331 2705 1346 2722 L
1356 2704 1374 2723 c
1385 2705 1398 2723 ε.
1407 2706 1426 2723 T
1437 2706 1454 2724 u
1466 2707 1486 2725 M
1497 2719 1505 2731 ,
1528 2698 1627 2728 Herbae
1639 2710 1735 2736 genus.
1775 2701 1844 2732 Plin.
1857 2703 1905 2734 lib.
1918 2708 1963 2735 26.
1976 2715 2039 2744 cap.
2052 2714 2078 2743 7.
2102 2707 2173 2738 Item
2192 2708 2277 2740 herba
2296 2711 2406 2742 chalce.

1278 2737 1338 2760 tum
1350 2742 1365 2761 e
1377 2734 1467 2763 vineis
1479 2737 1598 2765 contrita
1610 2738 1775 2775 imponitur.

1237 2768 1262 2797 C
1273 2779 1292 2798 H
1305 2780 1323 2798 A
1335 2782 1351 2799 L
1362 2781 1379 2800 c
1390 2781 1432 2800 su
1442 2774 1505 2802 Tic
1516 2784 1530 2802 Ε
1543 2796 1550 2809 ,
1573 2776 1771 2813 [χαλκώπκὴ]
1791 2779 1894 2809 IEraria
1906 2780 2009 2811 fabrica
2021 2782 2132 2813 dicitur.

1241 2806 1263 2835 C
1274 2817 1294 2836 H
1304 2818 1424 2838 ALCEU
1434 2820 1463 2843 s,
1485 2811 1648 2848 [χλλκεΘω]
1671 2815 1730 2850 Adj.
1752 2817 1771 2846 i.
1784 2826 1808 2846 e.
1833 2818 1937 2848 AEreus.
1960 2819 2083 2850 Martial.
2098 2822 2142 2850 lib.
2158 2832 2184 2854 o.
2200 2826 2244 2859 96.

1370 2847 1442 2876 Tam
1452 2849 1577 2885 stupidus
1586 2861 1730 2889 nunquam
1743 2864 1795 2884 nec
1807 2861 1836 2885 tu
1845 2878 1853 2891 ,
1876 2863 1955 2893 pum,
1980 2858 2086 2889 Glauce
2096 2860 2167 2889 fuisti
2179 2883 2187 2896 ,

1427 2886 1548 2917 Chalcea
1559 2889 1674 2919 donanti
1687 2891 1801 2930 chrysea
1811 2895 1857 2931 qui
1869 2895 1995 2925 dederas.
2078 2898 2096 2926 i.
2109 2908 2133 2927 e.
2157 2898 2254 2933 Quum
2265 2900 2344 2931 dares
2358 2911 2405 2932 au-

1278 2930 1324 2950 rea
1335 2922 1380 2958 ei,
1400 2924 1449 2961 qui
1459 2925 1510 2954 tibi
1521 2936 1589 2956 aerea
1601 2927 1728 2958 dedisset.

1238 2958 1264 2987 'C
1274 2969 1292 2988 H
1303 2970 1320 2988 A
1331 2972 1346 2988 L
1356 2971 1373 2990 c
1383 2972 1392 2989 1
1402 2972 1421 2990 A
1430 2984 1438 2997 ,
1457 2963 1558 2999 Insula,
1578 2975 1660 3002 quam
1671 2968 1743 2997 inter
1755 2967 1892 3005 Cycladas
1904 2970 1974 3001 Plin.
1986 2979 2132 3002 enumerat
2143 2972 2190 3002 lib.
2205 2986 2229 3007 ⁴·
2246 2985 2304 3014 cap.
2321 2986 2363 3008 12.

1241 2997 1263 3025 C
1275 3007 1321 3064 ζμ
1332 3009 1348 3041 L
1356 3009 1374 3028 c
1384 3009 1393 3027 1
1402 3010 1446 3066 pgr
1455 3011 1475 3030 Ν
1487 3011 1501 3030 a
1513 3023 1521 3037 ,
1542 3003 1714 3035 Fertilillima
1725 3007 1801 3045 regio
1815 3029 1823 3043 ,
1846 3015 1878 3037 ut
1886 3008 1979 3038 scribit
1988 3010 2057 3039 Plin.
2072 3011 2101 3039 in
2117 3011 2302 3050 descriptione
2311 3015 2404 3045 Coe-les

1299 3045 1379 3072 yriae,
1414 3049 1419 3065 i
1444 3061 1450 3067 .
1464 3049 1488 3074 ς.

1240 3072 1291 3101 CH
1304 3083 1513 3113 ALcioicA,
1535 3078 1838 3118 CHALcinrcuM,
1869 3083 1900 3112 V.
1922 3094 2095 3115 CHALcis.

1242 3110 1292 3139 CH
1305 3121 1322 3140 A
1336 3122 1395 3142 Lei
1407 3124 1425 3142 D
1438 3125 1446 3142 r
1458 3125 1505 3144 um
1517 3137 1525 3152 ,
1546 3116 1715 3154 [gamalan]
1736 3120 1976 3152 Medicamentum
1986 3145 1994 3157 ,
2017 3124 2052 3152 de
2070 3133 2125 3159 quo
2144 3124 2182 3153 sic
2199 3124 2296 3155 Galen.
2316 3127 2364 3157 lib.
2376 3138 2404 3159 π.

1280 3150 1316 3178 de
1328 3149 1513 3189 Dynairiidiis,
1534 3154 1710 3186 Chalcidium
1721 3158 1756 3187 sic
1766 3159 1824 3193 fac,
1852 3161 1921 3189 [Eris
1930 3160 2026 3190 florem
2036 3163 2064 3189 in
2075 3169 2153 3191 aceto
2164 3163 2405 3196 vehementissime

1278 3188 1397 3225 subigito
1408 3211 1416 3225 ,
1438 3190 1507 3221 sicea
1517 3193 1553 3221 ad
1565 3192 1651 3223 solem
1668 3217 1674 3229 ,
1696 3195 1740 3225 fac
1749 3197 1913 3234 pulverem,
1935 3201 1959 3228 ἃ
1969 3207 2055 3228 utere.

1237 3225 1346 3254 CHAL
1359 3237 1506 3264 ciuica,
1529 3240 1567 3260 es.
1590 3232 1685 3262 Genus
1695 3235 1813 3264 lacertae.
1855 3235 1923 3265 Plin.
1937 3237 1976 3265 lib
1998 3246 2041 3271 29.
2054 3247 2115 3274 cap.
2133 3248 2156 3271 ς.
2186 3238 2300 3270 Lacerta
2318 3251 2404 3279 quam

1279 3263 1306 3292 lii
1318 3264 1398 3302 sepa,
1420 3267 1466 3296 alii
1476 3268 1650 3299 chalcidicen
1663 3278 1785 3307 vocant,
1808 3272 1835 3300 in
1844 3275 1914 3302 vino
1923 3281 1990 3311 pota
2001 3296 2009 3309 ,
2032 3275 2136 3304 morsus
2148 3275 2209 3306 suos
2222 3277 2308 3307 sanat.

1241 3300 1263 3330 C
1273 3311 1293 3330 H
1303 3312 1321 3330 A
1333 3313 1349 3330 L
1358 3313 1375 3332 c
1384 3308 1396 3332 i
1404 3314 1431 3333 oe
1441 3315 1458 3334 c
1466 3316 1483 3334 u
1493 3316 1506 3335 s
1515 3329 1522 3339 ,
1542 3308 1560 3343 [
1570 3310 1766 3344 mammo]
1788 3309 1915 3340 Minerva
1925 3321 1940 3340 a
1955 3312 2172 3342 Lacedaemoniis
2185 3317 2384 3352 cognominata
2395 3340 2404 3354 ,

1278 3341 1372 3376 cujus,
1395 3349 1426 3371 ut
1441 3342 1551 3373 Pausan.
1571 3346 1600 3373 iri
1614 3345 1718 3376 Lacon.
1739 3349 1778 3376 ait
1790 3369 1798 3382 ,
1821 3358 1880 3385 pag.
1894 3360 1936 3384 99.
1950 3348 2056 3379 Wech.
2080 3351 2256 3382 fimulacrum
2278 3354 2405 3385 Gitiadas

1275 3379 1318 3407 vir
1329 3379 1460 3417 indigena
1471 3383 1594 3412 confecit
1605 3405 1613 3417 ,
1633 3384 1766 3420 simulque
1779 3386 1807 3413 in
1818 3387 1936 3415 eandem
1948 3388 2038 3417 versus
2049 3389 2145 3417 edidit.
2184 3391 2282 3432 Suidas
2291 3415 2299 3427 ,
2322 3393 2406 3422 chal.

1274 3416 1400 3446 cioecum
1412 3419 1567 3449 Minervam
1579 3422 1740 3459 aSpartanis
1757 3424 1926 3460 appellatam
1937 3426 1974 3453 ait
1985 3448 1992 3460 ,
2015 3427 2090 3457 Quod
2111 3439 2170 3457 wa*
2186 3436 2284 3462 χαλκεν
2298 3453 2306 3464 ,
2327 3431 2353 3460 h.
2375 3442 2400 3461 e.

1275 3455 1353 3490 quod
1364 3456 1451 3485 aedem
1463 3468 1561 3487 aeream
1575 3459 1705 3489 haberet:
1725 3460 1770 3489 vel
1779 3463 1853 3497 quod
1865 3463 2060 3492 Chalcidenses
2071 3473 2105 3493 ex
2119 3464 2222 3495 Euboea
2231 3468 2328 3498 exules
2341 3479 2404 3499 eam

1276 3493 1490 3525 construxerint.
1524 3496 1635 3534 Templi
1646 3498 1680 3526 e'o
1694 3500 1875 3535 nominepost
1889 3500 2084 3537 Thucydidem
2096 3503 2142 3530 lib.
2162 3519 2181 3532 r.
2198 3507 2326 3535 meminit
2337 3510 2404 3536 Cor-

1275 3530 1367 3559 nesius
1378 3532 1475 3570 Nepos
1486 3545 1513 3568 4.
1530 3545 1553 3567 ς.
1574 3536 1623 3563 ubi
1637 3536 1663 3563 in
1674 3536 1701 3563 id
1716 3536 1874 3566 Pausaniam
1887 3538 2038 3574 confugisse
2055 3549 2208 3575 memorat,
2228 3552 2311 3579 atque
2329 3546 2402 3575 inibi

1276 3568 1408 3598 interiisse
1421 3592 1428 3605 ‚
1451 3580 1537 3600 matre
1548 3573 1700 3601 etiamnum
1721 3574 1863 3611 principe,
1887 3577 1981 3604 auditu
1995 3577 2043 3605 filii
2062 3577 2177 3612 scelere,
2199 3581 2233 3608 ad
2250 3583 2403 3612 occluden-

1275 3606 1343 3635 dum
1355 3606 1394 3636 illi
1407 3608 1539 3645 egressum
1552 3610 1658 3642 strides
1670 3613 1822 3645 ingerente.
1866 3613 2032 3643 Meminit&
2046 3617 2074 3643 in
2091 3616 2225 3647 Paralleiis
2243 3619 2402 3651 Plutarchus

1275 3644 1433 3710 insistoriae
1441 3647 1564 3681 ejusdem
1577 3648 1772 3684 explic-tione.
1813 3650 1927 3679 Proinde
1939 3652 2039 3681 mirum
2050 3653 2087 3682 est
2100 3654 2194 3683 adhuc
2208 3656 2262 3685 esse
2273 3657 2379 3694 aliquos
2390 3681 2399 3696 ‚

1274 3691 1292 3718 q
1335 3685 1409 3719 apud
1423 3683 1531 3713 Livium
1545 3693 1587 3718 35.
1604 3691 1645 3719 36.
1658 3694 1726 3714 extr.
1742 3686 1925 3717 Chalcionem
1936 3689 2086 3726 legendum
2096 3700 2214 3730 putent,
2237 3698 2260 3724 a
2272 3696 2401 3726 Chalcio-

1275 3721 1349 3748 niam
1363 3723 1438 3758 apud
1449 3721 1646 3758 Thucydidem
1660 3725 1796 3752 latinum.

1275 3756 1371 3787 Fuit&
1382 3758 1507 3788 Minerva
1518 3760 1716 3790 Chalcidicain
1730 3762 1797 3790 urbe
1805 3762 1895 3792 Roma
1908 3786 1916 3799 ,
1938 3764 1965 3793 in
1979 3775 2051 3795 nom
2065 3767 2193 3804 regione,
2214 3769 2304 3800 sivera
2315 3771 2342 3801 P.
2356 3772 2401 3801 Vi-

1295 3797 1454 3826 etortradit.
1492 3797 1642 3832 Meminit,
1665 3800 1691 3827 ni
1702 3799 1781 3827 fallor
1792 3822 1800 3833 ,
1821 3802 1846 3829 &a
1862 3801 1942 3831 Dion.
1957 3803 1984 3831 iri
1998 3805 2096 3834 Histor.
2112 3807 2157 3834 lib.
2175 3818 2186 3840 ς
2198 3818 2217 3835 ¹.

1237 3831 1260 3861 C
1270 3842 1290 3861 H
1299 3843 1317 3861 A
1327 3845 1343 3861 L
1352 3843 1369 3863 c
1379 3846 1384 3860 i
1393 3838 1411 3863 ὅ
1423 3845 1434 3861 i>
1445 3844 1458 3862 R
1470 3856 1478 3869 ,
1501 3836 1670 3871 [xenaiam]
1692 3836 1759 3865 Fiiia
1783 3838 1867 3867 AEetae
1890 3840 2062 3871 Cholcorum
2083 3845 2152 3880 regis
2162 3866 2169 3878 ,
2193 3844 2292 3882 Phryxi
2308 3856 2379 3876 uxor
2389 3868 2399 3882 ‚

1274 3870 1350 3900 soror
1361 3872 1505 3901 Medeae&
1517 3873 1619 3910 Absyrti
1632 3895 1640 3908 ,
1662 3874 1756 3912 Cyre-ri
1768 3884 1864 3905 mater.
1888 3878 1975 3908 Valer.
1986 3885 2012 3909 6.
2031 3884 2131 3918 Argon.
2146 3892 2212 3918 479.

1354 3908 1482 3946 Cingitur
1491 3912 1598 3939 arcanis
1606 3911 1732 3941 Saturnia
1740 3912 1800 3942 laeta
1810 3917 1925 3945 venenis
1936 3938 1943 3951 ,

1355 3948 1444 3984 Atque
1455 3947 1522 3977 hinc
1531 3949 1661 3985 virginece
1676 3951 1752 3979 venit
1763 3951 1798 3979 ad
1807 3954 1959 3989 penetralia
1967 3954 2038 3986 sedis
2047 3978 2055 3993 ,

1352 3984 1528 4023 Chalciopen
1540 3987 1646 4017 imitata
1656 3987 1724 4018 sono
1735 3988 1877 4027 formaque
1887 3992 2018 4023 sororem.
2097 3995 2325 4034 Ovid.17.:Epist.
2330 4007 2356 4064 {J
2353 4006 2396 4031 τι.

2360 4046 2396 4065 on

1943 2172 2083 2203 Diluendo
2100 2175 2130 2205 fit
2147 2185 2335 2209 atramentum
2356 2182 2410 2210 tin-
2451 2193 2456 2197 ”
