2600 4177
455 130 483 164 C
579 129 607 164 E
702 131 730 167 L

76 210 172 240 Amnis
183 210 263 239 celer.
286 210 367 238 ovid.
385 219 406 239 r.
421 210 508 239 Amor.
520 215 546 244 8.
558 220 600 245 50.

159 248 194 276 Ut
204 248 275 276 celer
285 247 404 276 admissis
416 246 515 276 labitur
527 248 614 277 amnis
626 249 712 286 aquis.

77 285 192 314 Animus
207 285 288 314 celer.
311 284 382 321 Virg.
393 295 419 319 4.
433 285 493 314 [En.
506 291 569 319 285-

159 322 245 357 Atque
254 322 376 350 animum
387 331 463 351 nunc
473 321 527 351 huc
538 322 657 352 celerem
668 344 677 358 ,
698 333 775 352 nunc
786 323 887 354 dividit
897 324 973 355 illuc.

79 360 156 389 Aura:
165 359 276 388 celeres.
302 359 371 395 Virg.
382 370 408 394 4.
420 359 478 389 AEn.
490 362 553 389 226.

172 394 315 430 Alloquere
324 417 332 430 ,
353 398 378 426 δι
389 396 492 426 celeres
501 397 578 426 defer
588 406 648 426 mea
658 397 731 428 dicia
742 409 791 436 per
801 409 887 429 auras.

79 433 194 464 Brachio
205 432 287 462 celeri
296 435 343 463 iiti.
384 435 486 463 Auctor
495 434 530 463 ad
540 434 661 464 Herenn.
673 436 721 465 lib.
735 446 759 471 3.
772 446 817 473 27.
853 439 902 467 Sin
920 434 1124 467 contendemus
1142 446 1191 474 per

97 471 354 505 continuationem,
375 470 489 500 brachio
499 471 601 508 celeri,
621 474 718 502 mobili
727 474 804 503 vultu
815 497 823 510 ,
845 476 901 505 acri
912 475 1021 513 aspectu
1033 482 1152 505 utemur.

79 508 167 537 Canes
179 507 290 537 celeres.
313 508 396 538 Ovid.
409 520 434 544 4.
448 509 530 546 Epist.
542 518 587 544 42.

78 545 169 574 Cardo
180 545 238 574 caeli
251 545 331 575 celer.
352 546 417 575 Sen.
434 547 547 584 Hippol.
559 557 584 576 v.
596 550 659 584 963.
681 548 826 586 Celerique
839 550 921 588 polos
931 550 1046 580 cardine
1054 548 1151 580 versas.

78 583 178 612 Carina
189 582 293 612 celeris.
316 583 399 612 Ovid.
413 593 440 618 9.
455 584 524 613 Met.
538 589 603 620 446.

80 620 182 650 Cervus
191 620 273 649 celer.
296 620 384 650 Valer.
398 631 421 657 3.
437 623 536 659 Argon.
550 632 612 658 545.

157 658 267 724 {itzsait3
289 659 315 688 Sc
326 658 445 688 celerem
455 659 583 689 frondosa
591 668 640 697 per
648 660 708 690 avia
722 670 835 691 cervum

177 706 194 724 u
208 702 280 725 citat.

79 732 269 762 Commutatio
278 733 450 770 Reipublicae
462 733 559 764 celeris
570 735 596 764 ἃ
609 735 689 764 varia.
729 734 788 765 Cic.
801 736 835 765 ad
849 736 947 767 Ot‘tav.
970 736 996 766 O
1005 736 1129 767 miseram
1138 758 1147 772 ‚
1167 737 1193 768 ἁ

99 771 127 799 in
136 770 210 799 brevi
218 777 273 800 tarn
284 771 404 800 celerem
415 773 441 801 &
451 778 507 801 tam
515 772 619 802 variam
630 772 801 811 Reipublicae
814 775 1064 805 commutationem
1076 777 1082 804 !

78 807 230 837 Consilium
241 808 340 838 celere.
382 809 412 838 V.
433 809 521 847 supra.

78 845 167 882 Copia
175 845 280 875 celeris.
302 846 387 876 Plaut.
400 847 487 876 Mero.
503 857 526 882 ς.
540 855 566 876 2.
576 856 601 882 9.
619 846 698 882 Date,
710 847 749 882 di,
760 848 850 885 quaeso
860 849 1049 879 conveniendi
1057 850 1125 880 milii
1134 850 1193 886 eius

97 883 216 912 celerem
223 885 343 922 copiam.
364 885 382 913 i.
393 894 417 913 e.
440 885 476 914 Ut
485 885 542 913 cito
552 894 617 913 eum
629 887 806 915 conveniam.

76 920 178 951 Currus
192 921 296 951 celeres
308 943 315 956 ,
337 922 404 951 dicti
415 923 490 959 quod
502 921 634 951 Celeriter
647 930 813 953 moventur:
835 924 898 954 Sen.
917 925 1057 961 Agamem.
1071 936 1096 955 v.
1109 934 1172 961 913.

171 958 248 995 Quid
259 960 306 988 iste
321 959 424 989 celeres
439 960 566 989 concitus
581 969 676 990 currus
693 961 771 999 agit?
871 962 913 993 Al.
935 962 1041 1001 Hospes
1060 963 1122 1001 quis
1144 964 1193 994 iste

98 1005 178 1026 conc.
198 996 279 1026 Conf.
292 1007 316 1026 v.
329 1001 392 1031 816.

80 1033 180 1063 Cursus
191 1033 272 1063 celer.
293 1035 358 1064 Seri.
372 1035 487 1072 Hippoi.
500 1044 526 1064 v.
541 1043 621 1064 1001.

78 1070 144 1101 Deae
154 1071 256 1102 celeres
267 1078 400 1102 vocantur
411 1073 491 1102 Horae
500 1072 533 1102 ab
543 1073 628 1116 Ovid.
637 1082 667 1116 ,2.
680 1072 751 1102 Met.
766 1082 831 1117 ¹0⁹:

157 1109 622 1186 ’,1ἓῃῆὲεὗίεἰςέεῗὲιξὲῑέἓτζὲἱοηςῑῴυε
636 1108 860 1184 Ιηέιῖξίἳῑῦὲῗέτιέὲ
872 1160 922 1188 pro
933 1149 1065 1181 Celeriter
1075 1151 1192 1187 dictum,

97 1193 148 1222 'per
157 1184 317 1222 Enallagen.
342 1192 373 1215 ut
389 1186 505 1215 Tollunt
517 1185 543 1215 se
554 1185 665 1215 celeres.
701 1186 731 1216 V.
753 1186 801 1216 sub
818 1187 864 1217 fin.
886 1189 912 1217 11.
928 1198 953 1218 ν.

78 1221 315 1257 Fatacelerrima,
337 1223 412 1253 Mors
421 1234 480 1260 quae
490 1223 606 1253 celerius
616 1224 715 1253 obitur.
739 1224 811 1262 Virg.
828 1235 869 1255 12.
888 1226 949 1256 AEn.
970 1236 1033 1263 507.

79 1260 148 1290 Fide
158 1261 240 1290 celeri
252 1261 366 1298 probare
376 1261 489 1298 aliquid.
511 1261 596 1291 Ovid.
613 1270 635 1298 3.
653 1262 689 1291 de
701 1262 789 1292 Ponto
802 1274 829 1300 4.
846 1273 908 1300 114.

78 1297 203 1328 Flamma
215 1299 319 1328 celeris.
340 1298 449 1328 Lucret.
461 1298 508 1328 lib.
521 1308 546 1328 2.
561 1309 621 1334 ¹9²-

160 1336 193 1365 Et
205 1336 287 1365 celeri
301 1337 411 1365 flamma
427 1338 462 1366 de
484 1336 573 1366 ustant
585 1337 660 1373 tigna
674 1347 680 1366 :
699 1338 750 1367 Bac.

78 1373 210 1404 Flammae
224 1373 336 1404 celeres.
358 1374 452 1404 Tibul.
480 1374 516 1403 ib.
527 1386 554 1409 4·
570 1379 595 1404 6.
607 1385 651 1412 ¹7·

79 1411 154 1448 Fuga
164 1412 270 1441 celeris.
292 1412 366 1449 Virg.
384 1422 408 1449 3.
423 1412 484 1442 ffin.
498 1421 563 1448 243.

0 1489 2 1498 Ι
46 1469 49 1474 .
79 1448 189 1479 Greffus
196 1449 308 1480 celeres.
324 1450 388 1480 Sen.
399 1450 510 1484 Medea,
522 1460 564 1479 ro.
576 1449 686 1484 Vadite,
697 1451 723 1480 &
735 1451 839 1482 celeres
848 1453 965 1483 domum
974 1455 1073 1485 referte
1082 1452 1194 1492 gressus.

80 1486 141 1518 Ictu
153 1487 236 1517 celeri
247 1488 398 1526 praecidere
410 1488 525 1524 aliquid.
548 1487 657 1518 Lucret.
671 1488 719 1518 lib.
738 1498 762 1525 3.
779 1494 842 1527 636.

80 1524 154 1562 ignis
165 1525 207 1555 cel
240 1548 247 1555 .
269 1526 335 1555 Hor.
350 1535 373 1562 3.
393 1525 482 1555 Carm.
493 1537 520 1562 4.
533 1529 578 1562 76.

80 1562 190 1600 Lapsus.
236 1563 300 1592 aler.
317 1573 339 1593 1.
355 1567 453 1601 Argon.
467 1574 512 1599 91.

40 1635 42 1638 y
80 1599 170 1630 Letho
179 1600 260 1630 celeri
275 1601 395 1638 aliquem
406 1602 525 1631 mittere.
547 1601 645 1631 Claud.
661 1611 685 1632 1.
698 1602 726 1631 in
736 1601 810 1633 Ruff.
827 1613 891 1640 234.

80 1636 188 1676 Lingua
201 1639 284 1668 celeri
297 1640 338 1668 uti
348 1639 383 1669 ad
393 1640 561 1677 negandum.
583 1639 668 1669 Plaut.
680 1640 794 1670 Trucul.
805 1642 874 1679 prol.
886 1648 913 1676 8.

79 1675 166 1707 Lunae
176 1677 289 1706 celeres.
312 1677 377 1707 Hor.
388 1688 415 1713 4.
431 1678 521 1707 Carm.
539 1685 564 1715 7.
580 1686 622 1714 13.

79 1714 168 1745 Manu
179 1714 264 1744 celeri
276 1714 380 1752 aliquid
396 1724 484 1752 agere.
505 1715 590 1745 Ovid.
608 1725 631 1751 3.
648 1716 683 1745 de
696 1716 758 1745 Arte
775 1717 833 1746 Am.
849 1721 911 1754 57⁶·

79 1752 180 1783 Mente
190 1752 273 1782 celeri
284 1753 502 1791 circumspicere.
524 1753 607 1783 Ovid.
621 1754 656 1783 de
670 1754 786 1783 Remed.
801 1757 891 1785 Amor.
908 1761 952 1791 89.

80 1790 181 1827 Mergi.
203 1790 275 1827 Virg.
293 1801 314 1820 1.
331 1791 428 1828 Georg.
443 1795 504 1827 361.

158 1828 253 1864 Quum
263 1829 356 1858 medio
367 1829 470 1858 celeres
483 1828 608 1858 revolant
617 1838 651 1858 ex
662 1838 772 1866 aequore
787 1831 883 1869 mergi.
935 1831 986 1868 [V.
1007 1831 1074 1862 Deae
1083 1831 1194 1862 celeres.
1228 1855 1231 1866 ,

83 1864 213 1896 ministri.
234 1865 331 1896 Claud.
346 1877 367 1896 1.
379 1868 406 1896 in
415 1866 489 1896 Ruff.
503 1875 565 1903 341.

81 1903 161 1933 Mors
172 1925 180 1938 ,
202 1904 372 1934 Praematura.
394 1905 478 1934 Ovid.
488 1915 514 1941 4.
527 1905 562 1933 de
573 1904 662 1934 Ponto
672 1927 680 1939 ,
697 1908 737 1934 16.
752 1908 794 1935 16.
831 1906 864 1936 V.
885 1906 958 1936 Fata.

82 1941 184 1978 Operae
194 1942 311 1971 nimium
323 1942 420 1972 celeris
429 1964 438 1978 ,
459 1951 579 1980 curaque
589 1943 707 1972 carentis
722 1943 822 1973 versus.
844 1944 863 1974 i.
875 1953 899 1975 e.
918 1944 1120 1975 Carmennulla
1130 1954 1195 1975 cura

101 1981 128 2009 ἃ
139 1989 225 2016 opera
234 1980 427 2018 compositum.
450 1980 515 2010 Hor.
527 1981 557 2009 in
567 1981 629 2010 Arte
641 1981 714 2010 Poet.
730 1985 793 2011 261.

80 2016 182 2047 Oratio
193 2017 290 2046 celeris
302 2019 327 2048 δι
341 2019 488 2047 concitata.
510 2018 568 2047 Cic.
582 2028 607 2048 2.
623 2018 659 2048 de
673 2019 748 2049 Orat.
762 2024 807 2054 88.

80 2054 181 2084 Pennae
192 2054 303 2085 celeres.
326 2055 390 2085 Hor.
408 2065 432 2092 3.
446 2055 535 2085 Carni.
547 2065 592 2092 ²9·
609 2067 652 2092 54.

80 2091 131 2122 Pes
142 2091 223 2122 celer.
244 2093 307 2122 Sen.
318 2094 347 2122 in
359 2093 460 2123 Medea
470 2115 477 2128 ,
491 2097 518 2123 6.
534 2105 555 2123 i.

81 2129 154 2160 Pede
167 2130 260 2198 celtZri.
299 2131 365 2161 Sen.
377 2130 493 2170 Hippol.
505 2137 533 2166 8.
555 2131 593 2161 Ut
612 2131 696 2162 celeri
712 2132 796 2162 velox
810 2133 884 2172 pede
904 2133 1014 2165 laberis.
1042 2135 1061 2164 i.
1073 2144 1098 2165 e.
1119 2134 1199 2165 Brevi

97 2177 212 2197 momen
227 2178 253 2198 o.

79 2204 182 2237 Plantae
191 2206 303 2236 celeres.
324 2205 398 2243 Virg.
411 2215 436 2243 7.
452 2207 514 2237 AEn.
526 2212 558 2241 81
567 2216 590 2237 1.

174 2244 224 2273 Vel
233 2254 308 2274 mare
318 2254 367 2282 per
376 2245 501 2275 medium
509 2267 518 2280 ,
538 2245 624 2275 fluctu
636 2245 761 2283 suspensa
771 2247 893 2277 tumenti

171 2281 265 2311 Ferret
275 2282 327 2311 iter
336 2304 345 2317 ,
367 2282 471 2312 celeres
481 2293 533 2313 nec
546 2284 665 2321 tingeret
674 2295 783 2320 aequore
795 2285 911 2323 plantas.

81 2317 176 2357 Puppe
185 2319 267 2349 celeri
279 2320 384 2350 auferre
397 2320 527 2357 aliquem.
550 2321 635 2351 Ovid.
648 2332 689 2357 19.
704 2322 785 2360 Epist.
798 2327 859 2360 176.

56 2356 162 2389 -VRatio
172 2357 419 2393 facilis&celeris‚
440 2360 458 2388 i.
475 2369 499 2388 e.
522 2359 659 2397 Prompta.
683 2359 792 2390 Lucret.
805 2372 830 2396 4.
847 2371 909 2397 144.

10 2394 12 2398 ’
56 2411 57 2414 =
79 2393 200 2425 Ratione
214 2395 296 2425 celeri.
307 2405 350 2424 res
365 2396 476 2432 geritur.
518 2396 625 2427 Lucret.
636 2397 686 2427 lib.
699 2409 726 2435 4.
741 2408 804 2436 255.
825 2398 967 2437 Repente,
985 2398 1042 2428 fine
1051 2398 1200 2430 difficulta.

101 2440 127 2462 te
141 2440 188 2462 aut
198 2443 298 2471 magno
312 2434 434 2471 negotio.

79 2469 214 2500 Recursus
224 2471 306 2500 celer.
328 2471 412 2501 Ovid.
423 2475 449 2501 6.
461 2471 531 2501 Met.
543 2482 608 2507 450.

81 2508 206 2538 Reditus.
229 2508 286 2538 Cic.
321 2519 350 2538 ro
360 2509 452 2538 Domo
461 2509 506 2539 sua
516 2531 524 2545 ,
536 2513 582 2546 64.

47 2559 49 2561 ¹
81 2545 154 2576 Rivi.
176 2546 243 2576 Hor.
258 2556 282 2583 3.
319 2557 386 2577 arm.
403 2557 444 2577 11.
461 2557 502 2583 14.

81 2583 168 2620 Rotae.
189 2585 252 2614 Seri.
265 2584 380 2623 Hippoi.
398 2595 439 2614 10.

81 2621 202 2660 Sagittae.
225 2622 299 2666 Virg.
317 2633 339 2652 1.
353 2623 414 2653 AEn.
431 2628 490 2660 187.

172 2659 302 2689 Constitit
316 2660 363 2690 hic
374 2683 381 2696 ,
402 2670 551 2698 arcumque
562 2669 645 2692 manu
656 2683 664 2696 ,
684 2660 839 2699 celeresque
856 2660 965 2700 sagittas

172 2697 312 2736 Corripuit
325 2720 333 2733 ,
354 2697 426 2728 sidus
435 2709 495 2736 quae
510 2699 567 2729 tela
582 2700 694 2736 gerebat
707 2700 830 2730 Achates.

80 2734 400 2773 Sagittacelericertare.
421 2736 494 2773 Virg.
511 2748 535 2773 5.
553 2737 688 2773 AEn.485.

173 2773 300 2803 Protinus
313 2774 412 2804 AEneas
425 2774 507 2804 celeri
520 2781 625 2806 certare
638 2775 732 2812 sagitta

172 2810 294 2847 Invitat,
317 2812 362 2848 qui
375 2812 445 2841 forte
454 2812 557 2842 velint:
583 2815 608 2843 ἃ
620 2814 730 2850 praemia
743 2812 834 2850 ponit.

81 2848 167 2878 Sensu
183 2849 267 2879 celeri
279 2849 350 2878 dolis
358 2859 510 2880 occurrere.
533 2850 629 2880 Claud.
642 2862 668 2885 4.
683 2851 780 2888 Paneg.
795 2859 859 2887 237.

82 2886 201 2916 Somnus
216 2887 306 2921 celer,
328 2887 406 2917 Levis
416 2910 424 2922 ,
446 2888 544 2917 brevis.
564 2888 628 2918 Sen.
643 2888 756 2927 Hippol.
770 2900 798 2925 4.

82 2923 154 2954 Telo
164 2925 255 2955 celeri.
278 2925 366 2955 Valer.
381 2935 404 2961 3.
416 2927 516 2963 Argon.
531 2931 592 2962 185.

81 2960 177 2992 Turbo
185 2962 267 2992 celer.
290 2963 363 3000 Virg.
378 2973 419 2992 12.
433 2965 492 2993 ffin.
508 2969 572 3000 855-

173 3000 223 3030 Illa
232 3000 309 3030 volat
318 3023 326 3035 ‚
346 3000 485 3038 celerique
494 3002 529 3031 ad
538 3008 638 3032 terram
648 2999 759 3031 turbine
772 3001 867 3031 fertur.

82 3034 174 3067 Venti.
194 3038 261 3068 Hor.
277 3048 300 3067 1.
312 3039 401 3068 Carm.
416 3049 458 3069 12.
475 3050 517 3069 ιο.

81 3073 146 3105 Viae.
168 3076 186 3105 i.
199 3086 224 3105 e.
244 3076 344 3106 Cursus
355 3076 476 3106 veloces.
497 3078 561 3108 Sen.
574 3076 689 3116 Hippoi.
705 3080 732 3107 6.

0 3119 13 3144 ἰι
55 3140 58 3143 .
82 3111 182 3143 Virtus.
203 3114 287 3143 Ovid.
298 3126 325 3150 4.
336 3114 372 3143 de
384 3115 472 3144 Ponto
483 3137 491 3151 ,
509 3126 534 3151 9.
549 3126 593 3152 79.

162 3151 215 3181 Hic
223 3159 329 3190 raptam
341 3152 472 3182 Trosmin
484 3153 569 3183 celeri
579 3153 679 3183 virtute
693 3151 808 3189 recepit.

84 3187 231 3232 volumine
240 3189 322 3219 celeri
335 3189 419 3220 sidera
426 3197 597 3229 torquentur.
621 3191 705 3220 Ovid.
718 3200 744 3220 2.
756 3190 826 3220 Met.
839 3198 884 3227 71.
914 3189 933 3219 i.
946 3198 970 3219 e.
989 3187 1127 3227 Praecipiti
1136 3199 1195 3220 mo-

77 3232 79 3235 ’
99 3232 129 3255 tu
140 3234 373 3265 circumaguntur.

81 3262 210 3302 Compar.
251 3265 331 3294 Nihil
343 3265 459 3295 celerius
469 3272 574 3296 mente.
614 3265 714 3295 Cicero
730 3266 759 3294 in
777 3266 854 3295 Orat.
867 3274 933 3294 200.
964 3265 1032 3294 Ante
1052 3265 1128 3295 enim
1144 3265 1196 3295 cir-

101 3301 292 3332 cumscribitur
312 3312 406 3332 mente
424 3304 579 3340 sententia,
600 3304 800 3342 confestimque
821 3303 903 3333 verba
923 3309 1113 3338 concurrunt.
1134 3313 1194 3341 quae

102 3350 180 3369 mens
191 3341 288 3370 eadem
298 3363 306 3376 ‚
328 3351 381 3378 qua
389 3341 459 3370 nihil
470 3341 508 3371 est
519 3342 637 3371 celerius
645 3363 653 3377 ‚
668 3344 720 3371 &c.

84 3377 189 3415 Superi.
212 3378 282 3422 Virg.
298 3388 340 3408 12.
355 3389 417 3416 507.
436 3379 504 3408 Fata
513 3378 664 3409 celerrima.

0 3404 14 3427 '⁷
40 3447 42 3451 y
66 3442 68 3446 ,
84 3415 163 3461 Apud
173 3415 292 3445 Ennium
303 3426 507 3454 nonnunquam
518 3417 626 3448 occurit
634 3415 761 3454 superlat.
782 3414 977 3451 Celeriffimus‚
997 3420 1029 3445 ut
1041 3419 1082 3445 16.
1094 3416 1193 3447 Annal.

101 3453 285 3483 Celeriffimus
298 3464 400 3484 rumor.

83 3488 182 3520 Facere
193 3491 275 3521 celer.
297 3493 315 3522 i.
326 3502 351 3522 e.
372 3491 452 3522 Celer
462 3492 497 3522 ad
505 3492 674 3532 faciendum.
717 3491 754 3521 Ut
767 3491 847 3521 Celer
862 3490 993 3528 excipere
1010 3501 1108 3529 aprum
1120 3491 1195 3530 apud

104 3528 168 3558 Hor.
182 3537 206 3565 3.
219 3529 309 3560 Carm.
321 3540 364 3560 12.
378 3540 420 3559 12.
443 3530 541 3559 Forma
551 3529 684 3568 sequendi
696 3530 756 3559 haec
766 3529 926 3559 Graecorum
938 3528 985 3558 est.

27 3564 29 3568 '
84 3564 163 3595 Irasci
171 3566 252 3596 celer.
275 3568 341 3597 Hor.
352 3578 375 3597 1.
388 3568 472 3606 Epist.
486 3577 531 3597 20.
543 3578 588 3604 25.

83 3601 200 3633 Tollunt
207 3605 235 3634 se
245 3604 356 3635 celeres.
378 3606 450 3643 Virg.
463 3610 488 3635 6.
501 3606 562 3636 AEn.
575 3615 640 3636 202.
657 3605 692 3634 de
705 3604 814 3634 Avibus.

83 3639 200 3671 volvere
212 3642 286 3672 celer
295 3643 411 3673 menses.
434 3643 499 3673 Hor.
512 3655 538 3679 4.
552 3643 643 3673 Carm.
656 3647 681 3672 6.
699 3652 743 3678 40.

85 3677 184 3709 Venire
193 3680 266 3710 celer
277 3681 380 3711 dicitur
390 3681 488 3718 aliquis
499 3701 508 3717 ,
532 3691 584 3719 pro
595 3681 694 3710 Venire
704 3679 840 3709 celeriter.
862 3678 948 3708 Ovid.
961 3688 987 3713 9.
1005 3678 1074 3708 Met.
1093 3682 1157 3716 764.

0 3736 2 3738 -
32 3759 33 3762 Ἰ
52 3713 184 3751 Ciimm,
206 3719 319 3754 [κέλες]
340 3719 424 3749 Nom.
439 3729 533 3757 propr.
552 3718 664 3749 Romuli
676 3717 807 3755 praefefti.
829 3717 913 3746 Ovid.
926 3726 952 3752 4.
964 3716 1031 3746 Fast.
1044 3723 1107 3754 837.

159 3754 310 3799 HocCeler
323 3763 401 3794 urget
410 3766 480 3794 opus
489 3779 497 3792 ,
518 3766 603 3801 quem
613 3756 749 3801 Romulus
757 3755 814 3793 ipse
824 3761 936 3784 vocarat
946 3776 955 3789 ,
1071 3791 1076 3797 ¹

204 3792 319 3831 Sintque
330 3794 410 3824 Celer
425 3804 496 3823 curae
507 3794 616 3824 dixerat
626 3794 673 3824 ista
682 3801 745 3822 ture.
840 3790 966 3821 Budaeus.
996 3791 1027 3821 V.
1049 3792 1116 3822 dict.
1137 3792 1193 3831 seq.

32 3825 35 3854 ἶ
85 3827 183 3859 Fuit&
191 3830 312 3861 Familia:
321 3832 502 3862 Metellorum
509 3842 657 3870 agnomen.
673 3831 747 3861 Alios
757 3830 838 3867 hujus
847 3830 1028 3867 Cognominis
1038 3852 1046 3865 ,
1067 3830 1099 3860 V.
1120 3829 1197 3870 apud

33 3885 35 3914 l
50 3902 143 3933 citi}
152 3914 167 3932 s
176 3915 210 3934 iis
219 3927 227 3940 ,
247 3915 305 3935 um.
325 3916 363 3936 m.
383 3906 423 3944 pl.
445 3908 551 3951 antiqui
559 3907 705 3941 dixerunt,
730 3914 799 3943 quos
809 3914 886 3935 nunc
896 3904 1008 3941 Equites
1024 3905 1143 3935 dicimus
1153 3927 1161 3939 ,
1182 3916 1199 3935 a

86 3865 214 3896 Tacitum
221 3890 229 3902 ,
244 3870 295 3898 &c.

86 3941 363 4012 Celq'reinteriectore
373 3944 472 3981 Remi,
494 3954 541 3983 qui
561 3945 643 3975 initio
663 3954 679 3974 a
698 3943 819 3976 Romulo
832 3944 866 3973 iis
881 3942 1041 3982 praepositus
1057 3944 1130 3980 fuit,
1151 3943 1198 3981 qui

168 3989 221 4012 oi..
275 4003 282 4012 .

1643 135 1920 171 CEL
2329 149 2395 183 473

1280 215 1407 251 primitus
1418 214 1619 245 elefliftierunt
1637 227 1671 246 ex
1681 216 1791 254 lingulis
1810 217 1891 246 curiis
1910 217 1986 246 deni.
2009 217 2128 251 ideoque
2149 220 2264 246 omnino
2284 220 2400 247 trecenti

1280 252 1366 281 fuere.
1391 253 1456 282 llaec
1470 253 1567 282 festus.
1591 254 1726 284 Plutarch.
1739 255 1766 283 in
1778 254 1909 289 Romulo,
1932 256 1968 283 de
1979 255 2076 283 Celere
2087 255 2165 283 Remi
2180 256 2354 285 interfectore
2367 258 2401 286 sic

1282 290 1430 318 meminit:
1453 290 1533 318 Celer
1545 297 1637 321 autem
1648 293 1675 321 in
1688 292 1843 321 Hetruriam
1855 291 1960 321 seeell'it
1973 313 1980 326 ,
2005 294 2029 321 ok
2041 292 2074 321 ab
2091 302 2125 320 eo
2138 293 2246 321 veloces
2264 295 2336 330 apud
2350 294 2403 322 Ro-

1283 336 1381 355 manos
1393 333 1544 362 traxerunt,
1568 335 1599 357 ut
1610 330 1719 359 Celeres
1731 330 1897 358 dicerentur.
1935 330 2099 365 Quinetiam
2114 330 2262 358 Metellum
2279 332 2402 365 tradunt,

1283 365 1358 398 quod
1372 371 1484 393 mortuo
1496 372 1572 401 patre
1588 388 1595 400 ,
1623 367 1750 404 singulari
1762 368 1916 396 certamine
1930 368 2114 404 pugnantium
2133 367 2229 396 luduin
2250 368 2284 396 ad
2299 378 2403 405 paucos

1284 402 1343 429 dies
1355 402 1509 431 instituisset
1520 425 1527 436 ,
1550 403 1690 434 Romanos
1699 405 1850 434 admiratos
1863 412 2010 442 apparatus
2021 405 2201 439 celeritatem,
2221 406 2345 434 Celerem
2358 416 2403 444 ap-

1284 438 1406 475 pelliiss'e.
1431 439 1497 467 l'lin.
1511 439 1557 469 lib.
1571 450 1613 476 ³3.
1626 451 1687 480 cap.
1703 452 1729 471 2.
1754 442 1916 479 Quinetiam
1929 442 2017 479 ipsum
2030 442 2154 479 equitum
2168 452 2271 481 nomen
2282 442 2352 479 {lisine
2360 453 2405 472 va-

1284 476 1384 504 riatum
1396 477 1433 504 est
1446 498 1452 510 ‚
1475 478 1503 504 in
1513 477 1554 506 liis
1565 488 1675 516 quoque
1685 480 1731 517 qui
1741 481 1776 508 ad
1786 481 1940 517 equitatum
1949 480 2136 509 trahebantur.
2176 480 2286 509 Celeres
2296 480 2342 510 sub
2353 481 2405 509 Ro.

1284 513 1363 542 muln
1375 534 1382 546 ,
1406 513 1567 550 regibusque
1577 516 1708 553 appellati
1719 517 1781 546 sunt
1794 538 1803 552 ,
1823 517 1925 547 deinde
1940 517 2115 547 Flexuniines
2126 540 2134 553 ,
2156 518 2251 555 postea
2273 517 2403 547 Tross‘uli.

1284 548 1495 580 Latiniceleres.
1518 552 1591 587 Virg.
1609 564 1649 583 11,
1670 554 1728 583 AEn,
1743 558 1806 590 603,

1379 587 1498 616 Necnon
1512 589 1650 627 Menapiis
1661 598 1758 621 contra
1769 591 1924 628 celeresque
1936 591 2035 622 Latini.
2117 590 2170 620 Ubi
2184 592 2310 627 Servius,
2332 592 2406 622 Allu-

1304 624 1347 690 {iiit
1358 625 1392 668 ad
1403 625 1528 691 millitiam
1539 627 1708 658 Romanam:
1731 639 1850 666 namque
1865 631 1890 659 ἃ
1904 631 2012 666 equites
2024 629 2121 660 habuit
2136 630 2288 665 Romulus,
2311 637 2340 659 ut
2356 631 2406 659 illo

1328 672 1430 691 iximus
1454 672 1507 691 oco
1519 685 1526 697 ,

1329 698 1500 728 Tercentum
1512 700 1608 730 scutati
1620 711 1717 732 omnes
1729 703 1875 733 Volscente
1882 704 2017 739 magistro.
2058 714 2126 740 quos
2134 704 2245 734 Celeres
2254 705 2409 743 appellavit.

1304 736 1349 766 vel
1361 746 1376 766 a
1387 736 1538 772 celeritate,
1551 739 1594 767 vel
1607 749 1621 767 a
1630 739 1701 769 duce
1711 741 1817 775 Celere,
1829 742 1876 777 qui
1886 742 1988 771 dicitur
2003 742 2120 771 Remum
2130 742 2270 777 occidisse,
2290 745 2315 771 in
2328 744 2407 778 cujus

1306 775 1399 810 gratiae
1408 775 1500 805 vicem
1511 786 1525 804 a
1537 775 1657 805 Romulo
1666 777 1725 807 lieri
1735 778 1878 808 Tribunus
1887 780 2011 814 equitum
2027 781 2135 808 meruit.
2143 780 2170 808 V.
2178 780 2263 809 Liv.2.
2273 786 2312 809 16.
2325 783 2349 810 61
2363 785 2405 817 3⁶·

1248 810 1294 841 C:
1303 822 1317 839 L
1328 821 1341 840 iz
1351 822 1367 840 R
1378 822 1392 841 Β
1405 834 1414 847 ,
1435 813 1551 842 Adverb.
1565 815 1709 850 antiquum
1721 837 1728 850 ‚
1751 826 1800 853 pro
1809 816 1949 845 Celeriter.
1974 817 2106 846 Pacuvius
2117 817 2189 847 Paul.
2230 818 2314 847 Nunc
2322 826 2349 847 te
2359 819 2408 848 ol)

1286 849 1371 878 testor
1383 871 1391 884 ,
1413 849 1504 879 celere
1512 851 1586 880 facto
1596 851 1710 881 subveni
1722 853 1837 882 censori.
1860 853 1930 883 Enn.
1947 855 2000 883 Sat.
2015 855 2062 883 lib.
2081 864 2102 884 r.
2128 855 2197 884 Dum
2213 856 2345 893 quicquid
2357 857 2407 886 des

1286 888 1386 916 celere.
1428 887 1461 916 Et
1474 888 1557 917 Plaut.
1572 888 1652 918 Cure.
1667 899 1693 919 2.
1708 899 1731 926 3.
1742 901 1767 926 4.
1792 891 1831 920 Ita
1841 900 1917 920 nunc
1931 892 2021 921 subito
2032 914 2039 928 ‚
2062 902 2179 930 propere
2194 896 2220 922 ὁὶ
2233 893 2321 923 celere
2333 894 2409 930 obje-

1289 926 1365 954 ctum
1379 924 1417 954 est
1427 925 1496 954 mihi
1508 928 1660 961 negotium.

1249 961 1273 991 C
1284 971 1298 990 F.
1308 974 1323 990 L
1333 973 1346 991 F.
1356 972 1369 991 s
1379 965 1418 991 ἶτ
1429 972 1443 991 R
1453 973 1469 991 R
1479 984 1486 998 ,
1510 963 1634 993 Celerius
1643 986 1651 997 ,
1672 964 1826 994 Celerrime
1837 968 1854 1000 ς*
1876 963 1986 1002 [ταχέως
1997 989 2005 1000 ‚
2030 966 2128 1002 ὠκέως]
2161 968 2226 997 Λᾶν.
2257 967 2407 999 Velociter.

1288 999 1354 1029 Caes.
1370 1011 1394 1036 5.
1408 1000 1474 1029 Bell.
1490 1002 1559 1030 Gall.
1574 1011 1618 1030 20.
1641 1001 1683 1031 llli
1698 1003 1834 1040 imperata
1853 1003 1978 1032 celeriter
1996 1005 2130 1034 fecerunt.
2157 1005 2214 1034 Cic.
2226 1015 2251 1034 2.
2269 1007 2305 1035 de
2318 1007 2407 1037 Finib.

1308 1037 1515 1075 Celerrimeque
1528 1039 1614 1069 multa
1625 1039 1703 1069 simul
1715 1041 1876 1077 agitantem.

1287 1075 1390 1106 Facere
1400 1075 1506 1113 aliquid
1517 1077 1651 1106 celeriter.
1693 1078 1751 1107 Cic.
1763 1087 1787 1114 3.
1800 1077 1875 1107 Fam.
1890 1088 1912 1107 1.
1935 1077 2067 1108 Phaniam
2079 1079 2159 1108 valde
2170 1079 2228 1109 sum
2245 1080 2411 1112 desideratu-

1308 1123 1372 1142 rus:
1394 1123 1478 1150 quem
1493 1124 1578 1151 quum
1588 1115 1704 1144 Romam
1715 1117 1840 1144 remittes
1861 1116 1959 1152 (quod
1970 1124 2000 1144 ut
2011 1116 2191 1153 putabamus,
2213 1118 2340 1148 celeriter
2351 1130 2411 1150 eras

1307 1152 1430 1180 facturus
1442 1152 1453 1186 )
1473 1153 1604 1182 omnibns
1614 1154 1637 1181 ci
1650 1153 1685 1182 de
1697 1153 1778 1183 rebus
1787 1163 1854 1190 quas
1865 1154 1923 1190 agi,
1947 1163 2013 1190 quas
2030 1155 2119 1183 curari
2136 1164 2151 1183 a
2162 1164 2206 1184 me
2218 1157 2293 1186 voles
2303 1179 2311 1192 ,
2333 1167 2414 1187 man-

1309 1189 1373 1218 data
1387 1189 1437 1218 des
1447 1189 1540 1218 velim.
1582 1191 1599 1220 i.
1618 1200 1641 1220 e.
1664 1191 1752 1220 Brevi.
1775 1191 1806 1220 V.
1826 1200 1901 1220 niOX.

1288 1226 1421 1256 Celeriter
1437 1229 1463 1256 ὃ(
1475 1226 1531 1257 sine
1541 1228 1620 1258 causa
1633 1238 1714 1265 agere
1733 1228 1846 1266 aliquid.
1887 1228 1986 1258 Paulus
1999 1228 2028 1257 in
2040 1228 2057 1258 1.
2080 1228 2194 1266 Nequis.
2218 1230 2249 1259 D.
2268 1231 2303 1260 de
2317 1232 2412 1261 Custo-

1307 1265 1353 1293 dia
1367 1266 1393 1293 &
1403 1265 1519 1295 exhibit.
1536 1276 1606 1300 reor.
1647 1266 1674 1295 Si
1687 1276 1755 1304 quos
1766 1267 1852 1302 exiis,
1870 1267 1956 1303 quiin
1971 1266 2129 1297 civitatibus
2144 1267 2224 1302 sunt,
2245 1269 2370 1299 celeriter
2384 1272 2411 1300 δι

1307 1302 1364 1331 sine
1373 1302 1452 1331 causa
1460 1303 1563 1332 solutos
1573 1314 1587 1333 a
1597 1304 1797 1341 magistratibus
1806 1305 1971 1341 cognoveris
1982 1326 1990 1340 ‚
2012 1304 2111 1333 vinciri
2124 1305 2232 1341 jubebis
2244 1315 2250 1335 :
2277 1308 2346 1338 &iis
2363 1309 2414 1345 qu'i

1306 1339 1459 1375 solverint,
1483 1341 1598 1371 multam
1610 1342 1695 1371 dices.

1289 1377 1439 1444 Ab'sluniere
1450 1379 1585 1410 celeriter.
1626 1379 1713 1409 Plaut.
1726 1380 1809 1410 Cure.
1825 1390 1849 1416 ς.
1861 1388 1889 1410 2.
1898 1389 1925 1409 2.
1954 1378 2027 1409 Nam
2048 1388 2132 1416 quam
2150 1379 2256 1417 habui,
2276 1381 2412 1421 absumpsi

1308 1425 1339 1444 ce
1354 1424 1445 1446 eriter.

1288 1453 1404 1483 Mittam
1417 1453 1544 1483 celeriter
1553 1455 1604 1484 tibi
1614 1455 1726 1485 librum.
1748 1455 1807 1484 Cic.
1824 1465 1847 1490 ς.
1864 1455 1916 1484 Art.
1927 1459 1973 1485 26.

1288 1491 1426 1521 Nuntiate
1437 1492 1573 1523 celeriter.
1593 1491 1656 1523 Cic.
1670 1503 1693 1524 1.
1711 1493 1747 1522 de
1758 1493 1852 1522 Divin.
1869 1503 1912 1529 59.

1288 1528 1436 1559 Proficisci.
1458 1530 1518 1559 Cic.
1533 1540 1575 1565 ις.
1593 1532 1646 1560 Att.

1288 1566 1423 1604 Reperire
1433 1568 1561 1597 celeriter
1572 1590 1580 1604 ‚
1602 1579 1661 1606 quae
1672 1578 1752 1607 opus.
1774 1568 1886 1607 Nepos,
1901 1578 1926 1598 2.
1948 1579 1973 1599 1.
1993 1577 2018 1605 3.

1289 1605 1424 1642 Subigere
1439 1605 1575 1636 celeriter.
1596 1607 1672 1637 Cutt.
1683 1619 1709 1642 4.
1726 1617 1748 1636 1.
1770 1617 1794 1643 ς.

1288 1643 1463 1709 Succurrspre.
1503 1643 1563 1674 Cic.
1577 1655 1617 1675 io.
1639 1645 1713 1675 Fam.
1726 1653 1771 1674 21.
1796 1644 1824 1674 Si
1836 1644 1931 1674 durius
1942 1643 2048 1681 aliquid
2058 1643 2134 1680 esset,
2152 1641 2310 1675 succurrere
2319 1646 2416 1677 celeri.-

1308 1688 1352 1709 ter
1383 1691 1399 1709 o
1423 1691 1477 1711 em.

1289 1691 1453 1756 Tranfiigere
1465 1719 1591 1750 celerius.
1632 1719 1691 1750 Cic.
1707 1730 1731 1755 ς.
1742 1719 1818 1749 Verr.
1830 1722 1874 1749 60.
1896 1721 1935 1749 An
1947 1720 1977 1749 id
1987 1719 2127 1757 agendum
2140 1741 2147 1754 ,
2170 1725 2242 1749 uteo
2253 1720 2369 1750 celerius
2378 1722 2414 1752 de

1310 1756 1359 1785 isto
1371 1757 1549 1795 transigamus
1558 1780 1566 1793 ‚
1587 1768 1642 1795 quo
1650 1758 1783 1787 maturius
1793 1759 1828 1787 ad
1843 1758 1996 1796 Apronium
2014 1757 2146 1795 pellimus
2158 1759 2209 1786 810.
2229 1760 2395 1796 pervenire‘.>

1289 1793 1393 1823 Venire
1404 1794 1529 1825 celerius.
1570 1795 1635 1825 Caes.
1648 1805 1674 1826 2.
1687 1796 1753 1825 Bell.
1767 1795 1836 1825 Gall.
1853 1805 1877 1832 3.
1900 1796 1997 1832 Quum
2006 1796 2042 1826 de
2054 1794 2201 1833 improviso
2213 1817 2221 1831 ‚
2245 1796 2415 1835 celeriusque

1308 1833 1436 1862 omnium
1447 1834 1583 1871 opinione
1593 1833 1718 1863 venisset.

1289 1869 1443 1904 Celeriter,
1466 1882 1516 1909 pro
1528 1871 1621 1907 Brevi,
1644 1871 1696 1901 sive
1706 1872 1778 1901 intra
1788 1871 1871 1900 breve
1886 1877 2005 1908 tempus.
2046 1870 2106 1899 Cic.
2121 1879 2144 1906 3.
2162 1870 2238 1900 Fam.
2251 1881 2292 1901 11.
2326 1872 2416 1903 Laetor

1308 1908 1410 1937 virtute
1421 1911 1447 1938 &
1457 1909 1560 1945 officio,
1580 1919 1646 1938 cum
1657 1915 1768 1939 tuorum
1786 1908 2012 1943 necessariorum,
2033 1918 2160 1937 meorum
2170 1909 2395 1940 amicissimorum
2405 1921 2415 1941 τ

1307 1952 1369 1975 tum
1381 1945 1492 1976 alterius
1502 1947 1629 1976 omnium
1639 1947 1792 1981 seclorum,
1814 1949 1840 1976 Sc
1851 1948 1976 1983 gentium
1995 1946 2128 1983 principis
2142 1956 2148 1975 ε
2169 1946 2290 1979 alterius.
2302 1949 2417 1986 jampri-

1309 1983 1375 2028 dein
1384 1985 1554 2022 iuventutis,
1573 1985 1724 2021 celeriter,
1741 1992 1772 2015 ut
1784 1984 1874 2023 spere,
1895 1986 2023 2014 civitatis.
2046 1985 2087 2013 De
2096 1984 2231 2022 Pompeio
2242 1987 2268 2014 ἅ
2279 1985 2363 2015 Bruto
2375 1987 2419 2016 lo·

1309 2029 1411 2058 quitur.

1289 2057 1385 2089 Futuri
1395 2060 1487 2089 sumus
1499 2060 1625 2090 celeriter
1635 2070 1700 2090 una.
1741 2060 1801 2089 Cic.
1817 2070 1843 2096 9.
1856 2059 1932 2089 Fam.
1949 2070 1960 2088 it
1969 2070 1990 2089 i.
2012 2057 2191 2096 ignoscasque
2204 2060 2332 2092 brevitati
2341 2061 2415 2092 litte-

1308 2107 1398 2127 rarum
1407 2107 1547 2127 mearum:
1570 2109 1635 2128 nam
1647 2100 1673 2128 &
1682 2097 1810 2128 celeriter
1824 2107 1879 2127 una
1888 2097 1996 2127 futures
2007 2107 2058 2126 nos
2069 2097 2195 2127 arbitror.

1289 2134 1414 2165 Celerius
1426 2135 1590 2173 intelligere.
1614 2136 1683 2166 Plin.
1697 2136 1780 2173 Epist.
1795 2135 1843 2164 lib.
1855 2139 1881 2165 6.

1252 2170 1276 2201 C
1287 2183 1300 2201 iz
1311 2184 1327 2201 L
1337 2183 1350 2202 ε
1360 2183 1376 2202 a
1387 2184 1396 2202 1
1405 2184 1423 2202 u
1431 2183 1444 2202 s
1454 2183 1471 2202 c
1480 2184 1498 2202 u
1507 2185 1524 2202 L
1535 2184 1549 2203 it
1559 2195 1568 2210 ‚
1589 2173 1666 2204 aliud
1676 2174 1792 2204 Adverb.
1814 2179 1845 2203 ut
1853 2195 1861 2209 ,
1882 2171 2069 2203 Celeriuscule
2079 2172 2181 2202 dicere.
2205 2173 2307 2203 Auctor
2315 2175 2349 2204 ad
2361 2175 2416 2205 He-

1291 2220 1369 2240 renn.
1386 2219 1410 2246 3.
1426 2221 1471 2246 24.

1252 2247 1275 2276 C
1285 2249 1301 2277 ἴε
1310 2261 1324 2276 L
1334 2250 1349 2278 f:
1358 2259 1374 2277 R
1382 2251 1394 2278 ἶ
1402 2259 1422 2277 T
1430 2259 1447 2278 A
1457 2259 1469 2278 s
1482 2271 1490 2284 ‚
1511 2247 1574 2278 atis.
1594 2248 1615 2278 f.
1636 2245 1764 2284 [πίκῶι.
1772 2248 1904 2283 zuzim]
1924 2247 2072 2279 Velocitas.
2096 2247 2153 2278 Cic.
2166 2257 2192 2286 7.
2203 2249 2277 2279 Verr.
2288 2255 2333 2284 88.
2348 2250 2416 2281 Haec

1289 2286 1472 2325 Centuripina
1486 2287 1561 2315 navis
1571 2286 1796 2316 eratincredibili
1808 2286 1951 2316 celeritate
1963 2287 2042 2316 velis.
2072 2286 2151 2316 Idem
2168 2297 2192 2317 1.
2213 2289 2297 2318 Acad.
2310 2299 2351 2324 19.
2382 2289 2414 2318 ln

1288 2325 1409 2362 pedibus
1419 2325 1590 2354 celeritatem
1601 2346 1608 2358 ‚
1629 2325 1687 2353 vim
1699 2325 1727 2353 in
1736 2324 1874 2354 manibus.
1897 2323 2010 2354 subaudi
2030 2324 2181 2354 Penebant.

1289 2362 1425 2392 Celeritas
1435 2363 1470 2392 ad
1481 2362 1654 2392 discendum.
1677 2362 1735 2392 Cic.
1752 2373 1774 2392 1.
1790 2363 1872 2392 Acad.
1888 2371 1933 2391 20.
1952 2362 2065 2392 Naturae
2078 2362 2249 2392 celeritatem
2260 2364 2294 2392 ad
2308 2363 2414 2393 disc-en-

1309 2400 1377 2444 dum
1389 2402 1415 2430 &
1428 2401 1592 2430 memoriam
1603 2401 1706 2430 dabant
1719 2410 1727 2430 :
1749 2409 1868 2438 quorum
1877 2407 2024 2437 utrumque
2033 2401 2136 2430 mentis
2146 2400 2215 2430 esset
2227 2402 2371 2439 proprium
2387 2404 2414 2432 ss

1309 2448 1338 2466 in
1359 2447 1424 2467 enii.

1288 2448 1424 2505 Celintas
1434 2476 1463 2505 in
1477 2475 1623 2514 capiendis
1635 2474 1734 2505 castris.
1756 2475 1822 2505 caes.
1834 2484 1860 2512 7.
1872 2475 1941 2505 Bell.
1954 2476 2026 2505 Gall.
2043 2478 2088 2510 46.

1290 2513 1430 2544 Velocitas
1441 2514 1566 2551 corporis
1576 2535 1584 2548 ,
1606 2513 1738 2543 Celeritas
1749 2513 1915 2551 appellatur.
1937 2514 1996 2542 Cic.
2008 2525 2035 2550 4.
2048 2512 2129 2543 Tusc.
2143 2522 2186 2549 31.

1291 2551 1429 2581 Celeritas
1440 2553 1466 2581 &a
1478 2551 1594 2581 brevitas
1603 2550 1792 2588 respondendi
1804 2553 1830 2581 &
1845 2551 2001 2581 laeess'endi.
2021 2551 2082 2581 Cic.
2097 2561 2120 2581 1.
2139 2552 2174 2581 de
2185 2550 2263 2582 Orat.
2276 2562 2319 2590 17.

1291 2589 1413 2619 Brevitas
1425 2591 1451 2619 δι
1461 2589 1586 2619 celeritas
1594 2588 1767 2626 syllabarum.
1793 2589 1851 2619 Cic.
1863 2590 1892 2618 iri
1904 2589 1981 2618 Orat.
1997 2599 2059 2625 191.

1289 2627 1427 2656 Celeritas
1438 2629 1463 2656 &
1473 2627 1618 2656 festinatio.
1660 2626 1718 2656 Cic.
1731 2636 1782 2664 pro
1794 2626 1874 2657 Rosc.
1886 2628 1974 2657 Amer.
1986 2637 2030 2665 97.
2052 2627 2134 2664 Quid
2153 2627 2212 2657 haec
2228 2634 2304 2658 tanta
2318 2628 2414 2658 celeri·

1311 2671 1353 2694 tas
1367 2687 1376 2700 ,
1395 2665 1587 2702 festinatioque
1599 2664 1751 2701 significat?

1291 2703 1443 2732 fictionum
1453 2703 1712 2740 conjungendarum
1721 2702 1858 2732 celeritas.
1897 2701 2011 2740 Ulpian.
2023 2703 2052 2732 in
2065 2703 2083 2732 l.
2105 2703 2172 2732 Haec
2184 2704 2262 2732 ratio.
2283 2704 2305 2741 §.
2326 2704 2381 2734 Sed
2393 2703 2412 2733 si

1309 2741 1478 2770 debitorem.
1501 2740 1534 2770 D.
1549 2741 1584 2769 de
1599 2740 1700 2770 Donat.
1715 2741 1788 2769 inter
1797 2741 1886 2770 virum
1897 2742 2059 2775 &uxorem,
2081 2740 2227 2770 Celeritate
2242 2742 2414 2779 conjungen-

1312 2779 1411 2808 darum
1422 2780 1494 2808 inter
1502 2778 1530 2807 'se
1538 2779 1681 2808 amorium
1693 2788 1777 2807 unam
1787 2778 1926 2807 actionem
1937 2778 2080 2808 occultari.

1293 2816 1363 2846 Belli
1377 2816 1547 2846 celeritatem
1561 2817 1668 2845 morari.
1711 2815 1769 2845 Cic.
1785 2826 1808 2852 5.
1822 2815 1940 2853 Philipp.
1954 2820 1999 2845 26.
2022 2816 2185 2853 Legatorum
2204 2825 2308 2845 nomen
2321 2816 2412 2854 ipsum

1313 2856 1340 2884 &
1355 2855 1462 2883 animos
1473 2854 1581 2884 molliet
1590 2876 1599 2889 ‚
1616 2856 1642 2883 ee
1653 2853 1718 2883 belli
1730 2854 1902 2884 celeritatem
1909 2854 2072 2883 morabitur.

1292 2891 1384 2921 famae
1391 2892 1531 2922 celeritas.
1571 2892 1648 2921 Curt.
1662 2901 1687 2929 7.
1700 2901 1725 2921 2.
1742 2902 1785 2929 ις.
1807 2891 1962 2922 'Velocitate
1975 2901 2045 2929 opus
2054 2891 2092 2921 est
2102 2913 2110 2927 ‚
2131 2900 2186 2928 qua
2196 2891 2412 2922 celeritatemsa-

1313 2940 1364 2959 mre
1374 2930 1530 2960 antecedas.

1292 2966 1453 2997 Fluminum
1466 2967 1602 2997 celeritas,
1639 2965 1716 2997 Curt.
1726 2977 1754 3003 9.
1766 2977 1793 3003 4.
1808 2976 1850 2997 10.
1874 2966 2028 3005 Praerapida
2038 2967 2185 2996 fluminum
2207 2966 2348 2996 celeritate
2363 2977 2411 2997 oc-

1312 3015 1356 3034 cu‘
1371 3012 1461 3035 antur.

1291 3015 1400 3080 ing-giiii
1412 3043 1548 3073 celeritas.
1586 3042 1647 3072 Cic.
1661 3043 1689 3071 in
1698 3042 1783 3072 Bruto
1796 3051 1838 3078 5³·
1861 3042 1931 3078 Quis
1943 3042 2017 3070 enim
2029 3048 2109 3080 putet
2121 3041 2293 3071 celeritatem
2304 3043 2411 3080 ingenii

1313 3080 1342 3109 L.
1359 3081 1443 3110 Bruto
1453 3081 1492 3110 illi
1505 3080 1657 3110 nobilitatis
1664 3081 1757 3110 vestrae
1768 3081 1887 3118 principi
1901 3079 2023 3109 defuisse.

1292 3118 1468 3156 Percipiendi
1481 3118 1614 3148 celeritas.
1635 3119 1758 3155 Quintil.
1772 3118 1820 3148 lib.
1836 3128 1858 3148 1.
1871 3128 1932 3155 cap.
1947 3128 1990 3147 10.

1292 3155 1446 3186 Verborum
1459 3157 1592 3186 celeritas.
1616 3156 1674 3185 Cic.
1691 3166 1714 3185 1.
1726 3156 1762 3186 de
1774 3157 1849 3185 Orat.
1867 3165 1926 3193 ¹27·

1293 3194 1479 3224 admirabilis.
1501 3194 1560 3224 Cic.
1574 3205 1596 3224 1.
1619 3195 1654 3223 de
1666 3194 1876 3229 Nat.Deor.·52.

1293 3232 1443 3262 Caesariana
1453 3232 1577 3262 celeritas
1588 3255 1596 3267 ,
1618 3233 1646 3261 in
1661 3232 1838 3268 proverbium
1850 3231 1933 3265 abiit,
1954 3240 1969 3259 a
1982 3228 2048 3265 Julii
2066 3227 2176 3259 Caesaris
2187 3229 2345 3260 incredibili
2366 3242 2410 3262 ce.

1311 3269 1421 3300 leritate
1433 3292 1440 3305 ,
1462 3280 1543 3308 quam
1553 3270 1649 3308 pallini
1658 3270 1809 3307 praedicant
1817 3277 1931 3310 veteres.
1949 3269 2006 3297 Cic.
2022 3272 2062 3297 16.
2082 3269 2162 3296 attic.
2176 3278 2218 3298 10.
2240 3270 2410 3301 Aiuntenim

1311 3316 1376 3337 eum
1389 3308 1537 3338 Caesariana
1549 3310 1587 3337 uti
1597 3308 1750 3337 celeritate.
1777 3307 1811 3335 de
1824 3307 1952 3334 Antonio.

1292 3345 1429 3383 Expedita
1445 3348 1470 3376 &
1483 3346 1624 3384 profluens
1633 3346 1758 3375 celeritas
1772 3343 1928 3373 verborum.
1950 3343 2010 3373 Cic.
2026 3343 2062 3372 de
2073 3341 2144 3373 Clar.
2155 3342 2235 3374 Orat.
2253 3353 2318 3376 220.

1292 3383 1477 3413 Incredibilis.
1517 3384 1548 3413 V.
1572 3395 1581 3411 i
1593 3393 1612 3412 N
1623 3393 1639 3412 c
1648 3393 1663 3411 a
1673 3393 1686 3411 s
1695 3393 1712 3411 D
1724 3394 1732 3410 i
1743 3393 1757 3410 s
1767 3393 1775 3410 i
1785 3393 1801 3409 L
1811 3392 1818 3409 i
1828 3391 1849 3410 s.

1291 3421 1427 3451 Maxima.
1449 3422 1509 3450 Cic.
1519 3431 1545 3451 2.
1556 3421 1590 3450 de
1599 3421 1661 3450 Nat.
1676 3420 1757 3449 Deor.
1775 3428 1835 3454 142.
2134 3455 2141 3460 .

1292 3459 1409 3489 Modica
1418 3459 1555 3488 celeritas.
1596 3458 1692 3488 Vellei.
1704 3467 1730 3487 2.
1741 3461 1786 3491 68.
1797 3466 1822 3486 2.
1843 3455 1966 3486 Navium
1978 3456 2037 3485 haec
2047 3455 2213 3493 magnitudo
2223 3457 2336 3489 modica
2346 3468 2412 3490 cum

1313 3496 1464 3527 celeritate.

1292 3532 1418 3573 Praeceps
1429 3534 1553 3563 dicendi.
1572 3533 1633 3562 Cic.
1643 3542 1693 3570 pro
1706 3531 1805 3561 Flacco
1816 3552 1824 3566 ‚
1836 3536 1882 3566 48.
2061 3568 2066 3575 Ι
2104 3569 2111 3575 0

1291 3571 1423 3610 Prompta
1435 3574 1461 3602 ἃ
1477 3579 1571 3608 parata
1580 3571 1609 3599 in
1618 3570 1727 3606 agendo
1739 3570 1800 3599 &in
1813 3568 2015 3607 respondendo.
2035 3568 2094 3599 Cic.
2103 3579 2132 3598 in
2141 3568 2225 3600 Bruto
2243 3581 2306 3608 154.

1292 3610 1433 3639 Adhibere
1444 3610 1624 3639 celeritatem.
1646 3607 1703 3637 Cic.
1718 3618 1758 3636 ιο.
1774 3607 1846 3636 Fam.
1860 3617 1904 3636 21.

1292 3646 1614 3677 Desideratceleritatem
1625 3655 1675 3673 res.
1717 3644 1828 3681 Ulpian.
1841 3645 1870 3673 in
1879 3645 1898 3673 1.
1915 3655 1936 3673 i.
1949 3644 1983 3673 D.
1997 3644 2033 3673 de
2044 3643 2143 3674 Damn.
2157 3645 2251 3676 inseet.
2263 3647 2360 3683 Quum
2370 3657 2412 3676 res

1313 3686 1408 3714 damni
1421 3684 1516 3713 infecti
1533 3683 1700 3712 celeritatem
1714 3682 1848 3710 deiiderat
1860 3704 1868 3716 ‚
1889 3683 1916 3711 &
1934 3681 2088 3719 periculosa
2099 3682 2197 3712 dilatio
2213 3685 2324 3714 Praetori
2338 3685 2415 3714 vide-

1313 3729 1358 3752 tur
1367 3745 1375 3758 ,
1400 3723 1420 3751 fi
1431 3732 1465 3751 ex
1477 3721 1528 3750 hac
1538 3720 1617 3750 causa
1631 3720 1678 3748 libi
1689 3719 1909 3755 jurisdictionem
1920 3719 2068 3749 reservaret
2078 3742 2086 3755 ,
2098 3722 2150 3750 &c.

1294 3758 1416 3790 Incitare
1427 3758 1548 3788 militum
1558 3757 1727 3787 celeritatem
1739 3758 1843 3786 diariis.
1884 3757 1915 3786 V.
1939 3767 1957 3785 D
1969 3768 1978 3785 i
1990 3767 2008 3785 A
2020 3767 2036 3786 ir.
2046 3768 2056 3786 1
2066 3768 2123 3787 um.

1295 3797 1415 3828 Incitare
1425 3796 1596 3825 celeritatem
1605 3795 1756 3832 eloquendi
1764 3796 1865 3824 dicitur
1872 3794 2056 3832 consuetudo,
2071 3796 2301 3833 exercitatioque.
2322 3795 2382 3827 Cic.
2390 3807 2413 3827 r.

1317 3835 1352 3864 de
1363 3835 1440 3864 Orat.
1452 3844 1496 3868 90.

1296 3872 1430 3902 Incitatus
1443 3870 1584 3900 celeritate
1595 3871 1621 3900 &
1633 3870 1732 3899 studio.
1772 3869 1804 3900 V.
1826 3881 1836 3898 1
1846 3879 1868 3899 Ν
1877 3879 1895 3899 c
1906 3881 1915 3899 i
1925 3880 1944 3899 T
1953 3880 1981 3901 0.

1295 3910 1425 3947 Indigere
1434 3908 1592 3939 celeritatis.
1631 3907 1662 3938 V.
1685 3918 1696 3936 1
1706 3917 1727 3937 N
1736 3917 1756 3937 D
1765 3918 1775 3937 1
1783 3917 1802 3937 c
1813 3918 1828 3937 is
1837 3918 1864 3938 o.

1827 3946 1855 3976 O
1864 3955 1883 3974 θ
1890 3955 1907 3974 0
2336 3946 2417 3984 Opus
