2600 4177
100 1057 247 1108 >Coniux,
269 1082 320 1110 pro
333 1074 447 1111 Sponsa.
470 1073 542 1108 Virg.
557 1083 582 1108 9.
595 1073 656 1103 AEn.
673 1077 732 1107 138.

470 126 502 162 C
591 127 627 162 O
717 125 753 160 N

76 204 79 207 ’
119 209 314 247 parturienti&
325 206 443 247 parienti
451 207 527 237 adsit.
549 207 616 237 Haec
625 216 660 237 ex
671 205 830 244 Augustino.
870 206 952 235 Porro
961 204 999 234 est
1011 204 1036 234 &
1047 202 1219 236 l-svmerieus,

119 247 201 282 qui&
216 247 323 283 Hymen
336 247 453 279 dicitur,
475 246 634 282 nuptiarum
648 244 716 273 deus
728 243 840 272 habitus
851 265 858 275 ,
881 243 958 272 sicuti
975 237 1128 271 videre'est
1145 240 1220 278 apud

124 283 284 350 giaptiiglllssim:
304 286 332 314 ⁷&
344 284 418 322 apud
428 283 570 313 Romanos
578 281 719 311 Thalaffus
730 281 784 310 live
793 281 948 311 Tlialailius
958 303 966 315 ‚
983 280 1030 316 qui
1042 281 1068 309 ἃ
1079 277 1221 309 Thalaffio

69 357 116 386 Co
125 367 144 386 N
154 366 166 392 J
176 368 195 387 u
204 369 222 387 c
233 367 252 387 A
264 370 280 387 L
290 369 299 387 1
308 367 350 388 τι
359 368 392 393 a,
411 356 479 387 Adv.
502 356 643 394 Angustia.
657 355 740 394 Epist.
754 361 798 392 89.
824 355 927 386 Pudice
944 354 1070 392 quamvis
1091 354 1224 391 conjuga·

108 391 170 424 liter
183 396 288 426 vivunt.

71 430 118 462 co
129 441 169 467 NJ
181 443 224 462 uo
236 435 333 462 ritis
349 454 357 468 ‚
378 442 403 462 e.
423 430 568 468 [σόζψς]
589 431 675 468 Quod
685 431 720 461 ad
735 432 897 470 conjugium
909 431 1041 469 pertinet.

109 469 186 500 Festa
196 470 371 510 conjugialia.
395 469 480 498 Ovid.
498 480 521 504 ς.
538 469 607 498 Met.
621 478 645 505 3.

350 522 393 534 .-—-
402 506 512 536 fremitu
524 507 624 544 regalia
634 506 722 536 turbae

203 545 277 575 Atria
293 540 471 582 complentur
483 567 490 579 ,
514 553 567 574 nec
579 544 747 582 coniugialia
757 544 823 573 festa

204 583 260 619 Qui
272 586 352 611 canat
362 604 371 616 ,
392 582 430 612 est
440 582 545 612 clamor
555 604 562 618 ‚
583 582 629 612 sed
641 583 686 620 qui
695 582 753 612 fera
763 582 872 611 nuntiet
880 590 963 611 arma.

113 619 223 650 Foedus.
248 620 332 649 Ovid.
348 629 390 649 11.
405 620 475 650 Met.
490 629 553 656 743.

202 656 285 686 Tunc
297 667 407 694 quoque
421 658 520 688 mansit
529 667 607 688 amor
618 679 627 694 ,
648 667 702 687 nec
711 656 868 694 coniugiale
879 656 998 686 solutum
1009 654 1047 685 est

203 694 306 724 Foedus
318 696 347 725 iii
359 696 482 726 alitibus.

112 731 187 768 Jura.
209 732 294 762 Ovid.
308 737 333 763 6.
348 734 416 763 Met.
432 736 493 769 536.

205 770 266 800 Nec
277 780 338 800 mea
349 772 491 809 virginitas
501 793 509 807 ‚
529 780 583 801 nec
593 768 758 807 coniugialia
771 770 840 805 jura.

75 806 100 836 C
109 816 126 836 o
136 815 156 836 Ν
163 815 176 843 J
181 817 203 851 11
213 817 231 837 x
242 829 249 843 ,
271 809 341 847 figis.
362 809 525 846 [ὁμόζυυς]
546 819 560 837 a
573 809 701 845 Conjugo
711 828 718 840 .
739 816 793 836 are.
815 814 846 836 ut
863 806 902 836 ait
912 805 1017 836 Plioeas
1028 803 1229 844 grammaticus.

113 844 256 883 Conjuges
275 847 387 884 (inquit
402 847 512 881 Festus)
536 846 664 882 Ejusdem
677 845 735 882 jugi
746 854 834 881 pares.
876 844 1024 874 Priscianus
1043 853 1093 881 per
1105 852 1125 871 Ν
1137 848 1200 870 ante
1212 849 1231 869 x

115 881 226 913 scribit:
250 883 362 914 Veteres
382 885 468 915 modo
488 884 618 920 Conjux,
639 883 725 912 niodo
749 882 881 916 Coniunx
902 882 1086 919 scripserunt,
1106 879 1231 909 detracto

115 919 161 949 vel
173 921 269 957 addito
281 931 310 951 N.
333 922 391 952 Cic.
408 932 431 957 i.
444 923 479 959 Q.
494 922 555 951 frat.
570 930 594 957 3.
617 919 782 950 Fidelissima
793 921 927 955 conjunx.

115 957 229 1026 anljux
245 959 386 990 interdum
394 960 498 990 dicitur
508 980 517 996 ‚
535 969 595 989 non
608 959 678 996 Quae
690 958 728 987 est
738 979 748 993 ,
767 957 814 987 sed
825 957 895 995 Quae
904 957 963 987 fore
974 956 1104 995 speratur.
1126 954 1230 992 virg-8.

157 1006 173 1026 c
186 1019 192 1026 .
213 1001 255 1031 ¹8·

196 1034 256 1064 Con
259 1035 332 1071 jugis
343 1036 460 1074 indigno
473 1034 544 1065 Nisae
556 1035 691 1072 deceptus
702 1041 806 1064 amore.
901 1032 1021 1063 Servius.

310 1126 347 1132 —
357 1111 428 1141 ferro
436 1108 594 1140 sceleratam
607 1109 768 1139 exscindere
779 1114 892 1145 gentem

196 1145 324 1186 Coniuge
345 1155 487 1187 praerepta.
572 1146 659 1177 Verba
674 1146 772 1177 Turni.
809 1145 948 1176 invidiose
966 1150 1060 1176 antem
1079 1139 1235 1183 Sponsam,

135 1182 294 1223 Coniugem
306 1192 388 1216 vocat
399 1208 407 1222 e
427 1187 467 1216 ait
482 1185 599 1220 Servius.

117 1221 201 1252 Amor
210 1225 341 1261 perennis
350 1225 479 1262 conjugis
490 1223 567 1253 castae
579 1227 683 1252 manet.
704 1222 769 1251 Sen.
783 1221 881 1252 Ofiav.
890 1233 918 1259 4.

117 1259 291 1298 Obsequium
302 1262 437 1300 conjugis.
458 1263 522 1291 Seri.
535 1261 631 1291 Octav.
643 1270 669 1294 4.

117 1297 213 1329 Partus
222 1299 280 1329 fere
294 1299 426 1330 conciliat
435 1299 543 1329 animos
554 1298 716 1335 conjugum.
738 1297 803 1327 Sen.
816 1297 894 1328 Med.
907 1308 935 1334 4.

117 1335 196 1366 Felix
207 1338 335 1375 conjuge.
358 1337 444 1368 Ovid.
457 1346 483 1373 9.
495 1336 564 1366 Met.
579 1345 642 1372 333.

116 1373 249 1405 Adultera
262 1376 375 1412 conjux.
397 1375 483 1405 Ovid.
496 1383 521 1411 3.
538 1377 629 1404 Amor.
641 1384 668 1410 4.
682 1382 726 1410 37.

117 1412 263 1450 Antiquus.
287 1413 360 1452 Virg.
373 1424 401 1450 4.
413 1413 475 1444 AEn.
488 1418 553 1448 458·
574 1412 593 1442 i.
605 1420 630 1442 e.
651 1420 699 1441 aut
711 1411 785 1441 Prior
795 1418 842 1440 aut
852 1410 946 1441 Carus.
967 1409 1084 1441 Servium

119 1451 207 1481 Aurea
219 1450 283 1481 Pici.
306 1451 381 1489 Virg.
390 1460 416 1488 7.
431 1450 494 1482 AEn.
507 1456 569 1486 189.
604 1449 636 1480 V.
658 1451 733 1480 Serv.
751 1448 845 1479 inloc.

120 1487 200 1517 Boni.
225 1488 313 1519 Catul.
329 1497 448 1526 wan.

119 1523 287 1556 Cariffimus.
308 1526 395 1558 ovid.
408 1536 450 1556 11.
462 1524 533 1556 Met.
547 1534 611 1564 727.

119 1562 270 1594 Cariffima.
292 1564 359 1594 Stat.
373 1573 398 1601 3.
411 1564 478 1594 Silv.
494 1576 518 1600 5.
533 1574 594 1594 110.

119 1601 231 1632 Debita.
253 1603 272 1632 i.
282 1611 308 1632 e.
330 1602 458 1632 Promissa
469 1604 494 1632 ἃ
506 1602 610 1640 sponsa.
635 1600 721 1632 Ovid.
731 1608 757 1634 7.
774 1600 858 1639 Epist.
876 1607 937 1638 ως.

120 1673 212 1715 D·gna
220 1684 284 1715 rege
313 1641 510 1709 §stianit-,Imaui
519 1639 676 1708 sib‘isdebita
684 1639 800 1676 conjux.

148 1688 155 1706 i
286 1701 292 1707 .
374 1701 379 1708 .
425 1688 480 1708 erc.
507 1688 547 1708 ut.
576 1698 584 1709 .

120 1713 228 1746 Dulcis.
251 1716 323 1754 Virg.
335 1726 360 1746 2.
376 1716 436 1747 AEn.
447 1723 512 1754 777.

121 1752 243 1784 Effrena.
266 1755 330 1784 Seii.
342 1754 420 1785 Med.
433 1763 459 1784 2.

120 1791 247 1830 Egregia.
269 1792 342 1831 Virg.
358 1796 385 1822 6.
403 1792 465 1823 AEn.
479 1796 542 1829 523.

122 1829 197 1872 Fida.
223 1830 289 1860 Hor.
302 1840 328 1860 2.
342 1829 424 1875 Epist.
442 1840 464 1860 1.
481 1840 544 1866 ¹42·

121 1866 235 1898 Fidelis.
258 1869 344 1898 Ovid.
361 1878 390 1898 in
400 1868 460 1899 ibin
471 1889 480 1903 ‚
495 1877 560 1904 354.

121 1903 288 1937 Fidiffimus.
312 1906 399 1936 Valer.
411 1912 436 1940 8.
454 1907 551 1943 Argon.
563 1913 630 1941 419.

122 1944 264 1975 Fecunda.
286 1944 353 1974 Hor.
366 1954 391 1974 2.
403 1945 490 1974 Serm.
502 1954 525 1979 ς.
539 1953 583 1980 31.

122 1979 281 2019 Imperiosa.
303 1982 498 2012 Ovid.inlbin
511 2003 519 2018 ,
540 1982 604 2018 53⁶·

122 2019 247 2050 Infamis.
268 2020 333 2050 Sen.
343 2020 422 2051 Med.
433 2029 459 2058 7.
472 2029 535 2056 ³5³·

122 2058 283 2095 irrequieta.
304 2058 352 2089 Sil.
364 2058 412 2088 lib.
427 2067 451 2094 3.
465 2066 530 2094 353.

122 2092 198 2132 justa
210 2096 336 2133 conjux,
356 2095 502 2134 Legitima.
523 2095 588 2126 Seri.
602 2094 739 2131 Oritano-

124 2135 269 2173 Legitima.
290 2134 377 2164 Ovid.
394 2144 436 2163 ιο.
447 2134 518 2164 Met.
527 2143 591 2171 ⁴37·

123 2171 310 2211 Lepidissima.
333 2172 426 2202 Catul.
437 2176 482 2209 76.
497 2182 521 2202 1.

123 2210 214 2240 Levis.
235 2211 299 2241 Seri.
316 2210 443 2245 OEth.4.
1063 2228 1066 2233 ·
1096 2238 1099 2239 .

123 2247 228 2317 Ιιὲἓι-ιεει
238 2271 247 2283 ,
266 2249 370 2279 dicitur
379 2258 395 2278 a
406 2247 518 2278 Catullo
529 2246 622 2286 Epigr.
633 2253 677 2275 21.
691 2247 718 2275 6.
742 2243 813 2282 Quae
823 2249 941 2283 corpore
951 2239 992 2272 est
999 2239 1078 2272 arido
1089 2241 1116 2272 δι
1125 2238 1199 2271 liceo
1208 2235 1247 2270 ob

172 2297 247 2317 mem

217 2308 390 2363 Est'pulchre
404 2323 454 2353 tibi
466 2332 530 2353 cum
540 2328 589 2352 tuo
600 2326 715 2359 patente
726 2342 735 2356 ‚

218 2363 252 2392 Et
261 2372 326 2392 cum
338 2363 458 2400 conjuge
467 2361 558 2400 lignea
569 2359 689 2399 parentis
698 2381 705 2395 2
721 2361 774 2390 διο.

125 2399 214 2432 Nova.
236 2400 412 2431 Semoctav.
426 2404 452 2429 6.

125 2439 200 2470 Novi
210 2439 338 2476 conjugis
349 2438 463 2467 domina
475 2435 585 2474 cupida.
605 2432 695 2465 Catul.
711 2443 755 2470 59.
769 2440 813 2469 32.

125 2477 242 2515 Optata.
263 2478 331 2506 Stat.
345 2486 367 2505 1.
383 2476 448 2505 Silv.
463 2480 490 2504 2.
502 2485 547 2504 2ο.
984 2507 990 2513 .

125 2515 249 2545 Orbatus
258 2514 364 2550 conjux
373 2512 493 2547 dicitur,
515 2512 567 2542 Cui
577 2516 688 2541 mortua
697 2508 736 2538 est
742 2517 822 2538 uxor.
843 2506 911 2537 Stat.
926 2513 951 2543 ς.
964 2505 1031 2537 silv.
1043 2514 1068 2536 1.
1079 2514 1125 2537 2ο.

80 2570 83 2575 κ
126 2552 231 2583 Perfida
242 2553 349 2586 coniux
359 2573 368 2587 ‚
388 2558 470 2589 atque
481 2551 573 2588 impos
586 2549 625 2579 sui
639 2556 734 2578 amore
745 2555 828 2577 caeco.
851 2545 917 2576 Seri.
930 2546 1024 2583 Agam.
1039 2554 1065 2582 3.

126 2590 182 2622 Pia.
202 2590 378 2620 Seii-Troad.
392 2593 419 2619 6.

126 2628 268 2660 Pristinus.
293 2629 364 2666 Virg.
376 2631 402 2658 6.
415 2626 553 2663 AEn.473.
574 2623 629 2655 Ubi
646 2623 777 2658 Servius,
798 2621 890 2655 Prior,
910 2621 1027 2665 inquit..
1042 2620 1118 2659 quod
1131 2617 1248 2652 difficile

146 2668 297 2697 invenitur.
335 2666 407 2695 Nam
416 2667 451 2694 de
460 2665 515 2694 hoc
525 2663 653 2693 sermone
664 2661 761 2698 quaerit
770 2661 798 2691 δι
812 2659 917 2690 Probus
926 2680 935 2695 ‚
956 2660 984 2689 δι
992 2659 1048 2690 alii.

126 2704 241 2736 Pudica.
265 2705 329 2734 Hor.
344 2712 367 2740 3.
380 2704 470 2733 Carni.
482 2711 562 2738 ς.2ς.

128 2741 280 2774 Rariffima.
301 2743 368 2772 Stat.
383 2752 408 2777 5.
420 2741 485 2771 Silv.
500 2749 523 2770 1.
538 2750 581 2769 ii.

127 2781 169 2811 Re
190 2781 232 2815 ia.
253 2780 368 2818 Regina.
393 2780 461 2818 Virg.
476 2785 502 2816 7.
518 2777 578 2808 AEn.
592 2779 637 2813 56.

127 2791 248 2851 Ruiiica.
272 2818 355 2847 Ovid.
372 2827 395 2847 1.
408 2816 490 2855 Epist.
501 2825 546 2852 77.

127 2858 234 2887 sanstae
246 2856 374 2894 conjugis
385 2863 470 2884 torus.
492 2854 557 2884 Seii.
572 2851 673 2882 Troad.
687 2854 715 2882 6.

127 2894 271 2925 Scelestus.
294 2903 357 2924 aen.
370 2893 469 2924 octav.
487 2902 512 2928 ς.

127 2933 248 2963 Tenera.
273 2932 341 2962 Hor.
357 2943 380 2961 i.
395 2931 488 2961 Carm.
502 2939 524 2960 1.
541 2931 587 2958 26.

127 2972 259 3002 Avertere
271 2969 364 2999 sensus
374 2968 453 2998 sanos
461 2968 597 3005 coniugis.
619 2965 690 3003 Virg.
703 2969 729 2999 8.
745 2963 801 2994 Ecl.
815 2963 862 3008 256.

221 3008 356 3045 Conjugis
366 3014 397 3037 ut
405 3006 518 3045 magicis
532 3005 612 3035 sanos
623 3010 747 3033 averrere
761 3001 840 3032 sacris
1216 3042 1219 3043 .

221 3044 353 3084 Experiar
370 3044 471 3074 sensus.
571 3042 659 3072 Sanos
673 3040 766 3070 sensus
776 3039 887 3070 Servius
897 3034 1014 3076 exponit
1026 3034 1094 3068 Non
1102 3042 1226 3068 amantea
1235 3043 1245 3074 ξ,

146 3084 224 3116 unde
234 3090 329 3113 contra
341 3085 469 3113 Amantes
478 3104 486 3115 ,
507 3080 619 3111 Insanos
628 3088 769 3109 vocamus.

125 3123 235 3160 Captus
243 3122 297 3151 alia
308 3121 436 3158 conjuge.
459 3119 545 3150 Ovid.
557 3127 584 3148 2.
594 3117 676 3156 Epist.
687 3117 780 3146 Sabin.
793 3122 818 3152 3.

129 3161 276 3197 Dejeffitam
290 3159 410 3197 conjuge
419 3157 474 3187 effe
485 3180 493 3192 ,
517 3157 647 3186 Maritum
659 3153 781 3192 amisisse.
807 3153 880 3192 Virg.
894 3161 919 3190 3.
929 3150 990 3182 AEn.
1000 3158 1063 3190 317.

211 3198 273 3227 Heu
283 3198 344 3234 quis
354 3203 381 3227 te
389 3196 467 3226 casus
478 3195 617 3232 dejectam
629 3193 748 3231 conjuge
757 3198 837 3222 tanto

210 3236 277 3265 Exci
301 3235 343 3264 it?

128 3273 162 3306 In
173 3243 301 3312 conjugis
312 3272 446 3310 gremium
459 3270 637 3306 descendere.
659 3268 734 3306 Virg.
748 3275 774 3297 2.
787 3265 888 3310 Georg.
905 3267 968 3301 326.

222 3311 298 3341 Tum
308 3317 385 3348 pater
395 3310 576 3347 omnipotens
588 3306 716 3337 fecundis
724 3304 858 3335 imbribus
868 3303 953 3333 aether

221 3349 358 3387 Coniugis
372 3348 402 3376 in
418 3347 554 3385 gremium
569 3346 637 3375 laetae
646 3344 807 3377 descendit,
829 3343 855 3372 &
865 3347 965 3370 omnen

223 3388 342 3425 magnus
353 3385 403 3415 alit
415 3394 517 3422 magno
529 3383 688 3412 commistus
698 3389 814 3419 corpore
823 3380 916 3409 foetus.
994 3375 1072 3408 Dicit
1084 3386 1168 3408 verno
1177 3382 1248 3408 tem-

147 3435 217 3466 pore
227 3425 281 3455 effe
290 3424 398 3463 pluvias
406 3445 415 3459 ‚
435 3422 537 3461 quibus
546 3421 723 3452 foecundatur
731 3426 804 3450 terra
814 3428 847 3448 ac
856 3416 950 3447 omnia
964 3416 1114 3447 nascuntur
1122 3438 1132 3452 ,
1152 3423 1185 3446 ut
1201 3425 1249 3447 ex-

154 3470 157 3472 ’
170 3466 232 3494 onit
240 3463 358 3493 Servius-

130 3474 236 3537 Axi'nata.
256 3501 355 3538 Juven.
371 3509 413 3529 10.
426 3498 479 3529 Sat.
492 3505 557 3532 242.

130 3539 242 3570 Dotata.
264 3539 349 3568 Ovid.
359 3538 439 3568 Rem.
451 3537 542 3566 Amor.
555 3534 616 3571 565·-

131 3579 236 3608 Furens
245 3577 404 3613 festinaque.
431 3574 518 3604 Valet.
527 3583 554 3604 2.
569 3575 668 3611 Argon.
681 3576 746 3607 191»

130 3616 228 3647 Invisa.
250 3616 312 3645 Sen.
323 3615 423 3644 octav.
434 3618 460 3647 8.
620 3644 629 3653 .
730 3630 732 3634 ·
887 3643 896 3650 ·
1032 3641 1040 3651 .
1162 3642 1169 3650 ,

131 3653 304 3685 Praetendere
318 3653 402 3682 taedas
411 3649 558 3687 conjugis,
578 3647 709 3678 Animum
725 3645 762 3676 ad
781 3644 946 3683 conjugium
963 3641 1114 3683 applicare.
1135 3642 1248 3682 Virg.*

151 3691 213 3722 AEn.
228 3695 290 3727 338.
408 3726 416 3731 .

131 3730 251 3760 viduata
263 3727 343 3757 taedis
351 3735 456 3769 conjux
465 3724 551 3754 ardet.
573 3722 638 3753 Seri.
649 3721 726 3752 Med.
736 3727 763 3756 8.

94 3770 118 3801 C
127 3779 172 3800 ori
183 3777 192 3802 J
203 3777 221 3796 υ
231 3775 278 3795 NG
287 3776 304 3795 o
313 3787 321 3800 ‚
341 3765 419 3801 junxi
432 3786 439 3797 .
464 3764 588 3793 'unctum
600 3783 607 3795 .
629 3756 814 3796 [συζᾶἷψυμι.
832 3756 943 3784 *uvaia-7⁴¹
953 3774 963 3792 s
979 3752 1099 3792 συνοχῖν]
1120 3755 1174 3788 ere.
1197 3753 1252 3786 Co*

156 3806 249 3840 ulare3
271 3813 287 3832 a
303 3803 375 3840 Jugo
386 3803 539 3831 deductum
550 3798 676 3829 verbum.
697 3804 747 3833 ut,
770 3796 948 3833 Coniungere
964 3794 1050 3825 boves
1065 3794 1155 3831 feriis,
1174 3794 1252 3833 apud

133 3818 270 3874 Catonem
280 3863 289 3876 ‚
311 3850 370 3878 cap.
386 3845 448 3874 138.

133 3882 263 3913 calamos
271 3888 333 3908 cera
343 3878 520 3915 conjungere.
541 3874 617 3912 Virg.
627 3882 654 3903 2.
668 3871 725 3916 Ecl.
737 3879 780 3907 3².

224 3917 396 3989 fgfiipgigius
406 3915 527 3946 calamos
540 3922 604 3944 cera
615 3919 787 3947 conjungere
795 3907 889 3948 plum

1726 119 1757 154 C
1855 119 1891 154 O
1988 120 2023 154 N
2367 131 2439 174 ⁶47

1314 199 1443 231 Dextras.
1464 197 1539 238 Virg.
1555 209 1578 230 1.
1593 199 1655 231 AEn.
1670 205 1733 237 5¹8.
1847 233 1850 236 ,

1397 238 1557 305 Ιαᾶἰσὶίξηυε
1567 246 1699 277 metuque
1706 237 1779 269 avidi
1790 237 1960 275 conjungere
1968 236 2080 272 dextrae

1399 279 1430 305 Ar
1455 287 1469 305 c
1491 283 1546 305 ant.

1317 310 1448 343 Dextram
1462 315 1574 343 dextrae.
1597 314 1680 343 Ovid.
1691 319 1718 347 8.
1729 313 1798 344 Met.
1810 321 1874 349 4²¹·

1318 350 1421 380 Manus
1433 351 1557 387 alicujus.
1580 351 1674 381 Tibul.
1686 351 1734 381 lib.
1752 361 1774 380 1.
1787 355 1812 380 6.
1823 354 1869 380 6ο.

1318 386 1469 418 Provinciae
1489 390 1550 418 duae
1566 399 1622 418 uno
1641 390 1759 426 imperio
1771 388 1939 423 coniunt‘tae.
1977 387 2038 417 Ci'c.
2051 387 2088 417 de
2096 384 2223 419 Ptovinc.
2239 390 2319 421 Coris
2329 402 2355 429 9.
2379 394 2441 426 Gal,

1339 425 1384 453 liae
1397 426 1458 455 duze
1469 434 1534 463 quas
1546 426 1600 455 hoc
1611 433 1737 464 tempore
1747 435 1804 455 uno
1822 426 1940 464 imperio
1952 425 2078 455 videmus
2087 425 2141 455 esse
2153 428 2326 464 conjunctas.

1317 462 1435 492 Socium
1449 473 1546 501 capere
1559 465 1585 493 &
1598 466 1778 501 con'ungere.
1801 463 1873 501 Virg.
1890 474 1913 498 ς.
1926 463 1987 492 AEn.
1997 471 2062 499 7¹²·

1370 538 1376 544 ·
1401 501 1484 530 Hunc
1496 511 1565 539 cape
1582 475 1703 531 consiliis
1713 501 1818 531 socium
1831 503 1856 531 ἃ
1868 502 2007 537 conjunge
2018 501 2169 532 volentem.

1319 537 1397 581 Sein
1411 540 1532 582 negotio.
1574 539 1633 568 Cic.
1646 548 1696 577 pro
1708 539 1790 569 Rosc.
1808 540 1888 568 Com.
1902 543 1944 568 16.
1965 539 2080 569 Socium
2089 539 2203 576 fallere,
2224 541 2272 578 qui
2285 540 2312 572 se
2320 542 2350 572 in
2360 552 2444 581 nego,

1341 582 1382 604 tio
1399 583 1554 612 conjunxit.

1322 612 1708 650 Conciliare&conjungere.
1746 614 1806 643 Cic.
1820 625 1842 649 ς.
1859 612 1934 642 Fam.
1947 620 1973 649 7.
1994 613 2069 643 Illud
2086 624 2144 644 non
2162 615 2277 651 dubim,
2299 618 2363 655 quin
2383 618 2400 647 si
2418 625 2446 650 te

1341 651 1404 693 mea
1413 661 1475 688 erga
1486 657 1513 680 te
1523 651 1610 680 studia
1619 661 1716 689 parum
1727 653 1796 681 mihi
1808 651 2004 687 adjunxerint,
2025 651 2147 690 Respub.
2164 663 2216 682 nos
2231 655 2303 684 inter
2314 665 2368 686 nos
2378 666 2446 686 con-

1343 687 1485 723 ciliatura,
1506 690 1743 724 conjunctumque
1754 689 1792 719 sit.

1324 725 1475 756 Amicitias.
1515 726 1573 755 Cic.
1589 736 1639 763 pro
1649 725 1759 755 Cluent.
1774 730 1818 761 4⁶·
1841 726 1981 762 Quantam
1993 727 2049 756 vim
2061 727 2164 757 habeat
2183 728 2218 758 ad
2236 730 2447 769 conjungendas

1344 765 1481 793 amicitias
1491 764 1644 792 studiorum
1654 773 1686 792 ac
1701 770 1803 793 naturae
1818 763 1976 793 similitudo.

1325 801 1409 831 Amor
1422 802 1528 830 foedere
1539 801 1686 837 conjungit
1696 809 1828 831 amantes.
1851 801 1942 830 Catul.
1957 802 2056 839 Argon.
2068 806 2113 832 62.
2126 811 2189 840 335.
2217 810 2219 813 ’

1325 840 1456 868 Amantes
1466 838 1585 873 divisos,
1607 838 1809 868 Reconciliare.
1833 839 1955 876 Propert.
1968 838 2016 868 lib.
2031 850 2051 869 i.
2071 850 2112 870 io.
2130 851 2173 876 ις.
2216 838 2255 871 ΑΙ.
2273 842 2409 874 Diversos.

1325 877 1410 906 Amor
1423 878 1553 914 princeps
1567 876 1605 905 est
1616 876 1652 904 ad.
1661 876 1888 906 benevolentiam
1903 877 2139 915 conjungendam.
2163 878 2221 909 Cic.
2233 880 2269 909 de
2282 882 2391 913 Amicit.
2401 885 2448 914 26.

1323 914 1475 943 Connubia
1487 915 1674 951 conjungere,
1697 924 1747 951 pro
1763 913 1943 943 Matrimonio
1956 915 2077 952 iungere.
2101 916 2159 945 Cic.
2173 927 2196 946 i.
2211 917 2247 947 de
2256 917 2335 949 Orat.

1326 951 1435 982 Domus
1446 953 1578 989 conjugio
1592 955 1616 981 St
1628 952 1709 988 stirpe
1717 951 1904 988 conjungitur.
1926 952 1985 980 Cic.
1997 963 2021 988 5.
2033 953 2069 983 de
2081 953 2169 983 Finib.
2180 959 2224 992 σς.

1326 989 1471 1020 Feminam
1483 989 1662 1019 matrimonio
1677 989 1724 1018 fibi
1736 990 1915 1026 conjungere.
1939 989 1996 1019 Liv.
2008 1000 2052 1026 29.
2065 1000 2110 1027 29.
2124 998 2194 1022 extr.

1327 1027 1446 1058 Foedere
1460 1025 1597 1065 aliquibus
1608 1027 1752 1065 conjungi.
1776 1027 1848 1064 Virg.
1865 1036 1907 1056 10.
1922 1027 1984 1057 AEn.
2005 1038 2067 1063 105.

1328 1065 1458 1103 Hospitio
1469 1067 1494 1095 Sc
1511 1065 1633 1095 amicitia
1643 1065 1786 1102 conjungi.
1808 1065 1867 1095 Cic.
1882 1074 1905 1093 1.
1919 1064 1954 1101 Q
1967 1065 2027 1095 fiat.
2042 1075 2066 1095 1.

1328 1101 1474 1134 Honorem
1485 1103 1652 1141 aliquorum.
1694 1103 1753 1132 Cic.
1769 1112 1810 1139 ¹4·
1826 1102 1943 1140 Philipp.
1956 1111 2002 1139 29.
2024 1103 2145 1142 AEquum
2163 1105 2202 1135 est
2220 1107 2298 1137 enim
2308 1108 2430 1141 militum
2448 1112 2454 1118 “

1347 1141 1448 1170 talium
1457 1141 1605 1179 praesertim
1616 1163 1624 1176 ‚
1646 1141 1782 1170 honorem
1798 1141 1942 1178 conjungi.
2441 1132 2451 1147 ²

1329 1179 1512 1217 Conjungere
1526 1179 1623 1208 dativo
1634 1179 1768 1216 jungitur.
1798 1178 1856 1208 Cic.
1872 1188 1912 1214 ις.
1929 1177 2005 1208 Fam.
2021 1188 2063 1208 11.
2085 1179 2140 1209 ‘Cui
2151 1189 2196 1210 rne
2206 1189 2269 1211 cum
2279 1182 2368 1214 studia
2379 1194 2456 1215 com-

1350 1219 1448 1247 munia
1458 1239 1465 1251 ,
1487 1216 1623 1246 beneficia
1632 1223 1746 1255 paterna
1757 1239 1765 1251 ‚
1785 1222 1888 1253 tuaque
1901 1217 1959 1252 jam
1968 1222 2032 1246 ante
2047 1219 2267 1253 conjunxerant:
2289 1228 2349 1252 tum
2359 1244 2368 1258 ,
2383 1225 2436 1253 ἃς.

1328 1255 1431 1285 Castris
1441 1255 1466 1284 se
1477 1255 1656 1293 conjungere.
1679 1253 1780 1284 Claud.
1797 1264 1819 1283 1.
1838 1255 1866 1283 in
1878 1254 1979 1284 Ruffin.
1992 1263 2055 1289 322.

1331 1293 1410 1361 AEltlas
1420 1294 1495 1360 hlunl?
1506 1293 1575 1360 giihi
1592 1293 1737 1331 conjungit
1751 1292 1848 1322 studiis
1858 1292 2067 1324 communibus.
2109 1292 2208 1323 Claud.
2228 1294 2256 1324 iri
2273 1296 2377 1333 praesat.
2393 1296 2459 1336 Epi.

1351 1338 1365 1361 t
1386 1342 1418 1360 a.
1456 1342 1468 1360 a
1493 1341 1507 1360 a
1531 1354 1537 1360 .
1555 1341 1579 1367 ς.

1332 1369 1513 1407 Coniungere
1523 1378 1596 1399 cuni.
1615 1368 1675 1399 Cic.
1689 1378 1739 1407 pro
1750 1368 1829 1399 Font.
1841 1376 1886 1398 ao.
1909 1366 1981 1398 Cum
1994 1367 2095 1399 hisvos
2104 1368 2217 1400 testibus
2226 1370 2341 1402 vestram
2351 1372 2461 1410 religio.

1352 1415 1420 1437 nem
1431 1407 1608 1445 conjungetis
1619 1408 1633 1436 ἱ)

1300 1475 1305 1479 ,
1333 1446 1456 1476 Somnos
1467 1455 1531 1475 cum
1544 1445 1644 1482 aliquo.
1668 1444 1757 1475 Catul.
1770 1446 1799 1474 in
1816 1444 1917 1481 Argon.
1929 1447 1973 1474 62.
1986 1452 2049 1481 331.

1333 1484 1513 1521 conjungere
1524 1483 1550 1512 se
1557 1492 1626 1512 cum
1637 1482 1729 1519 aliquo
1740 1483 1841 1512 dicitur
1851 1482 1958 1520 sponsa,
1971 1482 2031 1511 h.e.
2043 1481 2460 1525 Nubere.0vid.21.Epist.247.

1334 1522 1458 1558 Odigno
1469 1521 1619 1558 conjuncta
1629 1521 1697 1550 viro.
1721 1521 1792 1559 Virg.
1815 1520 1849 1550 H.
1866 1521 1905 1550 St.
1929 1520 1960 1549 V.
1985 1520 2042 1550 Ecl.
2055 1526 2080 1555 8.
2098 1531 2122 1551 v.
2134 1530 2177 1558 32.

1335 1559 1633 1598 Coniungereimperii
1646 1559 1770 1588 dedecus
1781 1568 1846 1587 cum
1882 1557 1964 1587 robro
1973 1559 2090 1597 privato.
2113 1560 2172 1589 Cic.
2189 1557 2225 1590 de
2236 1559 2344 1591 Sene&
2356 1571 2405 1598 42.

1336 1597 1463 1628 Salutem
1479 1597 1596 1633 alicujus
1613 1606 1677 1626 cum
1698 1597 1842 1626 communi
1872 1596 1956 1626 alute.
1994 1596 2055 1626 Cic.
2073 1597 2134 1628 Post
2145 1598 2202 1628 red.
2218 1599 2247 1627 in
2258 1599 2320 1628 Sen.
2334 1611 2361 1635 4.
2384 1600 2463 1630 Nun-

1354 1645 1441 1673 quam
1453 1635 1596 1665 dubitastis
1608 1644 1699 1664 meam
1713 1634 1827 1664 salutem
1837 1643 1901 1664 cum
1914 1635 2059 1664 communi
2070 1635 2156 1666 salute
2170 1637 2350 1674 conjungere.

1335 1673 1518 1711 Conjungere
1531 1673 1653 1709 aliquem
1663 1683 1728 1703 cum
1742 1673 1855 1702 alterius
1867 1672 1959 1702 laude.
2001 1672 2059 1702 Cic.
2075 1673 2104 1702 in
2117 1671 2206 1704 Pison.
2224 1684 2268 1703 20.
2298 1675 2395 1712 Quem
2410 1685 2463 1714 ego

1358 1713 1450 1741 civem
1461 1711 1638 1748 meoiudicio
1651 1721 1716 1740 curn
1728 1711 1845 1740 deorum
1856 1709 2057 1740 immortalium
2065 1710 2149 1742 laude
2158 1713 2310 1750 coniunge.

1338 1746 1395 1780 Usu
1406 1759 1470 1778 cum
1483 1749 1576 1786 aliquo
1589 1749 1731 1786 conjungi.
1757 1749 1814 1778 Cic.
1825 1749 1860 1777 de
1876 1748 1986 1778 Amicit.
1999 1757 2045 1784 29.

1337 1787 1517 1825 Conjungere
1528 1809 1536 1823 ‚
1557 1797 1608 1825 pro
1617 1787 1801 1817 Committere
1814 1786 1886 1815 inter
1895 1785 1930 1815 se.
1951 1792 2000 1821 ut,

1338 1822 1449 1856 Bellum
1457 1826 1636 1863 conjungere.
1676 1825 1733 1855 Cic.
1745 1834 1795 1862 pro
1807 1824 1876 1862 Lege
1888 1824 1986 1854 Manil.
1996 1827 2043 1854 26.
2065 1823 2211 1862 Quantum
2222 1823 2296 1856 illud
2306 1826 2412 1857 bellum
2422 1827 2465 1858 fu-

1358 1870 1452 1892 turum
1462 1865 1567 1901 putetis
1581 1885 1589 1898 ,
1611 1863 1687 1900 quod
1699 1863 1872 1900 conjungant
1884 1862 1972 1900 Reges
1987 1863 2180 1900 potentiffimi.

1340 1900 1461 1932 martem
1471 1902 1641 1938 conjungere
1654 1903 1679 1931 Sc
1689 1901 1832 1938 duplicare
1846 1901 1927 1930 acies.
1948 1900 1997 1930 Sil.
2011 1900 2061 1930 lib.
2077 1911 2118 1935 1ς.
2135 1911 2179 1936 ς2.

1340 1938 1486 1970 Nationes.
1526 1937 1592 1969 Caes.
1605 1948 1630 1976 3.
1644 1938 1711 1968 Bell.
1720 1938 1794 1968 Gall.
1809 1948 1820 1968 1
1829 1947 1852 1968 1.
1874 1938 1961 1968 Neex
1969 1939 2013 1967 his
2025 1939 2187 1970 nationibus
2196 1939 2299 1970 auxilia
2307 1940 2338 1970 in
2345 1939 2466 1972 Galliam

1361 1978 1508 2006 mittantur
1518 1998 1527 2012 ,
1548 1986 1581 2006 ac
1595 1983 1679 2007 tantae
1694 1976 1821 2006 nationes
1831 1976 2047 2014 conjungantur·-

1342 2013 1430 2046 Vires.
1451 2015 1539 2045 Valer.
1549 2015 1637 2045 Flacc.
1648 2019 1673 2044 6.
1689 2016 1789 2052 Argon.
1802 2018 1866 2051 ⁶32-

1628 2067 1666 2073 —-
1678 2053 1759 2082 nobis
1771 2053 1857 2090 Argoa
1870 2051 1987 2090 parabas
2034 2087 2037 2089 ‚

1433 2089 1548 2121 Scilicet
1558 2090 1661 2120 auxilia
1671 2112 1679 2126 ‚
1701 2092 1726 2121 &
1737 2096 1827 2120 tantas
1837 2090 2009 2127 conjungere
2018 2089 2098 2121 vires.

1303 2126 1329 2161 C
1338 2129 1355 2160 ὀ
1362 2139 1384 2159 N
1391 2138 1404 2164 J
1411 2139 1430 2158 υ
1438 2139 1458 2158 N
1467 2139 1484 2158 e
1493 2138 1513 2158 τ
1523 2139 1542 2158 u
1550 2139 1562 2158 s
1571 2150 1579 2165 ‚
1602 2129 1698 2158 Partic.
1740 2129 1755 2164 [
1763 2123 1973 2165 ωωεζώγβᾙῶυ
1982 2128 1997 2163 ]
2036 2135 2068 2158 ut
2079 2150 2088 2165 ,
2116 2127 2255 2160 Homines
2270 2131 2470 2162 benevolentia

1343 2167 1498 2203 conJunCti.
1523 2166 1581 2196 Cic.
1591 2166 1628 2196 de
1639 2166 1748 2195 Amicit.
1758 2171 1803 2200 8⁴·

1343 2207 1459 2235 Summa
1470 2204 1577 2234 miseria
1589 2226 1597 2239 ‚
1619 2203 1729 2233 'summo
1738 2203 1878 2233 dedecore
1887 2202 2047 2239 conjuncta.
2065 2202 2128 2233 Cic.
2144 2212 2168 2241 3.
2185 2204 2305 2245 Philipp.
2320 2215 2365 2244 35.

1345 2242 1441 2274 Puella
1450 2243 1536 2280 digno
1547 2242 1699 2278 conjuncta
1709 2242 1778 2272 viro.
1802 2242 1875 2279 Virg.
1889 2246 1914 2275 8.
1928 2241 1986 2270 Ecl.
2001 2249 2045 2276 32.

1344 2281 1440 2312 Homo
1451 2280 1533 2310 alicui
1544 2279 1674 2309 fidiffima
1683 2280 1769 2317 gratia
1778 2278 1955 2315 conjunctus.
1978 2278 2036 2308 Cic.
2048 2288 2100 2317 pro
2111 2278 2213 2311 Milon.
2229 2283 2274 2318 76.

1343 2319 1552 2356 Propinquitate
1563 2325 1646 2355 atque
1658 2324 1755 2347 natura
1763 2317 2044 2352 alicuivconjunct-um
2054 2316 2117 2347 effe.
2140 2317 2197 2347 Cic.
2208 2318 2244 2347 de
2259 2319 2368 2350 Amicit.

1344 2357 1475 2394 Ejusdem
1489 2356 1591 2394 linguae
1600 2355 1734 2385 societate
1746 2356 1929 2391 conjunctum
1943 2354 2027 2384 alicui
2039 2354 2102 2384 effe.
2124 2354 2185 2384 Cic.
2200 2365 2223 2392 3.
2237 2356 2273 2385 de
2282 2357 2359 2387 Orat.
2369 2366 2434 2388 221.

1344 2395 1413 2426 Non
1428 2394 1517 2424 solum
1527 2401 1663 2432 perpetua
1677 2393 1809 2423 societate
1829 2398 1911 2429 atque
1927 2393 2067 2429 amicitia,
2086 2401 2185 2422 verum
2198 2395 2284 2424 etiam
2298 2396 2468 2434 cognatione

1364 2433 1447 2463 alicui
1456 2433 1639 2468 conjunctum
1651 2431 1713 2461 esse.
1737 2431 1796 2460 Cic.
1807 2433 1832 2460 6.
1847 2430 1921 2460 Verr.
1934 2439 1980 2467 72.

1345 2470 1507 2508 Coniuncta
1517 2469 1738 2506 virtutifortuna.
1761 2469 1818 2498 Cic.
1830 2468 1866 2498 de
1875 2468 1986 2498 Sene&
2001 2477 2045 2504 59.
2078 2503 2081 2505 ‚

1346 2508 1522 2546 Philosophia
1535 2508 1635 2537 oratori
1644 2507 1795 2543 coniuncta
1811 2506 1939 2536 maxime.
1964 2506 2022 2536 Cic.
2036 2515 2060 2542 3.
2072 2506 2108 2536 de
2117 2506 2195 2537 Orat.
2209 2510 2256 2538 61.

1347 2547 1506 2583 Coniuncta
1515 2552 1596 2583 arque
1604 2545 1769 2575 communia
1779 2543 1881 2573 scelera
1892 2543 1976 2573 alicui
1988 2553 2052 2574 cum
2062 2545 2165 2582 aliquo.
2180 2544 2242 2575 Cic.
2255 2556 2307 2584 pro
2317 2546 2390 2577 Sext.
2402 2549 2452 2584 29.

1345 2585 1435 2615 Causa
1447 2593 1494 2614 tua
1504 2584 1655 2620 conjuncta
1667 2592 1732 2612 cuni
1741 2581 1895 2612 clarissimis
1903 2582 1978 2612 viris.
2002 2582 2060 2611 Cic.
2073 2582 2102 2611 in
2117 2583 2206 2613 Vatin.
2221 2593 2263 2620 33.
2286 2585 2317 2614 Iri
2326 2595 2380 2623 quo
2393 2593 2470 2616 certe

1365 2624 1417 2652 tibi
1428 2623 1485 2659 jam
1494 2622 1587 2652 dicere
1596 2631 1654 2651 non
1669 2620 1767 2651 licebit
1776 2642 1785 2656 ,
1805 2628 1871 2650 cum
1881 2618 2037 2650 clarissimis
2045 2620 2112 2650 viris
2120 2621 2229 2652 causam
2238 2629 2318 2652 tuam
2338 2622 2392 2653 effe
2402 2633 2469 2654 cori.

1369 2662 1501 2690 'unctam

1345 2669 1508 2735 c³0njun6ta
1519 2698 1546 2728 ἃ
1559 2697 1659 2727 sociata
1671 2704 1738 2726 curn
1755 2695 1850 2726 altera.
1872 2694 1930 2726 Cic.
1943 2695 1978 2725 de
1990 2696 2099 2726 Amicit.
2114 2701 2157 2733 83.
2196 2696 2235 2726 Al.
2254 2696 2431 2728 consociata.

1346 2734 1500 2806 figminem
1513 2735 1569 2803 ege
1581 2736 1767 2772 conjunctum
1776 2741 1844 2764 cum
1862 2733 2026 2764 hominibus
2043 2735 2169 2765 'humana
2190 2735 2311 2772 quadam
2326 2736 2469 2768 societate.

1392 2777 1426 2805 ic.
1442 2784 1464 2805 1.
1476 2777 1531 2804 Aca
1554 2796 1561 2803 .
1576 2784 1618 2809 ¹9·

1346 2813 1539 2850 eonjunetum
1551 2810 1697 2841 confilium
1713 2819 1777 2841 cum
1792 2809 1904 2840 alterius
1913 2809 2038 2840 consilio.
2074 2809 2135 2840 Cic.
2156 2808 2189 2840 'ln
2207 2819 2263 2848 quo
2280 2820 2339 2841 non
2355 2811 2388 2842 sit
2400 2821 2470 2843 con-

1366 2852 1493 2888 jundtum
1503 2849 1646 2880 consilium
1658 2858 1721 2878 curn
1730 2855 1790 2878 tuo.
1820 2848 1839 2877 i.
1848 2857 1873 2877 e.
1894 2848 1922 2878 Si
1935 2848 1964 2877 iri
1977 2847 2070 2885 aliquo
2081 2848 2263 2878 dissentimus.

1346 2889 1507 2926 Coniuncta
1517 2888 1585 2918 mihi
1596 2897 1661 2917 cura
1672 2887 1708 2916 de
1718 2885 1826 2924 Repub.
1837 2896 1903 2916 cum
1917 2886 1975 2916 illo.
1998 2886 2055 2916 Cic.
2065 2886 2101 2915 de
2113 2887 2222 2915 Amicit.
2235 2897 2244 2915 i
2253 2898 2276 2922 ς.

1347 2927 1412 2957 Vita
1422 2927 1520 2995 rRust1ica
1521 2926 1652 2993 Aiiaxime
1662 2925 1799 2961 disjuncta
1807 2934 1822 2954 a
1833 2925 1988 2963 cupiditate
1998 2946 2006 2961 ‚
2023 2925 2050 2954 &
2061 2934 2126 2954 cum
2133 2924 2227 2954 officio
2237 2925 2395 2962 conjunfia.
2405 2925 2466 2958 Ci'c.

1386 2975 1417 2994 ro
1453 2975 1469 2994 o
1483 2975 1506 2994 c.
1542 2974 1609 2993 mer.
1637 2973 1664 2999 9.

1345 2975 1506 3040 anjunt‘ta
1519 2973 1693 3032 0⁴fficiis³cum
1703 3000 1810 3039 Populo
1821 2999 1949 3030 Romano
1961 2999 2068 3030 civitas.
2089 2999 2148 3029 Cic.
2157 3010 2184 3036 4.
2197 2999 2271 3031 Verr.

1345 3042 1499 3072 Sententiis
1512 3040 1671 3077 conjuntftis
1683 3039 1841 3069 decernere.
1883 3038 1942 3067 Cic.
1954 3041 1978 3067 6.
1994 3037 2068 3067 Verr.
2083 3047 2144 3073 145.
2175 3036 2269 3069 Postea
2291 3039 2468 3076 decernitur,

1366 3089 1465 3109 aenon
1475 3079 1551 3109 varie
1560 3101 1567 3114 ‚
1587 3078 1635 3108 sed
1651 3087 1739 3116 prope
1748 3077 1908 3113 conjunctis
1920 3075 2061 3105 sententiis
2070 3096 2078 3111 ‚
2099 3081 2130 3105 ut
2139 3074 2264 3106 laudatio
2272 3086 2332 3115 quae
2346 3078 2376 3107 C.
2389 3078 2467 3110 Verri

1367 3118 1480 3147 decreta
1489 3116 1556 3146 esset
1569 3138 1577 3152 ‚
1598 3115 1753 3146 tolleretur.
1783 3115 1802 3144 i.
1816 3125 1841 3144 e.
1866 3113 2167 3144 Omnibus‘sen'tentiis.

1344 3154 1473 3193 Tempus
1484 3155 1669 3191 conjunctum
1678 3176 1686 3189 ,
1709 3153 1737 3182 h.
1747 3162 1771 3183 e.
1794 3152 1951 3189 lnsequens.
1975 3151 2094 3187 Quintil.
2108 3151 2157 3180 lib.
2167 3159 2196 3187 7.
2213 3160 2273 3190 cap.
2285 3158 2311 3190 3.

1346 3191 1395 3261 'Vbs
1407 3194 1519 3223 dicendi
1529 3192 1653 3230 egregia,
1673 3191 1782 3221 summa
1794 3190 1939 3220 festivitate
1949 3190 1975 3219 ἃ
1990 3189 2129 3219 venustate
2138 3190 2296 3226 conjuncta.
2317 3190 2377 3221 Cic.
2394 3201 2417 3221 1.
2430 3192 2468 3223 de

1395 3238 1445 3261 rat.
1460 3240 1476 3260 2
1518 3254 1524 3261 .

1346 3266 1410 3299 'Vita
1419 3240 1569 3306 conjii3n6ta
1579 3266 1676 3297 multis
1686 3266 1770 3296 vitiis.
1810 3263 1869 3294 Cic.
1880 3273 1906 3294 2.
1915 3265 1946 3295 in
1960 3263 2033 3294 Verr.
2045 3272 2090 3295 20.
2111 3264 2184 3302 Quae
2201 3266 2240 3295 est
2256 3266 2331 3305 enim
2341 3271 2416 3296 tanta
2428 3267 2470 3298 >fa.

1364 3308 1455 3337 cultas
1467 3310 1493 3338 &
1507 3306 1620 3336 dicendi
1634 3304 1714 3343 copia
1729 3326 1736 3338 ,
1758 3313 1817 3341 quae
1828 3303 1903 3332 istius
1914 3304 1998 3332 vitam
2006 3310 2047 3332 tot
2060 3303 2134 3333 vitiis
2144 3325 2153 3339 ‚
2174 3303 2337 3341 flagitiisque
2349 3306 2468 3342 conjun-

1365 3347 1442 3376 t’tam
1452 3346 1543 3382 aliqua
1554 3352 1589 3374 ex
1603 3350 1682 3382 parte
1694 3341 1846 3371 defendere
1858 3340 1942 3378 poffit
1954 3340 1968 3368 ‘3

1348 3382 1419 3413 Vitis
1428 3382 1504 3413 ulmo
1514 3382 1665 3419 conjuncta
1676 3380 1783 3409 marito.
1804 3378 1896 3408 Catul.
1906 3379 1936 3407 in
1949 3377 2037 3407 Cama.
2051 3383 2131 3416 nupt.
2142 3382 2186 3408 (ο.
2200 3390 2243 3415 54.

1347 3421 1479 3459 Compar.
1519 3421 1577 3450 Cic.
1596 3429 1635 3449 io.
1653 3418 1727 3448 Fam.
1739 3427 1784 3452 24.
1806 3417 1860 3446 Sed
1871 3416 1994 3454 primum
2010 3416 2085 3452 quod
2104 3417 2142 3445 ita
2162 3419 2277 3446 meritos
2286 3418 2466 3454 iudicabam:

1365 3460 1474 3489 deinde
1482 3459 1561 3496 quod
1571 3458 1606 3487 ad
1617 3465 1714 3486 omnes
1721 3454 1799 3485 casus
1807 3454 2016 3491 conjunCtiores
2024 3454 2143 3492 Reipub.
2155 3454 2209 3485 effe
2230 3455 2369 3487 volebam.
2407 3460 2427 3488 i.
2435 3468 2464 3489 e.

1368 3496 1459 3535 Magis
1471 3497 1575 3526 amicos
1587 3493 1708 3532 Reipub.
1734 3530 1739 3537 ’
1763 3530 1770 3536 ·

1347 3535 1535 3571 ConJunCtior
1549 3533 1597 3562 illo
1606 3542 1690 3562 nemo
1701 3530 1770 3560 mihi
1780 3529 1827 3559 est.
1848 3529 1934 3560 Ovid.
1945 3538 1989 3565 ις.
2001 3528 2069 3558 Met.
2083 3539 2146 3565 599,

1347 3574 1440 3606 ffitate
1450 3571 1633 3607 conjunctior.
1673 3569 1732 3598 Cic.
1741 3568 1776 3597 de
1788 3567 1860 3597 Clar.
1871 3568 1948 3597 Orat.
1963 3575 2024 3609 3¹7:
2046 3566 2144 3604 Itaque
2161 3576 2225 3597 cum
2236 3567 2384 3598 Hortensio
2396 3570 2467 3600 riiiiii

1367 3611 1456 3647 magi-s
1467 3609 1615 3639 arbitrabar
1624 3617 1683 3637 rem
1692 3606 1756 3641 effe,
1777 3606 1853 3643 quod
1863 3607 1888 3636 &
1897 3605 2014 3635 dicendi
2021 3605 2118 3634 ardore
2125 3615 2199 3635 eram
2211 3607 2328 3645 propior
2338 3629 2347 3643 ‚
2369 3609 2395 3637 &
2405 3615 2468 3637 aeta.

1368 3656 1397 3678 te
1407 3648 1593 3678 con‘unciior.

1349 3658 1471 3725 Superi,3
1483 3685 1528 3713 Vir
1536 3681 1778 3719 conjunctissimus
1784 3686 1867 3718 atque
1875 3678 2083 3710 amantii-simus.
2105 3679 2163 3709 Cic.
2177 3680 2212 3709 de
2222 3681 2331 3712 Amicit.
2344 3692 2370 3712 2.

1352 3722 1574 3761 Coniunctissimi
1587 3722 1658 3750 inter
1668 3719 1704 3749 se.
1745 3719 1802 3748 Cic.
1820 3719 1856 3748 de
1867 3719 1976 3748 Amicii.
1996 3727 2038 3752 39.
2060 3717 2135 3747 Turn
2150 3719 2233 3748 etiam
2246 3720 2467 3750 curniis&inter

1370 3762 1400 3792 se
1414 3760 1653 3795 coniunffiffimos
1667 3756 1747 3787 lfuiss'e
1759 3777 1767 3789 ‚
1800 3756 1841 3785 Nl.
1862 3756 1976 3786 Curium
1993 3757 2019 3785 &
2039 3755 2072 3789 T.
2094 3755 2304 3786 Coruncanium
2324 3759 2466 3787 memoria:

1370 3800 1511 3838 proditum
1525 3797 1569 3827 est.
1597 3797 1625 3825 h.
1636 3805 1659 3825 e.
1685 3793 1954 3823 Ainiciffimos'fuiffe
1964 3794 2035 3822 inter
2044 3792 2080 3822 se.

1350 3837 1402 3868 Par
1410 3837 1538 3866 amicitiae
1549 3832 1813 3869 conjunctissimum.
1855 3831 1911 3861 Cic.
1926 3841 1977 3869 pro
1986 3831 2077 3860 Domo
2088 3839 2134 3865 27.
2154 3828 2242 3867 Quod
2253 3832 2327 3861 enim
2339 3842 2387 3870 par
2400 3832 2467 3861 ami.

1369 3876 1443 3905 citiae
1455 3872 1611 3902 Consularis
1627 3872 1680 3900 fuit
1693 3879 1814 3907 unquam
1826 3869 1854 3898 in
1863 3869 1916 3899 hac
1929 3869 2228 3905 civitateconJ'unc‘tius
2239 3891 2247 3904 ‚
2267 3880 2348 3906 quani
2363 3870 2466 3900 fuimus

1370 3914 1443 3942 inter
1452 3921 1505 3940 nos
1514 3921 1566 3947 ego
1582 3912 1607 3940 δι
1623 3909 1673 3938 Cn.
1685 3908 1855 3945 Pompeius?
1936 3938 1939 3941 p

1352 3949 1511 3981 Concordia
1527 3945 1784 3985 conjuncti-{simum
1800 3945 1885 3976 alicui
1902 3943 1967 3976 effe.
2006 3944 2067 3976 Cic.
2078 3954 2130 3984 pro
2143 3944 2251 3975 Cluent.
2266 3953 2326 3980 ¹5²·
2355 3944 2472 4011 Equdt‘es‘

2378 3991 2408 4010 Ol
2432 3992 2471 4012 lm
