2604 4222
92 109 161 150 534
513 96 543 130 C
641 93 676 128 O
770 90 803 126 N

153 183 246 216 Quare
256 182 356 211 mirum
366 179 434 209 illud
444 179 490 213 est,
513 176 587 213 quod
598 175 688 204 scribit
705 171 867 208 Xenophon
879 170 907 197 in
918 163 1058 202 Symposio
1069 182 1077 197 ‚
1098 159 1236 202 Pudorem

156 216 258 250 scilicet
269 219 321 248 esse
330 219 412 247 deum
426 239 434 252 ,
455 225 512 245 non
524 213 726 252 Impudentiam
737 232 745 244 ,
765 218 849 246 quum
865 207 899 235 de
914 202 1120 233 adolescentum
1138 206 1236 227 amorr-

158 259 318 324 kV'idgsidiierii
326 300 355 323 ut
368 291 511 322 Pausanias
520 296 600 318 vocet
615 283 826 316 Contumeliam.
867 279 920 309 Hic
938 276 1033 306 saltem
1051 274 1159 303 diceres
1169 269 1239 308 quid

160 333 262 363 Graece.
306 332 352 360 Pro
363 328 538 360 Contumelia
556 327 601 355 vix
619 323 691 353 aliud
712 321 808 351 afferre
828 316 915 352 posset
929 315 1038 359 (iraece,
1060 318 1091 340 ut
1116 318 1239 352 opinor,

159 381 239 408 quam
249 369 327 401 ὔζεω,
368 369 437 397 Nam
448 367 472 395 &
490 365 555 394 Plut.
569 361 677 391 duobus
690 361 716 388 in
733 358 799 387 locis
810 355 878 387 ‘6330
889 360 995 397 cogitur
1006 351 1098 379 dtcere
1108 370 1116 382 ‚
1138 346 1185 375 ubi
1196 354 1241 382 agr

162 409 288 438 videmus
300 408 333 435 de
345 402 526 434 Contumelia.
564 400 631 428 Vide
642 399 670 426 in
683 400 749 434 App.
766 393 887 437 Parthica
899 392 957 420 hist.
973 399 999 432 p.
1017 397 1077 416 100.
1090 395 1128 423 pr.
1141 386 1166 414 δι
1182 392 1242 434 ιοςν.

165 447 237 476 circa
249 445 343 476 finem,
353 453 386 471 ex
403 441 460 479 ipso
476 437 626 468 Plutarcho.
649 435 682 464 H.
693 436 730 463 St.
754 431 894 468 Descripta
907 429 1043 471 sup—eriora
1054 424 1115 453 sunt
1124 431 1158 451 ex
1169 421 1244 450 Alex.

166 484 199 512 ab
214 483 285 512 Alex.
303 479 406 510 Genial.
423 479 488 506 dier.
504 485 525 504 1.
541 484 581 510 13.
603 475 729 502 Ceterum
744 470 836 499 locum
851 466 983 496 Pausantae
996 474 1022 492 in
1037 464 1090 491 Att.
1104 471 1131 497 p.
1144 469 1190 503 ².7'.
1201 467 1244 495 pr.

168 521 270 549 Wech.
286 520 338 548 huc
358 516 425 545 nihil
442 514 578 552 pertinere
600 510 771 548 perspicuum
790 506 845 541 est,
866 505 915 548 qui.
930 505 965 546 de
984 500 1092 530 duobus
1106 496 1247 535 lapidrbus

168 559 304 594 loquitur.
326 554 420 591 quibus
431 561 491 580 reus
503 548 677 581 &accusator
693 548 721 576 in
742 548 883 581 Areopago
909 540 1071 571 insistebant.
1107 535 1137 565 V.
1159 533 1246 563 Hadr.

170 597 230 632 Jun.
245 590 423 623 Animadvers.
439 599 461 618 1.
477 598 500 624 3.
693 620 720 629 ,θ
771 620 775 628 1
814 618 841 626 m
911 614 917 623 .
1025 614 1031 619 ⁸
1196 608 1201 614 ,

115 634 161 663 Co
173 644 191 662 N
201 642 219 661 T
231 642 246 660 υ
256 642 274 659 Μ
286 641 297 659 s
308 641 338 658 ιι
350 633 366 658 ὃ
375 639 385 657 s
396 638 411 656 u
420 637 431 657 s
442 649 449 661 ,
470 637 494 660 a,
506 634 563 654 um.
579 623 640 660 Adj.
662 623 800 657 [neaman
811 614 1031 661 vevfzor]'Qu1
1048 608 1250 656 contumeliam

152 672 224 701 facit.
253 667 367 704 Quintil.
384 666 430 694 lib.
452 674 491 693 10.
510 672 568 700 cap.
584 670 607 697 7.
632 660 701 689 Tam
723 655 938 687 contumeliosos
955 663 983 682 m
998 654 1024 680 le
1037 650 1110 679 ridet
1128 655 1250 676 invicem

152 710 316 781 ibcigii‘ississii
338 742 363 770 Sc.
383 735 610 769 contumeliosum
625 736 652 764 in
665 734 792 770 aliquem.
831 730 888 760 Cic.
904 738 954 766 pro
973 727 1054 756 Corn.
1065 722 1140 767 Balb.
1152 731 1197 766 2¹4.
1219 719 1252 749 In

171 783 256 812 socios
267 790 331 809 vero
342 777 410 814 ipsos
421 799 428 811 ,
450 779 474 805 ὁὶ
487 778 514 804 in
527 784 573 803 cos
586 774 619 802 de
634 772 731 809 quibus
751 770 857 806 agimus
868 790 875 802 ,
897 767 1045 796 foederatos
1061 784 1069 795 ,
1090 757 1252 795 injuriosum

173 821 197 849 ἃ
213 815 439 847 contumeliosum
451 814 486 842 est
498 835 504 846 ,
527 813 568 841 his
583 810 699 848 praemiis
714 810 739 838 Sc
751 808 791 837 his
803 805 954 835 honoribus
967 800 1089 832 exclusos
1097 798 1161 827 effe.
1180 835 1185 840 ι

154 858 184 888 ln
196 856 291 885 edictis
303 850 523 883 contumeliosus.
564 850 655 882 Cic.3.
668 847 784 889 Philipp.
801 855 841 880 ις.
873 844 906 872 At
930 850 1012 879 quam
1034 832 1252 868 contumeliosus

175 895 202 923 in
215 893 310 922 edidis
322 913 328 924 ,
349 899 428 926 quarn
442 890 569 917 barbarus
581 908 588 921 ,
610 895 689 922 quam
705 884 794 912 rudis!
1154 911 1159 916 ¹

154 930 320 962 Beneficium
341 928 455 962 alicujus
475 922 712 953 contumeliosum.
750 922 807 950 Cic.
824 929 863 953 ις.
880 919 974 960 Αἰαηα.
1005 914 1070 944 Νοη
1094 910 1251 955 dubitares,

174 968 258 998 essent
269 968 333 1003 quin
349 965 426 994 otiosi
439 963 520 993 futuri
533 984 539 995 ,
561 961 685 997 usurique
696 958 830 988 beneficio
845 960 953 985 Antonn
965 948 1176 983 contumelloso.

155 1007 260 1036 Litterae
272 1005 298 1033 in
311 1003 429 1039 aliquem
442 998 653 1029 contumeliosae.
674 997 731 1028 Cic.
752 1006 773 1025 1.
788 996 821 1031 Q.
833 994 891 1023 frat.
905 1002 931 1021 2.
1138 1024 1143 1029 ,

156 1044 263 1074 Oratio.
304 1041 358 1070 Cic.
373 1049 421 1077 pro
435 1039 524 1069 Plane.
537 1041 562 1066 6.
584 1037 632 1066 Sin
654 1036 730 1064 hunc
749 1033 788 1062 illi
809 1038 949 1068 antepono
965 1050 973 1064 ,
994 1022 1191 1055 contumeliosa
1209 1021 1257 1051 ha-

175 1081 266 1110 benda
276 1079 313 1108 est
324 1078 418 1107 oratio.
711 1109 715 1115 .
763 1109 766 1113 Ι

156 1118 275 1147 Verbum
288 1112 597 1145 contumeliosissimum.
619 1108 737 1152 Quintil.
751 1108 797 1136 lib.
811 1116 836 1135 2.
856 1115 916 1143 cap.
931 1113 971 1133 12.

156 1151 462 1184 Vocescontumeliofie.
485 1149 549 1179 Cres.
565 1160 587 1178 1.
600 1147 666 1178 Bell.
681 1145 758 1175 C1vil.
774 1150 817 1180 69.
837 1181 841 1186 ¹

156 1193 256 1223 Partim
273 1190 418 1228 superbus,
438 1189 536 1226 partim
555 1183 774 1215 contumeliosus.
813 1181 869 1210 Cic.
889 1189 910 1209 1.
933 1179 1008 1222 Fam.
1023 1186 1065 1206 10.
1090 1176 1255 1216 Quanquam

177 1231 222 1267 qui
234 1230 312 1258 istinc
323 1238 396 1257 nunc
407 1227 537 1259 veniunt,
559 1225 656 1261 partim
672 1229 698 1251 te
715 1219 861 1258 superbum
883 1216 936 1246 else
954 1217 1069 1248 dicunt,
1092 1212 1167 1250 quod
1185 1209 1255 1240 nihil

178 1267 359 1305 respondeas:
381 1264 477 1302 partim
489 1259 734 1293 contumeliosum,
756 1257 830 1294 quod
841 1255 911 1284 male
922 1252 1114 1293 respondeas,
1148 1286 1153 1292 ἢ

123 1306 198 1337 Con
208 1315 226 1333 T
236 1315 253 1333 c
265 1315 284 1332 Μ
294 1314 308 1332 u
319 1315 333 1331 i.
343 1314 349 1331 ι
361 1306 398 1332 δε
409 1312 422 1331 rs
432 1324 439 1335 ,
462 1301 527 1330 Λᾶν.
549 1297 717 1335 [fascios-255]
739 1295 794 1324 Cic.
810 1303 835 1323 2.
852 1293 887 1322 de
904 1292 982 1321 Orat.
996 1298 1058 1319 212.
1081 1288 1198 1317 D1m1tto
1212 1295 1258 1315 au-

160 1352 214 1373 tem
230 1351 276 1371 eos
286 1347 406 1369 nontam
416 1335 613 1368 contumeliose
621 1358 629 1370 ,
650 1343 729 1372 quam
739 1331 934 1370 philosophum
946 1328 1022 1372 illum
1032 1349 1040 1362 ,
1053 1328 1104 1356 stc.

160 1378 364 1410 Contumeliose
374 1376 475 1414 aliquid
484 1376 574 1404 dicere
585 1374 619 1402 de
629 1371 791 1402 absentibus.
815 1370 871 1399 Cic.
887 1378 911 1411 ι..
920 1367 976 1396 Ost.
991 1374 1051 1400 134.

160 1414 363 1448 Contumeliose
374 1414 470 1444 laedere
483 1413 600 1448 aliquem
615 1411 642 1439 in
658 1408 847 1438 concionibus.
881 1405 939 1435 Cic.
958 1414 980 1435 1.
1001 1405 1053 1432 Att.
1065 1411 1091 1437 9.

160 1452 390 1486 Contumeliosrus
402 1452 489 1480 facere
503 1449 636 1485 injuriam.
658 1447 721 1477 Ter.
734 1446 839 1489 Phorm.
850 1453 876 1474 2.
889 1452 914 1479 3.
931 1452 954 1472 1.

251 1491 290 1521 En
301 1513 308 1524 ,
329 1499 450 1526 unquam
460 1489 587 1523 cuiquam
602 1483 823 1515 contumeliosrus
897 1519 902 1525 ¹
927 1518 933 1525 .

249 1528 365 1558 Audistis
379 1527 474 1555 factam
486 1525 613 1557 iniuriam
625 1545 632 1557 ,
654 1531 735 1559 quam
743 1522 801 1550 haec
813 1520 852 1549 est
866 1516 959 1548 mihi?
1119 1551 1123 1557 Ι

165 1565 438 1597 Contumeliosiffime
457 1563 537 1593 alicui
556 1561 728 1590 maledicere.
757 1559 816 1589 Cic.
829 1559 858 1586 in
875 1557 961 1585 Vatin.
976 1564 1020 1591 50.
1057 1552 1091 1582 Et
1106 1550 1155 1580 hb.
1173 1559 1196 1580 1.
1222 1548 1258 1579 de

180 1606 241 1634 Nat.
255 1603 336 1633 Deor.
359 1598 631 1632 Contumeliossilime
646 1607 752 1628 vexare.
1076 1628 1081 1633 ¹
1143 1626 1148 1632 ι

124 1642 146 1673 C
156 1652 172 1672 o
181 1652 200 1672 N
210 1652 229 1671 T
238 1644 254 1670 ῠ
262 1652 282 1669 Μ
293 1643 310 1669 ῠ
320 1651 336 1668 ι.
345 1650 370 1674 0,
392 1638 513 1675 [9τέπ7ω]
534 1640 587 1666 are.
608 1636 730 1665 Tumulo
742 1633 786 1663 vel
797 1640 867 1662 terra
875 1638 977 1669 tegere.
997 1626 1118 1661 Martial.
1131 1625 1258 1661 lib.8.57.

250 1677 420 1714 Collegitque
430 1676 486 1705 sinu
498 1676 648 1712 fragmenta
657 1672 798 1703 novissima
806 1671 884 1700 fracti

287 1716 350 1745 Oris
362 1736 370 1750 ‚
391 1716 416 1744 ἃ
429 1713 532 1750 aggesta
544 1711 746 1741 contumulavit
760 1710 856 1738 humo.

159 1755 254 1785 Humo
267 1753 352 1791 patria
360 1751 550 1781 contumulari.
572 1749 656 1779 Ovid.
668 1758 692 1785 3.
702 1746 781 1778 Trist.
798 1756 821 1782 ι.
836 1755 880 1781 ³3-
1124 1778 1130 1784 .
1239 1775 1246 1782 .

159 1791 374 1825 Contumulare,
397 1790 488 1818 dativo
506 1787 642 1824 junctum.
679 1786 747 1815 Plin.
764 1785 812 1815 lib.
836 1794 879 1814 10.
895 1791 956 1821 cap.
969 1789 1012 1819 33.
1051 1778 1180 1810 Perdices
1202 1784 1261 1807 ovis

177 1828 322 1867 stragulum
332 1827 416 1857 molle
427 1826 538 1864 pulvere
548 1824 749 1854 contumulant.

123 1868 426 1897 CON’rumuLXTro
438 1886 446 1899 ,
471 1864 540 1893 onis.
560 1862 579 1892 f.
604 1862 742 1898 Augu-stin.

122 1906 224 1936 CoNT
236 1914 252 1933 υ
263 1902 351 1937 Νὐο,
372 1902 431 1931 [ῠάἱ
443 1923 450 1936 ,
472 1901 578 1935 tusum,
607 1897 754 1936 ’[υυγηρπΊω
766 1920 774 1933 ‚
791 1897 888 1932 φλέω]
908 1896 962 1926 e‘re.
990 1894 1124 1930 Frangere
1135 1914 1143 1926 ,
1163 1899 1262 1929 percu-

159 1950 215 1972 tere
227 1964 234 1976 ,
254 1941 341 1970 friare.
362 1946 407 1975 ut,
428 1939 605 1968 Contundere
616 1938 643 1966 in
656 1937 720 1974 pila.
744 1936 825 1965 Varro
837 1935 906 1977 3.de
917 1935 949 1964 R.
961 1933 995 1963 R.
1005 1942 1065 1970 cap.
1082 1936 1124 1961 16.
1142 1930 1176 1959 Et
1186 1927 1263 1966 apud

162 1978 297 2010 Columel.
309 1978 358 2008 lib.
371 1987 396 2014 7.
412 1987 470 2015 cap.
485 1986 509 2012 7.
532 1976 711 2005 Contundere
725 1974 818 2003 ferreis
828 1972 902 2010 pilis.

161 2017 242 2055 Asper
251 2025 335 2053 equus
347 2015 420 2044 duris
430 2014 609 2043 contunditur
619 2023 666 2041 ora
678 2012 784 2049 lupatis.
807 2010 889 2039 Ovid.
902 2019 924 2039 1.
943 2009 1032 2038 Amor.
1043 2016 1069 2037 2.
1086 2016 1096 2035 1
1105 2017 1129 2041 5-

162 2053 301 2084 Contundi
322 2052 452 2082 caestibus.
481 2052 498 2080 i.
512 2061 536 2081 e.
559 2051 665 2080 Percuti
688 2052 714 2080 δι
732 2048 894 2079 comminui.
916 2048 974 2078 Cic.
987 2057 1013 2077 2.
1028 2044 1110 2076 Tusc.
1126 2053 1172 2080 40.
1192 2041 1262 2073 Inde

202 2092 285 2129 ugiles
299 2091 420 2120 caestibus
431 2089 534 2119 contusi
545 2098 580 2118 ne
593 2087 775 2125 ingemiscunt
786 2086 909 2122 quidem.

162 2130 183 2160 C
206 2131 288 2166 iragra
298 2128 425 2158 contudit
437 2126 574 2157 articulos.
597 2126 662 2155 Hor.
674 2135 700 2154 2.
717 2125 804 2154 Serm.
815 2132 843 2160 ·7.
857 2127 899 2153 16.

349 2181 385 2186 -—
393 2165 534 2202 postquam
544 2163 582 2193 illi
592 2163 660 2199 justa
670 2163 790 2199 chiragra

253 2202 386 2233 Contudit
395 2201 536 2232 articulos.

163 2242 247 2272 Nares
260 2240 351 2270 alicui.
374 2240 454 2269 Ovid.
470 2250 510 2274 14.
525 2238 593 2268 Met.
605 2248 651 2274 95.

163 2279 289 2316 Aliquem
305 2278 412 2316 pugnis.
453 2277 535 2306 Plaut.
547 2276 644 2314 Amph.
664 2285 686 2304 1.
702 2284 724 2305 1.
736 2283 799 2311 231.

351 2332 387 2337 —
397 2325 490 2344 nonne
505 2314 549 2343 hic
558 2314 643 2342 horno
658 2313 743 2342 modo
759 2322 803 2342 me
814 2311 913 2349 pugnis
924 2310 1071 2341 contudit?

165 2353 347 2384 Contundere
358 2354 383 2382 &
395 2353 577 2390 comprimere
588 2361 635 2380 cor
643 2351 766 2386 alicujus.
806 2351 864 2380 Cic.
877 2359 900 2386 3.
917 2349 952 2378 de
965 2348 1042 2378 Orat.
1058 2350 1100 2378 16.
1125 2346 1180 2384 Qui
1190 2345 1264 2375 illius

182 2392 307 2421 acerbum
318 2400 365 2419 eor
375 2390 543 2419 contundam
557 2391 582 2418 δι
597 2389 786 2425 comprimam.

164 2431 301 2460 Animum.
342 2428 399 2457 Cic.
416 2437 455 2456 12.
472 2428 577 2463 Att.43.
599 2426 721 2455 Contudi
736 2426 810 2454 enim
821 2424 944 2453 animum
959 2446 968 2459 ,
990 2424 1016 2454 δι
1029 2421 1138 2452 fortasse
1152 2422 1224 2457 vici,
1245 2421 1264 2450 fi

184 2467 269 2496 modo
281 2465 460 2503 permansero,

165 2505 311 2534 Audaciam
320 2503 466 2532 exultantis
478 2502 613 2540 praedonis
625 2500 796 2531 contundere
808 2501 833 2529 ἃ
843 2499 975 2537 frangere.
986 2497 1262 2534 Cic.13.l²hilipp.29.

166 2541 337 2571 calumniam
351 2541 473 2569 obterere
484 2547 564 2576 atque
577 2540 755 2568 contundere.
780 2538 837 2568 Cic.
851 2547 901 2574 pro
915 2537 1015 2567 Caecin.
1031 2546 1071 2565 11.
1083 2536 1172 2565 Immo
1186 2541 1216 2564 ut
1227 2535 1266 2562 vi-

185 2589 214 2609 ro
225 2579 287 2607 sorti
298 2577 453 2643 ag'sapienti
464 2578 578 2615 dignum
595 2577 646 2606 fuit
658 2598 666 2612 ‚
687 2577 723 2606 ita
737 2576 903 2605 calumniam
914 2596 923 2610 ‚
944 2574 1138 2610 stultitiamque
1153 2572 1266 2602 obtrivit

186 2627 216 2646 ac
227 2623 309 2645 contu
334 2622 361 2644 it.

168 2655 246 2684 Facta
258 2653 373 2688 alicujus
386 2652 569 2684 contundere.
581 2661 630 2688 pro
640 2651 771 2688 Superare
783 2652 808 2680 &
819 2651 938 2679 vincere.
953 2648 1038 2678 Plaut.
1048 2648 1132 2678 Stich.
1143 2657 1170 2677 2.
1184 2656 1208 2677 1.
1219 2655 1263 2684 33.

168 2692 287 2729 Hydram
297 2691 468 2719 contundere
479 2712 485 2722 .
503 2700 552 2727 pro
565 2689 679 2718 Domare
690 2710 697 2722 ,
719 2688 863 2717 debellare.
887 2687 951 2717 Hor.
962 2697 987 2716 2.
1001 2687 1090 2724 Epod.
1106 2696 1129 2716 1.
1143 2695 1186 2715 10.

245 2730 387 2766 Speratum
400 2728 502 2756 meritis
513 2749 520 2761 ‚
542 2727 628 2756 diram
638 2727 685 2762 qui
701 2726 825 2755 contudit
836 2726 959 2762 hydram.

167 2768 303 2803 Impetum
316 2766 438 2798 alicuius.
462 2765 525 2794 llor.
538 2775 562 2793 2.
576 2765 664 2792 Carni.
677 2767 700 2792 6.
718 2773 759 2792 10.

169 2805 310 2840 lngenium
323 2803 447 2832 contudit
459 2801 678 2840 patientialonzza
686 2801 830 2830 malorum.
852 2800 934 2830 Ovid.
951 2811 974 2835 ς.
992 2797 1072 2829 Trist.
1084 2807 1126 2828 12.
1140 2807 1184 2834 31.

170 2842 230 2871 lras.
268 2840 402 2870 Columel.
417 2840 462 2869 lib.
475 2845 499 2869 6.
511 2850 570 2873 can.
583 2849 608 2868 2.
631 2839 658 2868 Si
678 2839 757 2868 nimis
769 2838 852 2876 asperi
864 2845 943 2867 erunt
955 2859 962 2872 ,
984 2844 1077 2875 patere
1089 2846 1174 2865 unum
1190 2836 1264 2866 diem

187 2880 350 2914 nocffemque
359 2878 518 2906 desaeviant:
541 2877 698 2912 simulatque
709 2877 758 2906 iras
770 2876 956 2911 contuderint,
969 2885 1052 2905 manu
1066 2875 1264 2912 producantur.

172 2916 286 2953 Populos
298 2916 409 2944 seroces.
433 2915 501 2951 Virg.
520 2925 541 2944 1.
557 2915 616 2944 [En.
630 2918 693 2948 264.

171 2954 304 2981 Sazvitiam
317 2953 440 2988 alicujus.
463 2953 583 2989 Propert.
597 2952 643 2980 lib.
659 2961 681 2980 1.
698 2961 720 2981 1.
736 2961 777 2980 10.

172 2991 301 3020 Virtutem
314 2991 428 3019 hostium
439 2990 563 3019 secundis
573 2990 671 3028 praeliis
680 2988 852 3018 contundere
863 3011 871 3023 ,
893 2987 1087 3017 Comminuere
1097 3010 1104 3020 ,
1124 2987 1247 3025 frangere
1257 3009 1266 3023 ‚

191 3038 250 3056 com
262 3029 380 3093 irilrnere.
403 3027 489 3057 valer.
506 3028 553 3057 lib.
566 3037 590 3064 3.
605 3037 665 3064 cap.
681 3036 707 3056 2.
720 3027 755 3056 de
766 3026 935 3056 Fortitudine
947 3032 1000 3055 ext.
1013 3036 1037 3061 5.
1059 3026 1105 3055 ubi
1114 3026 1149 3056 de
1160 3026 1268 3063 Epami-

191 3076 245 3094 non
269 3075 282 3094 a
307 3076 322 3093 o
344 3073 424 3094 uitur.

174 3076 487 3132 Crebroit‘ttieontundi.
509 3102 604 3131 Claud.
620 3111 642 3137 3.
658 3102 692 3131 de
701 3100 781 3136 Ram.
795 3100 913 3137 Proscrp.
925 3109 988 3134 427.

139 3141 160 3170 C
169 3151 184 3169 o
194 3150 211 3168 N
219 3150 237 3168 T
246 3144 260 3168 ῦ
271 3150 282 3169 s
295 3150 310 3168 u
320 3150 331 3169 s
341 3162 348 3174 ,
369 3136 607 3175 [wnsxrnqudlfa'coss
629 3140 722 3168 Partic.
744 3138 849 3167 Sallust.
858 3137 921 3174 jug.
931 3147 991 3175 cap.
1003 3146 1047 3173 43.
1059 3143 1128 3168 extr.
1151 3138 1269 3167 Avaritia

175 3178 372 3213 magistratuum
383 3185 444 3207 ante
457 3179 483 3206 id
493 3178 637 3215 tempusin
652 3177 785 3206 Numidia
796 3177 890 3205 nostrae
900 3185 967 3213 opes
980 3175 1099 3205 contusae
1109 3198 1118 3211 ,
1138 3176 1269 3206 hostium-

176 3225 226 3251 que
236 3218 318 3244 auc'tae
328 3223 414 3244 crant.

176 3253 262 3280 Animi
273 3253 385 3281 contuli.
408 3253 424 3281 i.
437 3261 460 3280 e.
482 3251 628 3281 confracti.
652 3251 724 3287 Virg.
737 3262 763 3288 4.
779 3252 876 3288 Georg.
891 3260 954 3286 ²40·

177 3290 294 3326 Corpora
310 3290 408 3318 labore.
433 3289 710 3323 1.ucrer.lib.4.oz‹.

177 3326 292 3355 Contusn
304 3327 371 3355 vasa.
413 3327 474 3363 Ulp.
498 3327 740 3362 Quemadmodum
758 3327 882 3355 livinum
899 3324 966 3354 esset
985 3324 1100 3353 effusum
1113 3347 1122 3360 ,
1143 3325 1188 3355 vel
1204 3325 1271 3355 vasis

196 3364 310 3429 contusis}
322 3386 328 3398 ,
346 3363 447 3400 velqua
458 3365 509 3393 aliu
520 3374 551 3393 ex
565 3365 648 3393 causa.
661 3364 679 3393 l.
698 3374 719 3392 1.
736 3365 763 3392 in
774 3365 890 3401 princip.
905 3363 937 3392 D.
948 3363 981 3391 de
993 3364 1077 3399 peric.
1088 3364 1114 3392 ὁὶ
1127 3364 1269 3393 commod.

194 3411 230 3428 rel
243 3412 303 3429 VL'H(
316 3424 322 3430 .

145 3438 216 3466 CON
232 3449 243 3465 1·
255 3443 266 3464 s
278 3448 346 3471 SM),
368 3439 436 3466 (mis.
457 3439 472 3466 i
496 3437 640 3474 [σι”γναψις
652 3438 665 3471 ]
687 3438 753 3467 ΡῙῐΠ,
774 3438 820 3466 lib
836 3448 873 3472 ¹7-
893 3447 953 3474 cap,
966 3446 1009 3470 24·
1034 3436 1076 3465 Est
1100 3438 1125 3466 ἆ
1145 3438 1270 3474 quaedam

180 3476 299 3502 contusio
311 3476 385 3504 luicis
398 3476 551 3504 htbetiorig,
573 3476 706 3503 Columel.
719 3478 763 3503 li'o.
781 3485 947 3511 12.t*;p..z-.
972 3475 1044 3511 Quia
1058 3475 1115 3504 baec
1125 3476 1270 3505 candidior

178 3512 292 3540 eltoliva
303 3534 309 3543 .
331 3523 409 3545 quani
422 3524 451 3541 eu
463 3524 519 3547 qum
530 3513 812 3542 contulionclivorcni
825 3514 967 3541 manabit.
1010 3513 1081 3541 ilinc
1100 3522 1148 3549 per
1159 3513 1270 3542 transla-

180 3556 280 3589 tionem
293 3550 360 3578 Cels.
373 3559 446 3578 vocat
460 3552 663 3584 contritionem,
685 3552 776 3585 Quum
787 3552 942 3587 pirsaliqnu
956 3551 1027 3579 serro
1040 3550 1081 3578 vel
1094 3550 1193 3579 baculo
1204 3560 1270 3579 con-

180 3586 355 3617 minati-121.
377 3588 487 3615 livorem
500 3588 637 3623 acquisivit
650 3609 657 3618 ,
678 3598 728 3616 nec
740 3592 816 3617 ulcu<
827 3589 980 3624 contraxit,
1000 3588 1044 3616 sed
1058 3595 1165 3622 tantum
1177 3588 1270 3618 inflata

181 3623 224 3650 Cst-
263 3624 308 3657 [ll
321 3625 363 3650 Νι]
380 3624 431 3651 scio
442 3636 471 3665 ω
488 3626 596 3659 usqrmni
613 3625 703 3653 Celsus
719 3627 767 3654 hnc
779 3637 844 3654 voce
857 3626 916 3653 usus
929 3627 966 3653 lit.
1003 3625 1100 3654 Collisa
1111 3631 1202 3655 autem
1214 3626 1270 3655 fere

180 3668 272 3691 vocat,
293 3671 326 3694 qu
338 3672 350 3684 ι·
362 3662 477 3689 contum
492 3663 590 3690 Plinius
601 3684 608 3692 ,
629 3672 708 3698 qut-m
719 3664 839 3697 juniores
854 3663 977 3698 Chirurgi
989 3663 1144 3699 sequuntur.

142 3695 217 3739 Co'N
236 3707 241 3723 1
258 3707 272 3723 u
286 3709 301 3722 ιι
313 3707 371 3724 urs
383 3719 390 3729 ,
409 3708 439 3728 a,
462 3710 514 3727 uin.
535 3701 665 3727 Conrnuli
677 3700 815 3730 oculisunt
826 3702 852 3729 in
865 3702 1006 3737 angustum
1019 3701 1270 3730 coacticonniven-

181 3734 250 3762 tibus
264 3735 405 3769 palpebris..
431 3737 475 3763 Ain
486 3741 524 3763 nu·
537 3738 631 3765 sellus.

142 3771 216 3799 CUN
233 3780 342 3803 Γυυιι,
365 3771 390 3798 V.
413 3782 480 3799 cof:
498 3783 616 3801 γυιων..

142 3809 268 3836 C0N‘ru
281 3817 360 3839 auo,
382 3809 388 3841 ί
406 3805 557 3849 minu-pain*
575 3818 580 3844 j
601 3822 652 3839 ure.
674 3811 752 3839 Nom·
771 3812 980 3844 siunificationiS.
1021 3812 1077 3842 Cic.
1092 3818 1118 3845 8.
1133 3811 1207 3842 Fam.
1226 3822 1269 3843 12.

179 3845 329 3872 Conturbut
342 3854 384 3872 me
394 3847 537 3873 nio1.·l=·rvi
551 3847 627 3880 huius
638 3870 645 3879 ,
666 3850 710 3883 qni
728 3849 775 3875 tibi
792 3851 892 3878 litter-,is
902 3850 1002 3877 attulit.

179 3883 297 3924 Anionis.
338 3883 395 3923 Cic.
409 3891 430 3923 ζ.
444 3883 497 3922 tjfl'.
513 3893 554 3915 40.
579 3885 703 3913 incidunt
715 3887 780 3922 ispe
795 3886 886 3915 inulta:
903 3887 987 3915 causo:
998 3908 1006 3921 ,
1028 3897 1086 3924 quic
1097 3887 1267 3917 conturbent

197 3929 302 3948 animus
315 3919 435 3948 utilitatis
447 3921 542 3955 specie.

1741 67 1770 103 C
1865 67 1900 102 O
1993 67 2026 103 N

1333 152 1425 186 Basia,
1445 146 1618 180 Permiscere.
1641 148 1730 178 Catul.
1749 159 1773 184 ς.
1789 157 1831 178 rr.

1333 191 1475 222 Rationes.
1497 188 1562 216 Ter.
1578 187 1647 216 Eun.
1659 197 1682 221 ς.
1698 196 1722 222 3.
1734 196 1778 221 29.
1799 186 1839 216 lta
1849 185 2018 216 conturbasti
2035 186 2103 215 mihi
2120 186 2361 216 rationes'omnes.
2393 184 2453 214 Ele-

1354 237 1420 265 gans
1431 225 1543 255 dicendi
1555 225 1644 254 forma
1652 246 1660 260 ,
1681 225 1874 262 contrariaque
1885 224 1937 259 illi,
1959 233 2011 260 qua
2021 223 2083 253 usus
2094 224 2132 253 est
2143 224 2228 254 Plaut.
2239 224 2338 262 Amph.
2349 222 2451 261 prola.

1356 274 1440 302 quum
1449 263 1553 300 inquit,

1431 302 1463 330 Et
1474 310 1504 329 ut
1515 309 1556 328 res
1570 298 1742 335 rationesque
1754 299 1871 328 vestrum
1884 299 2010 328 omnium

1431 339 1505 368 Bene
1518 337 1652 374 expedire
1662 337 1743 365 vultis
1753 359 1762 371 ,
1782 346 1951 374 peregreque
1962 338 1986 366 ἃ
2001 336 2086 365 domi.
2170 335 2229 372 Qui
2241 336 2317 364 enirn
2327 345 2383 364 non
2393 334 2456 364 sunt

1359 376 1491 406 solvendo
1503 397 1510 409 ,
1532 384 1623 410 neque
1645 373 1671 402 se
1694 375 1829 403 extricare
1846 374 2007 403 nominibus
2029 373 2140 411 possunt
2165 376 2191 403 ἃ
2207 383 2260 402 aere
2281 373 2373 402 alieno
2383 395 2390 406 ,
2412 372 2455 402 illi

1359 414 1538 445 conturbant:
1561 421 1614 440 nec
1628 411 1703 441 enim
1718 421 1814 440 eorum
1827 412 1948 440 rationes
1957 412 2089 448 explicari
2101 413 2126 441 ἃ
2138 411 2264 449 expediri
2276 410 2394 448 poffunt.
2408 411 2455 439 Sic

1361 453 1446 481 etiam
1461 450 1597 487 accipitur
1610 449 1795 478 Conturbator
1806 458 1872 486 aper
1885 448 1960 486 apud
1979 449 2150 484 Martialem,
2173 459 2198 486 7.
2217 458 2262 485 ²7-
2278 458 2320 477 10.
2342 449 2367 477 δε
2383 447 2458 476 Con-

1361 490 1469 519 turbare
1480 487 1553 525 apud
1567 487 1626 517 Cic.
1639 497 1665 520 4.
1681 488 1732 516 Att.
1748 496 1774 522 7.
1793 486 1859 515 Haec
1869 486 2015 515 Turnebus
2031 487 2137 516 Advers.
2147 498 2174 522 4.
2188 497 2229 522 ις.
2246 488 2272 516 ὃ(
2283 485 2362 516 aliter
2372 485 2456 523 paulo

1361 537 1394 556 ac
1406 526 1522 556 Budaeus
1535 547 1543 558 ,
1563 524 1710 554 utvidebis
1725 525 1803 553 infra.
1845 524 1928 554 Utere
1939 531 1987 552 tuo
1997 524 2114 560 judicio.

1343 565 1415 596 Rem
1426 563 1601 596 conturbare,
1611 562 1775 595 Turbidam,
1785 562 1975 597 incertamque
1986 562 2113 591 reddere.
2124 561 2232 592 Sallust.
2242 561 2457 598 inJug.79.extr.

1345 603 1409 631 Veri
1425 601 1614 637 cognitionem
1623 599 1797 629 conturbare.
1820 600 1878 629 Cic.
1892 610 1919 635 4.
1934 600 2019 629 Acad.

1344 640 1407 669 Vox
1419 639 1607 668 conturbatur.
1629 637 1736 666 Lucret.
1749 638 1797 666 hb.
1811 649 1837 670 4.
1852 641 1914 673 563.

1346 677 1530 711 Conturbare,
1541 675 1673 709 absolute,
1682 675 1844 714 [χςεωωπῖιν]
1860 674 1964 711 (inquit
1975 673 2093 703 Budaeus
2104 673 2138 703 ad
2149 673 2167 702 1.
2178 673 2339 710 Cuicunque
2348 674 2370 713 §.
2379 673 2462 703 Idem

1365 715 1458 745 Labeo
1471 714 1503 743 D.
1514 714 1548 742 de
1558 713 1618 742 lnst.
1632 714 1701 748 act.)
1712 714 1751 742 est
1761 713 1845 742 etiam
1856 713 2029 748 Decoquere,
2038 713 2063 741 δι
2077 712 2226 749 pecuniam
2237 711 2311 740 suam
2323 711 2460 749 dissipare:

1367 755 1393 783 Sa
1404 752 1513 790 proprie
1521 752 1556 780 de
1565 751 1647 780 servis
1655 751 1756 779 dicitur
1767 772 1775 785 ,
1795 751 1841 787 qui
1857 760 1921 779 cum
1939 750 2094 779 rationibus
2106 749 2255 779 dominicis
2270 749 2344 787 paria
2354 759 2412 777 non
2424 749 2464 777 fa-

1367 791 1454 819 ciunt.
1477 789 1534 818 Cic.
1547 800 1574 823 4.
1590 790 1641 818 Att.
1656 797 1682 825 7.
1695 788 1736 817 De
1747 789 1895 826 Apollonio
1905 787 1980 824 quod
1994 787 2096 822 scribis,
2109 788 2156 824 qui
2166 787 2204 815 illi
2214 787 2259 816 Dii
2271 787 2341 821 irati,
2352 786 2463 816 homini

1368 828 1464 857 Graeco
1473 848 1480 860 ,
1503 828 1551 864 qui
1560 826 1728 856 conturbare
1740 827 1852 863 quidem
1863 832 1944 864 putat
1954 824 2001 854 sibi
2016 825 2109 859 licere,
2127 825 2202 861 quod
2213 824 2351 861 equitibus
2362 824 2465 854 Roma-

1368 866 1420 895 nis.
1444 865 1520 894 Idem
1531 874 1581 902 pro
1594 864 1684 894 Plane.
1697 869 1741 896 68.
1764 864 1867 893 Verum
1877 864 1920 893 fac
1931 873 1976 892 me
1989 862 2084 892 multis
2095 862 2206 897 debere,
2219 862 2281 892 &in
2291 862 2324 891 iis
2335 861 2461 891 Plancio:

1367 910 1461 932 utrum
1474 903 1555 939 igitur
1567 911 1611 930 me
1630 902 1794 931 conturbare
1813 908 1941 940 oportet,
1961 910 1997 930 an
2015 901 2113 931 ceteris
2126 922 2135 936 ,
2159 909 2245 937 quum
2256 898 2388 935 cujusque
2403 899 2465 928 dies

1367 942 1472 970 venerit
1484 963 1492 973 ,
1513 941 1566 969 hoc
1577 949 1680 968 nomen
1691 961 1699 975 ,
1721 940 1796 977 quod
1807 945 1902 977 urget,
1924 948 2000 968 nunc
2013 960 2021 973 ,
2042 947 2127 976 quum
2137 938 2257 976 petitur,
2277 936 2444 967 dissolvere?

1366 979 1412 1009 Sic
1422 978 1541 1015 intelligi
1553 977 1638 1006 debet
1649 977 1833 1007 Conturbabit
1848 977 1920 1006 Atlas
1930 977 2006 1014 apud
2016 975 2136 1006 Martial.
2147 986 2175 1013 9.
2187 987 2214 1013 4.

1477 1016 1596 1046 Grandis
1607 1016 1635 1044 in
1647 1015 1766 1045 aethereo
1781 1016 1848 1045 licet
1857 1015 1949 1045 auctio
1960 1014 2009 1044 fiat
2021 1014 2135 1051 olympo
2144 1036 2152 1049 ‚

1520 1054 1716 1091 Coganturque
1729 1053 1773 1082 dei
1786 1053 1905 1083 vendere
1917 1053 2050 1089 quicquid
2062 1052 2180 1081 habent:

1445 1131 1461 1158 6
1478 1090 1664 1122 Conturbabit
1672 1090 1752 1127 Atlas,
1765 1093 1817 1122 διο.
1900 1092 1918 1120 i.
1930 1099 1954 1121 e.
1977 1090 2083 1120 Caelum
2092 1095 2183 1119 totum
2191 1088 2243 1119 tibi
2252 1089 2399 1127 decoquet.
2420 1089 2468 1120 Sic

1370 1139 1413 1159 10.
1425 1138 1441 1161 o
1464 1151 1470 1158 .
1483 1140 1509 1164 9·

1404 1167 1458 1197 Hic
1469 1166 1584 1204 pretiosa
1594 1167 1689 1201 fames,
1703 1165 1939 1203 conturbatorque
1951 1163 2092 1194 macellus.
2114 1164 2296 1202 confireliqua
2306 1165 2374 1194 ibid.
2387 1163 2462 1195 Paul.

1370 1205 1627 1243 Manut.exponens
1637 1204 1922 1240 illudCic.4.Att.7.sic
1933 1203 2156 1239 ait,Conturbare
2165 1202 2318 1238 est‚omiffis
2327 1202 2468 1232 veteribus

1367 1243 1553 1272 creditoribus
1567 1265 1574 1277 ,
1597 1242 1754 1272 satisfacere
1765 1242 1798 1271 iis
1815 1242 1860 1280 qui
1870 1242 2003 1280 posterius
2014 1240 2200 1270 crediderunt.
2242 1240 2418 1278 Perspicuum
2429 1240 2468 1270 est

1368 1281 1397 1310 in
1409 1281 1536 1310 oratione
1546 1290 1595 1318 pro
1607 1280 1728 1309 Plancio.
1750 1280 1852 1310 Verum
1861 1282 1904 1310 fac
1913 1289 1959 1309 me
1972 1279 2068 1308 multis
2080 1278 2193 1314 debere,
2205 1280 2258 1309 ἃς.
2279 1278 2347 1308 Haec
2356 1278 2465 1308 Paulus.

1368 1318 1504 1348 Fortunas
1515 1318 1698 1354 conturbare,
1719 1317 1779 1348 Cic.
1796 1318 1868 1347 dixit
1880 1324 1906 1352 8.
1918 1318 1994 1347 Fam.
2009 1327 2050 1347 12.
2072 1317 2140 1346 Bud.
2159 1317 2178 1346 l.
2191 1326 2215 1346 c.

1311 1356 1358 1388 Co
1367 1366 1386 1385 N
1396 1365 1415 1384 T
1426 1366 1444 1384 u
1453 1366 1469 1385 a
1478 1367 1493 1384 a
1502 1360 1517 1385 ῖ.
1528 1366 1547 1385 τ
1557 1366 1575 1385 υ
1585 1366 1597 1385 s
1608 1378 1616 1391 ,
1637 1365 1652 1384 a
1661 1377 1670 1390 ‚
1692 1365 1748 1385 um.
1780 1350 2070 1392 [algen-taqyyssp'&]
2092 1355 2189 1384 Partic.
2222 1354 2282 1383 Cic.
2293 1363 2318 1382 1.
2347 1354 2402 1383 Att.
2422 1363 2467 1383 12.

1348 1394 1436 1461 (bQuod
1452 1401 1581 1432 praeterea
1591 1394 1627 1424 ad
1637 1399 1665 1424 te
1675 1393 1790 1424 scribam
1801 1415 1809 1429 ,
1830 1403 1889 1423 non
1908 1393 2015 1423 habeo:
2038 1393 2065 1424 ἃ
2082 1392 2245 1424 mehercule
2263 1401 2338 1422 eram
2355 1398 2468 1422 contur-

1373 1439 1450 1462 atior.

1348 1470 1444 1499 Tristis
1457 1468 1681 1500 &conturbatus
1704 1469 1763 1499 Cic.
1778 1471 1805 1498 6.
1818 1467 1893 1498 Verr.
1906 1478 1949 1505 52.

1348 1507 1420 1537 Ludi
1432 1507 1595 1541 deformati,
1616 1507 1770 1544 inquinati,
1792 1507 1926 1544 perversi,
1947 1506 2115 1536 conturbati.
2157 1505 2215 1536 Cic.
2229 1505 2265 1535 de
2277 1505 2369 1543 Arusp.
2380 1504 2465 1544 Resp.

1368 1555 1414 1581 25.
1436 1545 1528 1575 Ludos
1538 1544 1592 1574 effe
1603 1544 1726 1582 pollutos
1735 1545 1903 1582 significastis
1913 1567 1921 1581 ,
1942 1554 1974 1574 ac
1984 1544 2066 1582 plane
2077 1544 2180 1574 dicitis.
2202 1544 2270 1582 quid
2281 1546 2367 1582 magis
2376 1544 2468 1582 inqui.

1367 1590 1464 1613 natum
1477 1605 1484 1619 ,
1506 1583 1693 1612 deformatum
1704 1605 1713 1619 ,
1733 1582 1893 1621 perversum
1906 1605 1914 1617 ,
1936 1582 2134 1612 conturbatum
2148 1582 2203 1611 dici
2213 1581 2303 1618 potest
2312 1583 2326 1611 ἰ)

1314 1621 1388 1652 Con
1400 1631 1419 1650 T
1429 1631 1446 1650 u
1458 1631 1474 1650 a
1484 1632 1499 1650 Β
1508 1631 1554 1650 AT
1564 1631 1572 1649 1
1583 1631 1599 1649 o
1609 1642 1616 1656 ,
1641 1621 1713 1651 onis.
1735 1622 1755 1651 f.
1778 1616 1975 1657 [zlyvnifflezs]
1998 1621 2102 1649 Ennius
2121 1621 2197 1656 apud
2212 1619 2271 1649 Cic.
2281 1630 2308 1654 4.
2325 1618 2409 1649 Tusc.
2422 1627 2468 1654 19.

1352 1659 1602 1689 Conturbationem
1613 1680 1621 1694 ‚
1642 1665 1748 1689 metum
1762 1660 1953 1689 excutientem
1967 1658 2094 1695 cogitata.
2116 1657 2250 1692 subaudi,
2271 1657 2449 1695 Expectorat.

1315 1697 1337 1727 C
1346 1707 1363 1726 o
1373 1706 1418 1725 NT
1429 1707 1447 1726 u
1456 1707 1495 1725 RB
1505 1701 1521 1726 Ᾰ
1530 1706 1550 1725 T
1559 1706 1576 1725 o
1586 1706 1601 1724 a
1612 1718 1620 1732 ,
1641 1698 1706 1727 oris.
1728 1706 1766 1726 m.
1789 1697 1947 1733 [mg9n7sis]
1969 1696 2027 1732 Qui
2036 1696 2192 1726 conturbat.
2233 1695 2376 1734 Significat
2384 1695 2470 1726 etiam

1352 1735 1546 1764 Decooorem.
1576 1734 1609 1763 V.
1631 1735 1660 1764 in
1672 1735 1901 1772 praecedentibus.
1923 1734 2042 1764 Martial.
2054 1744 2080 1770 7.
2091 1737 2136 1763 26.

1433 1772 1619 1802 Conturbator
1628 1782 1694 1810 aper
1706 1795 1714 1808 ,
1735 1773 1818 1802 vilius
1829 1772 1928 1802 esurio.
2011 1772 2069 1809 Qui
2080 1772 2157 1801 enim
2165 1780 2199 1800 ex
2209 1770 2327 1800 macello
2336 1769 2470 1800 vivebant

1352 1810 1450 1841 Romae
1461 1832 1469 1846 ‚
1492 1812 1518 1840 &
1527 1810 1654 1847 cupediis
1664 1810 1769 1841 mensas
1781 1812 1807 1841 δι
1820 1820 1888 1848 apro
1899 1809 2054 1840 onerabant
2065 1832 2072 1845 ,
2093 1810 2130 1839 ad
2139 1816 2293 1839 extremum
2301 1809 2470 1846 patrimonia

1316 1885 1338 1917 C
1353 1849 1487 1878 vorabant
1497 1870 1505 1884 ‚
1515 1850 1553 1892 ,δι
1563 1849 1725 1878 decoctores
1735 1871 1743 1882 ,
1764 1849 1810 1878 vel
1824 1849 1924 1886 inopes
1935 1847 2129 1878 certefiebant.
2151 1847 2278 1876 Budaeus.
2300 1847 2319 1877 l.
2332 1856 2357 1876 c.

1345 1896 1363 1916 ο
1372 1896 1394 1916 Ν
1402 1896 1423 1915 T
1433 1896 1470 1916 us
1483 1908 1492 1921 ‚
1513 1896 1531 1915 1.
1551 1895 1588 1916 m.

1355 1931 1435 1954 acuta
1447 1925 1503 1953 sine
1514 1924 1585 1953 ferro
1597 1946 1605 1959 ‚
1626 1924 1662 1953 ad
1672 1925 1887 1962 percutiendum
1897 1930 1969 1963 apta.
2010 1924 2091 1960 [Cur
2100 1923 2156 1953 {ine
2167 1923 2239 1952 ferro
2248 1923 2262 1952 ‘2

1353 1963 1436 1992 Duris
1448 1963 1539 1992 contis
1549 1962 1697 1992 detrudere
1707 1962 1822 1999 aliquid.
1846 1962 1917 1999 Virg.
1932 1973 1957 1998 9.
1970 1962 2032 1992 AEn.
2048 1973 2060 1996 ς
2069 1971 2110 1991 ιο.

1354 2000 1476 2035 Comus,
1498 1999 1602 2029 Pertica
1616 2000 1736 2038 oblonga
1752 2002 1781 2029 in
1798 2001 1890 2037 capite
1903 2000 2007 2030 ferrum
2026 1999 2133 2029 habens
2147 2021 2155 2034 ‚
2176 2008 2230 2035 qua
2247 2003 2337 2028 nautae
2356 1997 2470 2034 (inquit

1371 2038 1497 2068 Donatus
1508 2038 1544 2067 ad
1555 2038 1618 2067 Ter.
1628 2038 1697 2068 Hec.
1714 2048 1736 2068 1.
1748 2048 1773 2068 2.
1786 2040 1848 2076 pr.)
1869 2044 1984 2068 utuntur
1994 2038 2030 2068 ad
2041 2037 2212 2078 exploranda
2223 2037 2284 2067 loca
2293 2036 2410 2067 navibus
2419 2046 2472 2075 op-

1374 2084 1513 2115 portuna:
1536 2086 1552 2106 a
1561 2085 1616 2113 quo
1629 2076 1777 2106 percontor
1787 2076 1947 2106 deducitur.

1355 2114 1442 2144 Acuta
1451 2113 1562 2151 cuspide
1572 2114 1659 2143 conti.
1679 2114 1754 2151 Virg.
1770 2125 1793 2150 ς.
1811 2113 1870 2144 ΙΕη.
1884 2119 1949 2148 208.

1355 2151 1452 2181 Ratem
1464 2161 1559 2188 regere
1570 2151 1656 2189 longo
1671 2159 1767 2182 conto.
1788 2153 1852 2182 Sen.
1868 2153 1898 2181 in
1916 2152 1998 2182 Herc.
2013 2151 2066 2182 fur.
2081 2162 2108 2188 9.

1355 2189 1455 2219 Ratem
1465 2189 1588 2226 subigere
1600 2197 1694 2219 cont0.
1717 2190 1789 2227 Virg.
1802 2193 1827 2220 6.
1841 2190 1904 2221 AEn.
1918 2199 1981 2226 302.

1354 2228 1478 2261 Contus,
1498 2237 1548 2265 pro
1560 2227 1687 2257 Membro
1702 2228 1773 2258 virili
1783 2228 1935 2266 praelongo.
1968 2229 2070 2258 Auctor
2079 2226 2209 2257 carminis
2219 2225 2355 2263 obscaeni,

1446 2265 1591 2301 Trajetfftus
1602 2273 1686 2295 conto
1697 2265 1735 2295 fic
1748 2267 1900 2296 extendere
1912 2265 2023 2302 pedali,

1491 2303 1527 2332 Ut
1541 2303 1636 2334 culum
1650 2314 1729 2341 rugas
1745 2314 1803 2334 non
1816 2303 1939 2335 habuisse
1952 2310 2044 2343 putes-

1318 2340 1474 2370 Couror.
1492 2342 1609 2371 verbum
1628 2341 1659 2371 V.
1683 2342 1702 2371 s.
1717 2341 1735 2371 l.

1317 2378 1339 2408 C
1348 2388 1364 2407 o
1376 2388 1395 2407 N
1406 2388 1424 2406 T
1434 2388 1453 2406 Α
1462 2388 1508 2408 Tu
1517 2388 1528 2408 s
1540 2401 1548 2415 ,
1569 2380 1586 2409 i.
1611 2389 1647 2409 m.
1670 2377 1866 2416 [υνπφόςεῷε]
1887 2379 1980 2409 Conto
1992 2401 2001 2414 ‚
2024 2379 2041 2409 i.
2054 2389 2078 2408 e.
2100 2377 2175 2408 hasta
2200 2377 2322 2415 longiori
2338 2382 2469 2408 armatus.

1353 2416 1450 2453 Veget.
1465 2417 1499 2446 de
1511 2417 1550 2446 Re
1561 2417 1622 2447 Mil.
1634 2427 1658 2453 3.
1669 2422 1694 2447 6.
1727 2418 1824 2447 Utrum
1836 2419 1955 2448 contatis
1965 2439 1975 2454 ,
1995 2427 2032 2447 an
2048 2417 2192 2455 sagittariis
2208 2416 2329 2454 amplius
2346 2415 2468 2446 valeant.

1355 2453 1386 2482 V.
1410 2464 1476 2483 mox
1495 2464 1748 2485 coNTOPHORr.

1317 2491 1339 2522 C
1349 2501 1365 2520 o
1374 2501 1395 2521 N
1404 2502 1422 2520 T
1431 2494 1442 2521 ἶ
1451 2503 1463 2520 r
1472 2502 1485 2521 ε
1495 2502 1513 2521 x
1525 2515 1532 2522 .
1553 2494 1613 2522 reis.
1636 2503 1673 2523 m.
1695 2493 1784 2523 Idem.
1807 2493 1862 2522 Ubi
1876 2493 1957 2523 Facio
1976 2492 2013 2521 est
2026 2491 2136 2522 Occido
2146 2513 2154 2527 ‚
2175 2492 2246 2521 utin
2261 2491 2387 2522 Conficio
2398 2513 2407 2526 ‚
2428 2490 2473 2521 In-

1354 2530 1469 2559 terfieio.
1492 2530 1575 2560 Gloff.
1600 2530 1659 2561 Vet.
1680 2531 1833 2561 Contifices
1845 2553 1853 2566 ,
1874 2530 2025 2567 παζρέζολω.
2065 2530 2138 2560 Hinc

1316 2567 1338 2597 C
1349 2577 1395 2596 οΝ
1407 2568 1551 2598 rrrreru
1562 2579 1582 2597 M
1594 2591 1602 2604 ,
1624 2570 1643 2598 i.
1664 2579 1692 2599 n.
1716 2569 1823 2606 Vopisc.
1836 2570 1865 2599 in
1878 2569 1966 2598 Probo
1981 2578 2041 2605 cap.
2058 2577 2100 2603 ¹9·
2120 2568 2178 2604 Qui
2196 2576 2294 2596 omnes
2320 2565 2472 2597 contiiiciis

1354 2606 1514 2643 interempti
1526 2606 1596 2636 sunt.
1619 2606 1658 2636 Al.
1681 2607 1702 2636 E
1717 2608 1835 2644 posticis.
1865 2606 1896 2636 V.
1919 2606 2030 2637 Salmas.
2043 2613 2101 2635 not.
2112 2608 2137 2635 Sc
2149 2605 2220 2635 Voff.
2235 2605 2300 2634 Lex.
2312 2605 2341 2633 in
2353 2604 2471 2635 Contus.

1317 2643 1339 2673 C
1348 2653 1365 2673 o
1376 2653 1395 2672 N
1406 2653 1425 2672 T
1436 2647 1453 2673 ὁ
1463 2654 1475 2672 [²
1486 2654 1505 2672 H
1514 2647 1530 2673 ὀ
1540 2654 1555 2672 R
1567 2656 1584 2673 1.
1607 2645 1778 2680 [υνπφὸροι]
1801 2645 1929 2681 Equitum
1941 2653 2028 2682 genus
2038 2665 2046 2678 ,
2067 2644 2114 2680 qui
2127 2644 2156 2672 in
2169 2643 2243 2672 bello
2253 2644 2344 2672 contis
2354 2642 2471 2672 uteban-

1354 2688 1417 2716 tur,
1442 2682 1459 2710 i.
1477 2692 1501 2711 e.
1524 2682 1604 2712 hastis
1615 2683 1796 2720 longioribus.
1820 2683 1849 2712 V.
1873 2682 1977 2712 Polluc.
1990 2682 2036 2711 lib.
2050 2691 2072 2710 1.
2089 2681 2152 2710 sect.
2167 2690 2228 2717 131.
2249 2680 2315 2711 Non
2324 2680 2363 2710 est
2373 2687 2470 2711 tamen

1355 2719 1383 2748 in
1396 2720 1558 2756 quibusdam
1577 2720 1637 2749 Mis.
1656 2721 1731 2750 conf.
1755 2731 1772 2750 c
1781 2731 1797 2750 0
1808 2730 1828 2749 N
1839 2730 1858 2749 T
1867 2730 1884 2749 A
1895 2730 1914 2749 T
1924 2730 1942 2748 u
1951 2730 1963 2749 s
1982 2718 2067 2757 paulo
2079 2719 2166 2757 supra.

1318 2756 1366 2785 Co
1379 2766 1539 2793 NTusro‚
1561 2757 1774 2788 CoNTusus.
1814 2758 1843 2787 V.
1865 2767 2085 2788 coNTUNDo.

1319 2795 1394 2825 C0N
1404 2799 1476 2824 τῦτ
1486 2805 1527 2824 oa
1542 2818 1549 2829 ,
1571 2797 1635 2826 oris.
1658 2806 1695 2826 m.
1717 2795 1946 2831 [wufflrtgavr&]
1967 2795 2038 2833 quali
2059 2795 2130 2824 Cum
2149 2793 2204 2824 alio
2220 2798 2304 2823 tutor.
2343 2792 2473 2828 Julianus

1355 2833 1385 2862 in
1400 2833 1417 2862 l.
1440 2833 1479 2862 Ex
1497 2834 1579 2863 facto.
1599 2834 1631 2863 D.
1652 2834 1688 2863 de
1704 2834 1774 2871 Neg.
1792 2834 1855 2871 gest.
1888 2833 2008 2862 Valerius
2033 2833 2147 2862 Severus
2166 2831 2323 2869 respondit,
2343 2831 2474 2861 adversus

1357 2878 1534 2900 contutorem
1544 2872 1718 2908 negotiorum
1729 2872 1865 2907 gestorum
1878 2872 2016 2900 actionem
2032 2871 2116 2899 tutori
2127 2870 2257 2899 dandam.

1320 2908 1343 2938 C
1353 2918 1370 2938 o
1381 2918 1401 2936 N
1410 2919 1427 2938 v
1437 2913 1452 2937 Ᾰ
1462 2919 1479 2937 n
1489 2919 1505 2938 o
1514 2919 1529 2938 a
1537 2931 1545 2944 ,
1568 2907 1724 2945 [κληνόόω]
1746 2911 1794 2939 firi.
1818 2909 1897 2939 ldem
1912 2909 1987 2947 quod
2000 2908 2114 2947 simplex
2125 2929 2134 2943 ,
2155 2909 2173 2937 i.
2189 2917 2213 2937 e.
2235 2906 2404 2937 Vadimonio
2426 2906 2476 2936 ob-

1359 2947 1498 2984 stringere.
1521 2947 1606 2977 Plaut.
1620 2947 1700 2976 Curc.
1716 2957 1737 2975 1.
1753 2957 1777 2981 ς.
1794 2958 1817 2981 ς.

1440 2984 1493 3014 Ubi
1502 2990 1532 3014 tu
1543 2995 1571 3014 es
1586 2986 1632 3022 qui
1643 2994 1686 3014 me
1699 2985 1868 3015 convadatus
1880 2994 1909 3013 es
1918 2982 2042 3013 Veneriis
2051 2982 2237 3012 vadimoniis?

1322 3020 1369 3051 Co
1379 3031 1400 3065 N
1410 3032 1426 3051 v
1439 3024 1454 3051 Ᾰ
1465 3034 1479 3050 L
1490 3033 1528 3052 uo
1538 3045 1545 3058 ,
1568 3026 1629 3058 ἕπῃ
1653 3022 1698 3052 vel
1708 3024 1801 3060 potius
1822 3023 1843 3052 C
1852 3033 1868 3052 o
1880 3032 1899 3052 N
1910 3031 1926 3050 v
1937 3031 1957 3050 A
1966 3032 1982 3051 1.
1991 3031 2024 3050 ns
2035 3032 2052 3050 c
2061 3032 2078 3050 o
2088 3043 2096 3056 ,
2116 3021 2201 3054 valui,
2222 3019 2346 3055 valitum,
2359 3019 2474 3056 [ὓγοέζιη

1359 3060 1456 3096 ῥαῐζω]
1477 3062 1529 3090 ἔτει.
1553 3061 1676 3090 Salutem
1686 3070 1859 3099 recuperare.
1900 3060 1960 3089 Cic.
1972 3068 2014 3089 12.
2028 3059 2104 3089 Fam.
2117 3067 2162 3088 22.
2186 3058 2296 3087 Hircius
2313 3058 2402 3087 noster
2421 3067 2476 3087 tar-

1361 3097 1423 3126 dius
1434 3098 1610 3128 convalescit.

1358 3134 1400 3165 Ex
1411 3135 1508 3164 morbo
1519 3135 1721 3166 convalescere.
1762 3136 1821 3165 Cic.
1835 3136 1870 3164 de
1880 3135 1947 3164 Fato
1956 3140 2001 3168 28.
2022 3134 2049 3164 Si
2061 3134 2147 3163 fatum
2159 3133 2209 3163 tibi
2218 3133 2255 3162 est
2265 3142 2300 3161 ex
2309 3133 2365 3162 hoc
2375 3132 2473 3162 morbo

1377 3173 1586 3239 colnvsalescere‚
1608 3174 1705 3204 sivetu
1717 3175 1859 3204 medicum
1875 3172 2052 3208 adhibueris,
2069 3172 2122 3202 five
2138 3181 2195 3201 non
2209 3170 2385 3208 adhibueris,
2407 3180 2474 3201 con-

1379 3220 1411 3239 va
1425 3222 1438 3239 e
1452 3221 1505 3240 ces.

1361 3248 1451 3284 Magis
1462 3249 1551 3279 indies
1560 3249 1761 3279 convalescere.
1785 3248 1843 3278 Cic.
1857 3258 1908 3286 pro
1921 3247 2017 3278 Milon.
2034 3256 2079 3282 ας.

1360 3286 1462 3315 Civitas
1480 3287 1668 3317 convalescere
1689 3288 1714 3316 &
1734 3286 1820 3316 sanari
1832 3286 1942 3316 dicitur.
1983 3286 2038 3315 Cic.
2053 3294 2102 3320 pro
2113 3283 2180 3313 Sull.
2191 3286 2236 3320 76.
2261 3283 2299 3313 Ex
2319 3283 2424 3319 magnis
2445 3283 2471 3312 &

1379 3324 1516 3353 diuturnis
1526 3327 1550 3354 δι
1560 3326 1616 3361 jam
1627 3324 1776 3362 desperatis
1795 3324 1912 3362 Reipub.
1925 3324 2029 3353 morbis
2040 3323 2086 3352 ista
2096 3329 2210 3358 repente
2221 3322 2261 3350 vis
2273 3331 2319 3351 eru
2343 3321 2376 3349 it:
2399 3327 2431 3350 ut
2441 3330 2474 3349 ea

1379 3363 1507 3391 confecta
1519 3364 1543 3391 ἃ
1555 3364 1642 3397 ejecta
1654 3384 1662 3397 ,
1683 3361 1875 3392 convalescere
1886 3363 1912 3392 δε
1921 3361 2007 3391 sanari
2017 3360 2166 3397 aliquando
2176 3360 2270 3388 civitas
2282 3367 2318 3396 po
2342 3364 2371 3387 1t.

1360 3398 1404 3429 Ne
1414 3400 1452 3428 rei
1463 3400 1609 3429 crudelitas
1619 3401 1779 3437 experrecta
1797 3401 1826 3429 in
1841 3409 1905 3436 me,
1926 3400 1956 3429 in
1975 3408 2024 3430 vos
2039 3397 2221 3428 convalescat.
2243 3397 2301 3427 Cic.
2314 3397 2410 3433 Anteq.
2424 3395 2475 3425 iret

1381 3437 1408 3466 in
1422 3438 1486 3466 exil.
1503 3448 1544 3473 14.
1587 3437 1625 3467 Al.
1649 3438 1776 3475 Experta.

1360 3474 1441 3504 Fama
1454 3475 1605 3504 convaluit.
1630 3475 1706 3505 Curt.
1717 3486 1740 3510 9.
1756 3479 1782 3504 6.

1359 3512 1480 3542 Flamma
1490 3513 1638 3542 convaluit.

1379 3551 1466 3584 veris.
1486 3551 1540 3585 jam
1553 3550 1598 3580 illa
1609 3551 1729 3585 flamma,
1750 3560 1809 3587 quce
1820 3560 1918 3587 magna
1927 3550 2056 3587 congerie
2074 3547 2260 3581 convaluerat,
2282 3546 2405 3576 diductis
2417 3547 2476 3583 qui-

1379 3588 1429 3617 bus
1438 3588 1575 3621 alebatur,
1599 3590 1740 3618 concidet.

1360 3625 1434 3662 Ignis
1443 3626 1600 3660 convaluit,
1623 3627 1639 3655 i.
1649 3636 1672 3655 e.
1697 3627 1772 3655 Vires
1781 3625 1927 3662 assumpsit.
1949 3624 2032 3655 Ovid.
2047 3630 2072 3658 8.
2087 3623 2155 3652 Met.
2169 3631 2233 3657 477.

1361 3661 1574 3693 Incommodum
1592 3664 1626 3692 ad
1641 3665 1792 3701 pernicicm
1807 3664 1964 3699 aliquorum
1983 3660 2157 3691 convalescit.
2200 3659 2258 3700 Cic.
2274 3659 2368 3695 Anteq.
2382 3658 2433 3688 iret
2444 3659 2472 3688 in

1379 3700 1444 3730 exil.
1461 3705 1501 3729 16.
1526 3701 1597 3730 Mihi
1611 3702 1726 3735 credite,
1739 3701 1832 3729 hocin
1847 3710 1902 3729 uno
1919 3700 2128 3730 incommodum
2147 3699 2350 3730 con'nrmatum,
2371 3695 2471 3725 multo-

1378 3738 1843 3768 ruminfirmabitincolumitatem:
1868 3740 1892 3767 δ’(
1908 3738 1925 3767 sl
1936 3738 2016 3767 initio
2027 3746 2084 3766 non
2100 3736 2153 3764 erit
2168 3734 2332 3769 refutatum,
2354 3734 2470 3770 impune

1379 3776 1413 3804 ad
1424 3777 1549 3804 omnium
1560 3777 1710 3811 perniciem
1722 3775 1904 3806 convalescet.

1360 3812 1435 3880 Nkala
1446 3813 1609 3843 convaluere
1629 3824 1676 3851 per
1696 3815 1790 3852 longas
1802 3823 1891 3842 moras
1901 3835 1908 3847 ,
1930 3813 1946 3842 i.
1961 3821 1985 3842 e.
2008 3809 2174 3840 Confirmata
2192 3809 2261 3839 sunt.
2283 3809 2368 3839 Ovitl.
2391 3807 2471 3838 Rem.

1403 3860 1470 3879 mor.
1486 3861 1548 3879 211.

1359 3887 1444 3919 Mens
1454 3888 1604 3919 convaluit.
1626 3889 1708 3919 Ovid.
1726 3899 1766 3925 15.
1780 3889 1861 3926 Epist.
1875 3896 1919 3924 73.
2398 3921 2424 3950 O

2427 3930 2475 3959 pes

1611 1884 1751 1923 [ιώντῶ]
1771 1887 1859 1916 Sudes
1870 1887 1924 1922 est,
1954 1886 2009 1916 live
2035 1886 2109 1916 hasta
2124 1885 2251 1921 longior,
2273 1884 2423 1923 duriorque
2442 1885 2471 1917 δε
2503 1882 2506 1886 ’

1679 3512 1798 3550 Quintil.
1816 3512 1864 3541 lib.
1879 3523 1902 3546 ς.
1916 3521 1977 3550 cap.
1993 3521 2036 3548 13.
2060 3512 2092 3540 At
2110 3510 2126 3539 sl
2138 3507 2240 3545 singula
2251 3517 2366 3545 quaeque
2381 3507 2473 3537 dissol-
2511 3531 2513 3534 .

2570 3940 2589 3964 l
