<?xml version="1.0" encoding="UTF-8"?>
<!DOCTYPE html PUBLIC "-//W3C//DTD XHTML 1.0 Transitional//EN"
    "http://www.w3.org/TR/xhtml1/DTD/xhtml1-transitional.dtd">
<html xmlns="http://www.w3.org/1999/xhtml" xml:lang="en" lang="en">
 <head>
  <title>
</title>
<meta http-equiv="Content-Type" content="text/html;charset=utf-8" />
  <meta name='ocr-system' content='tesseract 3.04.00' />
  <meta name='ocr-capabilities' content='ocr_page ocr_carea ocr_par ocr_line ocrx_word'/>
</head>
<body>
  <div class='ocr_page' id='page_1' title='image "./robertistephanil01esti_0508.png"; bbox 0 0 2604 4222; ppageno 0'>
   <div class='ocr_carea' id='block_1_1' title="bbox 183 139 895 187">
    <p class='ocr_par' dir='ltr' id='par_1_1' title="bbox 183 139 895 187">
     <span class='ocr_line' id='line_1_1' title="bbox 183 139 895 187; baseline -0.001 -3"><span class='ocrx_word' id='word_1_1' title='bbox 183 150 256 187; x_wconf 78' lang='lat'>434</span> <span class='ocrx_word' id='word_1_2' title='bbox 618 139 895 174; x_wconf 84' lang='lat' dir='ltr'>CAP</span> 
     </span>
    </p>
   </div>
   <div class='ocr_carea' id='block_1_2' title="bbox 222 215 1341 369">
    <p class='ocr_par' dir='ltr' id='par_1_2' title="bbox 222 215 1341 369">
     <span class='ocr_line' id='line_1_2' title="bbox 222 215 1339 261; baseline -0.008 -9"><span class='ocrx_word' id='word_1_3' title='bbox 222 222 328 252; x_wconf 91' lang='lat' dir='ltr'>Treviri</span> <span class='ocrx_word' id='word_1_4' title='bbox 343 223 482 261; x_wconf 75' lang='lat' dir='ltr'>capitales.</span> <span class='ocrx_word' id='word_1_5' title='bbox 523 222 581 251; x_wconf 87' lang='lat' dir='ltr'>Cic.</span> <span class='ocrx_word' id='word_1_6' title='bbox 595 231 619 258; x_wconf 90' lang='lat'>7.</span> <span class='ocrx_word' id='word_1_7' title='bbox 633 221 706 250; x_wconf 74' lang='lat' dir='ltr'>Fam.</span> <span class='ocrx_word' id='word_1_8' title='bbox 725 230 766 254; x_wconf 75' lang='lat' dir='ltr'>iz.</span> <span class='ocrx_word' id='word_1_9' title='bbox 788 220 885 249; x_wconf 71' lang='lat' dir='ltr'>Ditstos</span> <span class='ocrx_word' id='word_1_10' title='bbox 905 224 1006 261; x_wconf 57' lang='lat' dir='ltr'>putarit</span> <span class='ocrx_word' id='word_1_11' title='bbox 1027 217 1185 261; x_wconf 70' lang='lat' dir='ltr'>Capitales,</span> <span class='ocrx_word' id='word_1_12' title='bbox 1206 216 1250 244; x_wconf 85' lang='lat' dir='ltr'>vel</span> <span class='ocrx_word' id='word_1_13' title='bbox 1264 215 1339 251; x_wconf 84' lang='lat' dir='ltr'>quod</span> 
     </span>
     <span class='ocr_line' id='line_1_3' title="bbox 242 254 1340 298; baseline -0.008 -9"><span class='ocrx_word' id='word_1_14' title='bbox 242 261 293 289; x_wconf 82' lang='lat' dir='ltr'>lint</span> <span class='ocrx_word' id='word_1_15' title='bbox 306 271 388 289; x_wconf 86' lang='lat' dir='ltr'>manu</span> <span class='ocrx_word' id='word_1_16' title='bbox 403 260 524 298; x_wconf 84' lang='lat' dir='ltr'>prompti</span> <span class='ocrx_word' id='word_1_17' title='bbox 536 283 543 293; x_wconf 80' lang='lat'>,</span> <span class='ocrx_word' id='word_1_18' title='bbox 564 261 589 289; x_wconf 64' lang='lat' dir='ltr'>Sc</span> <span class='ocrx_word' id='word_1_19' title='bbox 601 259 717 287; x_wconf 88' lang='lat' dir='ltr'>aliorum</span> <span class='ocrx_word' id='word_1_20' title='bbox 728 258 816 294; x_wconf 77' lang='lat' dir='ltr'>capita</span> <span class='ocrx_word' id='word_1_21' title='bbox 831 265 943 294; x_wconf 69' lang='lat' dir='ltr'>petant,</span> <span class='ocrx_word' id='word_1_22' title='bbox 966 260 1033 285; x_wconf 83' lang='lat' dir='ltr'>licut</span> <span class='ocrx_word' id='word_1_23' title='bbox 1051 256 1153 284; x_wconf 86' lang='lat' dir='ltr'>dicitur</span> <span class='ocrx_word' id='word_1_24' title='bbox 1170 254 1340 296; x_wconf 46' lang='lat' dir='ltr'>Morbus-ca-</span> 
     </span>
     <span class='ocr_line' id='line_1_4' title="bbox 243 291 1341 336; baseline -0.007 -9"><span class='ocrx_word' id='word_1_25' title='bbox 243 298 355 336; x_wconf 68' lang='lat' dir='ltr'>pitulis:</span> <span class='ocrx_word' id='word_1_26' title='bbox 377 299 421 327; x_wconf 85' lang='lat' dir='ltr'>vel</span> <span class='ocrx_word' id='word_1_27' title='bbox 443 298 517 333; x_wconf 83' lang='lat' dir='ltr'>quod</span> <span class='ocrx_word' id='word_1_28' title='bbox 534 298 583 325; x_wconf 80' lang='lat' dir='ltr'>sint</span> <span class='ocrx_word' id='word_1_29' title='bbox 604 297 679 333; x_wconf 75' lang='lat' dir='ltr'>digni</span> <span class='ocrx_word' id='word_1_30' title='bbox 696 305 813 332; x_wconf 90' lang='lat' dir='ltr'>quorum</span> <span class='ocrx_word' id='word_1_31' title='bbox 828 295 918 330; x_wconf 82' lang='lat' dir='ltr'>capita</span> <span class='ocrx_word' id='word_1_32' title='bbox 934 301 1062 331; x_wconf 82' lang='lat' dir='ltr'>petantur</span> <span class='ocrx_word' id='word_1_33' title='bbox 1075 314 1081 325; x_wconf 86' lang='lat'>,</span> <span class='ocrx_word' id='word_1_34' title='bbox 1105 298 1217 329; x_wconf 84' lang='lat' dir='ltr'>propter</span> <span class='ocrx_word' id='word_1_35' title='bbox 1230 291 1341 320; x_wconf 77' lang='lat' dir='ltr'>hostiles</span> 
     </span>
     <span class='ocr_line' id='line_1_5' title="bbox 243 328 1319 369; baseline -0.007 -4"><span class='ocrx_word' id='word_1_36' title='bbox 243 346 340 365; x_wconf 87' lang='lat' dir='ltr'>eorum</span> <span class='ocrx_word' id='word_1_37' title='bbox 357 337 463 364; x_wconf 86' lang='lat' dir='ltr'>animos</span> <span class='ocrx_word' id='word_1_38' title='bbox 477 357 484 369; x_wconf 77' lang='lat'>,</span> <span class='ocrx_word' id='word_1_39' title='bbox 503 337 528 364; x_wconf 64' lang='grc' dir='ltr'>δε</span> <span class='ocrx_word' id='word_1_40' title='bbox 539 335 617 363; x_wconf 64' lang='lat' dir='ltr'>fucta.</span> <span class='ocrx_word' id='word_1_41' title='bbox 656 334 811 368; x_wconf 68' lang='lat' dir='ltr'>[Ambigue</span> <span class='ocrx_word' id='word_1_42' title='bbox 825 332 985 360; x_wconf 61' lang='lat' dir='ltr'>dictumest.</span> <span class='ocrx_word' id='word_1_43' title='bbox 1018 330 1048 358; x_wconf 92' lang='lat' dir='ltr'>V.</span> <span class='ocrx_word' id='word_1_44' title='bbox 1079 331 1201 366; x_wconf 82' lang='lat' dir='ltr'>Interpp.</span> <span class='ocrx_word' id='word_1_45' title='bbox 1215 328 1249 356; x_wconf 87' lang='lat' dir='ltr'>ad</span> <span class='ocrx_word' id='word_1_46' title='bbox 1266 328 1319 357; x_wconf 87' lang='lat' dir='ltr'>loc.</span> 
     </span>
    </p>
   </div>
   <div class='ocr_carea' id='block_1_3' title="bbox 226 365 1344 410">
    <p class='ocr_par' dir='ltr' id='par_1_3' title="bbox 226 365 1344 410">
     <span class='ocr_line' id='line_1_6' title="bbox 226 365 1344 410; baseline -0.008 -8"><span class='ocrx_word' id='word_1_47' title='bbox 226 373 378 403; x_wconf 87' lang='lat' dir='ltr'>Triumviri</span> <span class='ocrx_word' id='word_1_48' title='bbox 390 373 537 410; x_wconf 78' lang='lat' dir='ltr'>capitales,</span> <span class='ocrx_word' id='word_1_49' title='bbox 559 373 598 400; x_wconf 84' lang='lat' dir='ltr'>Ad</span> <span class='ocrx_word' id='word_1_50' title='bbox 619 381 687 407; x_wconf 82' lang='lat' dir='ltr'>quos</span> <span class='ocrx_word' id='word_1_51' title='bbox 700 370 861 407; x_wconf 80' lang='lat' dir='ltr'>capitalium</span> <span class='ocrx_word' id='word_1_52' title='bbox 875 368 1016 397; x_wconf 73' lang='lat' dir='ltr'>causarum</span> <span class='ocrx_word' id='word_1_53' title='bbox 1027 366 1226 396; x_wconf 77' lang='lat' dir='ltr'>animadversio</span> <span class='ocrx_word' id='word_1_54' title='bbox 1239 365 1344 402; x_wconf 57' lang='lat' dir='ltr'>specia-</span> 
     </span>
    </p>
   </div>
   <div class='ocr_carea' id='block_1_4' title="bbox 144 403 1342 4023">
    <p class='ocr_par' dir='ltr' id='par_1_4' title="bbox 246 403 1342 486">
     <span class='ocr_line' id='line_1_7' title="bbox 248 403 1342 445; baseline -0.008 -5"><span class='ocrx_word' id='word_1_55' title='bbox 248 412 302 440; x_wconf 91' lang='lat' dir='ltr'>bat.</span> <span class='ocrx_word' id='word_1_56' title='bbox 326 412 383 440; x_wconf 88' lang='lat' dir='ltr'>Liv.</span> <span class='ocrx_word' id='word_1_57' title='bbox 408 421 450 445; x_wconf 79' lang='lat'>39.</span> <span class='ocrx_word' id='word_1_58' title='bbox 466 420 506 445; x_wconf 87' lang='lat'>14.</span> <span class='ocrx_word' id='word_1_59' title='bbox 517 416 584 438; x_wconf 75' lang='lat' dir='ltr'>extr.</span> <span class='ocrx_word' id='word_1_60' title='bbox 599 409 760 438; x_wconf 85' lang='lat' dir='ltr'>Triumviris</span> <span class='ocrx_word' id='word_1_61' title='bbox 771 406 936 444; x_wconf 58' lang='lat' dir='ltr'>capitalibus</span> <span class='ocrx_word' id='word_1_62' title='bbox 947 405 1120 438; x_wconf 78' lang='lat' dir='ltr'>mandatum,</span> <span class='ocrx_word' id='word_1_63' title='bbox 1136 411 1168 433; x_wconf 88' lang='lat' dir='ltr'>ut</span> <span class='ocrx_word' id='word_1_64' title='bbox 1183 403 1291 440; x_wconf 80' lang='lat' dir='ltr'>vigilias</span> <span class='ocrx_word' id='word_1_65' title='bbox 1302 403 1342 431; x_wconf 91' lang='lat' dir='ltr'>di-</span> 
     </span>
     <span class='ocr_line' id='line_1_8' title="bbox 246 446 872 486; baseline -0.011 -8"><span class='ocrx_word' id='word_1_66' title='bbox 246 449 396 486; x_wconf 88' lang='lat' dir='ltr'>sponerent</span> <span class='ocrx_word' id='word_1_67' title='bbox 414 458 462 485; x_wconf 86' lang='lat' dir='ltr'>per</span> <span class='ocrx_word' id='word_1_68' title='bbox 480 447 586 476; x_wconf 79' lang='lat' dir='ltr'>urbem.</span> <span class='ocrx_word' id='word_1_69' title='bbox 627 446 654 473; x_wconf 91' lang='lat' dir='ltr'>V.</span> <span class='ocrx_word' id='word_1_70' title='bbox 678 455 696 473; x_wconf 86' lang='lat' dir='ltr'>T</span> <span class='ocrx_word' id='word_1_71' title='bbox 707 455 736 472; x_wconf 61' lang='lat' dir='ltr'>ai</span> <span class='ocrx_word' id='word_1_72' title='bbox 747 455 764 473; x_wconf 79' lang='lat' dir='ltr'><strong>U</strong></span> <span class='ocrx_word' id='word_1_73' title='bbox 775 456 793 472; x_wconf 95' lang='lat' dir='ltr'>M</span> <span class='ocrx_word' id='word_1_74' title='bbox 805 454 820 472; x_wconf 89' lang='grc' dir='ltr'><strong><em>ν</em></strong></span> <span class='ocrx_word' id='word_1_75' title='bbox 831 455 838 471; x_wconf 94' lang='lat'>1</span> <span class='ocrx_word' id='word_1_76' title='bbox 850 454 872 472; x_wconf 66' lang='lat' dir='ltr'>iz.</span> 
     </span>
    </p>

    <p class='ocr_par' dir='ltr' id='par_1_5' title="bbox 227 481 1339 601">
     <span class='ocr_line' id='line_1_9' title="bbox 227 481 1267 523; baseline -0.011 -7"><span class='ocrx_word' id='word_1_77' title='bbox 227 486 360 523; x_wconf 86' lang='lat' dir='ltr'>Capitalis</span> <span class='ocrx_word' id='word_1_78' title='bbox 373 508 380 519; x_wconf 85' lang='lat'>,</span> <span class='ocrx_word' id='word_1_79' title='bbox 401 484 576 522; x_wconf 80' lang='lat' dir='ltr'>Ingeniosum</span> <span class='ocrx_word' id='word_1_80' title='bbox 589 483 726 520; x_wconf 78' lang='lat' dir='ltr'>fignificat.</span> <span class='ocrx_word' id='word_1_81' title='bbox 767 482 825 510; x_wconf 89' lang='lat' dir='ltr'>Cic.</span> <span class='ocrx_word' id='word_1_82' title='bbox 843 491 867 509; x_wconf 90' lang='lat'>2.</span> <span class='ocrx_word' id='word_1_83' title='bbox 881 481 916 517; x_wconf 80' lang='lat' dir='ltr'>Q</span> <span class='ocrx_word' id='word_1_84' title='bbox 1121 518 1126 523; x_wconf 36' lang='lat'>¹</span> <span class='ocrx_word' id='word_1_85' title='bbox 1144 518 1148 522; x_wconf 38' lang='grc' dir='ltr'>Ι</span> <span class='ocrx_word' id='word_1_86' title='bbox 1262 517 1267 522; x_wconf 93' lang='lat'>.</span> 
     </span>
     <span class='ocr_line' id='line_1_10' title="bbox 247 516 1339 558; baseline -0.007 -5"><span class='ocrx_word' id='word_1_87' title='bbox 247 525 308 553; x_wconf 81' lang='lat' dir='ltr'>talis</span> <span class='ocrx_word' id='word_1_88' title='bbox 318 546 325 557; x_wconf 78' lang='lat'>,</span> <span class='ocrx_word' id='word_1_89' title='bbox 347 523 457 558; x_wconf 81' lang='lat' dir='ltr'>creber,</span> <span class='ocrx_word' id='word_1_90' title='bbox 480 528 577 551; x_wconf 85' lang='lat' dir='ltr'>acutus</span> <span class='ocrx_word' id='word_1_91' title='bbox 587 543 594 556; x_wconf 87' lang='lat'>,</span> <span class='ocrx_word' id='word_1_92' title='bbox 615 529 695 558; x_wconf 72' lang='lat' dir='ltr'>paene</span> <span class='ocrx_word' id='word_1_93' title='bbox 707 519 821 557; x_wconf 85' lang='lat' dir='ltr'>pusillus</span> <span class='ocrx_word' id='word_1_94' title='bbox 830 518 1020 556; x_wconf 83' lang='lat' dir='ltr'>Thucydides.</span> <span class='ocrx_word' id='word_1_95' title='bbox 1033 516 1069 547; x_wconf 87' lang='lat' dir='ltr'>de</span> <span class='ocrx_word' id='word_1_96' title='bbox 1080 517 1201 547; x_wconf 77' lang='lat' dir='ltr'>Philisto.</span> <span class='ocrx_word' id='word_1_97' title='bbox 1213 516 1298 546; x_wconf 74' lang='lat' dir='ltr'>Ovid.</span> <span class='ocrx_word' id='word_1_98' title='bbox 1315 525 1339 552; x_wconf 87' lang='lat'>3.</span> 
     </span>
     <span class='ocr_line' id='line_1_11' title="bbox 246 562 524 601; baseline -0.011 -9"><span class='ocrx_word' id='word_1_99' title='bbox 246 562 314 592; x_wconf 87' lang='lat' dir='ltr'>Fast.</span> <span class='ocrx_word' id='word_1_100' title='bbox 329 567 391 597; x_wconf 86' lang='lat'>839.</span> <span class='ocrx_word' id='word_1_101' title='bbox 520 597 524 601; x_wconf 40' lang='grc' dir='ltr'>Ι</span> 
     </span>
    </p>

    <p class='ocr_par' dir='ltr' id='par_1_6' title="bbox 306 595 1046 672">
     <span class='ocr_line' id='line_1_12' title="bbox 419 595 726 632; baseline -0.01 -7"><span class='ocrx_word' id='word_1_102' title='bbox 419 612 456 616; x_wconf 86' lang='grc'>-</span> <span class='ocrx_word' id='word_1_103' title='bbox 465 595 582 632; x_wconf 78' lang='lat' dir='ltr'>capitale</span> <span class='ocrx_word' id='word_1_104' title='bbox 593 602 726 624; x_wconf 86' lang='lat' dir='ltr'>vocamus</span> 
     </span>
     <span class='ocr_line' id='line_1_13' title="bbox 306 630 1046 672; baseline -0.005 -8"><span class='ocrx_word' id='word_1_105' title='bbox 306 635 451 672; x_wconf 78' lang='lat' dir='ltr'><strong>Ingenium</strong></span> <span class='ocrx_word' id='word_1_106' title='bbox 467 634 557 662; x_wconf 85' lang='lat' dir='ltr'>solers.</span> <span class='ocrx_word' id='word_1_107' title='bbox 652 632 683 660; x_wconf 94' lang='lat' dir='ltr'>V.</span> <span class='ocrx_word' id='word_1_108' title='bbox 707 631 807 660; x_wconf 84' lang='lat' dir='ltr'>Muret.</span> <span class='ocrx_word' id='word_1_109' title='bbox 819 630 882 660; x_wconf 82' lang='lat' dir='ltr'>Var.</span> <span class='ocrx_word' id='word_1_110' title='bbox 893 631 967 660; x_wconf 71' lang='lat' dir='ltr'>Lect.</span> <span class='ocrx_word' id='word_1_111' title='bbox 979 640 1005 660; x_wconf 82' lang='lat'>2.</span> <span class='ocrx_word' id='word_1_112' title='bbox 1022 641 1046 666; x_wconf 79' lang='grc' dir='ltr'>ς.</span> 
     </span>
    </p>

    <p class='ocr_par' dir='ltr' id='par_1_7' title="bbox 188 666 1340 782">
     <span class='ocr_line' id='line_1_14' title="bbox 188 666 1339 709; baseline -0.007 -7"><span class='ocrx_word' id='word_1_113' title='bbox 188 674 309 705; x_wconf 77' lang='lat' dir='ltr'>CAPIT</span> <span class='ocrx_word' id='word_1_114' title='bbox 321 674 434 701; x_wconf 67' lang='lat' dir='ltr'>ALi’rs</span> <span class='ocrx_word' id='word_1_115' title='bbox 446 682 475 705; x_wconf 69' lang='lat' dir='ltr'>a,</span> <span class='ocrx_word' id='word_1_116' title='bbox 498 669 640 706; x_wconf 54' lang='grc' dir='ltr'>[φωναῖς]</span> <span class='ocrx_word' id='word_1_117' title='bbox 662 669 728 698; x_wconf 90' lang='lat' dir='ltr'>Adv.</span> <span class='ocrx_word' id='word_1_118' title='bbox 758 668 825 697; x_wconf 90' lang='lat' dir='ltr'>Plin.</span> <span class='ocrx_word' id='word_1_119' title='bbox 852 669 899 698; x_wconf 92' lang='lat' dir='ltr'>lib.</span> <span class='ocrx_word' id='word_1_120' title='bbox 915 680 937 699; x_wconf 92' lang='lat'>1.</span> <span class='ocrx_word' id='word_1_121' title='bbox 958 669 1040 707; x_wconf 87' lang='lat' dir='ltr'>Epist.</span> <span class='ocrx_word' id='word_1_122' title='bbox 1054 679 1078 704; x_wconf 81' lang='grc' dir='ltr'>ς.</span> <span class='ocrx_word' id='word_1_123' title='bbox 1104 667 1140 697; x_wconf 83' lang='lat' dir='ltr'>ad</span> <span class='ocrx_word' id='word_1_124' title='bbox 1161 666 1339 709; x_wconf 73' lang='lat' dir='ltr'>Voconium,</span> 
     </span>
     <span class='ocr_line' id='line_1_15' title="bbox 226 705 1340 745; baseline -0.006 -6"><span class='ocrx_word' id='word_1_125' title='bbox 226 712 357 740; x_wconf 79' lang='lat' dir='ltr'>Praeterea</span> <span class='ocrx_word' id='word_1_126' title='bbox 373 708 596 738; x_wconf 76' lang='lat' dir='ltr'>reminiscebatur</span> <span class='ocrx_word' id='word_1_127' title='bbox 607 729 614 740; x_wconf 78' lang='lat'>,</span> <span class='ocrx_word' id='word_1_128' title='bbox 636 716 717 743; x_wconf 87' lang='lat' dir='ltr'>quarn</span> <span class='ocrx_word' id='word_1_129' title='bbox 736 706 889 743; x_wconf 79' lang='lat' dir='ltr'>capitaliter</span> <span class='ocrx_word' id='word_1_130' title='bbox 900 718 946 738; x_wconf 90' lang='lat' dir='ltr'>me</span> <span class='ocrx_word' id='word_1_131' title='bbox 955 707 1046 745; x_wconf 89' lang='lat' dir='ltr'>ipsum</span> <span class='ocrx_word' id='word_1_132' title='bbox 1055 706 1130 745; x_wconf 83' lang='lat' dir='ltr'>apud</span> <span class='ocrx_word' id='word_1_133' title='bbox 1143 705 1340 736; x_wconf 87' lang='lat' dir='ltr'>Centuniviros</span> 
     </span>
     <span class='ocr_line' id='line_1_16' title="bbox 226 744 816 782; baseline -0.007 -5"><span class='ocrx_word' id='word_1_134' title='bbox 226 747 377 777; x_wconf 69' lang='lat' dir='ltr'>lacessisset.</span> <span class='ocrx_word' id='word_1_135' title='bbox 408 747 424 774; x_wconf 89' lang='lat' dir='ltr'>i.</span> <span class='ocrx_word' id='word_1_136' title='bbox 443 755 466 774; x_wconf 85' lang='lat' dir='ltr'>e.</span> <span class='ocrx_word' id='word_1_137' title='bbox 490 746 561 775; x_wconf 90' lang='lat' dir='ltr'>Cum</span> <span class='ocrx_word' id='word_1_138' title='bbox 573 744 697 782; x_wconf 87' lang='lat' dir='ltr'>periculo</span> <span class='ocrx_word' id='word_1_139' title='bbox 708 745 816 782; x_wconf 82' lang='lat' dir='ltr'>capitis.</span> 
     </span>
    </p>

    <p class='ocr_par' dir='ltr' id='par_1_8' title="bbox 223 782 840 820">
     <span class='ocr_line' id='line_1_17' title="bbox 223 782 840 820; baseline -0.003 -6"><span class='ocrx_word' id='word_1_140' title='bbox 223 786 450 815; x_wconf 81' lang='lat' dir='ltr'>Animadvertere</span> <span class='ocrx_word' id='word_1_141' title='bbox 463 783 623 820; x_wconf 77' lang='lat' dir='ltr'>capitaliter.</span> <span class='ocrx_word' id='word_1_142' title='bbox 647 782 741 819; x_wconf 85' lang='lat' dir='ltr'>Veget.</span> <span class='ocrx_word' id='word_1_143' title='bbox 756 791 781 811; x_wconf 83' lang='lat'>2.</span> <span class='ocrx_word' id='word_1_144' title='bbox 795 791 840 813; x_wconf 89' lang='lat'>22.</span> 
     </span>
    </p>

    <p class='ocr_par' dir='ltr' id='par_1_9' title="bbox 225 820 776 859">
     <span class='ocr_line' id='line_1_18' title="bbox 225 820 776 859; baseline -0.007 -7"><span class='ocrx_word' id='word_1_145' title='bbox 225 822 320 852; x_wconf 79' lang='lat' dir='ltr'>Odiii&#39;e</span> <span class='ocrx_word' id='word_1_146' title='bbox 335 821 496 859; x_wconf 76' lang='lat' dir='ltr'>capitaliter.</span> <span class='ocrx_word' id='word_1_147' title='bbox 520 820 655 848; x_wconf 78' lang='lat' dir='ltr'>Ammian.</span> <span class='ocrx_word' id='word_1_148' title='bbox 672 830 716 848; x_wconf 88' lang='lat'>21.</span> <span class='ocrx_word' id='word_1_149' title='bbox 735 830 776 854; x_wconf 80' lang='lat'>32.</span> 
     </span>
    </p>

    <p class='ocr_par' dir='ltr' id='par_1_10' title="bbox 187 853 1338 1088">
     <span class='ocr_line' id='line_1_19' title="bbox 187 853 1338 898; baseline -0.005 -9"><span class='ocrx_word' id='word_1_150' title='bbox 187 860 211 890; x_wconf 90' lang='lat' dir='ltr'>C</span> <span class='ocrx_word' id='word_1_151' title='bbox 219 871 237 890; x_wconf 99' lang='lat' dir='ltr'>A</span> <span class='ocrx_word' id='word_1_152' title='bbox 247 871 261 888; x_wconf 87' lang='grc' dir='ltr'>Ρ</span> <span class='ocrx_word' id='word_1_153' title='bbox 270 871 278 888; x_wconf 84' lang='grc' dir='ltr'><strong><em>ι</em></strong></span> <span class='ocrx_word' id='word_1_154' title='bbox 288 870 306 887; x_wconf 79' lang='grc' dir='ltr'><strong>τ</strong></span> <span class='ocrx_word' id='word_1_155' title='bbox 317 870 334 887; x_wconf 90' lang='lat' dir='ltr'>A</span> <span class='ocrx_word' id='word_1_156' title='bbox 344 869 362 888; x_wconf 99' lang='lat' dir='ltr'>N</span> <span class='ocrx_word' id='word_1_157' title='bbox 374 870 386 887; x_wconf 81' lang='grc' dir='ltr'>Ρ.</span> <span class='ocrx_word' id='word_1_158' title='bbox 396 870 403 886; x_wconf 85' lang='grc' dir='ltr'>ι</span> <span class='ocrx_word' id='word_1_159' title='bbox 415 880 423 893; x_wconf 83' lang='grc'><em>,</em></span> <span class='ocrx_word' id='word_1_160' title='bbox 444 863 530 887; x_wconf 83' lang='lat' dir='ltr'>oru&#39;m.</span> <span class='ocrx_word' id='word_1_161' title='bbox 552 868 588 887; x_wconf 90' lang='lat' dir='ltr'>ni.</span> <span class='ocrx_word' id='word_1_162' title='bbox 611 857 670 886; x_wconf 80' lang='lat' dir='ltr'>Vox</span> <span class='ocrx_word' id='word_1_163' title='bbox 682 857 859 886; x_wconf 82' lang='lat' dir='ltr'>barbarorum</span> <span class='ocrx_word' id='word_1_164' title='bbox 869 857 1057 887; x_wconf 86' lang='lat' dir='ltr'>Feudistarum</span> <span class='ocrx_word' id='word_1_165' title='bbox 1077 857 1153 893; x_wconf 89' lang='lat' dir='ltr'>(qua</span> <span class='ocrx_word' id='word_1_166' title='bbox 1162 860 1256 896; x_wconf 80' lang='lat' dir='ltr'>tamen</span> <span class='ocrx_word' id='word_1_167' title='bbox 1270 855 1296 884; x_wconf 72' lang='lat'>6&lt;</span> <span class='ocrx_word' id='word_1_168' title='bbox 1307 853 1338 898; x_wconf 76' lang='lat' dir='ltr'>li-</span> 
     </span>
     <span class='ocr_line' id='line_1_20' title="bbox 223 891 1338 932; baseline -0.004 -6"><span class='ocrx_word' id='word_1_169' title='bbox 223 898 335 927; x_wconf 90' lang='lat' dir='ltr'>milibus</span> <span class='ocrx_word' id='word_1_170' title='bbox 349 897 463 925; x_wconf 86' lang='lat' dir='ltr'>vocibus</span> <span class='ocrx_word' id='word_1_171' title='bbox 473 897 499 924; x_wconf 91' lang='lat' dir='ltr'>in</span> <span class='ocrx_word' id='word_1_172' title='bbox 512 905 540 924; x_wconf 91' lang='lat' dir='ltr'>re</span> <span class='ocrx_word' id='word_1_173' title='bbox 551 895 679 932; x_wconf 73' lang='lat' dir='ltr'>praeclara</span> <span class='ocrx_word' id='word_1_174' title='bbox 693 895 774 924; x_wconf 85' lang='lat' dir='ltr'>nobis</span> <span class='ocrx_word' id='word_1_175' title='bbox 787 895 924 924; x_wconf 86' lang='lat' dir='ltr'>utendum</span> <span class='ocrx_word' id='word_1_176' title='bbox 935 896 973 924; x_wconf 83' lang='lat' dir='ltr'>est</span> <span class='ocrx_word' id='word_1_177' title='bbox 982 917 990 930; x_wconf 84' lang='lat'>‚</span> <span class='ocrx_word' id='word_1_178' title='bbox 1012 895 1029 923; x_wconf 87' lang='lat' dir='ltr'>fi</span> <span class='ocrx_word' id='word_1_179' title='bbox 1042 893 1125 932; x_wconf 88' lang='lat' dir='ltr'>plane</span> <span class='ocrx_word' id='word_1_180' title='bbox 1137 892 1255 930; x_wconf 65' lang='lat' dir='ltr'>intelligi</span> <span class='ocrx_word' id='word_1_181' title='bbox 1270 891 1338 922; x_wconf 87' lang='lat' dir='ltr'>veli-</span> 
     </span>
     <span class='ocr_line' id='line_1_21' title="bbox 222 930 1337 973; baseline -0.005 -9"><span class='ocrx_word' id='word_1_182' title='bbox 222 945 285 964; x_wconf 87' lang='lat' dir='ltr'>mus</span> <span class='ocrx_word' id='word_1_183' title='bbox 296 936 308 967; x_wconf 73' lang='lat'><em>)</em></span> <span class='ocrx_word' id='word_1_184' title='bbox 330 935 467 968; x_wconf 76' lang='lat' dir='ltr'>dicuntur,</span> <span class='ocrx_word' id='word_1_185' title='bbox 482 935 558 970; x_wconf 89' lang='lat' dir='ltr'>quod</span> <span class='ocrx_word' id='word_1_186' title='bbox 570 943 620 962; x_wconf 88' lang='lat' dir='ltr'>ceu</span> <span class='ocrx_word' id='word_1_187' title='bbox 633 935 723 970; x_wconf 83' lang='lat' dir='ltr'>capita</span> <span class='ocrx_word' id='word_1_188' title='bbox 738 934 862 969; x_wconf 62' lang='lat' dir='ltr'>quaedam</span> <span class='ocrx_word' id='word_1_189' title='bbox 873 935 899 963; x_wconf 70' lang='grc' dir='ltr'><strong>ἃ</strong></span> <span class='ocrx_word' id='word_1_190' title='bbox 909 933 1026 962; x_wconf 86' lang='lat' dir='ltr'>vertices</span> <span class='ocrx_word' id='word_1_191' title='bbox 1036 934 1108 961; x_wconf 91' lang='lat' dir='ltr'>inter</span> <span class='ocrx_word' id='word_1_192' title='bbox 1117 930 1185 961; x_wconf 84' lang='lat' dir='ltr'>alios</span> <span class='ocrx_word' id='word_1_193' title='bbox 1195 931 1337 973; x_wconf 63' lang='lat' dir='ltr'>emineant</span> 
     </span>
     <span class='ocr_line' id='line_1_22' title="bbox 220 969 1335 1008; baseline -0.005 -7"><span class='ocrx_word' id='word_1_194' title='bbox 220 971 355 1007; x_wconf 70' lang='lat' dir='ltr'>vasallos,</span> <span class='ocrx_word' id='word_1_195' title='bbox 381 972 496 1001; x_wconf 83' lang='lat' dir='ltr'>seudum</span> <span class='ocrx_word' id='word_1_196' title='bbox 507 972 653 1008; x_wconf 79' lang='lat' dir='ltr'>praecipuae</span> <span class='ocrx_word' id='word_1_197' title='bbox 672 971 724 1000; x_wconf 78' lang='lat' dir='ltr'>live</span> <span class='ocrx_word' id='word_1_198' title='bbox 744 971 857 1005; x_wconf 78' lang='lat' dir='ltr'>majoris</span> <span class='ocrx_word' id='word_1_199' title='bbox 875 971 1030 1000; x_wconf 77' lang='lat' dir='ltr'>nobilitatis</span> <span class='ocrx_word' id='word_1_200' title='bbox 1045 969 1234 1006; x_wconf 83' lang='lat' dir='ltr'>consequuti,</span> <span class='ocrx_word' id='word_1_201' title='bbox 1256 977 1335 1004; x_wconf 83' lang='lat' dir='ltr'>regni</span> 
     </span>
     <span class='ocr_line' id='line_1_23' title="bbox 221 1006 1336 1048; baseline -0.004 -9"><span class='ocrx_word' id='word_1_202' title='bbox 221 1010 359 1048; x_wconf 76' lang='lat' dir='ltr'>proinde,</span> <span class='ocrx_word' id='word_1_203' title='bbox 380 1015 427 1038; x_wconf 89' lang='lat' dir='ltr'>aut</span> <span class='ocrx_word' id='word_1_204' title='bbox 438 1010 508 1046; x_wconf 68' lang='lat' dir='ltr'>regis</span> <span class='ocrx_word' id='word_1_205' title='bbox 518 1010 654 1045; x_wconf 82' lang='lat' dir='ltr'>capitanei</span> <span class='ocrx_word' id='word_1_206' title='bbox 665 1009 812 1038; x_wconf 89' lang='lat' dir='ltr'>nominati.</span> <span class='ocrx_word' id='word_1_207' title='bbox 853 1008 922 1038; x_wconf 84' lang='lat' dir='ltr'>Vide</span> <span class='ocrx_word' id='word_1_208' title='bbox 941 1008 1080 1038; x_wconf 82' lang='lat' dir='ltr'>Batonem</span> <span class='ocrx_word' id='word_1_209' title='bbox 1096 1018 1112 1037; x_wconf 89' lang='lat' dir='ltr'>a</span> <span class='ocrx_word' id='word_1_210' title='bbox 1128 1006 1336 1043; x_wconf 80' lang='lat' dir='ltr'>Tautembergo</span> 
     </span>
     <span class='ocr_line' id='line_1_24' title="bbox 220 1047 1158 1088; baseline -0.002 -11"><span class='ocrx_word' id='word_1_211' title='bbox 220 1050 250 1077; x_wconf 91' lang='lat' dir='ltr'>in</span> <span class='ocrx_word' id='word_1_212' title='bbox 263 1049 282 1085; x_wconf 85' lang='lat'>§.</span> <span class='ocrx_word' id='word_1_213' title='bbox 301 1058 323 1077; x_wconf 86' lang='lat' dir='ltr'>i.</span> <span class='ocrx_word' id='word_1_214' title='bbox 337 1048 372 1077; x_wconf 89' lang='lat' dir='ltr'>de</span> <span class='ocrx_word' id='word_1_215' title='bbox 382 1048 455 1076; x_wconf 85' lang='lat' dir='ltr'>feud.</span> <span class='ocrx_word' id='word_1_216' title='bbox 470 1047 577 1076; x_wconf 81' lang='lat' dir='ltr'>March.</span> <span class='ocrx_word' id='word_1_217' title='bbox 1130 1082 1136 1088; x_wconf 32' lang='grc' dir='ltr'>ι</span> <span class='ocrx_word' id='word_1_218' title='bbox 1152 1082 1158 1088; x_wconf 34' lang='grc' dir='ltr'><em>Π</em></span> 
     </span>
    </p>

    <p class='ocr_par' dir='ltr' id='par_1_11' title="bbox 181 1081 1335 1162">
     <span class='ocr_line' id='line_1_25' title="bbox 181 1081 1335 1125; baseline -0.003 -11"><span class='ocrx_word' id='word_1_219' title='bbox 181 1085 231 1117; x_wconf 89' lang='lat' dir='ltr'>CA</span> <span class='ocrx_word' id='word_1_220' title='bbox 242 1096 255 1114; x_wconf 83' lang='grc' dir='ltr'>Ρ</span> <span class='ocrx_word' id='word_1_221' title='bbox 266 1097 274 1114; x_wconf 83' lang='grc' dir='ltr'>ι</span> <span class='ocrx_word' id='word_1_222' title='bbox 285 1095 304 1113; x_wconf 84' lang='lat' dir='ltr'>T</span> <span class='ocrx_word' id='word_1_223' title='bbox 315 1095 333 1114; x_wconf 88' lang='lat' dir='ltr'>A</span> <span class='ocrx_word' id='word_1_224' title='bbox 344 1095 364 1113; x_wconf 86' lang='lat' dir='ltr'>N</span> <span class='ocrx_word' id='word_1_225' title='bbox 374 1095 387 1113; x_wconf 73' lang='lat'>13</span> <span class='ocrx_word' id='word_1_226' title='bbox 398 1095 416 1113; x_wconf 86' lang='grc' dir='ltr'>υ</span> <span class='ocrx_word' id='word_1_227' title='bbox 426 1094 455 1120; x_wconf 81' lang='lat' dir='ltr'>s,</span> <span class='ocrx_word' id='word_1_228' title='bbox 475 1094 508 1118; x_wconf 84' lang='lat' dir='ltr'>a,</span> <span class='ocrx_word' id='word_1_229' title='bbox 528 1094 584 1114; x_wconf 91' lang='lat' dir='ltr'>um.</span> <span class='ocrx_word' id='word_1_230' title='bbox 609 1084 668 1120; x_wconf 85' lang='lat' dir='ltr'>Adj.</span> <span class='ocrx_word' id='word_1_231' title='bbox 689 1092 737 1120; x_wconf 84' lang='lat' dir='ltr'>ut,</span> <span class='ocrx_word' id='word_1_232' title='bbox 757 1084 856 1114; x_wconf 74' lang='lat' dir='ltr'>Literae</span> <span class='ocrx_word' id='word_1_233' title='bbox 865 1083 1016 1119; x_wconf 71' lang='lat' dir='ltr'>capitaneae</span> <span class='ocrx_word' id='word_1_234' title='bbox 1030 1083 1059 1112; x_wconf 90' lang='lat' dir='ltr'>in</span> <span class='ocrx_word' id='word_1_235' title='bbox 1076 1081 1213 1125; x_wconf 72' lang='lat' dir='ltr'>limitibus</span> <span class='ocrx_word' id='word_1_236' title='bbox 1229 1091 1265 1111; x_wconf 83' lang='lat' dir='ltr'>ex</span> <span class='ocrx_word' id='word_1_237' title='bbox 1284 1089 1335 1109; x_wconf 74' lang='lat' dir='ltr'>nc-</span> 
     </span>
     <span class='ocr_line' id='line_1_26' title="bbox 219 1119 1312 1162; baseline -0.005 -10"><span class='ocrx_word' id='word_1_238' title='bbox 219 1123 343 1152; x_wconf 88' lang='lat' dir='ltr'>minibus</span> <span class='ocrx_word' id='word_1_239' title='bbox 354 1122 509 1152; x_wconf 57' lang='lat' dir='ltr'>sanctorum</span> <span class='ocrx_word' id='word_1_240' title='bbox 517 1123 623 1152; x_wconf 66' lang='lat' dir='ltr'>eredtae.</span> <span class='ocrx_word' id='word_1_241' title='bbox 645 1123 746 1151; x_wconf 63' lang='lat' dir='ltr'>Auctor</span> <span class='ocrx_word' id='word_1_242' title='bbox 756 1124 876 1152; x_wconf 82' lang='lat' dir='ltr'>incertus</span> <span class='ocrx_word' id='word_1_243' title='bbox 889 1122 923 1149; x_wconf 85' lang='lat' dir='ltr'>de</span> <span class='ocrx_word' id='word_1_244' title='bbox 936 1121 1026 1150; x_wconf 90' lang='lat' dir='ltr'>Limit.</span> <span class='ocrx_word' id='word_1_245' title='bbox 1038 1131 1065 1158; x_wconf 91' lang='lat' dir='ltr'>p.</span> <span class='ocrx_word' id='word_1_246' title='bbox 1078 1129 1142 1157; x_wconf 90' lang='lat'>270.</span> <span class='ocrx_word' id='word_1_247' title='bbox 1158 1119 1312 1162; x_wconf 30' lang='lat' dir='ltr'>edre—Goes.</span> 
     </span>
    </p>

    <p class='ocr_par' dir='ltr' id='par_1_12' title="bbox 181 1157 1334 1311">
     <span class='ocr_line' id='line_1_27' title="bbox 181 1157 1334 1197; baseline -0.006 -5"><span class='ocrx_word' id='word_1_248' title='bbox 181 1161 204 1192; x_wconf 91' lang='lat' dir='ltr'>C</span> <span class='ocrx_word' id='word_1_249' title='bbox 214 1171 234 1191; x_wconf 98' lang='lat' dir='ltr'>A</span> <span class='ocrx_word' id='word_1_250' title='bbox 243 1171 274 1190; x_wconf 81' lang='lat' dir='ltr'>Pr</span> <span class='ocrx_word' id='word_1_251' title='bbox 285 1171 296 1190; x_wconf 93' lang='lat' dir='ltr'>s</span> <span class='ocrx_word' id='word_1_252' title='bbox 307 1170 326 1189; x_wconf 83' lang='lat' dir='ltr'>T</span> <span class='ocrx_word' id='word_1_253' title='bbox 336 1170 352 1189; x_wconf 75' lang='lat' dir='ltr'>R</span> <span class='ocrx_word' id='word_1_254' title='bbox 363 1170 410 1189; x_wconf 76' lang='lat' dir='ltr'>uM</span> <span class='ocrx_word' id='word_1_255' title='bbox 421 1183 430 1196; x_wconf 91' lang='lat'>‚</span> <span class='ocrx_word' id='word_1_256' title='bbox 451 1161 469 1189; x_wconf 90' lang='lat' dir='ltr'>i.</span> <span class='ocrx_word' id='word_1_257' title='bbox 482 1170 509 1190; x_wconf 87' lang='lat' dir='ltr'>n.</span> <span class='ocrx_word' id='word_1_258' title='bbox 531 1157 695 1196; x_wconf 55' lang='lat' dir='ltr'>[ww-rimor]</span> <span class='ocrx_word' id='word_1_259' title='bbox 715 1160 819 1197; x_wconf 79' lang='lat' dir='ltr'>Capitis</span> <span class='ocrx_word' id='word_1_260' title='bbox 830 1159 974 1188; x_wconf 82' lang='lat' dir='ltr'>vinculum</span> <span class='ocrx_word' id='word_1_261' title='bbox 987 1181 995 1194; x_wconf 86' lang='lat'>‚</span> <span class='ocrx_word' id='word_1_262' title='bbox 1016 1159 1093 1196; x_wconf 91' lang='lat' dir='ltr'>quod</span> <span class='ocrx_word' id='word_1_263' title='bbox 1104 1157 1187 1187; x_wconf 89' lang='lat' dir='ltr'>mulis</span> <span class='ocrx_word' id='word_1_264' title='bbox 1197 1179 1206 1193; x_wconf 90' lang='lat'>‚</span> <span class='ocrx_word' id='word_1_265' title='bbox 1228 1166 1334 1191; x_wconf 81' lang='lat' dir='ltr'>lumen-</span> 
     </span>
     <span class='ocr_line' id='line_1_28' title="bbox 217 1194 1331 1234; baseline -0.004 -6"><span class='ocrx_word' id='word_1_266' title='bbox 217 1200 252 1228; x_wconf 85' lang='lat' dir='ltr'>tis</span> <span class='ocrx_word' id='word_1_267' title='bbox 262 1221 270 1233; x_wconf 85' lang='lat'>,</span> <span class='ocrx_word' id='word_1_268' title='bbox 292 1198 398 1233; x_wconf 78' lang='lat' dir='ltr'>bobus,</span> <span class='ocrx_word' id='word_1_269' title='bbox 419 1200 445 1228; x_wconf 74' lang='grc' dir='ltr'>δι</span> <span class='ocrx_word' id='word_1_270' title='bbox 455 1198 612 1234; x_wconf 88' lang='lat' dir='ltr'>cuicunque</span> <span class='ocrx_word' id='word_1_271' title='bbox 623 1197 735 1226; x_wconf 84' lang='lat' dir='ltr'>animali</span> <span class='ocrx_word' id='word_1_272' title='bbox 745 1198 891 1226; x_wconf 80' lang='lat' dir='ltr'>adhibetur</span> <span class='ocrx_word' id='word_1_273' title='bbox 901 1206 936 1226; x_wconf 90' lang='lat' dir='ltr'>ne</span> <span class='ocrx_word' id='word_1_274' title='bbox 944 1198 1058 1233; x_wconf 85' lang='lat' dir='ltr'>fugiant.</span> <span class='ocrx_word' id='word_1_275' title='bbox 1080 1196 1164 1225; x_wconf 85' lang='lat' dir='ltr'>Varro</span> <span class='ocrx_word' id='word_1_276' title='bbox 1175 1205 1201 1224; x_wconf 92' lang='lat'>2.</span> <span class='ocrx_word' id='word_1_277' title='bbox 1214 1195 1249 1224; x_wconf 90' lang='lat' dir='ltr'>de</span> <span class='ocrx_word' id='word_1_278' title='bbox 1260 1194 1331 1223; x_wconf 91' lang='lat' dir='ltr'>R.R.</span> 
     </span>
     <span class='ocr_line' id='line_1_29' title="bbox 217 1233 1334 1274; baseline -0.004 -8"><span class='ocrx_word' id='word_1_279' title='bbox 217 1247 280 1274; x_wconf 86' lang='lat' dir='ltr'>cap.</span> <span class='ocrx_word' id='word_1_280' title='bbox 292 1242 317 1266; x_wconf 87' lang='grc'>6.</span> <span class='ocrx_word' id='word_1_281' title='bbox 340 1236 469 1266; x_wconf 81' lang='lat' dir='ltr'>Proximo</span> <span class='ocrx_word' id='word_1_282' title='bbox 479 1246 553 1265; x_wconf 86' lang='lat' dir='ltr'>anno</span> <span class='ocrx_word' id='word_1_283' title='bbox 572 1235 700 1264; x_wconf 56' lang='lat' dir='ltr'>nostibus</span> <span class='ocrx_word' id='word_1_284' title='bbox 716 1236 858 1273; x_wconf 89' lang='lat' dir='ltr'>patiuntur</span> <span class='ocrx_word' id='word_1_285' title='bbox 869 1233 924 1265; x_wconf 79' lang='lat' dir='ltr'>effe</span> <span class='ocrx_word' id='word_1_286' title='bbox 938 1245 1003 1265; x_wconf 88' lang='lat' dir='ltr'>cum</span> <span class='ocrx_word' id='word_1_287' title='bbox 1014 1234 1056 1264; x_wconf 91' lang='lat' dir='ltr'>his</span> <span class='ocrx_word' id='word_1_288' title='bbox 1067 1256 1075 1270; x_wconf 88' lang='lat'>,</span> <span class='ocrx_word' id='word_1_289' title='bbox 1097 1233 1123 1264; x_wconf 70' lang='grc' dir='ltr'>ἃ</span> <span class='ocrx_word' id='word_1_290' title='bbox 1142 1233 1241 1263; x_wconf 87' lang='lat' dir='ltr'>leviter</span> <span class='ocrx_word' id='word_1_291' title='bbox 1257 1242 1334 1270; x_wconf 79' lang='lat' dir='ltr'>capi=</span> 
     </span>
     <span class='ocr_line' id='line_1_30' title="bbox 216 1272 753 1311; baseline -0.002 -7"><span class='ocrx_word' id='word_1_292' title='bbox 216 1275 278 1305; x_wconf 88' lang='lat' dir='ltr'>stris</span> <span class='ocrx_word' id='word_1_293' title='bbox 287 1297 295 1309; x_wconf 77' lang='grc'>,</span> <span class='ocrx_word' id='word_1_294' title='bbox 315 1274 403 1303; x_wconf 84' lang='lat' dir='ltr'>aliave</span> <span class='ocrx_word' id='word_1_295' title='bbox 416 1284 469 1311; x_wconf 88' lang='lat' dir='ltr'>qua</span> <span class='ocrx_word' id='word_1_296' title='bbox 480 1282 509 1303; x_wconf 83' lang='lat' dir='ltr'>re</span> <span class='ocrx_word' id='word_1_297' title='bbox 521 1273 625 1302; x_wconf 85' lang='lat' dir='ltr'>habent</span> <span class='ocrx_word' id='word_1_298' title='bbox 635 1272 753 1303; x_wconf 63' lang='lat' dir='ltr'>vinctos.</span> 
     </span>
    </p>

    <p class='ocr_par' dir='ltr' id='par_1_13' title="bbox 216 1307 1333 1421">
     <span class='ocr_line' id='line_1_31' title="bbox 216 1307 1331 1347; baseline -0.004 -9"><span class='ocrx_word' id='word_1_299' title='bbox 216 1313 294 1343; x_wconf 78' lang='lat' dir='ltr'>Suid,</span> <span class='ocrx_word' id='word_1_300' title='bbox 318 1311 450 1347; x_wconf 63' lang='grc' dir='ltr'>Κοιπῆςριον,</span> <span class='ocrx_word' id='word_1_301' title='bbox 472 1313 484 1341; x_wconf 71' lang='grc' dir='ltr'><strong><em>ἦ</em></strong></span> <span class='ocrx_word' id='word_1_302' title='bbox 501 1311 534 1337; x_wconf 72' lang='grc' dir='ltr'><em>τὲ</em></span> <span class='ocrx_word' id='word_1_303' title='bbox 547 1321 613 1337; x_wconf 60' lang='lat' dir='ltr'>mxu</span> <span class='ocrx_word' id='word_1_304' title='bbox 630 1310 726 1347; x_wconf 67' lang='grc' dir='ltr'>φοςζιιέ,</span> <span class='ocrx_word' id='word_1_305' title='bbox 758 1311 849 1340; x_wconf 48' lang='lat' dir='ltr'>Kirra-t</span> <span class='ocrx_word' id='word_1_306' title='bbox 862 1307 911 1346; x_wconf 63' lang='lat'>7025</span> <span class='ocrx_word' id='word_1_307' title='bbox 929 1310 1073 1345; x_wconf 69' lang='grc' dir='ltr'>ῥωμοᾶκῦς,</span> <span class='ocrx_word' id='word_1_308' title='bbox 1099 1308 1112 1338; x_wconf 75' lang='grc' dir='ltr'><em>ἦ</em></span> <span class='ocrx_word' id='word_1_309' title='bbox 1131 1308 1246 1343; x_wconf 64' lang='grc' dir='ltr'>κεφαλὴ,</span> <span class='ocrx_word' id='word_1_310' title='bbox 1267 1310 1289 1344; x_wconf 60' lang='grc' dir='ltr'>γὲ</span> <span class='ocrx_word' id='word_1_311' title='bbox 1307 1307 1331 1341; x_wconf 72' lang='grc' dir='ltr'>ἐξ</span> 
     </span>
     <span class='ocr_line' id='line_1_32' title="bbox 235 1346 1333 1385; baseline -0.004 -6"><span class='ocrx_word' id='word_1_312' title='bbox 235 1350 300 1377; x_wconf 73' lang='grc' dir='ltr'>ἀυτὲ</span> <span class='ocrx_word' id='word_1_313' title='bbox 314 1347 450 1385; x_wconf 58' lang='grc' dir='ltr'>Κκπῦςριον.</span> <span class='ocrx_word' id='word_1_314' title='bbox 490 1349 612 1377; x_wconf 87' lang='lat' dir='ltr'>Fuerunt</span> <span class='ocrx_word' id='word_1_315' title='bbox 629 1349 666 1377; x_wconf 85' lang='lat' dir='ltr'>ita</span> <span class='ocrx_word' id='word_1_316' title='bbox 682 1347 776 1377; x_wconf 83' lang='lat' dir='ltr'>affueti</span> <span class='ocrx_word' id='word_1_317' title='bbox 785 1346 961 1378; x_wconf 77' lang='lat' dir='ltr'>diminutiva:</span> <span class='ocrx_word' id='word_1_318' title='bbox 971 1348 1066 1377; x_wconf 83' lang='lat' dir='ltr'>formae</span> <span class='ocrx_word' id='word_1_319' title='bbox 1077 1346 1221 1377; x_wconf 78' lang='lat' dir='ltr'>vocabulis</span> <span class='ocrx_word' id='word_1_320' title='bbox 1234 1346 1333 1376; x_wconf 79' lang='lat' dir='ltr'>mulie·</span> 
     </span>
     <span class='ocr_line' id='line_1_33' title="bbox 233 1384 1246 1421; baseline -0.005 -3"><span class='ocrx_word' id='word_1_321' title='bbox 233 1397 296 1418; x_wconf 84' lang='lat' dir='ltr'>rum</span> <span class='ocrx_word' id='word_1_322' title='bbox 311 1387 399 1416; x_wconf 67' lang='lat' dir='ltr'>Graeci</span> <span class='ocrx_word' id='word_1_323' title='bbox 409 1409 417 1421; x_wconf 81' lang='lat'>,</span> <span class='ocrx_word' id='word_1_324' title='bbox 438 1394 469 1416; x_wconf 91' lang='lat' dir='ltr'>ut</span> <span class='ocrx_word' id='word_1_325' title='bbox 481 1386 561 1416; x_wconf 89' lang='lat' dir='ltr'>facile</span> <span class='ocrx_word' id='word_1_326' title='bbox 572 1386 648 1415; x_wconf 85' lang='lat' dir='ltr'>illam</span> <span class='ocrx_word' id='word_1_327' title='bbox 663 1386 821 1419; x_wconf 88' lang='lat' dir='ltr'>huiusmodi</span> <span class='ocrx_word' id='word_1_328' title='bbox 832 1386 993 1415; x_wconf 85' lang='lat' dir='ltr'>nominibus</span> <span class='ocrx_word' id='word_1_329' title='bbox 1002 1386 1110 1414; x_wconf 85' lang='lat' dir='ltr'>darent.</span> <span class='ocrx_word' id='word_1_330' title='bbox 1159 1384 1194 1414; x_wconf 91' lang='lat' dir='ltr'>H.</span> <span class='ocrx_word' id='word_1_331' title='bbox 1208 1385 1246 1414; x_wconf 90' lang='lat' dir='ltr'>St.</span> 
     </span>
    </p>

    <p class='ocr_par' dir='ltr' id='par_1_14' title="bbox 214 1421 1295 1462">
     <span class='ocr_line' id='line_1_34' title="bbox 214 1421 1295 1462; baseline -0.004 -6"><span class='ocrx_word' id='word_1_332' title='bbox 214 1425 332 1457; x_wconf 85' lang='lat' dir='ltr'>Ferratis</span> <span class='ocrx_word' id='word_1_333' title='bbox 343 1425 463 1462; x_wconf 84' lang='lat' dir='ltr'>capistris</span> <span class='ocrx_word' id='word_1_334' title='bbox 473 1434 520 1453; x_wconf 86' lang='lat' dir='ltr'>ora</span> <span class='ocrx_word' id='word_1_335' title='bbox 529 1423 677 1461; x_wconf 76' lang='lat' dir='ltr'>praefigere.</span> <span class='ocrx_word' id='word_1_336' title='bbox 699 1424 770 1462; x_wconf 84' lang='lat' dir='ltr'>Virg.</span> <span class='ocrx_word' id='word_1_337' title='bbox 785 1433 808 1460; x_wconf 86' lang='lat'>3.</span> <span class='ocrx_word' id='word_1_338' title='bbox 826 1423 925 1461; x_wconf 88' lang='lat' dir='ltr'>Georg.</span> <span class='ocrx_word' id='word_1_339' title='bbox 937 1433 998 1459; x_wconf 75' lang='lat'>399.</span> <span class='ocrx_word' id='word_1_340' title='bbox 1029 1424 1046 1452; x_wconf 93' lang='lat' dir='ltr'>i.</span> <span class='ocrx_word' id='word_1_341' title='bbox 1059 1433 1084 1452; x_wconf 89' lang='lat' dir='ltr'>e.</span> <span class='ocrx_word' id='word_1_342' title='bbox 1106 1421 1198 1453; x_wconf 77' lang='lat' dir='ltr'>Duris.</span> <span class='ocrx_word' id='word_1_343' title='bbox 1219 1422 1295 1453; x_wconf 77' lang='lat' dir='ltr'>Serv.</span> 
     </span>
    </p>

    <p class='ocr_par' dir='ltr' id='par_1_15' title="bbox 213 1460 1151 1500">
     <span class='ocr_line' id='line_1_35' title="bbox 213 1460 1151 1500; baseline -0.003 -7"><span class='ocrx_word' id='word_1_344' title='bbox 213 1463 351 1494; x_wconf 82' lang='lat' dir='ltr'>Maritale.</span> <span class='ocrx_word' id='word_1_345' title='bbox 373 1463 470 1497; x_wconf 69' lang='lat' dir='ltr'>juven.</span> <span class='ocrx_word' id='word_1_346' title='bbox 483 1467 508 1491; x_wconf 85' lang='lat'>6.</span> <span class='ocrx_word' id='word_1_347' title='bbox 521 1463 576 1491; x_wconf 84' lang='lat' dir='ltr'>Sat.</span> <span class='ocrx_word' id='word_1_348' title='bbox 587 1471 632 1497; x_wconf 84' lang='lat'>43.</span> <span class='ocrx_word' id='word_1_349' title='bbox 654 1462 787 1498; x_wconf 86' lang='lat' dir='ltr'>Satirice,</span> <span class='ocrx_word' id='word_1_350' title='bbox 808 1468 859 1500; x_wconf 84' lang='lat' dir='ltr'>pro</span> <span class='ocrx_word' id='word_1_351' title='bbox 871 1460 1018 1499; x_wconf 78' lang='lat' dir='ltr'>Coniugali</span> <span class='ocrx_word' id='word_1_352' title='bbox 1028 1460 1151 1491; x_wconf 75' lang='lat' dir='ltr'>vinculo.</span> 
     </span>
    </p>

    <p class='ocr_par' dir='ltr' id='par_1_16' title="bbox 211 1500 643 1538">
     <span class='ocr_line' id='line_1_36' title="bbox 211 1500 643 1538; baseline -0.012 -6"><span class='ocrx_word' id='word_1_353' title='bbox 211 1501 321 1532; x_wconf 80' lang='lat' dir='ltr'>Mollia.</span> <span class='ocrx_word' id='word_1_354' title='bbox 344 1501 413 1538; x_wconf 86' lang='lat' dir='ltr'>Virg.</span> <span class='ocrx_word' id='word_1_355' title='bbox 426 1511 449 1536; x_wconf 81' lang='lat'>3.</span> <span class='ocrx_word' id='word_1_356' title='bbox 466 1500 564 1536; x_wconf 86' lang='lat' dir='ltr'>Georg.</span> <span class='ocrx_word' id='word_1_357' title='bbox 583 1504 643 1533; x_wconf 78' lang='lat'>188-</span> 
     </span>
    </p>

    <p class='ocr_par' dir='ltr' id='par_1_17' title="bbox 211 1535 1007 1577">
     <span class='ocr_line' id='line_1_37' title="bbox 211 1535 1007 1577; baseline -0.005 -8"><span class='ocrx_word' id='word_1_358' title='bbox 211 1539 360 1577; x_wconf 85' lang='lat' dir='ltr'>Purpureis</span> <span class='ocrx_word' id='word_1_359' title='bbox 373 1538 492 1576; x_wconf 84' lang='lat' dir='ltr'>capistris</span> <span class='ocrx_word' id='word_1_360' title='bbox 501 1538 609 1566; x_wconf 86' lang='lat' dir='ltr'>frenare</span> <span class='ocrx_word' id='word_1_361' title='bbox 621 1546 676 1566; x_wconf 87' lang='lat' dir='ltr'>ora.</span> <span class='ocrx_word' id='word_1_362' title='bbox 698 1536 782 1566; x_wconf 90' lang='lat' dir='ltr'>Ovid.</span> <span class='ocrx_word' id='word_1_363' title='bbox 799 1546 840 1566; x_wconf 89' lang='lat'>10.</span> <span class='ocrx_word' id='word_1_364' title='bbox 859 1535 929 1567; x_wconf 86' lang='lat' dir='ltr'>Met.</span> <span class='ocrx_word' id='word_1_365' title='bbox 946 1546 1007 1572; x_wconf 83' lang='lat'>¹25·</span> 
     </span>
    </p>

    <p class='ocr_par' dir='ltr' id='par_1_18' title="bbox 213 1572 1331 1682">
     <span class='ocr_line' id='line_1_38' title="bbox 213 1572 1330 1615; baseline -0.003 -9"><span class='ocrx_word' id='word_1_366' title='bbox 213 1577 376 1615; x_wconf 77' lang='lat' dir='ltr'>Capistrum.</span> <span class='ocrx_word' id='word_1_367' title='bbox 391 1575 538 1605; x_wconf 82' lang='lat' dir='ltr'>Vinculum</span> <span class='ocrx_word' id='word_1_368' title='bbox 549 1585 604 1612; x_wconf 91' lang='lat' dir='ltr'>quo</span> <span class='ocrx_word' id='word_1_369' title='bbox 613 1574 733 1612; x_wconf 83' lang='lat' dir='ltr'>ligantur</span> <span class='ocrx_word' id='word_1_370' title='bbox 744 1576 813 1604; x_wconf 85' lang='lat' dir='ltr'>vites</span> <span class='ocrx_word' id='word_1_371' title='bbox 824 1576 849 1606; x_wconf 70' lang='grc' dir='ltr'>δι</span> <span class='ocrx_word' id='word_1_372' title='bbox 861 1574 965 1604; x_wconf 86' lang='lat' dir='ltr'>similia.</span> <span class='ocrx_word' id='word_1_373' title='bbox 990 1572 1210 1609; x_wconf 83' lang='lat' dir='ltr'>Columel.lib.4.</span> <span class='ocrx_word' id='word_1_374' title='bbox 1220 1582 1330 1612; x_wconf 64' lang='lat' dir='ltr'>capae.</span> 
     </span>
     <span class='ocr_line' id='line_1_39' title="bbox 232 1612 1331 1652; baseline -0.002 -8"><span class='ocrx_word' id='word_1_375' title='bbox 232 1616 325 1652; x_wconf 85' lang='lat' dir='ltr'>Quare</span> <span class='ocrx_word' id='word_1_376' title='bbox 337 1624 422 1651; x_wconf 88' lang='lat' dir='ltr'>quum</span> <span class='ocrx_word' id='word_1_377' title='bbox 431 1615 465 1643; x_wconf 88' lang='lat' dir='ltr'>ad</span> <span class='ocrx_word' id='word_1_378' title='bbox 475 1614 613 1643; x_wconf 90' lang='lat' dir='ltr'>summum</span> <span class='ocrx_word' id='word_1_379' title='bbox 622 1613 717 1651; x_wconf 87' lang='lat' dir='ltr'>palum</span> <span class='ocrx_word' id='word_1_380' title='bbox 735 1614 809 1643; x_wconf 70' lang='lat' dir='ltr'>resta</span> <span class='ocrx_word' id='word_1_381' title='bbox 828 1613 891 1643; x_wconf 91' lang='lat' dir='ltr'>vitis</span> <span class='ocrx_word' id='word_1_382' title='bbox 909 1619 1024 1643; x_wconf 79' lang='lat' dir='ltr'>extenta</span> <span class='ocrx_word' id='word_1_383' title='bbox 1042 1614 1081 1644; x_wconf 92' lang='lat' dir='ltr'>est</span> <span class='ocrx_word' id='word_1_384' title='bbox 1093 1635 1101 1650; x_wconf 87' lang='lat'>,</span> <span class='ocrx_word' id='word_1_385' title='bbox 1124 1612 1242 1650; x_wconf 87' lang='lat' dir='ltr'>capistro</span> <span class='ocrx_word' id='word_1_386' title='bbox 1264 1618 1331 1642; x_wconf 45' lang='lat' dir='ltr'>cona</span> 
     </span>
     <span class='ocr_line' id='line_1_40' title="bbox 227 1653 376 1682; baseline -0.007 0"><span class='ocrx_word' id='word_1_387' title='bbox 227 1653 292 1682; x_wconf 84' lang='lat' dir='ltr'>strin</span> <span class='ocrx_word' id='word_1_388' title='bbox 315 1655 376 1681; x_wconf 88' lang='lat' dir='ltr'>itur.</span> 
     </span>
    </p>

    <p class='ocr_par' dir='ltr' id='par_1_19' title="bbox 211 1663 1329 1804">
     <span class='ocr_line' id='line_1_41' title="bbox 211 1663 1328 1728; baseline -0.002 -8"><span class='ocrx_word' id='word_1_389' title='bbox 211 1663 333 1728; x_wconf 74' lang='lat' dir='ltr'>Capistgra</span> <span class='ocrx_word' id='word_1_390' title='bbox 348 1691 413 1719; x_wconf 91' lang='lat' dir='ltr'>item</span> <span class='ocrx_word' id='word_1_391' title='bbox 423 1688 587 1727; x_wconf 79' lang='lat' dir='ltr'>Retinacula</span> <span class='ocrx_word' id='word_1_392' title='bbox 596 1687 674 1722; x_wconf 81' lang='lat' dir='ltr'>sunt,</span> <span class='ocrx_word' id='word_1_393' title='bbox 695 1688 795 1724; x_wconf 89' lang='lat' dir='ltr'>quibus</span> <span class='ocrx_word' id='word_1_394' title='bbox 812 1688 889 1727; x_wconf 88' lang='lat' dir='ltr'>prela</span> <span class='ocrx_word' id='word_1_395' title='bbox 907 1694 1041 1725; x_wconf 81' lang='lat' dir='ltr'>tanquam</span> <span class='ocrx_word' id='word_1_396' title='bbox 1059 1688 1144 1718; x_wconf 89' lang='lat' dir='ltr'>frenis</span> <span class='ocrx_word' id='word_1_397' title='bbox 1162 1688 1328 1725; x_wconf 84' lang='lat' dir='ltr'>capiuntur,</span> 
     </span>
     <span class='ocr_line' id='line_1_42' title="bbox 230 1726 1329 1765; baseline -0.001 -8"><span class='ocrx_word' id='word_1_398' title='bbox 230 1739 316 1765; x_wconf 84' lang='lat' dir='ltr'>quum</span> <span class='ocrx_word' id='word_1_399' title='bbox 328 1728 456 1757; x_wconf 85' lang='lat' dir='ltr'>ducenda</span> <span class='ocrx_word' id='word_1_400' title='bbox 465 1726 748 1762; x_wconf 80' lang='lat' dir='ltr'>sunt&amp;torquenda,</span> <span class='ocrx_word' id='word_1_401' title='bbox 771 1733 819 1756; x_wconf 84' lang='lat' dir='ltr'>aut</span> <span class='ocrx_word' id='word_1_402' title='bbox 835 1728 928 1765; x_wconf 89' lang='lat' dir='ltr'>potius</span> <span class='ocrx_word' id='word_1_403' title='bbox 947 1726 1136 1757; x_wconf 85' lang='lat' dir='ltr'>subducenda.</span> <span class='ocrx_word' id='word_1_404' title='bbox 1177 1727 1240 1756; x_wconf 90' lang='lat' dir='ltr'>Hoc</span> <span class='ocrx_word' id='word_1_405' title='bbox 1250 1727 1329 1757; x_wconf 88' lang='lat' dir='ltr'>sensu</span> 
     </span>
     <span class='ocr_line' id='line_1_43' title="bbox 229 1764 707 1804; baseline -0.006 -9"><span class='ocrx_word' id='word_1_406' title='bbox 229 1767 369 1804; x_wconf 87' lang='lat' dir='ltr'>usurpavit</span> <span class='ocrx_word' id='word_1_407' title='bbox 380 1767 447 1794; x_wconf 85' lang='lat' dir='ltr'>Cato</span> <span class='ocrx_word' id='word_1_408' title='bbox 457 1765 491 1794; x_wconf 90' lang='lat' dir='ltr'>de</span> <span class='ocrx_word' id='word_1_409' title='bbox 505 1765 535 1794; x_wconf 94' lang='lat' dir='ltr'>R.</span> <span class='ocrx_word' id='word_1_410' title='bbox 548 1764 579 1793; x_wconf 88' lang='lat' dir='ltr'>R.</span> <span class='ocrx_word' id='word_1_411' title='bbox 592 1773 650 1801; x_wconf 86' lang='lat' dir='ltr'>cap.</span> <span class='ocrx_word' id='word_1_412' title='bbox 666 1773 707 1792; x_wconf 87' lang='lat'>12.</span> 
     </span>
    </p>

    <p class='ocr_par' dir='ltr' id='par_1_20' title="bbox 173 1801 1328 1947">
     <span class='ocr_line' id='line_1_44' title="bbox 173 1801 1326 1839; baseline 0.003 -11"><span class='ocrx_word' id='word_1_413' title='bbox 173 1804 224 1833; x_wconf 66' lang='lat' dir='ltr'>CA</span> <span class='ocrx_word' id='word_1_414' title='bbox 234 1814 249 1832; x_wconf 77' lang='lat' dir='ltr'>p</span> <span class='ocrx_word' id='word_1_415' title='bbox 260 1816 267 1832; x_wconf 68' lang='grc' dir='ltr'>ι</span> <span class='ocrx_word' id='word_1_416' title='bbox 277 1813 288 1833; x_wconf 81' lang='lat' dir='ltr'>s</span> <span class='ocrx_word' id='word_1_417' title='bbox 300 1814 340 1832; x_wconf 61' lang='lat' dir='ltr'>m&lt;</span> <span class='ocrx_word' id='word_1_418' title='bbox 350 1814 367 1832; x_wconf 86' lang='lat'><em>0</em></span> <span class='ocrx_word' id='word_1_419' title='bbox 378 1826 384 1836; x_wconf 73' lang='lat'>,</span> <span class='ocrx_word' id='word_1_420' title='bbox 408 1803 578 1839; x_wconf 61' lang='grc' dir='ltr'>[κκπτςρώω]</span> <span class='ocrx_word' id='word_1_421' title='bbox 597 1805 651 1830; x_wconf 69' lang='lat' dir='ltr'>are.</span> <span class='ocrx_word' id='word_1_422' title='bbox 673 1801 797 1839; x_wconf 85' lang='lat' dir='ltr'>Capistro</span> <span class='ocrx_word' id='word_1_423' title='bbox 808 1802 910 1839; x_wconf 79' lang='lat' dir='ltr'>ligare,</span> <span class='ocrx_word' id='word_1_424' title='bbox 931 1802 986 1832; x_wconf 79' lang='lat' dir='ltr'>live</span> <span class='ocrx_word' id='word_1_425' title='bbox 998 1802 1113 1832; x_wconf 90' lang='lat' dir='ltr'>vincire.</span> <span class='ocrx_word' id='word_1_426' title='bbox 1136 1801 1205 1831; x_wconf 89' lang='lat' dir='ltr'>Plin.</span> <span class='ocrx_word' id='word_1_427' title='bbox 1217 1801 1267 1831; x_wconf 89' lang='lat' dir='ltr'>lib.</span> <span class='ocrx_word' id='word_1_428' title='bbox 1283 1808 1326 1837; x_wconf 80' lang='lat'>18.</span> 
     </span>
     <span class='ocr_line' id='line_1_45' title="bbox 209 1839 1328 1880; baseline -0.001 -9"><span class='ocrx_word' id='word_1_429' title='bbox 209 1851 270 1880; x_wconf 87' lang='lat' dir='ltr'>cap.</span> <span class='ocrx_word' id='word_1_430' title='bbox 286 1852 326 1876; x_wconf 83' lang='lat'>19.</span> <span class='ocrx_word' id='word_1_431' title='bbox 353 1841 469 1870; x_wconf 67' lang='lat' dir='ltr'>fiscellis</span> <span class='ocrx_word' id='word_1_432' title='bbox 478 1840 614 1878; x_wconf 86' lang='lat' dir='ltr'>capistrari</span> <span class='ocrx_word' id='word_1_433' title='bbox 627 1840 709 1868; x_wconf 89' lang='lat' dir='ltr'>boves</span> <span class='ocrx_word' id='word_1_434' title='bbox 720 1845 840 1878; x_wconf 84' lang='lat' dir='ltr'>oportet.</span> <span class='ocrx_word' id='word_1_435' title='bbox 879 1840 911 1869; x_wconf 85' lang='lat' dir='ltr'>Et</span> <span class='ocrx_word' id='word_1_436' title='bbox 923 1840 1060 1870; x_wconf 87' lang='lat' dir='ltr'>Columel.</span> <span class='ocrx_word' id='word_1_437' title='bbox 1071 1845 1097 1870; x_wconf 87' lang='lat'>6.</span> <span class='ocrx_word' id='word_1_438' title='bbox 1113 1849 1153 1875; x_wconf 64' lang='lat'>19&gt;</span> <span class='ocrx_word' id='word_1_439' title='bbox 1175 1839 1269 1868; x_wconf 82' lang='lat' dir='ltr'>Primis</span> <span class='ocrx_word' id='word_1_440' title='bbox 1281 1850 1328 1870; x_wconf 62' lang='lat' dir='ltr'>auo</span> 
     </span>
     <span class='ocr_line' id='line_1_46' title="bbox 208 1877 1326 1916; baseline -0.002 -7"><span class='ocrx_word' id='word_1_441' title='bbox 208 1886 267 1909; x_wconf 84' lang='lat' dir='ltr'>tem</span> <span class='ocrx_word' id='word_1_442' title='bbox 279 1879 387 1908; x_wconf 87' lang='lat' dir='ltr'>duobus</span> <span class='ocrx_word' id='word_1_443' title='bbox 396 1877 589 1908; x_wconf 80' lang='lat' dir='ltr'>statuminibus</span> <span class='ocrx_word' id='word_1_444' title='bbox 600 1879 755 1916; x_wconf 83' lang='lat' dir='ltr'>imponitur</span> <span class='ocrx_word' id='word_1_445' title='bbox 773 1878 896 1916; x_wconf 87' lang='lat' dir='ltr'>primurn</span> <span class='ocrx_word' id='word_1_446' title='bbox 912 1880 1025 1916; x_wconf 83' lang='lat' dir='ltr'>jugum,</span> <span class='ocrx_word' id='word_1_447' title='bbox 1047 1879 1083 1908; x_wconf 83' lang='lat' dir='ltr'>ad</span> <span class='ocrx_word' id='word_1_448' title='bbox 1103 1879 1181 1916; x_wconf 90' lang='lat' dir='ltr'>quod</span> <span class='ocrx_word' id='word_1_449' title='bbox 1200 1879 1326 1914; x_wconf 72' lang='lat' dir='ltr'>jumenta</span> 
     </span>
     <span class='ocr_line' id='line_1_47' title="bbox 207 1919 396 1947; baseline -0.005 0"><span class='ocrx_word' id='word_1_450' title='bbox 207 1927 239 1947; x_wconf 89' lang='lat' dir='ltr'>ca</span> <span class='ocrx_word' id='word_1_451' title='bbox 262 1919 396 1947; x_wconf 71' lang='lat' dir='ltr'>illrantur.</span> 
     </span>
    </p>

    <p class='ocr_par' dir='ltr' id='par_1_21' title="bbox 169 1928 1113 1992">
     <span class='ocr_line' id='line_1_48' title="bbox 169 1928 1113 1992; baseline 0 -8"><span class='ocrx_word' id='word_1_452' title='bbox 169 1955 193 1985; x_wconf 91' lang='lat' dir='ltr'>C</span> <span class='ocrx_word' id='word_1_453' title='bbox 203 1966 223 1984; x_wconf 89' lang='lat' dir='ltr'>A</span> <span class='ocrx_word' id='word_1_454' title='bbox 232 1928 264 1984; x_wconf 69' lang='lat' dir='ltr'>Ppi</span> <span class='ocrx_word' id='word_1_455' title='bbox 276 1965 287 1984; x_wconf 91' lang='lat' dir='ltr'>s</span> <span class='ocrx_word' id='word_1_456' title='bbox 298 1965 339 1983; x_wconf 60' lang='grc' dir='ltr'>ΤΒ</span> <span class='ocrx_word' id='word_1_457' title='bbox 351 1965 368 1983; x_wconf 91' lang='lat' dir='ltr'>A</span> <span class='ocrx_word' id='word_1_458' title='bbox 380 1964 399 1983; x_wconf 85' lang='lat'>&#39;1&#39;</span> <span class='ocrx_word' id='word_1_459' title='bbox 409 1964 426 1983; x_wconf 90' lang='lat' dir='ltr'>u</span> <span class='ocrx_word' id='word_1_460' title='bbox 435 1964 447 1983; x_wconf 93' lang='lat' dir='ltr'>s</span> <span class='ocrx_word' id='word_1_461' title='bbox 457 1977 465 1988; x_wconf 85' lang='lat'>‚</span> <span class='ocrx_word' id='word_1_462' title='bbox 485 1964 516 1989; x_wconf 85' lang='lat' dir='ltr'>a,</span> <span class='ocrx_word' id='word_1_463' title='bbox 537 1963 593 1983; x_wconf 91' lang='lat' dir='ltr'>um.</span> <span class='ocrx_word' id='word_1_464' title='bbox 614 1949 815 1990; x_wconf 65' lang='grc' dir='ltr'>[κειπιςριωτὲς]</span> <span class='ocrx_word' id='word_1_465' title='bbox 838 1953 922 1984; x_wconf 82' lang='lat' dir='ltr'>Ovid.</span> <span class='ocrx_word' id='word_1_466' title='bbox 931 1963 958 1984; x_wconf 87' lang='lat'>2.</span> <span class='ocrx_word' id='word_1_467' title='bbox 971 1953 1054 1992; x_wconf 85' lang='lat' dir='ltr'>Epist.</span> <span class='ocrx_word' id='word_1_468' title='bbox 1067 1959 1113 1989; x_wconf 83' lang='lat'>80.</span> 
     </span>
    </p>

    <p class='ocr_par' dir='ltr' id='par_1_22' title="bbox 288 1991 1319 2033">
     <span class='ocr_line' id='line_1_49' title="bbox 288 1991 1319 2033; baseline -0.004 -11"><span class='ocrx_word' id='word_1_469' title='bbox 288 1993 374 2030; x_wconf 80' lang='lat' dir='ltr'>inque</span> <span class='ocrx_word' id='word_1_470' title='bbox 383 1993 533 2030; x_wconf 86' lang='lat' dir='ltr'>capistratis</span> <span class='ocrx_word' id='word_1_471' title='bbox 542 1991 661 2029; x_wconf 79' lang='lat' dir='ltr'>tigribus</span> <span class='ocrx_word' id='word_1_472' title='bbox 671 1991 725 2020; x_wconf 87' lang='lat' dir='ltr'>alta</span> <span class='ocrx_word' id='word_1_473' title='bbox 738 1991 820 2021; x_wconf 86' lang='lat' dir='ltr'>sedet.</span> <span class='ocrx_word' id='word_1_474' title='bbox 1137 2028 1140 2033; x_wconf 25' lang='grc' dir='ltr'>ι</span> <span class='ocrx_word' id='word_1_475' title='bbox 1315 2027 1319 2030; x_wconf 34' lang='grc'><em>,</em></span> 
     </span>
    </p>

    <p class='ocr_par' dir='ltr' id='par_1_23' title="bbox 169 2029 1326 2140">
     <span class='ocr_line' id='line_1_50' title="bbox 169 2029 1326 2068; baseline -0.002 -7"><span class='ocrx_word' id='word_1_476' title='bbox 169 2031 240 2061; x_wconf 77' lang='grc' dir='ltr'>ΟΑΡ</span> <span class='ocrx_word' id='word_1_477' title='bbox 250 2042 259 2059; x_wconf 91' lang='lat'>1</span> <span class='ocrx_word' id='word_1_478' title='bbox 271 2041 289 2059; x_wconf 54' lang='lat' dir='ltr'>*r</span> <span class='ocrx_word' id='word_1_479' title='bbox 301 2041 389 2060; x_wconf 79' lang='lat' dir='ltr'>Ario</span> <span class='ocrx_word' id='word_1_480' title='bbox 400 2053 408 2065; x_wconf 87' lang='lat'>,</span> <span class='ocrx_word' id='word_1_481' title='bbox 430 2031 499 2060; x_wconf 75' lang='lat' dir='ltr'>onis.</span> <span class='ocrx_word' id='word_1_482' title='bbox 521 2030 540 2060; x_wconf 89' lang='lat' dir='ltr'>f.</span> <span class='ocrx_word' id='word_1_483' title='bbox 562 2030 712 2059; x_wconf 88' lang='lat' dir='ltr'>Tributum</span> <span class='ocrx_word' id='word_1_484' title='bbox 729 2030 805 2067; x_wconf 85' lang='lat' dir='ltr'>quod</span> <span class='ocrx_word' id='word_1_485' title='bbox 817 2030 847 2058; x_wconf 90' lang='lat' dir='ltr'>in</span> <span class='ocrx_word' id='word_1_486' title='bbox 862 2030 956 2068; x_wconf 88' lang='lat' dir='ltr'>capita</span> <span class='ocrx_word' id='word_1_487' title='bbox 966 2030 1004 2059; x_wconf 89' lang='lat' dir='ltr'>ita</span> <span class='ocrx_word' id='word_1_488' title='bbox 1014 2029 1196 2060; x_wconf 86' lang='lat' dir='ltr'>constitutum</span> <span class='ocrx_word' id='word_1_489' title='bbox 1206 2035 1273 2064; x_wconf 87' lang='lat' dir='ltr'>erat,</span> <span class='ocrx_word' id='word_1_490' title='bbox 1293 2034 1326 2059; x_wconf 73' lang='lat' dir='ltr'>ut</span> 
     </span>
     <span class='ocr_line' id='line_1_51' title="bbox 206 2066 1320 2106; baseline 0.001 -9"><span class='ocrx_word' id='word_1_491' title='bbox 206 2069 317 2106; x_wconf 81' lang='lat' dir='ltr'>Jugatio</span> <span class='ocrx_word' id='word_1_492' title='bbox 331 2069 360 2097; x_wconf 84' lang='lat' dir='ltr'>in</span> <span class='ocrx_word' id='word_1_493' title='bbox 374 2069 436 2105; x_wconf 72' lang='lat' dir='ltr'>iuga</span> <span class='ocrx_word' id='word_1_494' title='bbox 446 2069 541 2097; x_wconf 89' lang='lat' dir='ltr'>boum.</span> <span class='ocrx_word' id='word_1_495' title='bbox 562 2068 591 2097; x_wconf 86' lang='lat' dir='ltr'>in</span> <span class='ocrx_word' id='word_1_496' title='bbox 605 2068 623 2096; x_wconf 91' lang='lat' dir='ltr'>l.</span> <span class='ocrx_word' id='word_1_497' title='bbox 646 2068 846 2098; x_wconf 83' lang='lat' dir='ltr'>immunitates.</span> <span class='ocrx_word' id='word_1_498' title='bbox 868 2069 894 2098; x_wconf 76' lang='lat' dir='ltr'>Sc</span> <span class='ocrx_word' id='word_1_499' title='bbox 908 2067 969 2098; x_wconf 89' lang='lat' dir='ltr'>inl.</span> <span class='ocrx_word' id='word_1_500' title='bbox 984 2067 1128 2106; x_wconf 88' lang='lat' dir='ltr'>sequenti,</span> <span class='ocrx_word' id='word_1_501' title='bbox 1149 2068 1192 2098; x_wconf 90' lang='lat' dir='ltr'>De</span> <span class='ocrx_word' id='word_1_502' title='bbox 1209 2066 1320 2106; x_wconf 79' lang='lat' dir='ltr'>agricol.</span> 
     </span>
     <span class='ocr_line' id='line_1_52' title="bbox 206 2106 603 2140; baseline -0.005 -4"><span class='ocrx_word' id='word_1_503' title='bbox 206 2110 233 2137; x_wconf 74' lang='grc' dir='ltr'>δι</span> <span class='ocrx_word' id='word_1_504' title='bbox 245 2106 315 2135; x_wconf 81' lang='lat' dir='ltr'>cens.</span> <span class='ocrx_word' id='word_1_505' title='bbox 335 2106 382 2135; x_wconf 93' lang='lat' dir='ltr'>lib.</span> <span class='ocrx_word' id='word_1_506' title='bbox 398 2116 438 2135; x_wconf 85' lang='lat'>11.</span> <span class='ocrx_word' id='word_1_507' title='bbox 461 2106 492 2135; x_wconf 92' lang='lat' dir='ltr'>C.</span> <span class='ocrx_word' id='word_1_508' title='bbox 514 2106 603 2140; x_wconf 82' lang='lat' dir='ltr'>Item,</span> 
     </span>
    </p>

    <p class='ocr_par' dir='ltr' id='par_1_24' title="bbox 205 2142 1320 2211">
     <span class='ocr_line' id='line_1_53' title="bbox 205 2142 1320 2182; baseline 0.001 -9"><span class='ocrx_word' id='word_1_509' title='bbox 205 2145 345 2182; x_wconf 74' lang='lat' dir='ltr'>Capitatio</span> <span class='ocrx_word' id='word_1_510' title='bbox 354 2143 404 2182; x_wconf 82' lang='lat' dir='ltr'>pro</span> <span class='ocrx_word' id='word_1_511' title='bbox 415 2145 539 2179; x_wconf 82' lang='lat' dir='ltr'>Annona,</span> <span class='ocrx_word' id='word_1_512' title='bbox 561 2145 589 2172; x_wconf 93' lang='lat' dir='ltr'>in</span> <span class='ocrx_word' id='word_1_513' title='bbox 605 2142 675 2173; x_wconf 87' lang='lat' dir='ltr'>titul.</span> <span class='ocrx_word' id='word_1_514' title='bbox 690 2143 724 2173; x_wconf 88' lang='lat' dir='ltr'>de</span> <span class='ocrx_word' id='word_1_515' title='bbox 740 2143 863 2173; x_wconf 88' lang='lat' dir='ltr'>Annonis</span> <span class='ocrx_word' id='word_1_516' title='bbox 875 2144 901 2173; x_wconf 84' lang='lat'>&amp;</span> <span class='ocrx_word' id='word_1_517' title='bbox 912 2143 1092 2181; x_wconf 83' lang='lat' dir='ltr'>capitatione,</span> <span class='ocrx_word' id='word_1_518' title='bbox 1114 2143 1320 2174; x_wconf 85' lang='lat' dir='ltr'>Cod.Budaeus,</span> 
     </span>
     <span class='ocr_line' id='line_1_54' title="bbox 225 2183 963 2211; baseline -0.003 0"><span class='ocrx_word' id='word_1_519' title='bbox 225 2183 256 2211; x_wconf 87' lang='lat' dir='ltr'>V.</span> <span class='ocrx_word' id='word_1_520' title='bbox 281 2191 569 2211; x_wconf 69' lang='lat' dir='ltr'>EP1CEPHAL1UM</span> <span class='ocrx_word' id='word_1_521' title='bbox 592 2183 617 2211; x_wconf 75' lang='grc' dir='ltr'>δι</span> <span class='ocrx_word' id='word_1_522' title='bbox 638 2190 889 2210; x_wconf 70' lang='lat' dir='ltr'>CAPITARMJM</span> <span class='ocrx_word' id='word_1_523' title='bbox 909 2191 963 2210; x_wconf 72' lang='lat' dir='ltr'>ras.</span> 
     </span>
    </p>

    <p class='ocr_par' dir='ltr' id='par_1_25' title="bbox 168 2215 1320 2363">
     <span class='ocr_line' id='line_1_55' title="bbox 168 2215 1320 2256; baseline 0.001 -8"><span class='ocrx_word' id='word_1_524' title='bbox 168 2222 191 2251; x_wconf 94' lang='lat' dir='ltr'>C</span> <span class='ocrx_word' id='word_1_525' title='bbox 200 2230 217 2249; x_wconf 89' lang='lat' dir='ltr'>A</span> <span class='ocrx_word' id='word_1_526' title='bbox 229 2231 242 2248; x_wconf 98' lang='grc' dir='ltr'>Ρ</span> <span class='ocrx_word' id='word_1_527' title='bbox 254 2231 262 2248; x_wconf 83' lang='grc' dir='ltr'>ι</span> <span class='ocrx_word' id='word_1_528' title='bbox 274 2230 293 2248; x_wconf 89' lang='lat' dir='ltr'>·r</span> <span class='ocrx_word' id='word_1_529' title='bbox 302 2224 318 2248; x_wconf 73' lang='lat' dir='ltr'>A</span> <span class='ocrx_word' id='word_1_530' title='bbox 330 2230 348 2248; x_wconf 82' lang='lat' dir='ltr'>T</span> <span class='ocrx_word' id='word_1_531' title='bbox 358 2229 375 2248; x_wconf 78' lang='grc' dir='ltr'>υ</span> <span class='ocrx_word' id='word_1_532' title='bbox 384 2229 396 2248; x_wconf 88' lang='lat' dir='ltr'>s</span> <span class='ocrx_word' id='word_1_533' title='bbox 406 2241 414 2254; x_wconf 83' lang='lat'>,</span> <span class='ocrx_word' id='word_1_534' title='bbox 437 2230 451 2248; x_wconf 87' lang='lat' dir='ltr'>a</span> <span class='ocrx_word' id='word_1_535' title='bbox 461 2241 468 2253; x_wconf 83' lang='lat'>,</span> <span class='ocrx_word' id='word_1_536' title='bbox 489 2229 545 2249; x_wconf 88' lang='lat' dir='ltr'>um.</span> <span class='ocrx_word' id='word_1_537' title='bbox 570 2215 743 2255; x_wconf 60' lang='lat' dir='ltr'>[meam-11¹5]</span> <span class='ocrx_word' id='word_1_538' title='bbox 767 2219 826 2255; x_wconf 80' lang='lat' dir='ltr'>Adj.</span> <span class='ocrx_word' id='word_1_539' title='bbox 849 2219 952 2248; x_wconf 87' lang='lat' dir='ltr'>dicitur</span> <span class='ocrx_word' id='word_1_540' title='bbox 964 2218 1049 2256; x_wconf 85' lang='lat' dir='ltr'>Quod</span> <span class='ocrx_word' id='word_1_541' title='bbox 1060 2224 1144 2256; x_wconf 83' lang='lat' dir='ltr'>caput</span> <span class='ocrx_word' id='word_1_542' title='bbox 1153 2218 1257 2249; x_wconf 88' lang='lat' dir='ltr'>habet:</span> <span class='ocrx_word' id='word_1_543' title='bbox 1278 2225 1320 2256; x_wconf 89' lang='lat' dir='ltr'>ut,</span> 
     </span>
     <span class='ocr_line' id='line_1_56' title="bbox 205 2257 1318 2296; baseline -0.001 -9"><span class='ocrx_word' id='word_1_544' title='bbox 205 2258 363 2296; x_wconf 81' lang='lat' dir='ltr'>Capitatum</span> <span class='ocrx_word' id='word_1_545' title='bbox 374 2267 485 2293; x_wconf 89' lang='lat' dir='ltr'>porrum</span> <span class='ocrx_word' id='word_1_546' title='bbox 498 2258 627 2291; x_wconf 80' lang='lat' dir='ltr'>dicimus,</span> <span class='ocrx_word' id='word_1_547' title='bbox 642 2257 716 2292; x_wconf 87' lang='lat' dir='ltr'>quod</span> <span class='ocrx_word' id='word_1_548' title='bbox 727 2259 756 2286; x_wconf 91' lang='lat' dir='ltr'>in</span> <span class='ocrx_word' id='word_1_549' title='bbox 769 2257 943 2294; x_wconf 80' lang='lat' dir='ltr'>caputiatius</span> <span class='ocrx_word' id='word_1_550' title='bbox 954 2257 1057 2286; x_wconf 87' lang='lat' dir='ltr'>crescit.</span> <span class='ocrx_word' id='word_1_551' title='bbox 1081 2257 1201 2286; x_wconf 84' lang='lat' dir='ltr'>Martial.</span> <span class='ocrx_word' id='word_1_552' title='bbox 1215 2258 1262 2286; x_wconf 88' lang='lat' dir='ltr'>lib.</span> <span class='ocrx_word' id='word_1_553' title='bbox 1276 2268 1318 2294; x_wconf 82' lang='lat'>13.</span> 
     </span>
     <span class='ocr_line' id='line_1_57' title="bbox 203 2294 1320 2332; baseline 0 -6"><span class='ocrx_word' id='word_1_554' title='bbox 203 2296 298 2326; x_wconf 89' lang='lat' dir='ltr'>lemni.</span> <span class='ocrx_word' id='word_1_555' title='bbox 315 2306 355 2330; x_wconf 86' lang='lat'>19.</span> <span class='ocrx_word' id='word_1_556' title='bbox 376 2295 447 2324; x_wconf 88' lang='lat' dir='ltr'>Item</span> <span class='ocrx_word' id='word_1_557' title='bbox 463 2295 532 2324; x_wconf 89' lang='lat' dir='ltr'>Plin.</span> <span class='ocrx_word' id='word_1_558' title='bbox 545 2294 593 2324; x_wconf 88' lang='lat' dir='ltr'>lib.</span> <span class='ocrx_word' id='word_1_559' title='bbox 608 2305 652 2324; x_wconf 86' lang='lat'>20.</span> <span class='ocrx_word' id='word_1_560' title='bbox 664 2304 725 2332; x_wconf 78' lang='lat' dir='ltr'>cap.</span> <span class='ocrx_word' id='word_1_561' title='bbox 738 2300 764 2325; x_wconf 90' lang='lat'>6.</span> <span class='ocrx_word' id='word_1_562' title='bbox 785 2295 914 2332; x_wconf 82' lang='lat' dir='ltr'>Capitato</span> <span class='ocrx_word' id='word_1_563' title='bbox 931 2303 1015 2332; x_wconf 85' lang='lat' dir='ltr'>porro</span> <span class='ocrx_word' id='word_1_564' title='bbox 1028 2295 1117 2331; x_wconf 80' lang='lat' dir='ltr'>major</span> <span class='ocrx_word' id='word_1_565' title='bbox 1129 2295 1167 2325; x_wconf 93' lang='lat' dir='ltr'>est</span> <span class='ocrx_word' id='word_1_566' title='bbox 1176 2296 1211 2325; x_wconf 85' lang='lat' dir='ltr'>ad</span> <span class='ocrx_word' id='word_1_567' title='bbox 1222 2295 1320 2326; x_wconf 85' lang='lat' dir='ltr'>eadem</span> 
     </span>
     <span class='ocr_line' id='line_1_58' title="bbox 203 2334 1053 2363; baseline -0.002 0"><span class='ocrx_word' id='word_1_568' title='bbox 203 2334 329 2363; x_wconf 62' lang='lat' dir='ltr'>effeetus.</span> <span class='ocrx_word' id='word_1_569' title='bbox 1051 2345 1053 2349; x_wconf 90' lang='lat'>·</span> 
     </span>
    </p>

    <p class='ocr_par' dir='ltr' id='par_1_26' title="bbox 203 2369 1145 2408">
     <span class='ocr_line' id='line_1_59' title="bbox 203 2369 1145 2408; baseline 0 -8"><span class='ocrx_word' id='word_1_570' title='bbox 203 2372 305 2401; x_wconf 85' lang='lat' dir='ltr'>Clavus</span> <span class='ocrx_word' id='word_1_571' title='bbox 317 2371 460 2408; x_wconf 84' lang='lat' dir='ltr'>capitatus.</span> <span class='ocrx_word' id='word_1_572' title='bbox 482 2369 566 2399; x_wconf 87' lang='lat' dir='ltr'>Varro</span> <span class='ocrx_word' id='word_1_573' title='bbox 577 2379 602 2399; x_wconf 90' lang='lat'>2.</span> <span class='ocrx_word' id='word_1_574' title='bbox 615 2369 650 2399; x_wconf 83' lang='lat' dir='ltr'>de</span> <span class='ocrx_word' id='word_1_575' title='bbox 661 2369 694 2399; x_wconf 90' lang='lat' dir='ltr'>R.</span> <span class='ocrx_word' id='word_1_576' title='bbox 707 2369 741 2400; x_wconf 91' lang='lat' dir='ltr'>R.</span> <span class='ocrx_word' id='word_1_577' title='bbox 753 2380 780 2405; x_wconf 85' lang='lat'>9.</span> <span class='ocrx_word' id='word_1_578' title='bbox 813 2369 856 2400; x_wconf 84' lang='lat' dir='ltr'>Al.</span> <span class='ocrx_word' id='word_1_579' title='bbox 880 2369 1001 2400; x_wconf 88' lang='lat' dir='ltr'>Clavulis</span> <span class='ocrx_word' id='word_1_580' title='bbox 1010 2370 1145 2408; x_wconf 87' lang='lat' dir='ltr'>capitatis.</span> 
     </span>
    </p>

    <p class='ocr_par' dir='ltr' id='par_1_27' title="bbox 201 2408 642 2446">
     <span class='ocr_line' id='line_1_60' title="bbox 201 2408 642 2446; baseline -0.007 -8"><span class='ocrx_word' id='word_1_581' title='bbox 201 2409 303 2438; x_wconf 86' lang='lat' dir='ltr'>Cunila</span> <span class='ocrx_word' id='word_1_582' title='bbox 314 2410 441 2446; x_wconf 86' lang='lat' dir='ltr'>capitata.</span> <span class='ocrx_word' id='word_1_583' title='bbox 464 2408 532 2436; x_wconf 87' lang='lat' dir='ltr'>Plin.</span> <span class='ocrx_word' id='word_1_584' title='bbox 546 2417 587 2443; x_wconf 83' lang='lat'>32.</span> <span class='ocrx_word' id='word_1_585' title='bbox 602 2418 642 2436; x_wconf 86' lang='lat'>10.</span> 
     </span>
    </p>

    <p class='ocr_par' dir='ltr' id='par_1_28' title="bbox 202 2445 640 2484">
     <span class='ocr_line' id='line_1_61' title="bbox 202 2445 640 2484; baseline -0.005 -8"><span class='ocrx_word' id='word_1_586' title='bbox 202 2447 296 2477; x_wconf 83' lang='lat' dir='ltr'>Herba</span> <span class='ocrx_word' id='word_1_587' title='bbox 309 2447 435 2484; x_wconf 84' lang='lat' dir='ltr'>capitata.</span> <span class='ocrx_word' id='word_1_588' title='bbox 458 2445 525 2474; x_wconf 86' lang='lat' dir='ltr'>Plin.</span> <span class='ocrx_word' id='word_1_589' title='bbox 540 2455 584 2481; x_wconf 72' lang='lat'>24.</span> <span class='ocrx_word' id='word_1_590' title='bbox 600 2455 640 2482; x_wconf 92' lang='lat'>17.</span> 
     </span>
    </p>

    <p class='ocr_par' dir='ltr' id='par_1_29' title="bbox 202 2481 1241 2523">
     <span class='ocr_line' id='line_1_62' title="bbox 202 2481 1241 2523; baseline 0.001 -10"><span class='ocrx_word' id='word_1_591' title='bbox 202 2485 290 2513; x_wconf 85' lang='lat' dir='ltr'>Vinea</span> <span class='ocrx_word' id='word_1_592' title='bbox 302 2484 419 2521; x_wconf 80' lang='lat' dir='ltr'>capitata</span> <span class='ocrx_word' id='word_1_593' title='bbox 432 2505 439 2518; x_wconf 69' lang='grc'><em>,</em></span> <span class='ocrx_word' id='word_1_594' title='bbox 462 2484 531 2520; x_wconf 65' lang='lat' dir='ltr'>Quas</span> <span class='ocrx_word' id='word_1_595' title='bbox 542 2485 693 2521; x_wconf 80' lang='lat' dir='ltr'>opponitur</span> <span class='ocrx_word' id='word_1_596' title='bbox 702 2481 860 2512; x_wconf 67' lang='lat' dir='ltr'>Brachiatze.</span> <span class='ocrx_word' id='word_1_597' title='bbox 884 2482 1021 2512; x_wconf 89' lang='lat' dir='ltr'>Columel.</span> <span class='ocrx_word' id='word_1_598' title='bbox 1039 2481 1085 2513; x_wconf 93' lang='lat' dir='ltr'>lib.</span> <span class='ocrx_word' id='word_1_599' title='bbox 1101 2494 1125 2519; x_wconf 83' lang='grc' dir='ltr'>ς.</span> <span class='ocrx_word' id='word_1_600' title='bbox 1141 2493 1202 2523; x_wconf 87' lang='lat' dir='ltr'>cap.</span> <span class='ocrx_word' id='word_1_601' title='bbox 1217 2489 1241 2519; x_wconf 69' lang='grc' dir='ltr'>ζ’,</span> 
     </span>
    </p>

    <p class='ocr_par' dir='ltr' id='par_1_30' title="bbox 166 2520 1318 2898">
     <span class='ocr_line' id='line_1_63' title="bbox 166 2520 1317 2559; baseline 0.001 -8"><span class='ocrx_word' id='word_1_602' title='bbox 166 2522 384 2556; x_wconf 55' lang='lat' dir='ltr'>CAPi&#39;riuM7</span> <span class='ocrx_word' id='word_1_603' title='bbox 406 2522 423 2550; x_wconf 91' lang='lat' dir='ltr'>i.</span> <span class='ocrx_word' id='word_1_604' title='bbox 442 2532 469 2550; x_wconf 90' lang='lat' dir='ltr'>n.</span> <span class='ocrx_word' id='word_1_605' title='bbox 493 2522 597 2559; x_wconf 76' lang='lat' dir='ltr'>Capitis</span> <span class='ocrx_word' id='word_1_606' title='bbox 613 2526 735 2558; x_wconf 67' lang='lat' dir='ltr'>tegmen.</span> <span class='ocrx_word' id='word_1_607' title='bbox 773 2521 856 2549; x_wconf 91' lang='lat' dir='ltr'>Varro</span> <span class='ocrx_word' id='word_1_608' title='bbox 880 2521 916 2549; x_wconf 90' lang='lat' dir='ltr'>de</span> <span class='ocrx_word' id='word_1_609' title='bbox 940 2520 1000 2550; x_wconf 87' lang='lat' dir='ltr'>Vita</span> <span class='ocrx_word' id='word_1_610' title='bbox 1021 2521 1087 2559; x_wconf 83' lang='lat' dir='ltr'>Pop.</span> <span class='ocrx_word' id='word_1_611' title='bbox 1106 2522 1188 2551; x_wconf 88' lang='lat' dir='ltr'>Rom.</span> <span class='ocrx_word' id='word_1_612' title='bbox 1215 2521 1264 2552; x_wconf 85' lang='lat' dir='ltr'>lib.</span> <span class='ocrx_word' id='word_1_613' title='bbox 1287 2533 1317 2559; x_wconf 81' lang='lat'>4..</span> 
     </span>
     <span class='ocr_line' id='line_1_64' title="bbox 203 2559 1318 2596; baseline 0 -7"><span class='ocrx_word' id='word_1_614' title='bbox 203 2560 343 2593; x_wconf 74' lang='lat' dir='ltr'>Tunicas,</span> <span class='ocrx_word' id='word_1_615' title='bbox 365 2569 457 2596; x_wconf 86' lang='lat' dir='ltr'>neque</span> <span class='ocrx_word' id='word_1_616' title='bbox 476 2560 592 2595; x_wconf 78' lang='lat' dir='ltr'>capitia,</span> <span class='ocrx_word' id='word_1_617' title='bbox 614 2568 704 2595; x_wconf 85' lang='lat' dir='ltr'>neque</span> <span class='ocrx_word' id='word_1_618' title='bbox 723 2559 843 2596; x_wconf 84' lang='lat' dir='ltr'>strophia</span> <span class='ocrx_word' id='word_1_619' title='bbox 857 2580 864 2592; x_wconf 84' lang='lat'><strong>‚</strong></span> <span class='ocrx_word' id='word_1_620' title='bbox 891 2568 982 2596; x_wconf 86' lang='lat' dir='ltr'>neque</span> <span class='ocrx_word' id='word_1_621' title='bbox 1008 2568 1102 2588; x_wconf 73' lang='lat' dir='ltr'>zonas.</span> <span class='ocrx_word' id='word_1_622' title='bbox 1163 2560 1239 2589; x_wconf 81' lang='lat' dir='ltr'>Male</span> <span class='ocrx_word' id='word_1_623' title='bbox 1259 2561 1318 2589; x_wconf 91' lang='lat' dir='ltr'>No-</span> 
     </span>
     <span class='ocr_line' id='line_1_65' title="bbox 202 2596 1317 2634; baseline 0.002 -8"><span class='ocrx_word' id='word_1_624' title='bbox 202 2598 265 2627; x_wconf 88' lang='lat' dir='ltr'>nius</span> <span class='ocrx_word' id='word_1_625' title='bbox 285 2597 412 2634; x_wconf 70' lang='lat' dir='ltr'>”segmen</span> <span class='ocrx_word' id='word_1_626' title='bbox 436 2597 533 2634; x_wconf 86' lang='lat' dir='ltr'>capitis</span> <span class='ocrx_word' id='word_1_627' title='bbox 548 2597 751 2634; x_wconf 81' lang='lat' dir='ltr'>interpretatur.</span> <span class='ocrx_word' id='word_1_628' title='bbox 793 2596 875 2625; x_wconf 88' lang='lat' dir='ltr'>Varro</span> <span class='ocrx_word' id='word_1_629' title='bbox 893 2597 968 2625; x_wconf 89' lang='lat' dir='ltr'>enim</span> <span class='ocrx_word' id='word_1_630' title='bbox 980 2596 1118 2627; x_wconf 60' lang='lat' dir='ltr'>pectorale</span> <span class='ocrx_word' id='word_1_631' title='bbox 1136 2598 1166 2627; x_wconf 88' lang='lat' dir='ltr'>id</span> <span class='ocrx_word' id='word_1_632' title='bbox 1184 2598 1270 2633; x_wconf 87' lang='lat' dir='ltr'>facit,</span> <span class='ocrx_word' id='word_1_633' title='bbox 1290 2599 1317 2628; x_wconf 67' lang='grc' dir='ltr'>ὀὶ</span> 
     </span>
     <span class='ocr_line' id='line_1_66' title="bbox 203 2633 1315 2674; baseline 0.002 -10"><span class='ocrx_word' id='word_1_634' title='bbox 203 2645 260 2665; x_wconf 88' lang='lat' dir='ltr'>non</span> <span class='ocrx_word' id='word_1_635' title='bbox 274 2645 289 2664; x_wconf 86' lang='lat' dir='ltr'>a</span> <span class='ocrx_word' id='word_1_636' title='bbox 300 2635 397 2672; x_wconf 70' lang='lat' dir='ltr'>Capite</span> <span class='ocrx_word' id='word_1_637' title='bbox 410 2657 416 2668; x_wconf 86' lang='lat'>,</span> <span class='ocrx_word' id='word_1_638' title='bbox 437 2634 483 2663; x_wconf 87' lang='lat' dir='ltr'>sed</span> <span class='ocrx_word' id='word_1_639' title='bbox 498 2635 642 2672; x_wconf 85' lang='lat' dir='ltr'>Capiendo</span> <span class='ocrx_word' id='word_1_640' title='bbox 652 2635 708 2663; x_wconf 84' lang='lat' dir='ltr'>dici</span> <span class='ocrx_word' id='word_1_641' title='bbox 718 2640 813 2671; x_wconf 81' lang='lat' dir='ltr'>putat3</span> <span class='ocrx_word' id='word_1_642' title='bbox 835 2645 861 2670; x_wconf 90' lang='lat'>4.</span> <span class='ocrx_word' id='word_1_643' title='bbox 878 2633 913 2663; x_wconf 85' lang='lat' dir='ltr'>de</span> <span class='ocrx_word' id='word_1_644' title='bbox 924 2634 953 2663; x_wconf 87' lang='lat' dir='ltr'>L.</span> <span class='ocrx_word' id='word_1_645' title='bbox 967 2633 995 2663; x_wconf 94' lang='lat' dir='ltr'>L.</span> <span class='ocrx_word' id='word_1_646' title='bbox 1009 2644 1051 2670; x_wconf 84' lang='lat'>30.</span> <span class='ocrx_word' id='word_1_647' title='bbox 1073 2634 1213 2674; x_wconf 88' lang='lat' dir='ltr'>Capitium</span> <span class='ocrx_word' id='word_1_648' title='bbox 1224 2635 1258 2666; x_wconf 86' lang='lat' dir='ltr'>ab</span> <span class='ocrx_word' id='word_1_649' title='bbox 1270 2646 1315 2672; x_wconf 64' lang='lat' dir='ltr'>eo,</span> 
     </span>
     <span class='ocr_line' id='line_1_67' title="bbox 202 2671 1315 2711; baseline 0.001 -9"><span class='ocrx_word' id='word_1_650' title='bbox 202 2674 278 2710; x_wconf 90' lang='lat' dir='ltr'>quod</span> <span class='ocrx_word' id='word_1_651' title='bbox 291 2674 487 2710; x_wconf 69' lang='lat' dir='ltr'>capitpet‘tus:</span> <span class='ocrx_word' id='word_1_652' title='bbox 505 2672 534 2700; x_wconf 87' lang='lat' dir='ltr'>id</span> <span class='ocrx_word' id='word_1_653' title='bbox 550 2672 588 2701; x_wconf 90' lang='lat' dir='ltr'>est</span> <span class='ocrx_word' id='word_1_654' title='bbox 600 2694 608 2706; x_wconf 92' lang='lat'>,</span> <span class='ocrx_word' id='word_1_655' title='bbox 629 2679 661 2701; x_wconf 89' lang='lat' dir='ltr'>ut</span> <span class='ocrx_word' id='word_1_656' title='bbox 673 2672 779 2708; x_wconf 87' lang='lat' dir='ltr'>antiqui</span> <span class='ocrx_word' id='word_1_657' title='bbox 798 2671 948 2705; x_wconf 79' lang='lat' dir='ltr'>dicebant,</span> <span class='ocrx_word' id='word_1_658' title='bbox 970 2673 1069 2702; x_wconf 89' lang='lat' dir='ltr'>indutu</span> <span class='ocrx_word' id='word_1_659' title='bbox 1091 2673 1315 2711; x_wconf 80' lang='lat' dir='ltr'>comprehendit.</span> 
     </span>
     <span class='ocr_line' id='line_1_68' title="bbox 200 2708 1313 2749; baseline 0 -8"><span class='ocrx_word' id='word_1_660' title='bbox 200 2711 274 2741; x_wconf 89' lang='lat' dir='ltr'>adde</span> <span class='ocrx_word' id='word_1_661' title='bbox 289 2710 357 2740; x_wconf 79' lang='lat' dir='ltr'>Gell.</span> <span class='ocrx_word' id='word_1_662' title='bbox 373 2713 414 2739; x_wconf 89' lang='lat'>16.</span> <span class='ocrx_word' id='word_1_663' title='bbox 427 2719 451 2745; x_wconf 90' lang='lat'>7.</span> <span class='ocrx_word' id='word_1_664' title='bbox 465 2711 491 2739; x_wconf 69' lang='grc' dir='ltr'>ἃ</span> <span class='ocrx_word' id='word_1_665' title='bbox 504 2709 577 2745; x_wconf 77' lang='lat' dir='ltr'>l.23.</span> <span class='ocrx_word' id='word_1_666' title='bbox 593 2710 615 2747; x_wconf 89' lang='lat'>§.</span> <span class='ocrx_word' id='word_1_667' title='bbox 631 2719 657 2739; x_wconf 91' lang='lat'>2.</span> <span class='ocrx_word' id='word_1_668' title='bbox 676 2708 706 2737; x_wconf 78' lang='lat' dir='ltr'>ff.</span> <span class='ocrx_word' id='word_1_669' title='bbox 718 2709 754 2738; x_wconf 88' lang='lat' dir='ltr'>de</span> <span class='ocrx_word' id='word_1_670' title='bbox 771 2711 831 2738; x_wconf 90' lang='lat' dir='ltr'>Aur.</span> <span class='ocrx_word' id='word_1_671' title='bbox 842 2711 868 2739; x_wconf 85' lang='lat'>&amp;</span> <span class='ocrx_word' id='word_1_672' title='bbox 880 2711 938 2747; x_wconf 82' lang='lat' dir='ltr'>Arg.</span> <span class='ocrx_word' id='word_1_673' title='bbox 948 2709 1029 2747; x_wconf 80' lang='lat' dir='ltr'>legat.</span> <span class='ocrx_word' id='word_1_674' title='bbox 1051 2711 1080 2740; x_wconf 81' lang='lat' dir='ltr'>B.</span> <span class='ocrx_word' id='word_1_675' title='bbox 1098 2712 1212 2741; x_wconf 90' lang='lat' dir='ltr'>Hieron.</span> <span class='ocrx_word' id='word_1_676' title='bbox 1230 2712 1313 2749; x_wconf 82' lang='lat' dir='ltr'>Epist.</span> 
     </span>
     <span class='ocr_line' id='line_1_69' title="bbox 202 2746 1313 2785; baseline 0 -6"><span class='ocrx_word' id='word_1_677' title='bbox 202 2755 265 2781; x_wconf 80' lang='lat'>128.</span> <span class='ocrx_word' id='word_1_678' title='bbox 287 2749 322 2777; x_wconf 89' lang='lat' dir='ltr'>de</span> <span class='ocrx_word' id='word_1_679' title='bbox 339 2748 440 2778; x_wconf 88' lang='lat' dir='ltr'>Vestitu</span> <span class='ocrx_word' id='word_1_680' title='bbox 450 2747 640 2776; x_wconf 89' lang='lat' dir='ltr'>sacerdotum:</span> <span class='ocrx_word' id='word_1_681' title='bbox 661 2747 693 2776; x_wconf 80' lang='lat' dir='ltr'>Et</span> <span class='ocrx_word' id='word_1_682' title='bbox 707 2746 879 2784; x_wconf 88' lang='lat' dir='ltr'>insuperiori</span> <span class='ocrx_word' id='word_1_683' title='bbox 892 2755 986 2784; x_wconf 79' lang='lat' dir='ltr'>parte,</span> <span class='ocrx_word' id='word_1_684' title='bbox 1005 2758 1058 2784; x_wconf 83' lang='lat' dir='ltr'>qua</span> <span class='ocrx_word' id='word_1_685' title='bbox 1076 2748 1151 2778; x_wconf 90' lang='lat' dir='ltr'>collo</span> <span class='ocrx_word' id='word_1_686' title='bbox 1171 2750 1313 2785; x_wconf 79' lang='lat' dir='ltr'>induitur,</span> 
     </span>
     <span class='ocr_line' id='line_1_70' title="bbox 198 2784 1313 2825; baseline 0.001 -9"><span class='ocrx_word' id='word_1_687' title='bbox 198 2793 295 2824; x_wconf 84' lang='lat' dir='ltr'>aperta</span> <span class='ocrx_word' id='word_1_688' title='bbox 306 2808 314 2820; x_wconf 81' lang='lat'>,</span> <span class='ocrx_word' id='word_1_689' title='bbox 335 2786 411 2823; x_wconf 89' lang='lat' dir='ltr'>quod</span> <span class='ocrx_word' id='word_1_690' title='bbox 422 2784 506 2821; x_wconf 82' lang='lat' dir='ltr'>vulgo</span> <span class='ocrx_word' id='word_1_691' title='bbox 521 2786 655 2821; x_wconf 84' lang='lat' dir='ltr'>capitium</span> <span class='ocrx_word' id='word_1_692' title='bbox 665 2792 768 2814; x_wconf 87' lang='lat' dir='ltr'>vocant</span> <span class='ocrx_word' id='word_1_693' title='bbox 778 2807 785 2819; x_wconf 87' lang='lat'>,</span> <span class='ocrx_word' id='word_1_694' title='bbox 798 2786 850 2814; x_wconf 71' lang='grc' dir='ltr'>διο.</span> <span class='ocrx_word' id='word_1_695' title='bbox 872 2784 903 2814; x_wconf 90' lang='lat' dir='ltr'>In</span> <span class='ocrx_word' id='word_1_696' title='bbox 921 2785 1020 2821; x_wconf 88' lang='lat' dir='ltr'>quibus</span> <span class='ocrx_word' id='word_1_697' title='bbox 1033 2786 1123 2815; x_wconf 88' lang='lat' dir='ltr'>verbis</span> <span class='ocrx_word' id='word_1_698' title='bbox 1134 2794 1313 2825; x_wconf 78' lang='lat' dir='ltr'>campartem</span> 
     </span>
     <span class='ocr_line' id='line_1_71' title="bbox 200 2822 1314 2862; baseline 0.002 -9"><span class='ocrx_word' id='word_1_699' title='bbox 200 2825 303 2854; x_wconf 85' lang='lat' dir='ltr'>tunicae</span> <span class='ocrx_word' id='word_1_700' title='bbox 313 2824 453 2861; x_wconf 87' lang='lat' dir='ltr'>Capitium</span> <span class='ocrx_word' id='word_1_701' title='bbox 466 2823 598 2860; x_wconf 84' lang='lat' dir='ltr'>appellari</span> <span class='ocrx_word' id='word_1_702' title='bbox 610 2822 763 2860; x_wconf 78' lang='lat' dir='ltr'>putaverim</span> <span class='ocrx_word' id='word_1_703' title='bbox 777 2844 784 2856; x_wconf 83' lang='lat'>,</span> <span class='ocrx_word' id='word_1_704' title='bbox 806 2832 858 2859; x_wconf 89' lang='lat' dir='ltr'>qua</span> <span class='ocrx_word' id='word_1_705' title='bbox 878 2824 974 2860; x_wconf 54' lang='lat' dir='ltr'>petrus</span> <span class='ocrx_word' id='word_1_706' title='bbox 994 2825 1192 2862; x_wconf 74' lang='lat' dir='ltr'>praecingitur:</span> <span class='ocrx_word' id='word_1_707' title='bbox 1213 2826 1264 2855; x_wconf 89' lang='lat' dir='ltr'>nisi</span> <span class='ocrx_word' id='word_1_708' title='bbox 1277 2825 1314 2855; x_wconf 85' lang='lat' dir='ltr'>fic</span> 
     </span>
     <span class='ocr_line' id='line_1_72' title="bbox 198 2860 1012 2898; baseline -0.001 -7"><span class='ocrx_word' id='word_1_709' title='bbox 198 2863 339 2891; x_wconf 87' lang='lat' dir='ltr'>nominari</span> <span class='ocrx_word' id='word_1_710' title='bbox 349 2860 567 2890; x_wconf 80' lang='lat' dir='ltr'>existimabimus</span> <span class='ocrx_word' id='word_1_711' title='bbox 579 2882 587 2894; x_wconf 79' lang='lat'>,</span> <span class='ocrx_word' id='word_1_712' title='bbox 609 2861 682 2897; x_wconf 89' lang='lat' dir='ltr'>quod</span> <span class='ocrx_word' id='word_1_713' title='bbox 694 2860 857 2889; x_wconf 84' lang='lat' dir='ltr'>vestimento</span> <span class='ocrx_word' id='word_1_714' title='bbox 867 2861 1012 2898; x_wconf 84' lang='lat' dir='ltr'>caputdat.</span> 
     </span>
    </p>

    <p class='ocr_par' dir='ltr' id='par_1_31' title="bbox 161 2898 1312 3009">
     <span class='ocr_line' id='line_1_73' title="bbox 161 2898 1312 2938; baseline 0.001 -9"><span class='ocrx_word' id='word_1_715' title='bbox 161 2899 475 2933; x_wconf 68' lang='lat' dir='ltr'>CApi&#39;ripAva,</span> <span class='ocrx_word' id='word_1_716' title='bbox 496 2899 513 2927; x_wconf 94' lang='lat' dir='ltr'>i.</span> <span class='ocrx_word' id='word_1_717' title='bbox 530 2908 558 2927; x_wconf 92' lang='lat' dir='ltr'>n.</span> <span class='ocrx_word' id='word_1_718' title='bbox 580 2904 629 2933; x_wconf 85' lang='lat' dir='ltr'>ut,</span> <span class='ocrx_word' id='word_1_719' title='bbox 653 2898 755 2934; x_wconf 85' lang='lat' dir='ltr'>Vulgus</span> <span class='ocrx_word' id='word_1_720' title='bbox 772 2898 836 2927; x_wconf 86' lang='lat' dir='ltr'>ideo</span> <span class='ocrx_word' id='word_1_721' title='bbox 856 2898 1009 2934; x_wconf 83' lang='lat' dir='ltr'>palmarum</span> <span class='ocrx_word' id='word_1_722' title='bbox 1029 2899 1105 2929; x_wconf 88' lang='lat' dir='ltr'>diem</span> <span class='ocrx_word' id='word_1_723' title='bbox 1122 2899 1312 2938; x_wconf 78' lang='lat' dir='ltr'>capitilavium</span> 
     </span>
     <span class='ocr_line' id='line_1_74' title="bbox 196 2935 1311 2976; baseline 0.002 -10"><span class='ocrx_word' id='word_1_724' title='bbox 196 2944 294 2972; x_wconf 88' lang='lat' dir='ltr'>vocat,</span> <span class='ocrx_word' id='word_1_725' title='bbox 318 2938 380 2973; x_wconf 87' lang='lat' dir='ltr'>quia</span> <span class='ocrx_word' id='word_1_726' title='bbox 392 2943 460 2965; x_wconf 91' lang='lat' dir='ltr'>tunc</span> <span class='ocrx_word' id='word_1_727' title='bbox 477 2937 561 2965; x_wconf 90' lang='lat' dir='ltr'>moris</span> <span class='ocrx_word' id='word_1_728' title='bbox 579 2941 654 2971; x_wconf 81' lang='lat' dir='ltr'>erat,</span> <span class='ocrx_word' id='word_1_729' title='bbox 675 2935 785 2965; x_wconf 87' lang='lat' dir='ltr'>lavandi</span> <span class='ocrx_word' id='word_1_730' title='bbox 805 2937 897 2973; x_wconf 82' lang='lat' dir='ltr'>capita</span> <span class='ocrx_word' id='word_1_731' title='bbox 913 2937 1081 2973; x_wconf 85' lang='lat' dir='ltr'>infantium,</span> <span class='ocrx_word' id='word_1_732' title='bbox 1102 2938 1149 2975; x_wconf 83' lang='lat' dir='ltr'>qui</span> <span class='ocrx_word' id='word_1_733' title='bbox 1166 2940 1311 2976; x_wconf 82' lang='lat' dir='ltr'>unguendi</span> 
     </span>
     <span class='ocr_line' id='line_1_75' title="bbox 195 2974 556 3009; baseline -0.006 -5"><span class='ocrx_word' id='word_1_734' title='bbox 195 2974 258 3004; x_wconf 89' lang='lat' dir='ltr'>sunt</span> <span class='ocrx_word' id='word_1_735' title='bbox 269 2997 276 3009; x_wconf 95' lang='lat'>,</span> <span class='ocrx_word' id='word_1_736' title='bbox 291 2976 342 3005; x_wconf 83' lang='lat' dir='ltr'>&amp;c.</span> <span class='ocrx_word' id='word_1_737' title='bbox 364 2975 457 3004; x_wconf 81' lang='lat' dir='ltr'>lfidor.</span> <span class='ocrx_word' id='word_1_738' title='bbox 471 2977 496 3003; x_wconf 88' lang='lat'>6.</span> <span class='ocrx_word' id='word_1_739' title='bbox 514 2979 556 3007; x_wconf 89' lang='lat'>¹8·</span> 
     </span>
    </p>

    <p class='ocr_par' dir='ltr' id='par_1_32' title="bbox 158 3010 1311 3192">
     <span class='ocr_line' id='line_1_76' title="bbox 158 3010 1310 3052; baseline 0.001 -10"><span class='ocrx_word' id='word_1_740' title='bbox 158 3011 306 3042; x_wconf 69' lang='lat' dir='ltr'>CAeiro</span> <span class='ocrx_word' id='word_1_741' title='bbox 318 3034 325 3046; x_wconf 83' lang='grc'>,</span> <span class='ocrx_word' id='word_1_742' title='bbox 347 3013 418 3042; x_wconf 71' lang='lat' dir='ltr'>onis.</span> <span class='ocrx_word' id='word_1_743' title='bbox 443 3021 480 3040; x_wconf 90' lang='lat' dir='ltr'>m.</span> <span class='ocrx_word' id='word_1_744' title='bbox 503 3011 638 3048; x_wconf 61' lang='grc' dir='ltr'>[κεφάλιον</span> <span class='ocrx_word' id='word_1_745' title='bbox 654 3010 682 3039; x_wconf 84' lang='grc' dir='ltr'>ἰη</span> <span class='ocrx_word' id='word_1_746' title='bbox 698 3010 757 3039; x_wconf 84' lang='lat' dir='ltr'>Vet.</span> <span class='ocrx_word' id='word_1_747' title='bbox 771 3010 877 3046; x_wconf 74' lang='lat' dir='ltr'>Gloff]</span> <span class='ocrx_word' id='word_1_748' title='bbox 899 3011 955 3047; x_wconf 82' lang='lat' dir='ltr'>Qui</span> <span class='ocrx_word' id='word_1_749' title='bbox 966 3021 1099 3049; x_wconf 86' lang='lat' dir='ltr'>magnum</span> <span class='ocrx_word' id='word_1_750' title='bbox 1116 3013 1200 3042; x_wconf 89' lang='lat' dir='ltr'>habet</span> <span class='ocrx_word' id='word_1_751' title='bbox 1216 3020 1310 3052; x_wconf 74' lang='lat' dir='ltr'>caput.</span> 
     </span>
     <span class='ocr_line' id='line_1_77' title="bbox 195 3048 1310 3088; baseline 0.002 -9"><span class='ocrx_word' id='word_1_752' title='bbox 195 3049 254 3079; x_wconf 92' lang='lat' dir='ltr'>Cic.</span> <span class='ocrx_word' id='word_1_753' title='bbox 268 3061 289 3079; x_wconf 93' lang='lat'>1.</span> <span class='ocrx_word' id='word_1_754' title='bbox 303 3051 338 3078; x_wconf 87' lang='lat' dir='ltr'>de</span> <span class='ocrx_word' id='word_1_755' title='bbox 347 3051 409 3079; x_wconf 73' lang='lat' dir='ltr'>Nat.</span> <span class='ocrx_word' id='word_1_756' title='bbox 421 3049 503 3079; x_wconf 88' lang='lat' dir='ltr'>Deor.</span> <span class='ocrx_word' id='word_1_757' title='bbox 517 3055 562 3083; x_wconf 86' lang='lat'>80.</span> <span class='ocrx_word' id='word_1_758' title='bbox 583 3048 681 3078; x_wconf 82' lang='lat' dir='ltr'>Redeo</span> <span class='ocrx_word' id='word_1_759' title='bbox 699 3048 735 3077; x_wconf 85' lang='lat' dir='ltr'>ad</span> <span class='ocrx_word' id='word_1_760' title='bbox 753 3048 821 3077; x_wconf 87' lang='lat' dir='ltr'>deos</span> <span class='ocrx_word' id='word_1_761' title='bbox 833 3070 841 3084; x_wconf 75' lang='grc'>,</span> <span class='ocrx_word' id='word_1_762' title='bbox 862 3058 965 3085; x_wconf 86' lang='lat' dir='ltr'>ecquos</span> <span class='ocrx_word' id='word_1_763' title='bbox 981 3050 997 3078; x_wconf 88' lang='lat' dir='ltr'>si</span> <span class='ocrx_word' id='word_1_764' title='bbox 1009 3060 1066 3079; x_wconf 88' lang='lat' dir='ltr'>nori</span> <span class='ocrx_word' id='word_1_765' title='bbox 1083 3057 1139 3080; x_wconf 85' lang='lat' dir='ltr'>tam</span> <span class='ocrx_word' id='word_1_766' title='bbox 1151 3051 1310 3088; x_wconf 79' lang='lat' dir='ltr'>strabones,</span> 
     </span>
     <span class='ocr_line' id='line_1_78' title="bbox 194 3086 1311 3126; baseline 0.003 -10"><span class='ocrx_word' id='word_1_767' title='bbox 194 3094 224 3117; x_wconf 88' lang='lat' dir='ltr'>at</span> <span class='ocrx_word' id='word_1_768' title='bbox 237 3087 353 3126; x_wconf 66' lang='lat' dir='ltr'>paetulos</span> <span class='ocrx_word' id='word_1_769' title='bbox 364 3087 417 3116; x_wconf 73' lang='lat' dir='ltr'>eise</span> <span class='ocrx_word' id='word_1_770' title='bbox 428 3087 592 3116; x_wconf 88' lang='lat' dir='ltr'>arbitramur</span> <span class='ocrx_word' id='word_1_771' title='bbox 602 3088 615 3115; x_wconf 71' lang='grc' dir='ltr'>ἶ)</span> <span class='ocrx_word' id='word_1_772' title='bbox 635 3095 738 3122; x_wconf 88' lang='lat' dir='ltr'>ecquos</span> <span class='ocrx_word' id='word_1_773' title='bbox 758 3096 864 3115; x_wconf 79' lang='lat' dir='ltr'>naevum</span> <span class='ocrx_word' id='word_1_774' title='bbox 882 3086 1007 3117; x_wconf 80' lang='lat' dir='ltr'>habere‘.&gt;</span> <span class='ocrx_word' id='word_1_775' title='bbox 1026 3097 1129 3126; x_wconf 87' lang='lat' dir='ltr'>ecquos</span> <span class='ocrx_word' id='word_1_776' title='bbox 1146 3089 1207 3118; x_wconf 83' lang='lat' dir='ltr'>filos</span> <span class='ocrx_word' id='word_1_777' title='bbox 1218 3112 1226 3125; x_wconf 85' lang='lat'>,</span> <span class='ocrx_word' id='word_1_778' title='bbox 1247 3090 1311 3119; x_wconf 58' lang='lat' dir='ltr'>flac«</span> 
     </span>
     <span class='ocr_line' id='line_1_79' title="bbox 193 3123 1308 3191; baseline 0.003 -37"><span class='ocrx_word' id='word_1_779' title='bbox 193 3135 257 3191; x_wconf 71' lang='lat' dir='ltr'>clclis,</span> <span class='ocrx_word' id='word_1_780' title='bbox 277 3125 438 3161; x_wconf 86' lang='lat' dir='ltr'>frontones,</span> <span class='ocrx_word' id='word_1_781' title='bbox 455 3125 617 3163; x_wconf 82' lang='lat' dir='ltr'>capitones,</span> <span class='ocrx_word' id='word_1_782' title='bbox 638 3133 698 3161; x_wconf 84' lang='lat' dir='ltr'>quae</span> <span class='ocrx_word' id='word_1_783' title='bbox 711 3123 811 3153; x_wconf 87' lang='lat' dir='ltr'>suntin</span> <span class='ocrx_word' id='word_1_784' title='bbox 821 3124 924 3154; x_wconf 79' lang='lat' dir='ltr'>nobis?</span> <span class='ocrx_word' id='word_1_785' title='bbox 936 3126 986 3154; x_wconf 75' lang='lat' dir='ltr'>&#39;An</span> <span class='ocrx_word' id='word_1_786' title='bbox 1003 3127 1097 3155; x_wconf 89' lang='lat' dir='ltr'>omnia</span> <span class='ocrx_word' id='word_1_787' title='bbox 1110 3128 1259 3157; x_wconf 86' lang='lat' dir='ltr'>emendata</span> <span class='ocrx_word' id='word_1_788' title='bbox 1278 3128 1308 3157; x_wconf 85' lang='lat' dir='ltr'>in</span> 
     </span>
     <span class='ocr_line' id='line_1_80' title="bbox 193 3162 271 3192; baseline 0.013 -1"><span class='ocrx_word' id='word_1_789' title='bbox 193 3162 201 3191; x_wconf 88' lang='lat' dir='ltr'>i</span> <span class='ocrx_word' id='word_1_790' title='bbox 227 3164 271 3192; x_wconf 75' lang='lat' dir='ltr'>is?</span> 
     </span>
    </p>

    <p class='ocr_par' dir='ltr' id='par_1_33' title="bbox 191 3198 1307 3341">
     <span class='ocr_line' id='line_1_81' title="bbox 191 3198 1306 3237; baseline 0.002 -7"><span class='ocrx_word' id='word_1_791' title='bbox 191 3200 260 3230; x_wconf 90' lang='lat' dir='ltr'>Duri</span> <span class='ocrx_word' id='word_1_792' title='bbox 276 3201 418 3237; x_wconf 86' lang='lat' dir='ltr'>capitones</span> <span class='ocrx_word' id='word_1_793' title='bbox 437 3200 588 3234; x_wconf 83' lang='lat' dir='ltr'>dicuntur,</span> <span class='ocrx_word' id='word_1_794' title='bbox 609 3199 666 3235; x_wconf 85' lang='lat' dir='ltr'>Qui</span> <span class='ocrx_word' id='word_1_795' title='bbox 683 3208 825 3235; x_wconf 85' lang='lat' dir='ltr'>nunquam</span> <span class='ocrx_word' id='word_1_796' title='bbox 847 3198 882 3228; x_wconf 90' lang='lat' dir='ltr'>de</span> <span class='ocrx_word' id='word_1_797' title='bbox 900 3198 946 3228; x_wconf 86' lang='lat' dir='ltr'>sua</span> <span class='ocrx_word' id='word_1_798' title='bbox 965 3198 1100 3229; x_wconf 87' lang='lat' dir='ltr'>sententia</span> <span class='ocrx_word' id='word_1_799' title='bbox 1115 3201 1306 3233; x_wconf 78' lang='lat' dir='ltr'>immutantur.</span> 
     </span>
     <span class='ocr_line' id='line_1_82' title="bbox 210 3236 1307 3276; baseline 0.003 -9"><span class='ocrx_word' id='word_1_800' title='bbox 210 3237 294 3267; x_wconf 76' lang='lat' dir='ltr'>Plaut.</span> <span class='ocrx_word' id='word_1_801' title='bbox 309 3239 373 3267; x_wconf 85' lang='lat' dir='ltr'>Pers.</span> <span class='ocrx_word' id='word_1_802' title='bbox 389 3248 412 3267; x_wconf 93' lang='lat'>1.</span> <span class='ocrx_word' id='word_1_803' title='bbox 424 3248 449 3267; x_wconf 92' lang='lat'>2.</span> <span class='ocrx_word' id='word_1_804' title='bbox 463 3245 488 3272; x_wconf 83' lang='lat'>8.</span> <span class='ocrx_word' id='word_1_805' title='bbox 526 3238 577 3267; x_wconf 85' lang='lat' dir='ltr'>His</span> <span class='ocrx_word' id='word_1_806' title='bbox 588 3243 808 3275; x_wconf 87' lang='lat' dir='ltr'>cognomentum</span> <span class='ocrx_word' id='word_1_807' title='bbox 825 3243 882 3266; x_wconf 81' lang='lat' dir='ltr'>erat</span> <span class='ocrx_word' id='word_1_808' title='bbox 896 3236 970 3266; x_wconf 86' lang='lat' dir='ltr'>duris</span> <span class='ocrx_word' id='word_1_809' title='bbox 988 3238 1175 3275; x_wconf 77' lang='lat' dir='ltr'>Capitonibus.</span> <span class='ocrx_word' id='word_1_810' title='bbox 1215 3241 1307 3276; x_wconf 80' lang='lat' dir='ltr'>[Cau-</span> 
     </span>
     <span class='ocr_line' id='line_1_83' title="bbox 209 3274 1305 3341; baseline 0.005 -38"><span class='ocrx_word' id='word_1_811' title='bbox 209 3275 440 3341; x_wconf 53' lang='lat' dir='ltr'>{3¹¹¹,scommflgs</span> <span class='ocrx_word' id='word_1_812' title='bbox 456 3276 529 3305; x_wconf 84' lang='lat' dir='ltr'>varie</span> <span class='ocrx_word' id='word_1_813' title='bbox 546 3282 692 3314; x_wconf 82' lang='lat' dir='ltr'>exponunt</span> <span class='ocrx_word' id='word_1_814' title='bbox 706 3275 757 3304; x_wconf 90' lang='lat' dir='ltr'>viri</span> <span class='ocrx_word' id='word_1_815' title='bbox 773 3274 857 3304; x_wconf 70' lang='lat' dir='ltr'>doeti.</span> <span class='ocrx_word' id='word_1_816' title='bbox 901 3274 969 3304; x_wconf 86' lang='lat' dir='ltr'>Puto</span> <span class='ocrx_word' id='word_1_817' title='bbox 982 3276 1132 3311; x_wconf 67' lang='lat' dir='ltr'>conjuncte</span> <span class='ocrx_word' id='word_1_818' title='bbox 1152 3276 1305 3315; x_wconf 82' lang='lat' dir='ltr'>legendum</span> 
     </span>
    </p>

    <p class='ocr_par' dir='ltr' id='par_1_34' title="bbox 239 3321 465 3343">
     <span class='ocr_line' id='line_1_84' title="bbox 239 3321 465 3343; baseline 0.013 -3"><span class='ocrx_word' id='word_1_819' title='bbox 239 3323 310 3341; x_wconf 72' lang='lat' dir='ltr'>[lrlctl</span> <span class='ocrx_word' id='word_1_820' title='bbox 336 3321 401 3341; x_wconf 69' lang='lat' dir='ltr'>lton!</span> <span class='ocrx_word' id='word_1_821' title='bbox 426 3323 465 3343; x_wconf 74' lang='lat' dir='ltr'>us-</span> 
     </span>
    </p>

    <p class='ocr_par' dir='ltr' id='par_1_35' title="bbox 191 3323 980 3388">
     <span class='ocr_line' id='line_1_85' title="bbox 191 3323 980 3388; baseline 0.001 -11"><span class='ocrx_word' id='word_1_822' title='bbox 191 3349 289 3386; x_wconf 76' lang='lat' dir='ltr'>Capito</span> <span class='ocrx_word' id='word_1_823' title='bbox 300 3323 408 3384; x_wconf 71' lang='lat' dir='ltr'>,pl’iscis</span> <span class='ocrx_word' id='word_1_824' title='bbox 419 3360 506 3387; x_wconf 85' lang='lat' dir='ltr'>genus</span> <span class='ocrx_word' id='word_1_825' title='bbox 518 3373 526 3385; x_wconf 86' lang='lat'>,</span> <span class='ocrx_word' id='word_1_826' title='bbox 547 3350 621 3388; x_wconf 90' lang='lat' dir='ltr'>apud</span> <span class='ocrx_word' id='word_1_827' title='bbox 634 3350 731 3379; x_wconf 90' lang='lat' dir='ltr'>Caton.</span> <span class='ocrx_word' id='word_1_828' title='bbox 747 3349 780 3379; x_wconf 89' lang='lat' dir='ltr'>R.</span> <span class='ocrx_word' id='word_1_829' title='bbox 794 3349 827 3379; x_wconf 81' lang='lat' dir='ltr'>R.</span> <span class='ocrx_word' id='word_1_830' title='bbox 841 3358 900 3387; x_wconf 85' lang='lat' dir='ltr'>cap.</span> <span class='ocrx_word' id='word_1_831' title='bbox 919 3354 980 3384; x_wconf 85' lang='lat'>158.</span> 
     </span>
    </p>

    <p class='ocr_par' dir='ltr' id='par_1_36' title="bbox 191 3386 1306 3462">
     <span class='ocr_line' id='line_1_86' title="bbox 191 3386 1306 3426; baseline 0 -10"><span class='ocrx_word' id='word_1_832' title='bbox 191 3386 290 3423; x_wconf 86' lang='lat' dir='ltr'>Capito</span> <span class='ocrx_word' id='word_1_833' title='bbox 302 3397 457 3423; x_wconf 66' lang='lat' dir='ltr'>cognomen</span> <span class='ocrx_word' id='word_1_834' title='bbox 466 3388 629 3417; x_wconf 79' lang='lat' dir='ltr'>familiarum</span> <span class='ocrx_word' id='word_1_835' title='bbox 640 3388 830 3417; x_wconf 84' lang='lat' dir='ltr'>Romanarum</span> <span class='ocrx_word' id='word_1_836' title='bbox 838 3387 1010 3424; x_wconf 83' lang='lat' dir='ltr'>quarundam</span> <span class='ocrx_word' id='word_1_837' title='bbox 1019 3411 1027 3425; x_wconf 90' lang='lat'>‚</span> <span class='ocrx_word' id='word_1_838' title='bbox 1047 3392 1079 3418; x_wconf 90' lang='lat' dir='ltr'>ut</span> <span class='ocrx_word' id='word_1_839' title='bbox 1091 3386 1224 3426; x_wconf 76' lang='lat' dir='ltr'>Fontejae‚</span> <span class='ocrx_word' id='word_1_840' title='bbox 1244 3390 1306 3420; x_wconf 83' lang='lat' dir='ltr'>Ma.</span> 
     </span>
     <span class='ocr_line' id='line_1_87' title="bbox 210 3425 918 3462; baseline 0.001 -8"><span class='ocrx_word' id='word_1_841' title='bbox 210 3425 256 3454; x_wconf 74' lang='lat' dir='ltr'>riae</span> <span class='ocrx_word' id='word_1_842' title='bbox 270 3447 278 3459; x_wconf 86' lang='lat'>,</span> <span class='ocrx_word' id='word_1_843' title='bbox 298 3426 396 3462; x_wconf 78' lang='lat' dir='ltr'>Oppia:</span> <span class='ocrx_word' id='word_1_844' title='bbox 407 3427 481 3462; x_wconf 87' lang='lat' dir='ltr'>apud</span> <span class='ocrx_word' id='word_1_845' title='bbox 495 3426 578 3455; x_wconf 78' lang='lat' dir='ltr'>Parin.</span> <span class='ocrx_word' id='word_1_846' title='bbox 595 3427 688 3455; x_wconf 84' lang='lat' dir='ltr'>Horat.</span> <span class='ocrx_word' id='word_1_847' title='bbox 704 3436 726 3454; x_wconf 92' lang='lat'>1.</span> <span class='ocrx_word' id='word_1_848' title='bbox 739 3427 824 3454; x_wconf 85' lang='lat' dir='ltr'>Serm.</span> <span class='ocrx_word' id='word_1_849' title='bbox 838 3436 860 3460; x_wconf 85' lang='grc' dir='ltr'>ς.</span> <span class='ocrx_word' id='word_1_850' title='bbox 876 3434 918 3461; x_wconf 90' lang='lat'>32.</span> 
     </span>
    </p>

    <p class='ocr_par' dir='ltr' id='par_1_37' title="bbox 244 3464 1047 3575">
     <span class='ocr_line' id='line_1_88' title="bbox 345 3464 894 3500; baseline 0.002 -9"><span class='ocrx_word' id='word_1_851' title='bbox 345 3478 381 3483; x_wconf 83' lang='lat'>—-</span> <span class='ocrx_word' id='word_1_852' title='bbox 392 3464 495 3492; x_wconf 86' lang='lat' dir='ltr'>interea</span> <span class='ocrx_word' id='word_1_853' title='bbox 510 3464 646 3493; x_wconf 55' lang='lat' dir='ltr'>Maecenas</span> <span class='ocrx_word' id='word_1_854' title='bbox 660 3464 788 3497; x_wconf 84' lang='lat' dir='ltr'>advenit,</span> <span class='ocrx_word' id='word_1_855' title='bbox 810 3467 894 3500; x_wconf 75' lang='lat' dir='ltr'>atque</span> 
     </span>
     <span class='ocr_line' id='line_1_89' title="bbox 245 3498 1018 3539; baseline 0.003 -12"><span class='ocrx_word' id='word_1_856' title='bbox 245 3498 379 3535; x_wconf 78' lang='lat' dir='ltr'>Cocceius</span> <span class='ocrx_word' id='word_1_857' title='bbox 391 3521 398 3534; x_wconf 86' lang='lat'>,</span> <span class='ocrx_word' id='word_1_858' title='bbox 419 3502 571 3539; x_wconf 83' lang='lat' dir='ltr'>Capitoque</span> <span class='ocrx_word' id='word_1_859' title='bbox 582 3502 660 3530; x_wconf 79' lang='lat' dir='ltr'>limul</span> <span class='ocrx_word' id='word_1_860' title='bbox 676 3501 807 3536; x_wconf 74' lang='lat' dir='ltr'>fonteius</span> <span class='ocrx_word' id='word_1_861' title='bbox 818 3523 825 3535; x_wconf 86' lang='lat'>‚</span> <span class='ocrx_word' id='word_1_862' title='bbox 847 3500 882 3530; x_wconf 86' lang='lat' dir='ltr'>ad</span> <span class='ocrx_word' id='word_1_863' title='bbox 894 3509 1018 3537; x_wconf 81' lang='lat' dir='ltr'>unguem</span> 
     </span>
     <span class='ocr_line' id='line_1_90' title="bbox 244 3535 1047 3575; baseline 0.004 -11"><span class='ocrx_word' id='word_1_864' title='bbox 244 3535 342 3565; x_wconf 62' lang='lat' dir='ltr'>Faetus</span> <span class='ocrx_word' id='word_1_865' title='bbox 352 3537 435 3566; x_wconf 82' lang='lat' dir='ltr'>homo</span> <span class='ocrx_word' id='word_1_866' title='bbox 446 3560 454 3573; x_wconf 81' lang='lat'>,</span> <span class='ocrx_word' id='word_1_867' title='bbox 475 3540 592 3573; x_wconf 84' lang='lat' dir='ltr'>Antoni,</span> <span class='ocrx_word' id='word_1_868' title='bbox 615 3549 671 3567; x_wconf 90' lang='lat' dir='ltr'>non</span> <span class='ocrx_word' id='word_1_869' title='bbox 686 3546 716 3568; x_wconf 91' lang='lat' dir='ltr'>ut</span> <span class='ocrx_word' id='word_1_870' title='bbox 728 3539 813 3575; x_wconf 80' lang='lat' dir='ltr'>magis</span> <span class='ocrx_word' id='word_1_871' title='bbox 823 3538 890 3567; x_wconf 88' lang='lat' dir='ltr'>alter</span> <span class='ocrx_word' id='word_1_872' title='bbox 903 3560 911 3573; x_wconf 86' lang='lat'>,</span> <span class='ocrx_word' id='word_1_873' title='bbox 931 3539 1047 3567; x_wconf 83' lang='lat' dir='ltr'>amicus.</span> 
     </span>
    </p>

    <p class='ocr_par' dir='ltr' id='par_1_38' title="bbox 191 3572 1301 3724">
     <span class='ocr_line' id='line_1_91' title="bbox 191 3572 1300 3615; baseline 0 -8"><span class='ocrx_word' id='word_1_874' title='bbox 191 3572 290 3610; x_wconf 65' lang='lat' dir='ltr'>capim</span> <span class='ocrx_word' id='word_1_875' title='bbox 300 3596 307 3607; x_wconf 55' lang='lat'>³</span> <span class='ocrx_word' id='word_1_876' title='bbox 330 3576 344 3610; x_wconf 93' lang='lat'>[</span> <span class='ocrx_word' id='word_1_877' title='bbox 356 3573 489 3610; x_wconf 60' lang='grc' dir='ltr'>Καπῖπνν]</span> <span class='ocrx_word' id='word_1_878' title='bbox 511 3577 619 3613; x_wconf 72' lang='lat' dir='ltr'>Lycius,</span> <span class='ocrx_word' id='word_1_879' title='bbox 632 3576 787 3613; x_wconf 84' lang='lat' dir='ltr'>composuit</span> <span class='ocrx_word' id='word_1_880' title='bbox 804 3576 943 3605; x_wconf 82' lang='lat' dir='ltr'>historiam</span> <span class='ocrx_word' id='word_1_881' title='bbox 960 3575 1105 3605; x_wconf 88' lang='lat' dir='ltr'>Isauricam</span> <span class='ocrx_word' id='word_1_882' title='bbox 1125 3574 1202 3615; x_wconf 82' lang='lat' dir='ltr'>libris</span> <span class='ocrx_word' id='word_1_883' title='bbox 1216 3586 1252 3606; x_wconf 88' lang='lat' dir='ltr'>vr</span> <span class='ocrx_word' id='word_1_884' title='bbox 1262 3581 1300 3608; x_wconf 78' lang='lat' dir='ltr'>rt.</span> 
     </span>
     <span class='ocr_line' id='line_1_92' title="bbox 207 3611 1301 3651; baseline 0.006 -13"><span class='ocrx_word' id='word_1_885' title='bbox 207 3611 348 3648; x_wconf 77' lang='lat' dir='ltr'>Epitomas</span> <span class='ocrx_word' id='word_1_886' title='bbox 360 3611 424 3640; x_wconf 86' lang='lat' dir='ltr'>Livii</span> <span class='ocrx_word' id='word_1_887' title='bbox 439 3614 464 3642; x_wconf 68' lang='lat' dir='ltr'>Sc</span> <span class='ocrx_word' id='word_1_888' title='bbox 481 3614 604 3651; x_wconf 78' lang='lat' dir='ltr'>Eutropii</span> <span class='ocrx_word' id='word_1_889' title='bbox 618 3615 645 3642; x_wconf 90' lang='lat' dir='ltr'>in</span> <span class='ocrx_word' id='word_1_890' title='bbox 657 3615 782 3643; x_wconf 63' lang='lat' dir='ltr'>Graecum</span> <span class='ocrx_word' id='word_1_891' title='bbox 793 3614 874 3643; x_wconf 89' lang='lat' dir='ltr'>vertit</span> <span class='ocrx_word' id='word_1_892' title='bbox 887 3614 1051 3644; x_wconf 84' lang='lat' dir='ltr'>sermonem.</span> <span class='ocrx_word' id='word_1_893' title='bbox 1090 3612 1202 3651; x_wconf 84' lang='lat' dir='ltr'>Scripsit</span> <span class='ocrx_word' id='word_1_894' title='bbox 1222 3617 1248 3644; x_wconf 73' lang='grc' dir='ltr'>δι</span> <span class='ocrx_word' id='word_1_895' title='bbox 1259 3625 1301 3645; x_wconf 85' lang='lat' dir='ltr'>res</span> 
     </span>
     <span class='ocr_line' id='line_1_93' title="bbox 207 3647 1301 3688; baseline 0.005 -12"><span class='ocrx_word' id='word_1_896' title='bbox 207 3647 299 3685; x_wconf 80' lang='lat' dir='ltr'>Lyciae</span> <span class='ocrx_word' id='word_1_897' title='bbox 310 3651 334 3678; x_wconf 70' lang='grc' dir='ltr'><strong>ἃ</strong></span> <span class='ocrx_word' id='word_1_898' title='bbox 347 3650 518 3686; x_wconf 83' lang='lat' dir='ltr'>Pamphyliae.</span> <span class='ocrx_word' id='word_1_899' title='bbox 540 3652 640 3680; x_wconf 68' lang='lat' dir='ltr'>Auctor</span> <span class='ocrx_word' id='word_1_900' title='bbox 653 3651 784 3680; x_wconf 87' lang='lat' dir='ltr'>Volaterr.</span> <span class='ocrx_word' id='word_1_901' title='bbox 796 3651 845 3681; x_wconf 92' lang='lat' dir='ltr'>lib.</span> <span class='ocrx_word' id='word_1_902' title='bbox 859 3661 901 3688; x_wconf 88' lang='lat'>¹4·</span> <span class='ocrx_word' id='word_1_903' title='bbox 919 3651 960 3681; x_wconf 90' lang='lat' dir='ltr'>Ex</span> <span class='ocrx_word' id='word_1_904' title='bbox 971 3651 1063 3681; x_wconf 81' lang='lat' dir='ltr'>Suida.</span> <span class='ocrx_word' id='word_1_905' title='bbox 1088 3650 1131 3681; x_wconf 85' lang='lat' dir='ltr'>De</span> <span class='ocrx_word' id='word_1_906' title='bbox 1141 3652 1196 3681; x_wconf 92' lang='lat' dir='ltr'>hoc</span> <span class='ocrx_word' id='word_1_907' title='bbox 1208 3653 1301 3682; x_wconf 84' lang='lat' dir='ltr'>&amp;aliis</span> 
     </span>
     <span class='ocr_line' id='line_1_94' title="bbox 206 3685 658 3724; baseline 0.013 -12"><span class='ocrx_word' id='word_1_908' title='bbox 206 3685 237 3713; x_wconf 89' lang='lat' dir='ltr'>V.</span> <span class='ocrx_word' id='word_1_909' title='bbox 264 3686 333 3714; x_wconf 73' lang='lat' dir='ltr'>Vols.</span> <span class='ocrx_word' id='word_1_910' title='bbox 348 3687 382 3714; x_wconf 89' lang='lat' dir='ltr'>de</span> <span class='ocrx_word' id='word_1_911' title='bbox 396 3687 460 3716; x_wconf 82' lang='grc' dir='ltr'>Ηίίὶ.</span> <span class='ocrx_word' id='word_1_912' title='bbox 475 3688 559 3717; x_wconf 64' lang='lat' dir='ltr'>Gracc.</span> <span class='ocrx_word' id='word_1_913' title='bbox 571 3689 619 3717; x_wconf 87' lang='lat' dir='ltr'>lib.</span> <span class='ocrx_word' id='word_1_914' title='bbox 636 3698 658 3724; x_wconf 85' lang='lat'>3.</span> 
     </span>
    </p>

    <p class='ocr_par' dir='ltr' id='par_1_39' title="bbox 148 3720 1299 3837">
     <span class='ocr_line' id='line_1_95' title="bbox 148 3720 1299 3764; baseline 0 -8"><span class='ocrx_word' id='word_1_915' title='bbox 148 3720 171 3752; x_wconf 85' lang='lat' dir='ltr'>C</span> <span class='ocrx_word' id='word_1_916' title='bbox 179 3732 198 3751; x_wconf 81' lang='grc' dir='ltr'><strong>Α</strong></span> <span class='ocrx_word' id='word_1_917' title='bbox 208 3731 269 3751; x_wconf 79' lang='lat' dir='ltr'>P1T</span> <span class='ocrx_word' id='word_1_918' title='bbox 277 3727 293 3752; x_wconf 82' lang='grc' dir='ltr'>ὅ</span> <span class='ocrx_word' id='word_1_919' title='bbox 303 3733 314 3751; x_wconf 86' lang='lat' dir='ltr'>S</span> <span class='ocrx_word' id='word_1_920' title='bbox 324 3733 340 3751; x_wconf 86' lang='lat' dir='ltr'><em>U</em></span> <span class='ocrx_word' id='word_1_921' title='bbox 351 3733 362 3751; x_wconf 77' lang='lat' dir='ltr'>S</span> <span class='ocrx_word' id='word_1_922' title='bbox 373 3745 380 3756; x_wconf 61' lang='lat'><strong>3</strong></span> <span class='ocrx_word' id='word_1_923' title='bbox 401 3734 416 3752; x_wconf 73' lang='lat' dir='ltr'>a</span> <span class='ocrx_word' id='word_1_924' title='bbox 425 3746 433 3758; x_wconf 71' lang='lat'>‚</span> <span class='ocrx_word' id='word_1_925' title='bbox 454 3734 509 3753; x_wconf 85' lang='lat' dir='ltr'>um.</span> <span class='ocrx_word' id='word_1_926' title='bbox 533 3727 546 3761; x_wconf 90' lang='lat'>[</span> <span class='ocrx_word' id='word_1_927' title='bbox 558 3723 721 3761; x_wconf 59' lang='grc' dir='ltr'>κεφτιλώῶκ]</span> <span class='ocrx_word' id='word_1_928' title='bbox 743 3727 799 3763; x_wconf 86' lang='lat' dir='ltr'>Qui</span> <span class='ocrx_word' id='word_1_929' title='bbox 811 3736 941 3764; x_wconf 77' lang='lat' dir='ltr'>magnum</span> <span class='ocrx_word' id='word_1_930' title='bbox 951 3733 1034 3763; x_wconf 85' lang='lat' dir='ltr'>caput</span> <span class='ocrx_word' id='word_1_931' title='bbox 1042 3725 1133 3756; x_wconf 83' lang='lat' dir='ltr'>habet.</span> <span class='ocrx_word' id='word_1_932' title='bbox 1156 3726 1299 3758; x_wconf 88' lang='lat' dir='ltr'>Interdum</span> 
     </span>
     <span class='ocr_line' id='line_1_96' title="bbox 184 3760 1299 3802; baseline 0.006 -14"><span class='ocrx_word' id='word_1_933' title='bbox 184 3760 306 3794; x_wconf 84' lang='lat' dir='ltr'>dicitur,</span> <span class='ocrx_word' id='word_1_934' title='bbox 328 3761 384 3797; x_wconf 82' lang='lat' dir='ltr'>Qui</span> <span class='ocrx_word' id='word_1_935' title='bbox 394 3762 431 3788; x_wconf 86' lang='lat' dir='ltr'>est</span> <span class='ocrx_word' id='word_1_936' title='bbox 440 3761 499 3790; x_wconf 85' lang='lat' dir='ltr'>duri</span> <span class='ocrx_word' id='word_1_937' title='bbox 511 3764 608 3799; x_wconf 82' lang='lat' dir='ltr'>capitis</span> <span class='ocrx_word' id='word_1_938' title='bbox 621 3785 629 3797; x_wconf 90' lang='lat'>,</span> <span class='ocrx_word' id='word_1_939' title='bbox 650 3765 695 3799; x_wconf 84' lang='lat' dir='ltr'>qui</span> <span class='ocrx_word' id='word_1_940' title='bbox 707 3768 732 3793; x_wconf 68' lang='grc' dir='ltr'>ὅ(</span> <span class='ocrx_word' id='word_1_941' title='bbox 745 3765 906 3794; x_wconf 83' lang='lat' dir='ltr'>Cervicosus</span> <span class='ocrx_word' id='word_1_942' title='bbox 924 3764 1088 3802; x_wconf 83' lang='lat' dir='ltr'>appellatur.</span> <span class='ocrx_word' id='word_1_943' title='bbox 1130 3764 1204 3794; x_wconf 74' lang='lat' dir='ltr'>italis</span> <span class='ocrx_word' id='word_1_944' title='bbox 1223 3765 1299 3795; x_wconf 90' lang='lat' dir='ltr'>usita-</span> 
     </span>
     <span class='ocr_line' id='line_1_97' title="bbox 183 3798 1156 3837; baseline 0.006 -12"><span class='ocrx_word' id='word_1_945' title='bbox 183 3803 242 3826; x_wconf 91' lang='lat' dir='ltr'>tum</span> <span class='ocrx_word' id='word_1_946' title='bbox 255 3798 369 3826; x_wconf 85' lang='lat' dir='ltr'>verbum</span> <span class='ocrx_word' id='word_1_947' title='bbox 380 3800 404 3826; x_wconf 59' lang='grc' dir='ltr'><strong>ἃ</strong></span> <span class='ocrx_word' id='word_1_948' title='bbox 417 3800 556 3828; x_wconf 69' lang='lat' dir='ltr'>mediiaevi</span> <span class='ocrx_word' id='word_1_949' title='bbox 567 3800 750 3837; x_wconf 84' lang='lat' dir='ltr'>scriptoribus.</span> <span class='ocrx_word' id='word_1_950' title='bbox 793 3803 822 3831; x_wconf 92' lang='lat' dir='ltr'>V.</span> <span class='ocrx_word' id='word_1_951' title='bbox 844 3802 903 3831; x_wconf 85' lang='lat' dir='ltr'>Car.</span> <span class='ocrx_word' id='word_1_952' title='bbox 916 3803 953 3831; x_wconf 92' lang='lat' dir='ltr'>du</span> <span class='ocrx_word' id='word_1_953' title='bbox 968 3801 1063 3831; x_wconf 75' lang='lat' dir='ltr'>Freihe</span> <span class='ocrx_word' id='word_1_954' title='bbox 1073 3800 1156 3831; x_wconf 81' lang='lat' dir='ltr'>Gloff.</span> 
     </span>
    </p>

    <p class='ocr_par' dir='ltr' id='par_1_40' title="bbox 144 3833 1292 3875">
     <span class='ocr_line' id='line_1_98' title="bbox 144 3833 1292 3875; baseline 0.005 -11"><span class='ocrx_word' id='word_1_955' title='bbox 144 3833 236 3864; x_wconf 78' lang='lat' dir='ltr'>CAi=i</span> <span class='ocrx_word' id='word_1_956' title='bbox 248 3846 266 3863; x_wconf 92' lang='grc' dir='ltr'><strong><em>ϊ</em></strong></span> <span class='ocrx_word' id='word_1_957' title='bbox 277 3838 291 3864; x_wconf 84' lang='grc' dir='ltr'>ῦ</span> <span class='ocrx_word' id='word_1_958' title='bbox 303 3846 317 3862; x_wconf 89' lang='grc' dir='ltr'>ι.</span> <span class='ocrx_word' id='word_1_959' title='bbox 329 3845 345 3863; x_wconf 89' lang='grc' dir='ltr'>υ</span> <span class='ocrx_word' id='word_1_960' title='bbox 356 3847 375 3864; x_wconf 98' lang='lat' dir='ltr'>M</span> <span class='ocrx_word' id='word_1_961' title='bbox 385 3857 392 3869; x_wconf 80' lang='lat'>,</span> <span class='ocrx_word' id='word_1_962' title='bbox 416 3836 431 3863; x_wconf 94' lang='lat' dir='ltr'>i.</span> <span class='ocrx_word' id='word_1_963' title='bbox 452 3845 477 3864; x_wconf 91' lang='lat' dir='ltr'>n.</span> <span class='ocrx_word' id='word_1_964' title='bbox 500 3838 685 3871; x_wconf 51' lang='lat' dir='ltr'>[mmmmm]</span> <span class='ocrx_word' id='word_1_965' title='bbox 706 3839 802 3868; x_wconf 85' lang='lat' dir='ltr'>dimin.</span> <span class='ocrx_word' id='word_1_966' title='bbox 830 3840 943 3868; x_wconf 83' lang='lat' dir='ltr'>Parvum</span> <span class='ocrx_word' id='word_1_967' title='bbox 960 3847 1051 3875; x_wconf 88' lang='lat' dir='ltr'>caput.</span> <span class='ocrx_word' id='word_1_968' title='bbox 1075 3839 1159 3869; x_wconf 88' lang='lat' dir='ltr'>Plaut.</span> <span class='ocrx_word' id='word_1_969' title='bbox 1173 3840 1253 3871; x_wconf 80' lang='lat' dir='ltr'>Cure.</span> <span class='ocrx_word' id='word_1_970' title='bbox 1265 3850 1292 3871; x_wconf 86' lang='lat'>2.</span> 
     </span>
    </p>

    <p class='ocr_par' dir='ltr' id='par_1_41' title="bbox 180 3872 1100 3913">
     <span class='ocr_line' id='line_1_99' title="bbox 180 3872 1100 3913; baseline 0.004 -12"><span class='ocrx_word' id='word_1_971' title='bbox 180 3882 204 3906; x_wconf 75' lang='lat'>3.</span> <span class='ocrx_word' id='word_1_972' title='bbox 226 3883 264 3907; x_wconf 89' lang='lat'>14.</span> <span class='ocrx_word' id='word_1_973' title='bbox 290 3872 340 3902; x_wconf 89' lang='lat' dir='ltr'>Ubi</span> <span class='ocrx_word' id='word_1_974' title='bbox 352 3873 417 3908; x_wconf 91' lang='lat' dir='ltr'>quid</span> <span class='ocrx_word' id='word_1_975' title='bbox 433 3872 582 3913; x_wconf 83' lang='lat' dir='ltr'>surripuere</span> <span class='ocrx_word' id='word_1_976' title='bbox 593 3897 601 3909; x_wconf 77' lang='lat'>,</span> <span class='ocrx_word' id='word_1_977' title='bbox 622 3882 720 3911; x_wconf 89' lang='lat' dir='ltr'>operto</span> <span class='ocrx_word' id='word_1_978' title='bbox 732 3877 856 3912; x_wconf 90' lang='lat' dir='ltr'>capitulo</span> <span class='ocrx_word' id='word_1_979' title='bbox 869 3878 980 3906; x_wconf 88' lang='lat' dir='ltr'>caldum</span> <span class='ocrx_word' id='word_1_980' title='bbox 992 3877 1100 3905; x_wconf 87' lang='lat' dir='ltr'>bibunt.</span> 
     </span>
    </p>

    <p class='ocr_par' dir='ltr' id='par_1_42' title="bbox 177 3909 1165 3951">
     <span class='ocr_line' id='line_1_100' title="bbox 177 3909 1165 3951; baseline 0.005 -13"><span class='ocrx_word' id='word_1_981' title='bbox 177 3909 237 3938; x_wconf 77' lang='lat' dir='ltr'>vox</span> <span class='ocrx_word' id='word_1_982' title='bbox 250 3911 425 3939; x_wconf 82' lang='lat' dir='ltr'>blandientis.</span> <span class='ocrx_word' id='word_1_983' title='bbox 448 3910 511 3939; x_wconf 77' lang='lat' dir='ltr'>Ter.</span> <span class='ocrx_word' id='word_1_984' title='bbox 526 3912 591 3939; x_wconf 79' lang='lat' dir='ltr'>Eun.</span> <span class='ocrx_word' id='word_1_985' title='bbox 606 3921 629 3947; x_wconf 64' lang='lat'>³2-</span> <span class='ocrx_word' id='word_1_986' title='bbox 646 3921 668 3946; x_wconf 80' lang='lat'>3.</span> <span class='ocrx_word' id='word_1_987' title='bbox 683 3923 726 3946; x_wconf 75' lang='lat'>²5·</span> <span class='ocrx_word' id='word_1_988' title='bbox 749 3914 775 3942; x_wconf 84' lang='lat' dir='ltr'>O</span> <span class='ocrx_word' id='word_1_989' title='bbox 791 3915 944 3950; x_wconf 79' lang='lat' dir='ltr'>capitulum</span> <span class='ocrx_word' id='word_1_990' title='bbox 957 3914 1165 3951; x_wconf 74' lang='lat' dir='ltr'>lepidissimum.</span> 
     </span>
    </p>

    <p class='ocr_par' dir='ltr' id='par_1_43' title="bbox 156 3946 1293 4023">
     <span class='ocr_line' id='line_1_101' title="bbox 156 3946 1293 3985; baseline 0.006 -9"><span class='ocrx_word' id='word_1_991' title='bbox 156 3946 314 3984; x_wconf 84' lang='lat' dir='ltr'>Capitulum</span> <span class='ocrx_word' id='word_1_992' title='bbox 326 3958 374 3985; x_wconf 88' lang='lat' dir='ltr'>pro</span> <span class='ocrx_word' id='word_1_993' title='bbox 386 3947 544 3976; x_wconf 83' lang='lat' dir='ltr'>Tuberculo</span> <span class='ocrx_word' id='word_1_994' title='bbox 565 3950 591 3977; x_wconf 69' lang='lat' dir='ltr'>&lt;Sc</span> <span class='ocrx_word' id='word_1_995' title='bbox 610 3949 768 3985; x_wconf 76' lang='lat' dir='ltr'>Capitulata</span> <span class='ocrx_word' id='word_1_996' title='bbox 778 3952 831 3979; x_wconf 81' lang='lat' dir='ltr'>elle</span> <span class='ocrx_word' id='word_1_997' title='bbox 845 3972 852 3985; x_wconf 83' lang='lat'>,</span> <span class='ocrx_word' id='word_1_998' title='bbox 878 3951 948 3980; x_wconf 82' lang='lat' dir='ltr'>Vide</span> <span class='ocrx_word' id='word_1_999' title='bbox 968 3961 1014 3980; x_wconf 72' lang='lat' dir='ltr'>&#39;ru</span> <span class='ocrx_word' id='word_1_1000' title='bbox 1025 3962 1039 3979; x_wconf 80' lang='lat' dir='ltr'>B</span> <span class='ocrx_word' id='word_1_1001' title='bbox 1049 3961 1064 3979; x_wconf 79' lang='lat' dir='ltr'>iz</span> <span class='ocrx_word' id='word_1_1002' title='bbox 1073 3961 1115 3980; x_wconf 76' lang='lat' dir='ltr'>Rc</span> <span class='ocrx_word' id='word_1_1003' title='bbox 1126 3962 1144 3981; x_wconf 85' lang='lat' dir='ltr'>u</span> <span class='ocrx_word' id='word_1_1004' title='bbox 1153 3963 1170 3981; x_wconf 87' lang='lat' dir='ltr'>L</span> <span class='ocrx_word' id='word_1_1005' title='bbox 1180 3962 1237 3983; x_wconf 76' lang='grc' dir='ltr'>υΜ.</span> <span class='ocrx_word' id='word_1_1006' title='bbox 1262 3953 1293 3984; x_wconf 87' lang='grc' dir='ltr'>Β.</span> 
     </span>
     <span class='ocr_line' id='line_1_102' title="bbox 191 3985 1134 4023; baseline 0.005 -9"><span class='ocrx_word' id='word_1_1007' title='bbox 191 3994 227 4014; x_wconf 86' lang='lat' dir='ltr'>ex</span> <span class='ocrx_word' id='word_1_1008' title='bbox 244 3985 322 4015; x_wconf 82' lang='lat' dir='ltr'>Celso</span> <span class='ocrx_word' id='word_1_1009' title='bbox 338 3987 373 4015; x_wconf 87' lang='lat' dir='ltr'>de</span> <span class='ocrx_word' id='word_1_1010' title='bbox 387 3985 648 4023; x_wconf 84' lang='lat' dir='ltr'>Condylomatibus.</span> <span class='ocrx_word' id='word_1_1011' title='bbox 668 3986 703 4016; x_wconf 81' lang='grc' dir='ltr'>Η.</span> <span class='ocrx_word' id='word_1_1012' title='bbox 717 3988 757 4016; x_wconf 79' lang='lat' dir='ltr'>St.</span> <span class='ocrx_word' id='word_1_1013' title='bbox 790 3988 822 4017; x_wconf 94' lang='lat' dir='ltr'>V.</span> <span class='ocrx_word' id='word_1_1014' title='bbox 843 3998 861 4017; x_wconf 89' lang='lat' dir='ltr'>c</span> <span class='ocrx_word' id='word_1_1015' title='bbox 870 3998 912 4018; x_wconf 74' lang='grc' dir='ltr'>ΑΡ</span> <span class='ocrx_word' id='word_1_1016' title='bbox 922 3999 932 4017; x_wconf 86' lang='lat'>1</span> <span class='ocrx_word' id='word_1_1017' title='bbox 941 3998 962 4017; x_wconf 82' lang='grc' dir='ltr'>τ</span> <span class='ocrx_word' id='word_1_1018' title='bbox 971 3999 988 4018; x_wconf 89' lang='grc' dir='ltr'>υ</span> <span class='ocrx_word' id='word_1_1019' title='bbox 1000 3999 1016 4016; x_wconf 86' lang='lat'>1.</span> <span class='ocrx_word' id='word_1_1020' title='bbox 1025 3998 1046 4017; x_wconf 88' lang='lat' dir='ltr'>A</span> <span class='ocrx_word' id='word_1_1021' title='bbox 1056 3997 1076 4017; x_wconf 70' lang='lat' dir='ltr'>*r</span> <span class='ocrx_word' id='word_1_1022' title='bbox 1085 3997 1134 4019; x_wconf 85' lang='lat' dir='ltr'>us.</span> 
     </span>
    </p>
   </div>
   <div class='ocr_carea' id='block_1_5' title="bbox 913 478 1343 516">
    <p class='ocr_par' dir='ltr' id='par_1_44' title="bbox 913 478 1343 516">
     <span class='ocr_line' id='line_1_103' title="bbox 913 478 1343 516; baseline -0.007 -7"><span class='ocrx_word' id='word_1_1023' title='bbox 913 504 917 508; x_wconf 95' lang='lat'>.</span> <span class='ocrx_word' id='word_1_1024' title='bbox 931 481 962 509; x_wconf 87' lang='lat' dir='ltr'>fr.</span> <span class='ocrx_word' id='word_1_1025' title='bbox 980 490 1021 509; x_wconf 86' lang='lat'>12.</span> <span class='ocrx_word' id='word_1_1026' title='bbox 1057 479 1166 509; x_wconf 87' lang='lat' dir='ltr'>Siculus</span> <span class='ocrx_word' id='word_1_1027' title='bbox 1179 501 1186 513; x_wconf 85' lang='lat'>,</span> <span class='ocrx_word' id='word_1_1028' title='bbox 1208 478 1256 507; x_wconf 89' lang='lat' dir='ltr'>ille</span> <span class='ocrx_word' id='word_1_1029' title='bbox 1267 478 1343 516; x_wconf 88' lang='lat' dir='ltr'>capi-</span> 
     </span>
    </p>
   </div>
   <div class='ocr_carea' id='block_1_6' title="bbox 1858 135 2132 170">
    <p class='ocr_par' dir='ltr' id='par_1_45' title="bbox 1858 135 2132 170">
     <span class='ocr_line' id='line_1_104' title="bbox 1858 135 2132 170; baseline 0.004 -1"><span class='ocrx_word' id='word_1_1030' title='bbox 1858 135 1886 169; x_wconf 86' lang='lat' dir='ltr'>C</span> <span class='ocrx_word' id='word_1_1031' title='bbox 1983 135 2009 169; x_wconf 82' lang='lat' dir='ltr'>A</span> <span class='ocrx_word' id='word_1_1032' title='bbox 2101 135 2132 170; x_wconf 82' lang='lat' dir='ltr'>R</span> 
     </span>
    </p>
   </div>
   <div class='ocr_carea' id='block_1_7' title="bbox 1379 214 2604 2279">
    <p class='ocr_par' dir='ltr' id='par_1_46' title="bbox 1436 214 2568 440">
     <span class='ocr_line' id='line_1_105' title="bbox 1436 214 2554 254; baseline 0.007 -10"><span class='ocrx_word' id='word_1_1033' title='bbox 1436 215 1597 252; x_wconf 86' lang='lat' dir='ltr'>Capitulum</span> <span class='ocrx_word' id='word_1_1034' title='bbox 1608 237 1617 249; x_wconf 84' lang='lat'>,</span> <span class='ocrx_word' id='word_1_1035' title='bbox 1639 215 1666 243; x_wconf 87' lang='lat' dir='ltr'>in</span> <span class='ocrx_word' id='word_1_1036' title='bbox 1678 214 1816 244; x_wconf 87' lang='lat' dir='ltr'>columnis</span> <span class='ocrx_word' id='word_1_1037' title='bbox 1828 217 1852 245; x_wconf 80' lang='lat'>&amp;</span> <span class='ocrx_word' id='word_1_1038' title='bbox 1869 216 2000 246; x_wconf 78' lang='lat' dir='ltr'>similibus</span> <span class='ocrx_word' id='word_1_1039' title='bbox 2011 217 2095 246; x_wconf 87' lang='lat' dir='ltr'>etiam</span> <span class='ocrx_word' id='word_1_1040' title='bbox 2109 215 2229 247; x_wconf 87' lang='lat' dir='ltr'>dicitur:</span> <span class='ocrx_word' id='word_1_1041' title='bbox 2251 227 2355 253; x_wconf 81' lang='lat' dir='ltr'>nempe</span> <span class='ocrx_word' id='word_1_1042' title='bbox 2368 218 2516 252; x_wconf 76' lang='lat' dir='ltr'>summitas</span> <span class='ocrx_word' id='word_1_1043' title='bbox 2528 219 2554 254; x_wconf 60' lang='grc' dir='ltr'><strong><em>ἃ</em></strong></span> 
     </span>
     <span class='ocr_line' id='line_1_106' title="bbox 1456 253 2568 296; baseline 0.006 -14"><span class='ocrx_word' id='word_1_1044' title='bbox 1456 253 1578 282; x_wconf 83' lang='lat' dir='ltr'>culmen.</span> <span class='ocrx_word' id='word_1_1045' title='bbox 1621 253 1703 281; x_wconf 89' lang='lat' dir='ltr'>Varro</span> <span class='ocrx_word' id='word_1_1046' title='bbox 1722 262 1744 287; x_wconf 70' lang='grc' dir='ltr'>ς.</span> <span class='ocrx_word' id='word_1_1047' title='bbox 1760 253 1795 282; x_wconf 88' lang='lat' dir='ltr'>de</span> <span class='ocrx_word' id='word_1_1048' title='bbox 1808 253 1838 282; x_wconf 89' lang='lat' dir='ltr'>R.</span> <span class='ocrx_word' id='word_1_1049' title='bbox 1854 254 1885 283; x_wconf 84' lang='lat' dir='ltr'>R.</span> <span class='ocrx_word' id='word_1_1050' title='bbox 1904 264 1964 292; x_wconf 72' lang='lat' dir='ltr'>cap.</span> <span class='ocrx_word' id='word_1_1051' title='bbox 1981 265 2002 287; x_wconf 76' lang='grc' dir='ltr'>ς.</span> <span class='ocrx_word' id='word_1_1052' title='bbox 2029 254 2102 284; x_wconf 77' lang='lat' dir='ltr'>inter</span> <span class='ocrx_word' id='word_1_1053' title='bbox 2113 265 2179 290; x_wconf 87' lang='lat' dir='ltr'>quas</span> <span class='ocrx_word' id='word_1_1054' title='bbox 2192 255 2271 284; x_wconf 84' lang='lat' dir='ltr'>locus</span> <span class='ocrx_word' id='word_1_1055' title='bbox 2283 257 2329 292; x_wconf 86' lang='lat' dir='ltr'>qui</span> <span class='ocrx_word' id='word_1_1056' title='bbox 2341 257 2378 284; x_wconf 83' lang='lat' dir='ltr'>est</span> <span class='ocrx_word' id='word_1_1057' title='bbox 2389 258 2568 296; x_wconf 60' lang='lat' dir='ltr'>ornithonis..</span> 
     </span>
     <span class='ocr_line' id='line_1_107' title="bbox 1456 291 2555 328; baseline 0.007 -9"><span class='ocrx_word' id='word_1_1058' title='bbox 1456 296 1533 328; x_wconf 77' lang='lat' dir='ltr'>patet</span> <span class='ocrx_word' id='word_1_1059' title='bbox 1548 292 1576 319; x_wconf 92' lang='lat' dir='ltr'>in</span> <span class='ocrx_word' id='word_1_1060' title='bbox 1587 291 1764 319; x_wconf 81' lang='lat' dir='ltr'>latitudinem</span> <span class='ocrx_word' id='word_1_1061' title='bbox 1776 292 1880 327; x_wconf 79' lang='lat' dir='ltr'>pedum</span> <span class='ocrx_word' id='word_1_1062' title='bbox 1905 302 1920 320; x_wconf 78' lang='lat' dir='ltr'>x</span> <span class='ocrx_word' id='word_1_1063' title='bbox 1932 304 1946 320; x_wconf 88' lang='lat' dir='ltr'>L</span> <span class='ocrx_word' id='word_1_1064' title='bbox 1957 302 2047 326; x_wconf 79' lang='lat' dir='ltr'>viii,</span> <span class='ocrx_word' id='word_1_1065' title='bbox 2072 291 2241 321; x_wconf 78' lang='lat' dir='ltr'>deformatus</span> <span class='ocrx_word' id='word_1_1066' title='bbox 2253 294 2287 322; x_wconf 87' lang='lat' dir='ltr'>ad</span> <span class='ocrx_word' id='word_1_1067' title='bbox 2305 292 2407 323; x_wconf 72' lang='lat' dir='ltr'>tabulae</span> <span class='ocrx_word' id='word_1_1068' title='bbox 2421 295 2555 327; x_wconf 65' lang='lat' dir='ltr'>litterariae</span> 
     </span>
     <span class='ocr_line' id='line_1_108' title="bbox 1456 328 2558 367; baseline 0.005 -11"><span class='ocrx_word' id='word_1_1069' title='bbox 1456 328 1577 365; x_wconf 71' lang='lat' dir='ltr'>speeiem</span> <span class='ocrx_word' id='word_1_1070' title='bbox 1586 337 1649 357; x_wconf 86' lang='lat' dir='ltr'>curn</span> <span class='ocrx_word' id='word_1_1071' title='bbox 1662 329 1793 365; x_wconf 80' lang='lat' dir='ltr'>capitulo.</span> <span class='ocrx_word' id='word_1_1072' title='bbox 1818 329 1922 358; x_wconf 71' lang='lat' dir='ltr'>vitruv.</span> <span class='ocrx_word' id='word_1_1073' title='bbox 1941 330 1987 358; x_wconf 85' lang='lat' dir='ltr'>lib.</span> <span class='ocrx_word' id='word_1_1074' title='bbox 2003 339 2026 364; x_wconf 82' lang='lat'>3.</span> <span class='ocrx_word' id='word_1_1075' title='bbox 2041 334 2100 366; x_wconf 75' lang='lat' dir='ltr'>cap.</span> <span class='ocrx_word' id='word_1_1076' title='bbox 2115 338 2138 363; x_wconf 62' lang='grc' dir='ltr'>ι.</span> <span class='ocrx_word' id='word_1_1077' title='bbox 2163 329 2257 367; x_wconf 82' lang='lat' dir='ltr'>Scapis</span> <span class='ocrx_word' id='word_1_1078' title='bbox 2271 330 2464 362; x_wconf 81' lang='lat' dir='ltr'>columnarum</span> <span class='ocrx_word' id='word_1_1079' title='bbox 2477 335 2558 364; x_wconf 86' lang='lat' dir='ltr'>statu-</span> 
     </span>
     <span class='ocr_line' id='line_1_109' title="bbox 1456 366 2554 404; baseline 0.008 -10"><span class='ocrx_word' id='word_1_1080' title='bbox 1456 368 1501 399; x_wconf 73' lang='lat' dir='ltr'>tis,</span> <span class='ocrx_word' id='word_1_1081' title='bbox 1513 366 1701 402; x_wconf 88' lang='lat' dir='ltr'>capitulorum</span> <span class='ocrx_word' id='word_1_1082' title='bbox 1714 367 1791 399; x_wconf 78' lang='lat' dir='ltr'>ratio.</span> <span class='ocrx_word' id='word_1_1083' title='bbox 1803 366 1820 394; x_wconf 84' lang='lat' dir='ltr'>si</span> <span class='ocrx_word' id='word_1_1084' title='bbox 1830 368 1972 404; x_wconf 84' lang='lat' dir='ltr'>pulvinata</span> <span class='ocrx_word' id='word_1_1085' title='bbox 1981 374 2072 402; x_wconf 80' lang='lat' dir='ltr'>erunt,</span> <span class='ocrx_word' id='word_1_1086' title='bbox 2083 367 2124 396; x_wconf 76' lang='lat' dir='ltr'>his</span> <span class='ocrx_word' id='word_1_1087' title='bbox 2134 367 2299 404; x_wconf 79' lang='lat' dir='ltr'>symmetriis</span> <span class='ocrx_word' id='word_1_1088' title='bbox 2310 368 2554 403; x_wconf 86' lang='lat' dir='ltr'>confirmabuntur.</span> 
     </span>
     <span class='ocr_line' id='line_1_110' title="bbox 1457 404 2459 440; baseline 0.001 -8"><span class='ocrx_word' id='word_1_1089' title='bbox 1457 404 1618 440; x_wconf 85' lang='lat' dir='ltr'>Capitulum</span> <span class='ocrx_word' id='word_1_1090' title='bbox 1631 405 1655 432; x_wconf 63' lang='lat' dir='ltr'>elz</span> <span class='ocrx_word' id='word_1_1091' title='bbox 1671 404 1748 432; x_wconf 80' lang='lat' dir='ltr'>ssasis.</span> <span class='ocrx_word' id='word_1_1092' title='bbox 1772 404 1805 432; x_wconf 90' lang='lat' dir='ltr'>H.</span> <span class='ocrx_word' id='word_1_1093' title='bbox 1817 404 1855 433; x_wconf 80' lang='lat' dir='ltr'>St.</span> <span class='ocrx_word' id='word_1_1094' title='bbox 2456 429 2459 433; x_wconf 79' lang='lat'>.</span> 
     </span>
    </p>

    <p class='ocr_par' dir='ltr' id='par_1_47' title="bbox 1440 440 2557 627">
     <span class='ocr_line' id='line_1_111' title="bbox 1440 440 2556 483; baseline 0.007 -14"><span class='ocrx_word' id='word_1_1095' title='bbox 1440 441 1599 477; x_wconf 86' lang='lat' dir='ltr'>Capitulum</span> <span class='ocrx_word' id='word_1_1096' title='bbox 1619 451 1670 479; x_wconf 87' lang='lat' dir='ltr'>pro</span> <span class='ocrx_word' id='word_1_1097' title='bbox 1688 441 1773 470; x_wconf 81' lang='lat' dir='ltr'>initiis</span> <span class='ocrx_word' id='word_1_1098' title='bbox 1788 452 1878 470; x_wconf 86' lang='lat' dir='ltr'>rerum</span> <span class='ocrx_word' id='word_1_1099' title='bbox 1894 440 2062 472; x_wconf 87' lang='lat' dir='ltr'>diversarum</span> <span class='ocrx_word' id='word_1_1100' title='bbox 2076 464 2084 477; x_wconf 94' lang='lat'>,</span> <span class='ocrx_word' id='word_1_1101' title='bbox 2106 442 2204 479; x_wconf 88' lang='lat' dir='ltr'>quibus</span> <span class='ocrx_word' id='word_1_1102' title='bbox 2225 441 2287 471; x_wconf 88' lang='lat' dir='ltr'>libri</span> <span class='ocrx_word' id='word_1_1103' title='bbox 2307 442 2396 473; x_wconf 81' lang='lat' dir='ltr'>solent</span> <span class='ocrx_word' id='word_1_1104' title='bbox 2417 444 2556 483; x_wconf 82' lang='lat' dir='ltr'>distingui..</span> 
     </span>
     <span class='ocr_line' id='line_1_112' title="bbox 1460 478 2557 520; baseline 0.004 -13"><span class='ocrx_word' id='word_1_1105' title='bbox 1460 478 1518 508; x_wconf 90' lang='lat' dir='ltr'>Cic.</span> <span class='ocrx_word' id='word_1_1106' title='bbox 1536 489 1557 507; x_wconf 90' lang='lat'>1.</span> <span class='ocrx_word' id='word_1_1107' title='bbox 1572 479 1607 507; x_wconf 90' lang='lat' dir='ltr'>de</span> <span class='ocrx_word' id='word_1_1108' title='bbox 1624 479 1716 515; x_wconf 80' lang='lat' dir='ltr'>Legib.</span> <span class='ocrx_word' id='word_1_1109' title='bbox 1734 488 1758 507; x_wconf 95' lang='lat'>2.</span> <span class='ocrx_word' id='word_1_1110' title='bbox 1802 480 1857 508; x_wconf 86' lang='lat' dir='ltr'>Nisi</span> <span class='ocrx_word' id='word_1_1111' title='bbox 1867 480 2028 517; x_wconf 84' lang='lat' dir='ltr'>Capitulum</span> <span class='ocrx_word' id='word_1_1112' title='bbox 2039 480 2158 517; x_wconf 85' lang='lat' dir='ltr'>accipiat</span> <span class='ocrx_word' id='word_1_1113' title='bbox 2174 489 2224 517; x_wconf 89' lang='lat' dir='ltr'>pro</span> <span class='ocrx_word' id='word_1_1114' title='bbox 2236 480 2385 516; x_wconf 76' lang='lat' dir='ltr'>particula,</span> <span class='ocrx_word' id='word_1_1115' title='bbox 2406 491 2488 518; x_wconf 86' lang='lat' dir='ltr'>quam</span> <span class='ocrx_word' id='word_1_1116' title='bbox 2499 485 2557 520; x_wconf 89' lang='lat' dir='ltr'>qui.</span> 
     </span>
     <span class='ocr_line' id='line_1_113' title="bbox 1457 516 2557 555; baseline 0.004 -11"><span class='ocrx_word' id='word_1_1117' title='bbox 1457 517 1521 545; x_wconf 91' lang='lat' dir='ltr'>dam</span> <span class='ocrx_word' id='word_1_1118' title='bbox 1533 516 1749 553; x_wconf 76' lang='lat' dir='ltr'>Propositionem</span> <span class='ocrx_word' id='word_1_1119' title='bbox 1761 519 1785 546; x_wconf 71' lang='grc' dir='ltr'>δι</span> <span class='ocrx_word' id='word_1_1120' title='bbox 1799 518 1969 554; x_wconf 81' lang='lat' dir='ltr'>propositum</span> <span class='ocrx_word' id='word_1_1121' title='bbox 1979 519 2007 546; x_wconf 93' lang='lat' dir='ltr'>in</span> <span class='ocrx_word' id='word_1_1122' title='bbox 2015 518 2142 546; x_wconf 87' lang='lat' dir='ltr'>oratione</span> <span class='ocrx_word' id='word_1_1123' title='bbox 2152 517 2301 555; x_wconf 84' lang='lat' dir='ltr'>appellant.</span> <span class='ocrx_word' id='word_1_1124' title='bbox 2344 518 2374 548; x_wconf 89' lang='lat' dir='ltr'>In</span> <span class='ocrx_word' id='word_1_1125' title='bbox 2385 521 2557 550; x_wconf 85' lang='lat' dir='ltr'>emendatio.</span> 
     </span>
     <span class='ocr_line' id='line_1_114' title="bbox 1457 554 2556 620; baseline 0.005 -38"><span class='ocrx_word' id='word_1_1126' title='bbox 1457 554 1806 620; x_wconf 37' lang='lat' dir='ltr'>‘lbfisgoffldffiusllegiltur</span> <span class='ocrx_word' id='word_1_1127' title='bbox 1817 577 1824 590; x_wconf 85' lang='lat'>,</span> <span class='ocrx_word' id='word_1_1128' title='bbox 1848 556 1967 586; x_wconf 90' lang='lat' dir='ltr'>Primum</span> <span class='ocrx_word' id='word_1_1129' title='bbox 1981 554 2137 593; x_wconf 88' lang='lat' dir='ltr'>caputlibri</span> <span class='ocrx_word' id='word_1_1130' title='bbox 2150 556 2249 592; x_wconf 88' lang='lat' dir='ltr'>optimi</span> <span class='ocrx_word' id='word_1_1131' title='bbox 2262 556 2424 593; x_wconf 79' lang='lat' dir='ltr'>prodidiffe.</span> <span class='ocrx_word' id='word_1_1132' title='bbox 2447 557 2477 588; x_wconf 89' lang='lat' dir='ltr'>V.</span> <span class='ocrx_word' id='word_1_1133' title='bbox 2491 558 2556 589; x_wconf 88' lang='lat' dir='ltr'>Bor.</span> 
     </span>
     <span class='ocr_line' id='line_1_115' title="bbox 1458 600 1865 627; baseline 0.007 -8"><span class='ocrx_word' id='word_1_1134' title='bbox 1458 602 1526 620; x_wconf 88' lang='lat' dir='ltr'>ric.</span> <span class='ocrx_word' id='word_1_1135' title='bbox 1565 600 1630 620; x_wconf 69' lang='lat' dir='ltr'>out.</span> <span class='ocrx_word' id='word_1_1136' title='bbox 1669 602 1683 621; x_wconf 86' lang='lat' dir='ltr'>e</span> <span class='ocrx_word' id='word_1_1137' title='bbox 1721 616 1725 621; x_wconf 86' lang='lat'>.</span> <span class='ocrx_word' id='word_1_1138' title='bbox 1763 615 1767 621; x_wconf 92' lang='lat'>.</span> <span class='ocrx_word' id='word_1_1139' title='bbox 1800 604 1865 627; x_wconf 81' lang='lat'>·55-</span> 
     </span>
    </p>

    <p class='ocr_par' dir='ltr' id='par_1_48' title="bbox 1439 603 2604 857">
     <span class='ocr_line' id='line_1_116' title="bbox 1439 603 2555 669; baseline 0.004 -12"><span class='ocrx_word' id='word_1_1140' title='bbox 1439 604 1600 666; x_wconf 70' lang='lat' dir='ltr'>Capitulum⁷</span> <span class='ocrx_word' id='word_1_1141' title='bbox 1610 629 1678 658; x_wconf 92' lang='lat' dir='ltr'>olim</span> <span class='ocrx_word' id='word_1_1142' title='bbox 1689 603 1833 659; x_wconf 55' lang='lat' dir='ltr'>dicebiiur</span> <span class='ocrx_word' id='word_1_1143' title='bbox 1842 631 1903 660; x_wconf 90' lang='lat' dir='ltr'>Pars</span> <span class='ocrx_word' id='word_1_1144' title='bbox 1914 640 1930 659; x_wconf 88' lang='lat' dir='ltr'>e</span> <span class='ocrx_word' id='word_1_1145' title='bbox 1940 630 2032 668; x_wconf 86' lang='lat' dir='ltr'>capite</span> <span class='ocrx_word' id='word_1_1146' title='bbox 2041 629 2149 658; x_wconf 86' lang='lat' dir='ltr'>Biblico</span> <span class='ocrx_word' id='word_1_1147' title='bbox 2159 636 2239 660; x_wconf 82' lang='lat' dir='ltr'>antea</span> <span class='ocrx_word' id='word_1_1148' title='bbox 2246 630 2320 661; x_wconf 74' lang='lat' dir='ltr'>le&lt;5ko</span> <span class='ocrx_word' id='word_1_1149' title='bbox 2331 631 2476 669; x_wconf 76' lang='lat' dir='ltr'>explicata.</span> <span class='ocrx_word' id='word_1_1150' title='bbox 2489 633 2555 665; x_wconf 85' lang='lat' dir='ltr'>Hie.</span> 
     </span>
     <span class='ocr_line' id='line_1_117' title="bbox 1457 667 2555 706; baseline 0.006 -11"><span class='ocrx_word' id='word_1_1151' title='bbox 1457 677 1518 695; x_wconf 91' lang='lat' dir='ltr'>ron.</span> <span class='ocrx_word' id='word_1_1152' title='bbox 1536 667 1651 704; x_wconf 76' lang='lat' dir='ltr'>Apolog.</span> <span class='ocrx_word' id='word_1_1153' title='bbox 1666 668 1700 696; x_wconf 86' lang='lat' dir='ltr'>ad</span> <span class='ocrx_word' id='word_1_1154' title='bbox 1713 668 1868 697; x_wconf 87' lang='lat' dir='ltr'>Pammach.</span> <span class='ocrx_word' id='word_1_1155' title='bbox 1888 678 1948 706; x_wconf 86' lang='lat' dir='ltr'>cap.</span> <span class='ocrx_word' id='word_1_1156' title='bbox 1963 677 1987 704; x_wconf 91' lang='lat'>7.</span> <span class='ocrx_word' id='word_1_1157' title='bbox 2012 669 2037 696; x_wconf 75' lang='grc' dir='ltr'><strong>ἃ</strong></span> <span class='ocrx_word' id='word_1_1158' title='bbox 2050 668 2250 697; x_wconf 85' lang='lat' dir='ltr'>convenienter</span> <span class='ocrx_word' id='word_1_1159' title='bbox 2261 669 2296 697; x_wconf 88' lang='lat' dir='ltr'>ad</span> <span class='ocrx_word' id='word_1_1160' title='bbox 2306 670 2390 698; x_wconf 89' lang='lat' dir='ltr'>talem</span> <span class='ocrx_word' id='word_1_1161' title='bbox 2404 669 2555 704; x_wconf 69' lang='lat' dir='ltr'>lectionem</span> 
     </span>
     <span class='ocr_line' id='line_1_118' title="bbox 1457 705 2556 746; baseline 0.005 -14"><span class='ocrx_word' id='word_1_1162' title='bbox 1457 705 1589 733; x_wconf 81' lang='lat' dir='ltr'>dixerunt</span> <span class='ocrx_word' id='word_1_1163' title='bbox 1603 727 1611 739; x_wconf 86' lang='lat'>,</span> <span class='ocrx_word' id='word_1_1164' title='bbox 1633 706 1675 734; x_wconf 88' lang='lat' dir='ltr'>lre</span> <span class='ocrx_word' id='word_1_1165' title='bbox 1698 707 1732 734; x_wconf 90' lang='lat' dir='ltr'>ad</span> <span class='ocrx_word' id='word_1_1166' title='bbox 1746 706 1918 743; x_wconf 83' lang='lat' dir='ltr'>capitulum:</span> <span class='ocrx_word' id='word_1_1167' title='bbox 1942 707 1967 735; x_wconf 73' lang='grc' dir='ltr'>δι</span> <span class='ocrx_word' id='word_1_1168' title='bbox 1982 705 2088 735; x_wconf 87' lang='lat' dir='ltr'>Locum</span> <span class='ocrx_word' id='word_1_1169' title='bbox 2103 705 2193 742; x_wconf 89' lang='lat' dir='ltr'>ipsum</span> <span class='ocrx_word' id='word_1_1170' title='bbox 2207 706 2307 736; x_wconf 88' lang='lat' dir='ltr'>talibus</span> <span class='ocrx_word' id='word_1_1171' title='bbox 2322 707 2556 746; x_wconf 83' lang='lat' dir='ltr'>interpretationi.</span> 
     </span>
     <span class='ocr_line' id='line_1_119' title="bbox 1457 742 2604 786; baseline 0.007 -16"><span class='ocrx_word' id='word_1_1172' title='bbox 1457 742 1508 771; x_wconf 88' lang='lat' dir='ltr'>bus</span> <span class='ocrx_word' id='word_1_1173' title='bbox 1523 742 1704 779; x_wconf 86' lang='lat' dir='ltr'>Theologieis</span> <span class='ocrx_word' id='word_1_1174' title='bbox 1722 744 1886 780; x_wconf 88' lang='lat' dir='ltr'>deputatum</span> <span class='ocrx_word' id='word_1_1175' title='bbox 1904 743 2097 781; x_wconf 86' lang='lat' dir='ltr'>appellarunt,</span> <span class='ocrx_word' id='word_1_1176' title='bbox 2122 743 2241 772; x_wconf 89' lang='lat' dir='ltr'>Domum</span> <span class='ocrx_word' id='word_1_1177' title='bbox 2260 744 2385 782; x_wconf 85' lang='lat' dir='ltr'>capituli.</span> <span class='ocrx_word' id='word_1_1178' title='bbox 2426 746 2554 786; x_wconf 84' lang='lat' dir='ltr'>Denique</span> <span class='ocrx_word' id='word_1_1179' title='bbox 2603 751 2604 777; x_wconf 73' lang='lat' dir='ltr'>i</span> 
     </span>
     <span class='ocr_line' id='line_1_120' title="bbox 1455 780 2604 844; baseline 0.007 -36"><span class='ocrx_word' id='word_1_1180' title='bbox 1455 785 1546 812; x_wconf 79' lang='lat' dir='ltr'>totum</span> <span class='ocrx_word' id='word_1_1181' title='bbox 1556 780 1713 817; x_wconf 80' lang='lat' dir='ltr'>Collegium</span> <span class='ocrx_word' id='word_1_1182' title='bbox 1723 781 1816 810; x_wconf 85' lang='lat' dir='ltr'>studiis</span> <span class='ocrx_word' id='word_1_1183' title='bbox 1830 781 1883 811; x_wconf 86' lang='lat' dir='ltr'>illis</span> <span class='ocrx_word' id='word_1_1184' title='bbox 1892 781 2056 810; x_wconf 80' lang='lat' dir='ltr'>exercendis</span> <span class='ocrx_word' id='word_1_1185' title='bbox 2067 780 2200 817; x_wconf 86' lang='lat' dir='ltr'>dicatum,</span> <span class='ocrx_word' id='word_1_1186' title='bbox 2212 782 2320 812; x_wconf 63' lang='lat' dir='ltr'>dicrum</span> <span class='ocrx_word' id='word_1_1187' title='bbox 2333 782 2370 812; x_wconf 88' lang='lat' dir='ltr'>est</span> <span class='ocrx_word' id='word_1_1188' title='bbox 2381 783 2551 822; x_wconf 78' lang='lat' dir='ltr'>Capitulum.</span> <span class='ocrx_word' id='word_1_1189' title='bbox 2602 793 2604 844; x_wconf 73' lang='grc' dir='ltr'>Ι</span> 
     </span>
     <span class='ocr_line' id='line_1_121' title="bbox 1454 817 2032 857; baseline 0.005 -12"><span class='ocrx_word' id='word_1_1190' title='bbox 1454 817 1487 846; x_wconf 86' lang='lat' dir='ltr'>V.</span> <span class='ocrx_word' id='word_1_1191' title='bbox 1508 818 1642 855; x_wconf 89' lang='lat' dir='ltr'>Hopfner.</span> <span class='ocrx_word' id='word_1_1192' title='bbox 1653 819 1681 846; x_wconf 92' lang='lat' dir='ltr'>in</span> <span class='ocrx_word' id='word_1_1193' title='bbox 1696 819 1909 856; x_wconf 86' lang='lat' dir='ltr'>Saxon.Evang.</span> <span class='ocrx_word' id='word_1_1194' title='bbox 1926 830 1953 857; x_wconf 92' lang='lat' dir='ltr'>p.</span> <span class='ocrx_word' id='word_1_1195' title='bbox 1970 824 2032 854; x_wconf 85' lang='lat'>598.</span> 
     </span>
    </p>

    <p class='ocr_par' dir='ltr' id='par_1_49' title="bbox 1435 854 2550 932">
     <span class='ocr_line' id='line_1_122' title="bbox 1435 854 2550 896; baseline 0.005 -12"><span class='ocrx_word' id='word_1_1196' title='bbox 1435 854 1596 888; x_wconf 81' lang='lat' dir='ltr'>Capitulum</span> <span class='ocrx_word' id='word_1_1197' title='bbox 1606 856 1644 884; x_wconf 82' lang='lat' dir='ltr'>est</span> <span class='ocrx_word' id='word_1_1198' title='bbox 1653 857 1735 885; x_wconf 88' lang='lat' dir='ltr'>etiam</span> <span class='ocrx_word' id='word_1_1199' title='bbox 1746 857 1948 886; x_wconf 85' lang='lat' dir='ltr'>Ornamentum</span> <span class='ocrx_word' id='word_1_1200' title='bbox 1957 855 2094 886; x_wconf 85' lang='lat' dir='ltr'>muliebre</span> <span class='ocrx_word' id='word_1_1201' title='bbox 2105 856 2213 896; x_wconf 86' lang='lat' dir='ltr'>capitis.</span> <span class='ocrx_word' id='word_1_1202' title='bbox 2251 857 2282 888; x_wconf 94' lang='lat' dir='ltr'>V.</span> <span class='ocrx_word' id='word_1_1203' title='bbox 2303 857 2395 888; x_wconf 88' lang='lat' dir='ltr'>Barth.</span> <span class='ocrx_word' id='word_1_1204' title='bbox 2409 859 2444 889; x_wconf 84' lang='lat' dir='ltr'>ad</span> <span class='ocrx_word' id='word_1_1205' title='bbox 2454 859 2550 893; x_wconf 82' lang='lat' dir='ltr'>Claud.</span> 
     </span>
     <span class='ocr_line' id='line_1_123' title="bbox 1454 893 2054 932; baseline 0.003 -10"><span class='ocrx_word' id='word_1_1206' title='bbox 1454 893 1586 922; x_wconf 75' lang='lat' dir='ltr'>mamert.</span> <span class='ocrx_word' id='word_1_1207' title='bbox 1601 904 1628 931; x_wconf 89' lang='lat' dir='ltr'>p.</span> <span class='ocrx_word' id='word_1_1208' title='bbox 1643 903 1704 928; x_wconf 78' lang='lat'>347.</span> <span class='ocrx_word' id='word_1_1209' title='bbox 1720 896 1747 923; x_wconf 84' lang='lat'>&amp;</span> <span class='ocrx_word' id='word_1_1210' title='bbox 1759 894 1851 924; x_wconf 80' lang='lat' dir='ltr'>isidor.</span> <span class='ocrx_word' id='word_1_1211' title='bbox 1864 895 1939 932; x_wconf 75' lang='lat' dir='ltr'>Orig.</span> <span class='ocrx_word' id='word_1_1212' title='bbox 1955 905 1996 930; x_wconf 87' lang='lat'>19.</span> <span class='ocrx_word' id='word_1_1213' title='bbox 2011 904 2054 930; x_wconf 85' lang='lat'>3¹·</span> 
     </span>
    </p>

    <p class='ocr_par' dir='ltr' id='par_1_50' title="bbox 1434 929 2597 1189">
     <span class='ocr_line' id='line_1_124' title="bbox 1434 929 2554 970; baseline 0.004 -11"><span class='ocrx_word' id='word_1_1214' title='bbox 1434 929 1596 968; x_wconf 87' lang='lat' dir='ltr'>Capitulum</span> <span class='ocrx_word' id='word_1_1215' title='bbox 1608 932 1690 961; x_wconf 90' lang='lat' dir='ltr'>etiam</span> <span class='ocrx_word' id='word_1_1216' title='bbox 1706 934 1732 961; x_wconf 69' lang='grc' dir='ltr'>ἃ</span> <span class='ocrx_word' id='word_1_1217' title='bbox 1750 930 1948 970; x_wconf 86' lang='lat' dir='ltr'>Capitulariam</span> <span class='ocrx_word' id='word_1_1218' title='bbox 1966 931 2109 970; x_wconf 84' lang='lat' dir='ltr'>appellant</span> <span class='ocrx_word' id='word_1_1219' title='bbox 2118 931 2210 970; x_wconf 89' lang='lat' dir='ltr'>Impp.</span> <span class='ocrx_word' id='word_1_1220' title='bbox 2226 931 2427 963; x_wconf 83' lang='lat' dir='ltr'>Temonariam</span> <span class='ocrx_word' id='word_1_1221' title='bbox 2434 934 2554 967; x_wconf 68' lang='lat' dir='ltr'>functio.</span> 
     </span>
     <span class='ocr_line' id='line_1_125' title="bbox 1453 969 2551 1008; baseline 0.005 -10"><span class='ocrx_word' id='word_1_1222' title='bbox 1453 978 1519 998; x_wconf 87' lang='lat' dir='ltr'>nem</span> <span class='ocrx_word' id='word_1_1223' title='bbox 1532 991 1540 1004; x_wconf 90' lang='lat'>,</span> <span class='ocrx_word' id='word_1_1224' title='bbox 1561 979 1643 1007; x_wconf 89' lang='lat' dir='ltr'>quam</span> <span class='ocrx_word' id='word_1_1225' title='bbox 1654 971 1683 998; x_wconf 93' lang='lat' dir='ltr'>in</span> <span class='ocrx_word' id='word_1_1226' title='bbox 1692 970 1809 1000; x_wconf 88' lang='lat' dir='ltr'>sordidis</span> <span class='ocrx_word' id='word_1_1227' title='bbox 1822 971 1983 1000; x_wconf 86' lang='lat' dir='ltr'>muneribus</span> <span class='ocrx_word' id='word_1_1228' title='bbox 1992 977 2103 1008; x_wconf 89' lang='lat' dir='ltr'>ponunt</span> <span class='ocrx_word' id='word_1_1229' title='bbox 2114 992 2122 1005; x_wconf 89' lang='lat'>,</span> <span class='ocrx_word' id='word_1_1230' title='bbox 2143 969 2162 1000; x_wconf 97' lang='lat' dir='ltr'>l.</span> <span class='ocrx_word' id='word_1_1231' title='bbox 2179 980 2221 1006; x_wconf 87' lang='lat'>14.</span> <span class='ocrx_word' id='word_1_1232' title='bbox 2233 970 2251 1000; x_wconf 90' lang='lat' dir='ltr'>I.</span> <span class='ocrx_word' id='word_1_1233' title='bbox 2268 982 2307 1006; x_wconf 82' lang='grc' dir='ltr'>ις.</span> <span class='ocrx_word' id='word_1_1234' title='bbox 2320 971 2339 1001; x_wconf 92' lang='grc'>1.</span> <span class='ocrx_word' id='word_1_1235' title='bbox 2356 978 2396 1006; x_wconf 88' lang='lat'>18.</span> <span class='ocrx_word' id='word_1_1236' title='bbox 2419 973 2454 1002; x_wconf 90' lang='lat' dir='ltr'>de</span> <span class='ocrx_word' id='word_1_1237' title='bbox 2463 980 2551 1005; x_wconf 80' lang='lat' dir='ltr'>extra.</span> 
     </span>
     <span class='ocr_line' id='line_1_126' title="bbox 1454 1007 2549 1045; baseline 0.006 -10"><span class='ocrx_word' id='word_1_1238' title='bbox 1454 1007 1513 1035; x_wconf 84' lang='lat' dir='ltr'>ord.</span> <span class='ocrx_word' id='word_1_1239' title='bbox 1524 1017 1630 1036; x_wconf 87' lang='lat' dir='ltr'>muner.</span> <span class='ocrx_word' id='word_1_1240' title='bbox 1643 1009 1672 1036; x_wconf 92' lang='lat' dir='ltr'>in</span> <span class='ocrx_word' id='word_1_1241' title='bbox 1685 1007 1715 1036; x_wconf 95' lang='lat' dir='ltr'>C.</span> <span class='ocrx_word' id='word_1_1242' title='bbox 1725 1008 1865 1038; x_wconf 88' lang='lat' dir='ltr'>Theodos.</span> <span class='ocrx_word' id='word_1_1243' title='bbox 1905 1008 1945 1038; x_wconf 84' lang='lat' dir='ltr'>Ex</span> <span class='ocrx_word' id='word_1_1244' title='bbox 1955 1008 2056 1045; x_wconf 89' lang='lat' dir='ltr'>quibus</span> <span class='ocrx_word' id='word_1_1245' title='bbox 2066 1007 2243 1037; x_wconf 76' lang='lat' dir='ltr'>emendanda</span> <span class='ocrx_word' id='word_1_1246' title='bbox 2252 1008 2314 1038; x_wconf 90' lang='lat' dir='ltr'>estl.</span> <span class='ocrx_word' id='word_1_1247' title='bbox 2328 1019 2370 1038; x_wconf 92' lang='lat'>12.</span> <span class='ocrx_word' id='word_1_1248' title='bbox 2383 1009 2419 1041; x_wconf 88' lang='lat' dir='ltr'>de</span> <span class='ocrx_word' id='word_1_1249' title='bbox 2430 1011 2549 1043; x_wconf 60' lang='lat' dir='ltr'>excusat.</span> 
     </span>
     <span class='ocr_line' id='line_1_127' title="bbox 1451 1045 2550 1088; baseline 0.006 -15"><span class='ocrx_word' id='word_1_1250' title='bbox 1451 1048 1560 1081; x_wconf 73' lang='lat' dir='ltr'>muner.</span> <span class='ocrx_word' id='word_1_1251' title='bbox 1572 1045 1620 1074; x_wconf 90' lang='lat' dir='ltr'>lib.</span> <span class='ocrx_word' id='word_1_1252' title='bbox 1636 1056 1678 1074; x_wconf 89' lang='lat'>10.</span> <span class='ocrx_word' id='word_1_1253' title='bbox 1694 1045 1724 1075; x_wconf 93' lang='lat' dir='ltr'>C.</span> <span class='ocrx_word' id='word_1_1254' title='bbox 1746 1046 1794 1075; x_wconf 91' lang='lat' dir='ltr'>ubi</span> <span class='ocrx_word' id='word_1_1255' title='bbox 1810 1046 1895 1084; x_wconf 88' lang='lat' dir='ltr'>vulgo</span> <span class='ocrx_word' id='word_1_1256' title='bbox 1916 1046 2050 1084; x_wconf 90' lang='lat' dir='ltr'>Capitalis</span> <span class='ocrx_word' id='word_1_1257' title='bbox 2064 1053 2146 1082; x_wconf 88' lang='lat' dir='ltr'>atque</span> <span class='ocrx_word' id='word_1_1258' title='bbox 2157 1047 2279 1076; x_wconf 87' lang='lat' dir='ltr'>temonis</span> <span class='ocrx_word' id='word_1_1259' title='bbox 2293 1047 2436 1077; x_wconf 81' lang='lat' dir='ltr'>necessitas</span> <span class='ocrx_word' id='word_1_1260' title='bbox 2449 1071 2457 1084; x_wconf 89' lang='lat'><strong>‚</strong></span> <span class='ocrx_word' id='word_1_1261' title='bbox 2478 1059 2528 1087; x_wconf 87' lang='lat' dir='ltr'>pro</span> <span class='ocrx_word' id='word_1_1262' title='bbox 2539 1072 2550 1088; x_wconf 88' lang='lat'>,</span> 
     </span>
     <span class='ocr_line' id='line_1_128' title="bbox 1452 1079 2552 1125; baseline 0.004 -13"><span class='ocrx_word' id='word_1_1263' title='bbox 1452 1079 1575 1120; x_wconf 84' lang='lat' dir='ltr'>Capituli</span> <span class='ocrx_word' id='word_1_1264' title='bbox 1585 1089 1669 1120; x_wconf 89' lang='lat' dir='ltr'>atque</span> <span class='ocrx_word' id='word_1_1265' title='bbox 1680 1085 1801 1113; x_wconf 88' lang='lat' dir='ltr'>temonis</span> <span class='ocrx_word' id='word_1_1266' title='bbox 1810 1084 1966 1117; x_wconf 77' lang='lat' dir='ltr'>necessitas,</span> <span class='ocrx_word' id='word_1_1267' title='bbox 1986 1084 2094 1121; x_wconf 86' lang='lat' dir='ltr'>legitur.</span> <span class='ocrx_word' id='word_1_1268' title='bbox 2135 1083 2210 1113; x_wconf 92' lang='lat' dir='ltr'>Hinc</span> <span class='ocrx_word' id='word_1_1269' title='bbox 2219 1084 2379 1122; x_wconf 84' lang='lat' dir='ltr'>Capitularii</span> <span class='ocrx_word' id='word_1_1270' title='bbox 2390 1086 2465 1124; x_wconf 88' lang='lat' dir='ltr'>apud</span> <span class='ocrx_word' id='word_1_1271' title='bbox 2475 1088 2552 1125; x_wconf 54' lang='lat' dir='ltr'>Sym*</span> 
     </span>
     <span class='ocr_line' id='line_1_129' title="bbox 1450 1119 2597 1188; baseline 0.003 -39"><span class='ocrx_word' id='word_1_1272' title='bbox 1450 1120 1710 1188; x_wconf 40' lang='lat' dir='ltr'>machuribirffelpistd</span> <span class='ocrx_word' id='word_1_1273' title='bbox 1718 1123 1744 1152; x_wconf 72' lang='grc' dir='ltr'><strong>ἃ</strong></span> <span class='ocrx_word' id='word_1_1274' title='bbox 1754 1128 1785 1151; x_wconf 90' lang='lat' dir='ltr'>ut</span> <span class='ocrx_word' id='word_1_1275' title='bbox 1794 1121 1940 1160; x_wconf 87' lang='lat' dir='ltr'>probabile</span> <span class='ocrx_word' id='word_1_1276' title='bbox 1951 1122 1989 1151; x_wconf 90' lang='lat' dir='ltr'>est</span> <span class='ocrx_word' id='word_1_1277' title='bbox 2000 1119 2186 1160; x_wconf 86' lang='lat' dir='ltr'>Cephalaeotae</span> <span class='ocrx_word' id='word_1_1278' title='bbox 2196 1122 2253 1152; x_wconf 87' lang='lat' dir='ltr'>inl.</span> <span class='ocrx_word' id='word_1_1279' title='bbox 2271 1122 2321 1152; x_wconf 90' lang='lat' dir='ltr'>ult.</span> <span class='ocrx_word' id='word_1_1280' title='bbox 2334 1123 2371 1153; x_wconf 90' lang='lat' dir='ltr'>de</span> <span class='ocrx_word' id='word_1_1281' title='bbox 2387 1131 2493 1162; x_wconf 88' lang='lat' dir='ltr'>patroc.</span> <span class='ocrx_word' id='word_1_1282' title='bbox 2513 1126 2551 1156; x_wconf 68' lang='lat' dir='ltr'>vi*-</span> <span class='ocrx_word' id='word_1_1283' title='bbox 2595 1123 2597 1132; x_wconf 87' lang='lat'><strong>¹</strong></span> 
     </span>
     <span class='ocr_line' id='line_1_130' title="bbox 1449 1167 1720 1189; baseline 0.007 -2"><span class='ocrx_word' id='word_1_1284' title='bbox 1449 1167 1506 1187; x_wconf 93' lang='lat' dir='ltr'>cor.</span> <span class='ocrx_word' id='word_1_1285' title='bbox 1522 1169 1552 1187; x_wconf 87' lang='lat' dir='ltr'>in</span> <span class='ocrx_word' id='word_1_1286' title='bbox 1591 1183 1596 1188; x_wconf 95' lang='lat'>.</span> <span class='ocrx_word' id='word_1_1287' title='bbox 1657 1169 1690 1188; x_wconf 91' lang='lat' dir='ltr'>eo</span> <span class='ocrx_word' id='word_1_1288' title='bbox 1714 1182 1720 1189; x_wconf 92' lang='lat'>.</span> 
     </span>
    </p>

    <p class='ocr_par' dir='ltr' id='par_1_51' title="bbox 1392 1194 2604 1302">
     <span class='ocr_line' id='line_1_131' title="bbox 1392 1194 2550 1238; baseline 0.005 -13"><span class='ocrx_word' id='word_1_1289' title='bbox 1392 1194 1416 1225; x_wconf 87' lang='lat' dir='ltr'>C</span> <span class='ocrx_word' id='word_1_1290' title='bbox 1426 1205 1445 1227; x_wconf 85' lang='lat' dir='ltr'>A</span> <span class='ocrx_word' id='word_1_1291' title='bbox 1453 1205 1467 1224; x_wconf 81' lang='grc' dir='ltr'>Ρ</span> <span class='ocrx_word' id='word_1_1292' title='bbox 1478 1207 1487 1224; x_wconf 92' lang='lat'>1</span> <span class='ocrx_word' id='word_1_1293' title='bbox 1498 1205 1518 1224; x_wconf 81' lang='lat' dir='ltr'>T</span> <span class='ocrx_word' id='word_1_1294' title='bbox 1527 1207 1570 1225; x_wconf 67' lang='lat' dir='ltr'>ui.</span> <span class='ocrx_word' id='word_1_1295' title='bbox 1580 1207 1598 1226; x_wconf 91' lang='lat' dir='ltr'>A</span> <span class='ocrx_word' id='word_1_1296' title='bbox 1606 1207 1621 1225; x_wconf 75' lang='lat' dir='ltr'>a</span> <span class='ocrx_word' id='word_1_1297' title='bbox 1630 1208 1639 1225; x_wconf 93' lang='lat'>1</span> <span class='ocrx_word' id='word_1_1298' title='bbox 1650 1207 1670 1226; x_wconf 99' lang='lat' dir='ltr'>A</span> <span class='ocrx_word' id='word_1_1299' title='bbox 1680 1220 1688 1232; x_wconf 89' lang='lat'>‚</span> <span class='ocrx_word' id='word_1_1300' title='bbox 1709 1197 1726 1226; x_wconf 90' lang='lat' dir='ltr'>i.</span> <span class='ocrx_word' id='word_1_1301' title='bbox 1741 1206 1765 1226; x_wconf 90' lang='lat' dir='ltr'>e.</span> <span class='ocrx_word' id='word_1_1302' title='bbox 1786 1197 1861 1226; x_wconf 84' lang='lat' dir='ltr'>Libri</span> <span class='ocrx_word' id='word_1_1303' title='bbox 1873 1197 2046 1226; x_wconf 86' lang='lat' dir='ltr'>statutorum.</span> <span class='ocrx_word' id='word_1_1304' title='bbox 2085 1196 2243 1227; x_wconf 86' lang='lat' dir='ltr'>Fridericus</span> <span class='ocrx_word' id='word_1_1305' title='bbox 2267 1198 2375 1228; x_wconf 87' lang='lat' dir='ltr'>Suevus</span> <span class='ocrx_word' id='word_1_1306' title='bbox 2397 1197 2550 1238; x_wconf 83' lang='lat' dir='ltr'>Imperator</span> 
     </span>
     <span class='ocr_line' id='line_1_132' title="bbox 1428 1233 2604 1302; baseline 0.008 -39"><span class='ocrx_word' id='word_1_1307' title='bbox 1428 1233 1566 1301; x_wconf 52' lang='lat' dir='ltr'>{ecunidus</span> <span class='ocrx_word' id='word_1_1308' title='bbox 1575 1235 1706 1302; x_wconf 58' lang='lat' dir='ltr'>hieswoe</span> <span class='ocrx_word' id='word_1_1309' title='bbox 1717 1234 1781 1265; x_wconf 87' lang='lat' dir='ltr'>usus</span> <span class='ocrx_word' id='word_1_1310' title='bbox 1789 1236 1864 1265; x_wconf 88' lang='lat' dir='ltr'>estin</span> <span class='ocrx_word' id='word_1_1311' title='bbox 1875 1233 2016 1265; x_wconf 85' lang='lat' dir='ltr'>constitut.</span> <span class='ocrx_word' id='word_1_1312' title='bbox 2026 1235 2073 1264; x_wconf 89' lang='lat' dir='ltr'>cui</span> <span class='ocrx_word' id='word_1_1313' title='bbox 2082 1235 2196 1265; x_wconf 88' lang='lat' dir='ltr'>initium</span> <span class='ocrx_word' id='word_1_1314' title='bbox 2206 1258 2215 1272; x_wconf 88' lang='lat'>‚</span> <span class='ocrx_word' id='word_1_1315' title='bbox 2236 1235 2312 1266; x_wconf 82' lang='lat' dir='ltr'>Caffa</span> <span class='ocrx_word' id='word_1_1316' title='bbox 2324 1238 2351 1267; x_wconf 71' lang='grc' dir='ltr'>δι</span> <span class='ocrx_word' id='word_1_1317' title='bbox 2361 1237 2446 1268; x_wconf 84' lang='lat' dir='ltr'>irrita.</span> <span class='ocrx_word' id='word_1_1318' title='bbox 2467 1239 2498 1270; x_wconf 92' lang='lat' dir='ltr'>C.</span> <span class='ocrx_word' id='word_1_1319' title='bbox 2510 1240 2547 1271; x_wconf 76' lang='lat' dir='ltr'>de</span> <span class='ocrx_word' id='word_1_1320' title='bbox 2601 1263 2604 1272; x_wconf 93' lang='lat'>.</span> 
     </span>
    </p>

    <p class='ocr_par' dir='ltr' id='par_1_52' title="bbox 1443 1282 2604 1306">
     <span class='ocr_line' id='line_1_133' title="bbox 1443 1282 2604 1306; baseline 0.005 -6"><span class='ocrx_word' id='word_1_1321' title='bbox 1443 1282 1506 1301; x_wconf 86' lang='lat' dir='ltr'>acro</span> <span class='ocrx_word' id='word_1_1322' title='bbox 1520 1295 1526 1301; x_wconf 98' lang='lat'>.</span> <span class='ocrx_word' id='word_1_1323' title='bbox 1544 1283 1594 1302; x_wconf 89' lang='lat' dir='ltr'>ecc</span> <span class='ocrx_word' id='word_1_1324' title='bbox 1607 1283 1621 1302; x_wconf 91' lang='lat' dir='ltr'>e</span> <span class='ocrx_word' id='word_1_1325' title='bbox 1637 1294 1643 1300; x_wconf 92' lang='lat'>.</span> <span class='ocrx_word' id='word_1_1326' title='bbox 2602 1301 2604 1306; x_wconf 87' lang='lat'>.</span> 
     </span>
    </p>

    <p class='ocr_par' dir='ltr' id='par_1_53' title="bbox 1391 1308 2604 1461">
     <span class='ocr_line' id='line_1_134' title="bbox 1391 1308 2604 1350; baseline 0.006 -12"><span class='ocrx_word' id='word_1_1327' title='bbox 1391 1308 1414 1338; x_wconf 80' lang='lat' dir='ltr'>C</span> <span class='ocrx_word' id='word_1_1328' title='bbox 1423 1319 1441 1338; x_wconf 87' lang='lat' dir='ltr'>A</span> <span class='ocrx_word' id='word_1_1329' title='bbox 1450 1320 1465 1338; x_wconf 92' lang='grc' dir='ltr'>Ρ</span> <span class='ocrx_word' id='word_1_1330' title='bbox 1474 1319 1563 1339; x_wconf 78' lang='lat' dir='ltr'>iTuL</span> <span class='ocrx_word' id='word_1_1331' title='bbox 1573 1321 1616 1340; x_wconf 80' lang='lat' dir='ltr'>AR</span> <span class='ocrx_word' id='word_1_1332' title='bbox 1625 1322 1635 1339; x_wconf 89' lang='lat'><em>1</em></span> <span class='ocrx_word' id='word_1_1333' title='bbox 1645 1322 1654 1339; x_wconf 89' lang='lat' dir='ltr'>i</span> <span class='ocrx_word' id='word_1_1334' title='bbox 1667 1332 1674 1345; x_wconf 83' lang='lat'>,</span> <span class='ocrx_word' id='word_1_1335' title='bbox 1695 1320 1784 1340; x_wconf 92' lang='lat' dir='ltr'>orum.</span> <span class='ocrx_word' id='word_1_1336' title='bbox 1806 1321 1843 1341; x_wconf 91' lang='lat' dir='ltr'>m.</span> <span class='ocrx_word' id='word_1_1337' title='bbox 1866 1310 1906 1349; x_wconf 89' lang='lat' dir='ltr'>pl.</span> <span class='ocrx_word' id='word_1_1338' title='bbox 1931 1310 2007 1349; x_wconf 90' lang='lat' dir='ltr'>apud</span> <span class='ocrx_word' id='word_1_1339' title='bbox 2027 1310 2111 1347; x_wconf 80' lang='lat' dir='ltr'>JCtos</span> <span class='ocrx_word' id='word_1_1340' title='bbox 2122 1333 2130 1346; x_wconf 88' lang='lat'>‚</span> <span class='ocrx_word' id='word_1_1341' title='bbox 2152 1310 2285 1348; x_wconf 82' lang='lat' dir='ltr'>capitum</span> <span class='ocrx_word' id='word_1_1342' title='bbox 2297 1314 2460 1350; x_wconf 50' lang='lat' dir='ltr'>exactorem</span> <span class='ocrx_word' id='word_1_1343' title='bbox 2481 1314 2548 1347; x_wconf 86' lang='lat' dir='ltr'>item</span> <span class='ocrx_word' id='word_1_1344' title='bbox 2592 1314 2604 1321; x_wconf 91' lang='lat'><strong>¹</strong></span> 
     </span>
     <span class='ocr_line' id='line_1_135' title="bbox 1429 1347 2599 1388; baseline 0.004 -11"><span class='ocrx_word' id='word_1_1345' title='bbox 1429 1347 1604 1384; x_wconf 77' lang='lat' dir='ltr'>Magistratus</span> <span class='ocrx_word' id='word_1_1346' title='bbox 1617 1348 1745 1386; x_wconf 84' lang='lat' dir='ltr'>publici,</span> <span class='ocrx_word' id='word_1_1347' title='bbox 1766 1350 1813 1386; x_wconf 90' lang='lat' dir='ltr'>qui</span> <span class='ocrx_word' id='word_1_1348' title='bbox 1830 1349 1906 1387; x_wconf 89' lang='lat' dir='ltr'>leges</span> <span class='ocrx_word' id='word_1_1349' title='bbox 1920 1349 2043 1378; x_wconf 88' lang='lat' dir='ltr'>statuunt</span> <span class='ocrx_word' id='word_1_1350' title='bbox 2060 1351 2086 1378; x_wconf 68' lang='grc' dir='ltr'><strong><em>ἃ</em></strong></span> <span class='ocrx_word' id='word_1_1351' title='bbox 2102 1350 2257 1379; x_wconf 84' lang='lat' dir='ltr'>emendant</span> <span class='ocrx_word' id='word_1_1352' title='bbox 2276 1350 2446 1388; x_wconf 74' lang='lat' dir='ltr'>capitulam,</span> <span class='ocrx_word' id='word_1_1353' title='bbox 2467 1353 2494 1383; x_wconf 70' lang='grc' dir='ltr'>ἃ</span> <span class='ocrx_word' id='word_1_1354' title='bbox 2511 1354 2548 1384; x_wconf 75' lang='lat' dir='ltr'>de</span> <span class='ocrx_word' id='word_1_1355' title='bbox 2590 1357 2599 1385; x_wconf 56' lang='grc' dir='ltr'>ζ</span> 
     </span>
     <span class='ocr_line' id='line_1_136' title="bbox 1426 1386 2544 1428; baseline 0.004 -13"><span class='ocrx_word' id='word_1_1356' title='bbox 1426 1386 1592 1422; x_wconf 68' lang='lat' dir='ltr'>&#39;capitalibus</span> <span class='ocrx_word' id='word_1_1357' title='bbox 1602 1387 1687 1416; x_wconf 89' lang='lat' dir='ltr'>causis</span> <span class='ocrx_word' id='word_1_1358' title='bbox 1697 1393 1830 1424; x_wconf 84' lang='lat' dir='ltr'>quaerunt.</span> <span class='ocrx_word' id='word_1_1359' title='bbox 1868 1387 1899 1417; x_wconf 94' lang='lat' dir='ltr'>V.</span> <span class='ocrx_word' id='word_1_1360' title='bbox 1921 1387 1993 1416; x_wconf 93' lang='lat' dir='ltr'>Cod.</span> <span class='ocrx_word' id='word_1_1361' title='bbox 2011 1386 2122 1416; x_wconf 82' lang='lat' dir='ltr'>Theod.</span> <span class='ocrx_word' id='word_1_1362' title='bbox 2136 1386 2154 1416; x_wconf 93' lang='lat' dir='ltr'>l.</span> <span class='ocrx_word' id='word_1_1363' title='bbox 2168 1397 2210 1417; x_wconf 87' lang='lat'>11.</span> <span class='ocrx_word' id='word_1_1364' title='bbox 2222 1388 2265 1417; x_wconf 88' lang='lat' dir='ltr'>tit.</span> <span class='ocrx_word' id='word_1_1365' title='bbox 2279 1392 2322 1418; x_wconf 88' lang='lat'>16.</span> <span class='ocrx_word' id='word_1_1366' title='bbox 2336 1389 2388 1419; x_wconf 84' lang='lat' dir='ltr'>&amp;L</span> <span class='ocrx_word' id='word_1_1367' title='bbox 2405 1398 2432 1427; x_wconf 90' lang='lat'>7.</span> <span class='ocrx_word' id='word_1_1368' title='bbox 2444 1390 2486 1420; x_wconf 88' lang='lat' dir='ltr'>tit.</span> <span class='ocrx_word' id='word_1_1369' title='bbox 2500 1397 2544 1428; x_wconf 55' lang='grc' dir='ltr'>ξς.</span> 
     </span>
     <span class='ocr_line' id='line_1_137' title="bbox 1427 1423 1766 1461; baseline 0.003 -9"><span class='ocrx_word' id='word_1_1370' title='bbox 1427 1423 1509 1461; x_wconf 88' lang='lat' dir='ltr'>supra</span> <span class='ocrx_word' id='word_1_1371' title='bbox 1529 1434 1766 1454; x_wconf 75' lang='lat' dir='ltr'>CAP1TULUM.</span> 
     </span>
    </p>

    <p class='ocr_par' dir='ltr' id='par_1_54' title="bbox 1388 1459 2587 1614">
     <span class='ocr_line' id='line_1_138' title="bbox 1388 1459 2545 1504; baseline 0.007 -15"><span class='ocrx_word' id='word_1_1372' title='bbox 1388 1459 1411 1490; x_wconf 80' lang='lat' dir='ltr'>C</span> <span class='ocrx_word' id='word_1_1373' title='bbox 1420 1471 1440 1490; x_wconf 89' lang='lat' dir='ltr'>A</span> <span class='ocrx_word' id='word_1_1374' title='bbox 1450 1471 1464 1489; x_wconf 83' lang='lat' dir='ltr'><strong>P</strong></span> <span class='ocrx_word' id='word_1_1375' title='bbox 1475 1473 1484 1490; x_wconf 88' lang='lat'>1</span> <span class='ocrx_word' id='word_1_1376' title='bbox 1493 1471 1513 1490; x_wconf 84' lang='lat' dir='ltr'>T</span> <span class='ocrx_word' id='word_1_1377' title='bbox 1522 1472 1541 1491; x_wconf 77' lang='lat' dir='ltr'>u</span> <span class='ocrx_word' id='word_1_1378' title='bbox 1550 1474 1566 1490; x_wconf 98' lang='lat' dir='ltr'>L</span> <span class='ocrx_word' id='word_1_1379' title='bbox 1574 1466 1592 1491; x_wconf 70' lang='lat' dir='ltr'>Ti</span> <span class='ocrx_word' id='word_1_1380' title='bbox 1601 1472 1620 1491; x_wconf 75' lang='grc' dir='ltr'><strong>τ</strong></span> <span class='ocrx_word' id='word_1_1381' title='bbox 1630 1472 1668 1492; x_wconf 85' lang='lat' dir='ltr'>us</span> <span class='ocrx_word' id='word_1_1382' title='bbox 1678 1485 1686 1498; x_wconf 84' lang='lat'>,</span> <span class='ocrx_word' id='word_1_1383' title='bbox 1707 1473 1723 1492; x_wconf 89' lang='lat' dir='ltr'>a</span> <span class='ocrx_word' id='word_1_1384' title='bbox 1733 1484 1741 1497; x_wconf 84' lang='lat'>,</span> <span class='ocrx_word' id='word_1_1385' title='bbox 1761 1472 1819 1493; x_wconf 86' lang='lat' dir='ltr'>um.</span> <span class='ocrx_word' id='word_1_1386' title='bbox 1844 1462 1903 1498; x_wconf 79' lang='lat' dir='ltr'>Adj.</span> <span class='ocrx_word' id='word_1_1387' title='bbox 1931 1459 2129 1499; x_wconf 51' lang='grc' dir='ltr'>[κεφαλωτὰ]</span> <span class='ocrx_word' id='word_1_1388' title='bbox 2150 1463 2236 1499; x_wconf 85' lang='lat' dir='ltr'>Quod</span> <span class='ocrx_word' id='word_1_1389' title='bbox 2259 1463 2420 1501; x_wconf 81' lang='lat' dir='ltr'>Capitulum</span> <span class='ocrx_word' id='word_1_1390' title='bbox 2441 1465 2545 1504; x_wconf 54' lang='lat' dir='ltr'>habet,</span> 
     </span>
     <span class='ocr_line' id='line_1_139' title="bbox 1426 1500 2587 1540; baseline 0.004 -11"><span class='ocrx_word' id='word_1_1391' title='bbox 1426 1505 1475 1534; x_wconf 86' lang='lat' dir='ltr'>ut,</span> <span class='ocrx_word' id='word_1_1392' title='bbox 1503 1500 1667 1538; x_wconf 82' lang='lat' dir='ltr'>Capitulatae</span> <span class='ocrx_word' id='word_1_1393' title='bbox 1675 1501 1764 1530; x_wconf 68' lang='lat' dir='ltr'>costae.</span> <span class='ocrx_word' id='word_1_1394' title='bbox 1787 1500 1855 1530; x_wconf 88' lang='lat' dir='ltr'>Cels.</span> <span class='ocrx_word' id='word_1_1395' title='bbox 1871 1500 1919 1530; x_wconf 93' lang='lat' dir='ltr'>lib.</span> <span class='ocrx_word' id='word_1_1396' title='bbox 1933 1506 1958 1535; x_wconf 86' lang='lat'>8.</span> <span class='ocrx_word' id='word_1_1397' title='bbox 1973 1510 2033 1538; x_wconf 84' lang='lat' dir='ltr'>cap.</span> <span class='ocrx_word' id='word_1_1398' title='bbox 2049 1511 2072 1530; x_wconf 88' lang='lat'>1.</span> <span class='ocrx_word' id='word_1_1399' title='bbox 2094 1500 2199 1538; x_wconf 87' lang='lat' dir='ltr'>Haeque</span> <span class='ocrx_word' id='word_1_1400' title='bbox 2211 1501 2306 1538; x_wconf 90' lang='lat' dir='ltr'>primis</span> <span class='ocrx_word' id='word_1_1401' title='bbox 2318 1502 2443 1540; x_wconf 84' lang='lat' dir='ltr'>partibus</span> <span class='ocrx_word' id='word_1_1402' title='bbox 2452 1511 2545 1535; x_wconf 77' lang='lat' dir='ltr'>rotun.</span> <span class='ocrx_word' id='word_1_1403' title='bbox 2586 1530 2587 1538; x_wconf 66' lang='grc'>,</span> 
     </span>
     <span class='ocr_line' id='line_1_140' title="bbox 1425 1538 2544 1580; baseline 0.006 -14"><span class='ocrx_word' id='word_1_1404' title='bbox 1425 1538 1468 1566; x_wconf 76' lang='lat' dir='ltr'>dae</span> <span class='ocrx_word' id='word_1_1405' title='bbox 1478 1560 1486 1572; x_wconf 88' lang='lat'>,</span> <span class='ocrx_word' id='word_1_1406' title='bbox 1506 1548 1538 1567; x_wconf 88' lang='lat' dir='ltr'>ac</span> <span class='ocrx_word' id='word_1_1407' title='bbox 1551 1538 1648 1568; x_wconf 89' lang='lat' dir='ltr'>leviter</span> <span class='ocrx_word' id='word_1_1408' title='bbox 1655 1539 1727 1576; x_wconf 84' lang='lat' dir='ltr'>quasi</span> <span class='ocrx_word' id='word_1_1409' title='bbox 1737 1538 1910 1576; x_wconf 88' lang='lat' dir='ltr'>capitulatae,</span> <span class='ocrx_word' id='word_1_1410' title='bbox 1929 1540 2120 1569; x_wconf 84' lang='lat' dir='ltr'>vertebrarum</span> <span class='ocrx_word' id='word_1_1411' title='bbox 2137 1539 2291 1570; x_wconf 83' lang='lat' dir='ltr'>transversis</span> <span class='ocrx_word' id='word_1_1412' title='bbox 2301 1540 2488 1580; x_wconf 86' lang='lat' dir='ltr'>proceffibus,</span> <span class='ocrx_word' id='word_1_1413' title='bbox 2503 1543 2544 1576; x_wconf 86' lang='lat' dir='ltr'>ibi</span> 
     </span>
     <span class='ocr_line' id='line_1_141' title="bbox 1425 1575 1962 1614; baseline 0.004 -10"><span class='ocrx_word' id='word_1_1414' title='bbox 1425 1585 1538 1613; x_wconf 86' lang='lat' dir='ltr'>quoque</span> <span class='ocrx_word' id='word_1_1415' title='bbox 1548 1576 1663 1614; x_wconf 87' lang='lat' dir='ltr'>paulum</span> <span class='ocrx_word' id='word_1_1416' title='bbox 1675 1577 1796 1611; x_wconf 85' lang='lat' dir='ltr'>sinuatis,</span> <span class='ocrx_word' id='word_1_1417' title='bbox 1815 1575 1962 1606; x_wconf 82' lang='lat' dir='ltr'>inhaerent.</span> 
     </span>
    </p>

    <p class='ocr_par' dir='ltr' id='par_1_55' title="bbox 1425 1614 1948 1652">
     <span class='ocr_line' id='line_1_142' title="bbox 1425 1614 1948 1652; baseline 0.002 -9"><span class='ocrx_word' id='word_1_1418' title='bbox 1425 1614 1556 1644; x_wconf 86' lang='lat' dir='ltr'>Surculus</span> <span class='ocrx_word' id='word_1_1419' title='bbox 1567 1615 1744 1652; x_wconf 82' lang='lat' dir='ltr'>capitulatus.</span> <span class='ocrx_word' id='word_1_1420' title='bbox 1768 1615 1836 1645; x_wconf 89' lang='lat' dir='ltr'>Plin.</span> <span class='ocrx_word' id='word_1_1421' title='bbox 1851 1623 1892 1650; x_wconf 87' lang='lat'>17.</span> <span class='ocrx_word' id='word_1_1422' title='bbox 1903 1624 1948 1644; x_wconf 92' lang='lat'>21.</span> 
     </span>
    </p>

    <p class='ocr_par' dir='ltr' id='par_1_56' title="bbox 1386 1648 2598 1733">
     <span class='ocr_line' id='line_1_143' title="bbox 1386 1648 2544 1691; baseline 0.004 -11"><span class='ocrx_word' id='word_1_1423' title='bbox 1386 1648 1531 1681; x_wconf 77' lang='lat' dir='ltr'>CApiTu</span> <span class='ocrx_word' id='word_1_1424' title='bbox 1544 1656 1678 1688; x_wconf 73' lang='lat' dir='ltr'>LATiM,</span> <span class='ocrx_word' id='word_1_1425' title='bbox 1701 1653 1767 1682; x_wconf 92' lang='lat' dir='ltr'>Adv.</span> <span class='ocrx_word' id='word_1_1426' title='bbox 1791 1652 1879 1690; x_wconf 66' lang='grc' dir='ltr'><strong><em>[κατεῖ</em></strong></span> <span class='ocrx_word' id='word_1_1427' title='bbox 1900 1651 2055 1687; x_wconf 69' lang='grc' dir='ltr'>κεφάλαιον]</span> <span class='ocrx_word' id='word_1_1428' title='bbox 2074 1651 2144 1682; x_wconf 84' lang='grc' dir='ltr'>ΡΙῑη.</span> <span class='ocrx_word' id='word_1_1429' title='bbox 2162 1653 2245 1691; x_wconf 85' lang='lat' dir='ltr'>Epist.</span> <span class='ocrx_word' id='word_1_1430' title='bbox 2257 1663 2302 1684; x_wconf 83' lang='lat'>22.</span> <span class='ocrx_word' id='word_1_1431' title='bbox 2317 1654 2366 1684; x_wconf 91' lang='lat' dir='ltr'>lib.</span> <span class='ocrx_word' id='word_1_1432' title='bbox 2378 1657 2404 1684; x_wconf 90' lang='lat'>6.</span> <span class='ocrx_word' id='word_1_1433' title='bbox 2426 1654 2476 1685; x_wconf 90' lang='lat' dir='ltr'>Per</span> <span class='ocrx_word' id='word_1_1434' title='bbox 2499 1665 2544 1687; x_wconf 85' lang='lat' dir='ltr'>ca-</span> 
     </span>
     <span class='ocr_line' id='line_1_144' title="bbox 1422 1689 2598 1733; baseline 0.003 -15"><span class='ocrx_word' id='word_1_1435' title='bbox 1422 1690 1488 1727; x_wconf 84' lang='lat' dir='ltr'>pita.</span> <span class='ocrx_word' id='word_1_1436' title='bbox 1531 1690 1598 1719; x_wconf 90' lang='lat' dir='ltr'>Plin.</span> <span class='ocrx_word' id='word_1_1437' title='bbox 1616 1690 1664 1720; x_wconf 88' lang='lat' dir='ltr'>lib.</span> <span class='ocrx_word' id='word_1_1438' title='bbox 1677 1701 1702 1721; x_wconf 93' lang='lat'>2.</span> <span class='ocrx_word' id='word_1_1439' title='bbox 1715 1700 1776 1729; x_wconf 86' lang='lat' dir='ltr'>cap.</span> <span class='ocrx_word' id='word_1_1440' title='bbox 1791 1701 1831 1721; x_wconf 88' lang='lat'>12.</span> <span class='ocrx_word' id='word_1_1441' title='bbox 1853 1691 1938 1721; x_wconf 89' lang='lat' dir='ltr'>Nunc</span> <span class='ocrx_word' id='word_1_1442' title='bbox 1952 1689 2074 1719; x_wconf 74' lang='lat' dir='ltr'>confessa</span> <span class='ocrx_word' id='word_1_1443' title='bbox 2085 1691 2121 1720; x_wconf 91' lang='lat' dir='ltr'>de</span> <span class='ocrx_word' id='word_1_1444' title='bbox 2131 1691 2231 1722; x_wconf 88' lang='lat' dir='ltr'>iisdem</span> <span class='ocrx_word' id='word_1_1445' title='bbox 2243 1691 2360 1722; x_wconf 82' lang='lat' dir='ltr'>breviter</span> <span class='ocrx_word' id='word_1_1446' title='bbox 2377 1698 2459 1731; x_wconf 88' lang='lat' dir='ltr'>atque</span> <span class='ocrx_word' id='word_1_1447' title='bbox 2468 1694 2542 1733; x_wconf 79' lang='lat' dir='ltr'>capi.</span> <span class='ocrx_word' id='word_1_1448' title='bbox 2596 1695 2598 1699; x_wconf 80' lang='grc'>’</span> 
     </span>
    </p>

    <p class='ocr_par' dir='ltr' id='par_1_57' title="bbox 1382 1727 1985 1767">
     <span class='ocr_line' id='line_1_145' title="bbox 1382 1727 1985 1767; baseline 0.003 -11"><span class='ocrx_word' id='word_1_1449' title='bbox 1382 1762 1386 1766; x_wconf 17' lang='grc' dir='ltr'><em>ᾗ</em></span> <span class='ocrx_word' id='word_1_1450' title='bbox 1423 1727 1533 1757; x_wconf 83' lang='lat' dir='ltr'>tulatim</span> <span class='ocrx_word' id='word_1_1451' title='bbox 1544 1729 1688 1766; x_wconf 84' lang='lat' dir='ltr'>attingam.</span> <span class='ocrx_word' id='word_1_1452' title='bbox 1730 1730 1760 1758; x_wconf 85' lang='lat' dir='ltr'>V.</span> <span class='ocrx_word' id='word_1_1453' title='bbox 1784 1729 1855 1767; x_wconf 84' lang='lat' dir='ltr'>Nep.</span> <span class='ocrx_word' id='word_1_1454' title='bbox 1866 1738 1910 1764; x_wconf 76' lang='lat'>24-</span> <span class='ocrx_word' id='word_1_1455' title='bbox 1925 1738 1948 1764; x_wconf 84' lang='lat'>3.</span> <span class='ocrx_word' id='word_1_1456' title='bbox 1961 1737 1985 1765; x_wconf 86' lang='lat'>3.</span> 
     </span>
    </p>

    <p class='ocr_par' dir='ltr' id='par_1_58' title="bbox 1383 1764 2585 1956">
     <span class='ocr_line' id='line_1_146' title="bbox 1383 1764 2542 1807; baseline 0.005 -13"><span class='ocrx_word' id='word_1_1457' title='bbox 1383 1764 1405 1795; x_wconf 79' lang='lat' dir='ltr'>C</span> <span class='ocrx_word' id='word_1_1458' title='bbox 1414 1776 1434 1794; x_wconf 92' lang='lat' dir='ltr'>A</span> <span class='ocrx_word' id='word_1_1459' title='bbox 1444 1776 1458 1794; x_wconf 80' lang='grc' dir='ltr'>Ρ</span> <span class='ocrx_word' id='word_1_1460' title='bbox 1468 1777 1477 1794; x_wconf 91' lang='lat'>1</span> <span class='ocrx_word' id='word_1_1461' title='bbox 1489 1776 1508 1794; x_wconf 77' lang='grc' dir='ltr'>τ</span> <span class='ocrx_word' id='word_1_1462' title='bbox 1517 1776 1530 1795; x_wconf 79' lang='lat' dir='ltr'>s</span> <span class='ocrx_word' id='word_1_1463' title='bbox 1540 1778 1556 1794; x_wconf 88' lang='lat' dir='ltr'>L</span> <span class='ocrx_word' id='word_1_1464' title='bbox 1565 1778 1581 1794; x_wconf 88' lang='lat' dir='ltr'>L</span> <span class='ocrx_word' id='word_1_1465' title='bbox 1590 1777 1607 1795; x_wconf 89' lang='lat' dir='ltr'>u</span> <span class='ocrx_word' id='word_1_1466' title='bbox 1618 1778 1654 1801; x_wconf 86' lang='lat' dir='ltr'>M,</span> <span class='ocrx_word' id='word_1_1467' title='bbox 1675 1767 1692 1796; x_wconf 89' lang='lat' dir='ltr'>i.</span> <span class='ocrx_word' id='word_1_1468' title='bbox 1715 1777 1743 1796; x_wconf 88' lang='lat' dir='ltr'>n.</span> <span class='ocrx_word' id='word_1_1469' title='bbox 1776 1767 1938 1802; x_wconf 72' lang='grc' dir='ltr'>[κεφάλιον]</span> <span class='ocrx_word' id='word_1_1470' title='bbox 1968 1766 2098 1796; x_wconf 89' lang='lat' dir='ltr'>diminut.</span> <span class='ocrx_word' id='word_1_1471' title='bbox 2126 1767 2247 1797; x_wconf 86' lang='lat' dir='ltr'>alterurn</span> <span class='ocrx_word' id='word_1_1472' title='bbox 2256 1789 2265 1802; x_wconf 91' lang='lat'>‚</span> <span class='ocrx_word' id='word_1_1473' title='bbox 2293 1766 2411 1798; x_wconf 82' lang='lat' dir='ltr'>Parvum</span> <span class='ocrx_word' id='word_1_1474' title='bbox 2437 1776 2519 1807; x_wconf 86' lang='lat' dir='ltr'>caput</span> <span class='ocrx_word' id='word_1_1475' title='bbox 2528 1780 2542 1807; x_wconf 83' lang='lat'>;</span> 
     </span>
     <span class='ocr_line' id='line_1_147' title="bbox 1419 1804 2538 1844; baseline 0.006 -12"><span class='ocrx_word' id='word_1_1476' title='bbox 1419 1804 1446 1833; x_wconf 84' lang='lat' dir='ltr'>h.</span> <span class='ocrx_word' id='word_1_1477' title='bbox 1462 1814 1486 1833; x_wconf 89' lang='lat' dir='ltr'>e.</span> <span class='ocrx_word' id='word_1_1478' title='bbox 1509 1804 1664 1833; x_wconf 76' lang='lat' dir='ltr'>crassiorem</span> <span class='ocrx_word' id='word_1_1479' title='bbox 1686 1804 1872 1834; x_wconf 85' lang='lat' dir='ltr'>summitatem</span> <span class='ocrx_word' id='word_1_1480' title='bbox 1892 1804 2083 1842; x_wconf 85' lang='lat' dir='ltr'>cujuscunque</span> <span class='ocrx_word' id='word_1_1481' title='bbox 2102 1806 2142 1834; x_wconf 90' lang='lat' dir='ltr'>rei</span> <span class='ocrx_word' id='word_1_1482' title='bbox 2158 1806 2301 1843; x_wconf 90' lang='lat' dir='ltr'>significat.</span> <span class='ocrx_word' id='word_1_1483' title='bbox 2341 1806 2409 1836; x_wconf 89' lang='lat' dir='ltr'>Plin.</span> <span class='ocrx_word' id='word_1_1484' title='bbox 2429 1806 2477 1837; x_wconf 89' lang='lat' dir='ltr'>lib.</span> <span class='ocrx_word' id='word_1_1485' title='bbox 2491 1817 2538 1844; x_wconf 76' lang='lat'>24.</span> 
     </span>
     <span class='ocr_line' id='line_1_148' title="bbox 1419 1842 2540 1881; baseline 0.005 -11"><span class='ocrx_word' id='word_1_1486' title='bbox 1419 1852 1480 1879; x_wconf 87' lang='lat' dir='ltr'>cap.</span> <span class='ocrx_word' id='word_1_1487' title='bbox 1500 1852 1539 1877; x_wconf 88' lang='lat'>19.</span> <span class='ocrx_word' id='word_1_1488' title='bbox 1562 1842 1630 1871; x_wconf 88' lang='lat' dir='ltr'>Inde</span> <span class='ocrx_word' id='word_1_1489' title='bbox 1647 1842 1694 1871; x_wconf 87' lang='lat' dir='ltr'>alii</span> <span class='ocrx_word' id='word_1_1490' title='bbox 1714 1842 1814 1871; x_wconf 85' lang='lat' dir='ltr'>ramuli</span> <span class='ocrx_word' id='word_1_1491' title='bbox 1832 1842 1972 1880; x_wconf 77' lang='lat' dir='ltr'>assurgunt</span> <span class='ocrx_word' id='word_1_1492' title='bbox 1984 1842 2029 1872; x_wconf 87' lang='lat' dir='ltr'>sua</span> <span class='ocrx_word' id='word_1_1493' title='bbox 2039 1843 2168 1881; x_wconf 87' lang='lat' dir='ltr'>capitella</span> <span class='ocrx_word' id='word_1_1494' title='bbox 2178 1852 2313 1881; x_wconf 83' lang='lat' dir='ltr'>gerenteS.</span> <span class='ocrx_word' id='word_1_1495' title='bbox 2335 1845 2366 1873; x_wconf 86' lang='lat' dir='ltr'>in</span> <span class='ocrx_word' id='word_1_1496' title='bbox 2378 1845 2444 1875; x_wconf 90' lang='lat' dir='ltr'>edit.</span> <span class='ocrx_word' id='word_1_1497' title='bbox 2456 1845 2540 1878; x_wconf 80' lang='lat' dir='ltr'>Hard.</span> 
     </span>
     <span class='ocr_line' id='line_1_149' title="bbox 1417 1879 2585 1921; baseline 0.004 -12"><span class='ocrx_word' id='word_1_1498' title='bbox 1417 1879 1518 1916; x_wconf 82' lang='lat' dir='ltr'>legitur</span> <span class='ocrx_word' id='word_1_1499' title='bbox 1531 1879 1667 1917; x_wconf 84' lang='lat' dir='ltr'>Capitula.</span> <span class='ocrx_word' id='word_1_1500' title='bbox 1703 1880 1750 1909; x_wconf 90' lang='lat' dir='ltr'>Sic</span> <span class='ocrx_word' id='word_1_1501' title='bbox 1767 1883 1792 1910; x_wconf 69' lang='grc' dir='ltr'>ἃ</span> <span class='ocrx_word' id='word_1_1502' title='bbox 1814 1879 1862 1910; x_wconf 90' lang='lat' dir='ltr'>lib.</span> <span class='ocrx_word' id='word_1_1503' title='bbox 1877 1886 1920 1915; x_wconf 83' lang='lat'>36·</span> <span class='ocrx_word' id='word_1_1504' title='bbox 1941 1890 2002 1918; x_wconf 89' lang='lat' dir='ltr'>cap.</span> <span class='ocrx_word' id='word_1_1505' title='bbox 2018 1890 2062 1916; x_wconf 78' lang='lat'>23.</span> <span class='ocrx_word' id='word_1_1506' title='bbox 2095 1880 2227 1920; x_wconf 88' lang='lat' dir='ltr'>Capitula</span> <span class='ocrx_word' id='word_1_1507' title='bbox 2244 1882 2462 1921; x_wconf 85' lang='lat' dir='ltr'>columnarum,</span> <span class='ocrx_word' id='word_1_1508' title='bbox 2481 1881 2538 1914; x_wconf 78' lang='lat' dir='ltr'>&#39;non</span> <span class='ocrx_word' id='word_1_1509' title='bbox 2584 1880 2585 1884; x_wconf 62' lang='lat'><strong>¹</strong></span> 
     </span>
     <span class='ocr_line' id='line_1_150' title="bbox 1416 1918 1985 1956; baseline 0.004 -10"><span class='ocrx_word' id='word_1_1510' title='bbox 1416 1918 1573 1955; x_wconf 61' lang='lat' dir='ltr'>&gt;Capitella,</span> <span class='ocrx_word' id='word_1_1511' title='bbox 1599 1919 1666 1947; x_wconf 86' lang='lat' dir='ltr'>utin</span> <span class='ocrx_word' id='word_1_1512' title='bbox 1677 1918 1720 1947; x_wconf 90' lang='lat' dir='ltr'>ed.</span> <span class='ocrx_word' id='word_1_1513' title='bbox 1736 1918 1823 1956; x_wconf 76' lang='lat' dir='ltr'>Lugd.</span> <span class='ocrx_word' id='word_1_1514' title='bbox 1838 1919 1985 1948; x_wconf 84' lang='lat' dir='ltr'>citabatur.</span> 
     </span>
    </p>

    <p class='ocr_par' dir='ltr' id='par_1_59' title="bbox 1415 1952 2570 2112">
     <span class='ocr_line' id='line_1_151' title="bbox 1415 1952 2444 1996; baseline 0.005 -12"><span class='ocrx_word' id='word_1_1515' title='bbox 1415 1952 1585 1993; x_wconf 79' lang='lat' dir='ltr'>Capitellum</span> <span class='ocrx_word' id='word_1_1516' title='bbox 1594 1978 1602 1990; x_wconf 77' lang='lat'>‚</span> <span class='ocrx_word' id='word_1_1517' title='bbox 1625 1956 1757 1992; x_wconf 73' lang='lat' dir='ltr'>significat</span> <span class='ocrx_word' id='word_1_1518' title='bbox 1770 1958 1853 1986; x_wconf 85' lang='lat' dir='ltr'>etiam</span> <span class='ocrx_word' id='word_1_1519' title='bbox 1862 1956 1952 1995; x_wconf 88' lang='lat' dir='ltr'>Caput</span> <span class='ocrx_word' id='word_1_1520' title='bbox 1962 1956 2167 1987; x_wconf 86' lang='lat' dir='ltr'>columnarum.</span> <span class='ocrx_word' id='word_1_1521' title='bbox 2189 1957 2330 1996; x_wconf 88' lang='lat' dir='ltr'>Corippus</span> <span class='ocrx_word' id='word_1_1522' title='bbox 2340 1980 2348 1994; x_wconf 90' lang='lat'>,</span> <span class='ocrx_word' id='word_1_1523' title='bbox 2360 1969 2387 1995; x_wconf 89' lang='lat'>4.</span> <span class='ocrx_word' id='word_1_1524' title='bbox 2400 1968 2444 1995; x_wconf 80' lang='lat'>59.</span> 
     </span>
     <span class='ocr_line' id='line_1_152' title="bbox 1510 1993 2157 2042; baseline 0.003 -20"><span class='ocrx_word' id='word_1_1525' title='bbox 1510 1994 1603 2022; x_wconf 82' lang='lat' dir='ltr'>Buxea</span> <span class='ocrx_word' id='word_1_1526' title='bbox 1615 1993 1745 2032; x_wconf 90' lang='lat' dir='ltr'>populeis</span> <span class='ocrx_word' id='word_1_1527' title='bbox 1758 2003 1856 2032; x_wconf 88' lang='lat' dir='ltr'>aptans</span> <span class='ocrx_word' id='word_1_1528' title='bbox 1868 1994 1997 2042; x_wconf 74' lang='lat' dir='ltr'>capitella</span> <span class='ocrx_word' id='word_1_1529' title='bbox 2008 1995 2157 2024; x_wconf 90' lang='lat' dir='ltr'>columnis.</span> 
     </span>
     <span class='ocr_line' id='line_1_153' title="bbox 1417 2031 2534 2073; baseline 0.004 -12"><span class='ocrx_word' id='word_1_1530' title='bbox 1417 2031 1494 2068; x_wconf 81' lang='lat' dir='ltr'>Quin</span> <span class='ocrx_word' id='word_1_1531' title='bbox 1503 2032 1587 2060; x_wconf 86' lang='lat' dir='ltr'>etiam</span> <span class='ocrx_word' id='word_1_1532' title='bbox 1599 2033 1768 2061; x_wconf 87' lang='lat' dir='ltr'>recentiores</span> <span class='ocrx_word' id='word_1_1533' title='bbox 1782 2033 1886 2062; x_wconf 77' lang='lat' dir='ltr'>Medici</span> <span class='ocrx_word' id='word_1_1534' title='bbox 1898 2032 2069 2071; x_wconf 73' lang='lat' dir='ltr'>Lapitellum</span> <span class='ocrx_word' id='word_1_1535' title='bbox 2078 2031 2191 2062; x_wconf 87' lang='lat' dir='ltr'>sumunt</span> <span class='ocrx_word' id='word_1_1536' title='bbox 2199 2044 2251 2072; x_wconf 90' lang='lat' dir='ltr'>pro</span> <span class='ocrx_word' id='word_1_1537' title='bbox 2266 2032 2317 2063; x_wconf 90' lang='lat' dir='ltr'>illo</span> <span class='ocrx_word' id='word_1_1538' title='bbox 2334 2034 2396 2064; x_wconf 84' lang='lat' dir='ltr'>vase</span> <span class='ocrx_word' id='word_1_1539' title='bbox 2408 2034 2511 2073; x_wconf 84' lang='lat' dir='ltr'>duplici</span> <span class='ocrx_word' id='word_1_1540' title='bbox 2523 2049 2534 2073; x_wconf 56' lang='grc' dir='ltr'>ς</span> 
     </span>
     <span class='ocr_line' id='line_1_154' title="bbox 1436 2070 2570 2112; baseline 0.005 -14"><span class='ocrx_word' id='word_1_1541' title='bbox 1436 2071 1466 2098; x_wconf 88' lang='lat' dir='ltr'>in</span> <span class='ocrx_word' id='word_1_1542' title='bbox 1477 2079 1533 2106; x_wconf 89' lang='lat' dir='ltr'>quo</span> <span class='ocrx_word' id='word_1_1543' title='bbox 1548 2077 1719 2107; x_wconf 84' lang='lat' dir='ltr'>reponuntur</span> <span class='ocrx_word' id='word_1_1544' title='bbox 1729 2070 1820 2100; x_wconf 87' lang='lat' dir='ltr'>herbae</span> <span class='ocrx_word' id='word_1_1545' title='bbox 1829 2093 1836 2105; x_wconf 81' lang='lat'>,</span> <span class='ocrx_word' id='word_1_1546' title='bbox 1849 2072 1901 2100; x_wconf 70' lang='grc' dir='ltr'>διο.</span> <span class='ocrx_word' id='word_1_1547' title='bbox 1923 2079 1954 2100; x_wconf 92' lang='lat' dir='ltr'>ut</span> <span class='ocrx_word' id='word_1_1548' title='bbox 1962 2072 2025 2108; x_wconf 82' lang='lat' dir='ltr'>igne</span> <span class='ocrx_word' id='word_1_1549' title='bbox 2033 2070 2173 2108; x_wconf 88' lang='lat' dir='ltr'>supposito</span> <span class='ocrx_word' id='word_1_1550' title='bbox 2184 2081 2220 2101; x_wconf 83' lang='lat' dir='ltr'>ex</span> <span class='ocrx_word' id='word_1_1551' title='bbox 2229 2073 2263 2101; x_wconf 91' lang='lat' dir='ltr'>iis</span> <span class='ocrx_word' id='word_1_1552' title='bbox 2275 2082 2347 2109; x_wconf 87' lang='lat' dir='ltr'>aqua</span> <span class='ocrx_word' id='word_1_1553' title='bbox 2358 2073 2536 2112; x_wconf 72' lang='lat' dir='ltr'>exprimatur.</span> <span class='ocrx_word' id='word_1_1554' title='bbox 2568 2077 2570 2083; x_wconf 83' lang='lat'><em>&#39;</em></span> 
     </span>
    </p>

    <p class='ocr_par' dir='ltr' id='par_1_60' title="bbox 1381 2107 2276 2146">
     <span class='ocr_line' id='line_1_155' title="bbox 1381 2107 2276 2146; baseline 0.001 -9"><span class='ocrx_word' id='word_1_1555' title='bbox 1381 2134 1383 2138; x_wconf 82' lang='grc'>,</span> <span class='ocrx_word' id='word_1_1556' title='bbox 1435 2107 1480 2137; x_wconf 89' lang='lat' dir='ltr'>Un</span> <span class='ocrx_word' id='word_1_1557' title='bbox 1490 2108 1613 2137; x_wconf 71' lang='lat' dir='ltr'>Alambic.</span> <span class='ocrx_word' id='word_1_1558' title='bbox 1650 2109 1706 2137; x_wconf 90' lang='lat' dir='ltr'>Sed</span> <span class='ocrx_word' id='word_1_1559' title='bbox 1717 2109 1792 2137; x_wconf 87' lang='lat' dir='ltr'>uncle</span> <span class='ocrx_word' id='word_1_1560' title='bbox 1805 2109 1909 2138; x_wconf 84' lang='lat' dir='ltr'>Nledici</span> <span class='ocrx_word' id='word_1_1561' title='bbox 1922 2109 1963 2138; x_wconf 86' lang='lat' dir='ltr'>isti</span> <span class='ocrx_word' id='word_1_1562' title='bbox 1975 2109 2168 2146; x_wconf 75' lang='lat' dir='ltr'>sumpserunt?</span> <span class='ocrx_word' id='word_1_1563' title='bbox 2188 2110 2224 2139; x_wconf 93' lang='lat' dir='ltr'>H.</span> <span class='ocrx_word' id='word_1_1564' title='bbox 2236 2110 2276 2139; x_wconf 87' lang='lat' dir='ltr'>St.</span> 
     </span>
    </p>

    <p class='ocr_par' dir='ltr' id='par_1_61' title="bbox 1379 2133 2572 2222">
     <span class='ocr_line' id='line_1_156' title="bbox 1379 2133 2572 2219; baseline 0.005 -45"><span class='ocrx_word' id='word_1_1565' title='bbox 1379 2144 1428 2175; x_wconf 86' lang='lat' dir='ltr'>CA</span> <span class='ocrx_word' id='word_1_1566' title='bbox 1440 2155 1517 2179; x_wconf 72' lang='lat' dir='ltr'>PYs.</span> <span class='ocrx_word' id='word_1_1567' title='bbox 1539 2155 1596 2183; x_wconf 88' lang='lat' dir='ltr'>yos.</span> <span class='ocrx_word' id='word_1_1568' title='bbox 1619 2155 1656 2175; x_wconf 89' lang='lat' dir='ltr'>m.</span> <span class='ocrx_word' id='word_1_1569' title='bbox 1689 2147 1824 2181; x_wconf 57' lang='lat' dir='ltr'>[Koloi-us]</span> <span class='ocrx_word' id='word_1_1570' title='bbox 1844 2146 1929 2176; x_wconf 87' lang='lat' dir='ltr'>Filius</span> <span class='ocrx_word' id='word_1_1571' title='bbox 1950 2146 2085 2182; x_wconf 78' lang='lat' dir='ltr'>Assaraci,</span> <span class='ocrx_word' id='word_1_1572' title='bbox 2106 2148 2132 2176; x_wconf 85' lang='lat'>&amp;</span> <span class='ocrx_word' id='word_1_1573' title='bbox 2148 2153 2226 2185; x_wconf 88' lang='lat' dir='ltr'>pater</span> <span class='ocrx_word' id='word_1_1574' title='bbox 2242 2147 2375 2179; x_wconf 87' lang='lat' dir='ltr'>Anchisae.</span> <span class='ocrx_word' id='word_1_1575' title='bbox 2403 2147 2498 2186; x_wconf 85' lang='lat' dir='ltr'>Alius,</span> <span class='ocrx_word' id='word_1_1576' title='bbox 2516 2159 2533 2180; x_wconf 82' lang='lat' dir='ltr'>a</span> <span class='ocrx_word' id='word_1_1577' title='bbox 2564 2133 2572 2219; x_wconf 82' lang='lat' dir='ltr'>¹l</span> 
     </span>
     <span class='ocr_line' id='line_1_157' title="bbox 1416 2181 2149 2222; baseline 0.001 -9"><span class='ocrx_word' id='word_1_1578' title='bbox 1416 2193 1472 2222; x_wconf 85' lang='lat' dir='ltr'>quo</span> <span class='ocrx_word' id='word_1_1579' title='bbox 1484 2183 1552 2212; x_wconf 80' lang='lat' dir='ltr'>dicit</span> <span class='ocrx_word' id='word_1_1580' title='bbox 1565 2183 1634 2220; x_wconf 68' lang='lat' dir='ltr'>virg.</span> <span class='ocrx_word' id='word_1_1581' title='bbox 1647 2181 1791 2213; x_wconf 78' lang='lat' dir='ltr'>con&#39;ditam</span> <span class='ocrx_word' id='word_1_1582' title='bbox 1801 2186 1935 2222; x_wconf 87' lang='lat' dir='ltr'>Capuam.</span> <span class='ocrx_word' id='word_1_1583' title='bbox 1951 2195 1993 2214; x_wconf 90' lang='lat'>10.</span> <span class='ocrx_word' id='word_1_1584' title='bbox 2007 2185 2069 2214; x_wconf 79' lang='lat' dir='ltr'>ffin.</span> <span class='ocrx_word' id='word_1_1585' title='bbox 2085 2194 2149 2220; x_wconf 63' lang='grc' dir='ltr'>ης.</span> 
     </span>
    </p>

    <p class='ocr_par' dir='ltr' id='par_1_62' title="bbox 1495 2194 2570 2279">
     <span class='ocr_line' id='line_1_158' title="bbox 1495 2194 2570 2279; baseline 0.006 -29"><span class='ocrx_word' id='word_1_1586' title='bbox 1495 2221 1529 2251; x_wconf 84' lang='lat' dir='ltr'>Et</span> <span class='ocrx_word' id='word_1_1587' title='bbox 1542 2221 1648 2259; x_wconf 78' lang='lat' dir='ltr'>Capys:</span> <span class='ocrx_word' id='word_1_1588' title='bbox 1670 2222 1737 2252; x_wconf 75' lang='lat' dir='ltr'>hinc</span> <span class='ocrx_word' id='word_1_1589' title='bbox 1747 2231 1852 2252; x_wconf 87' lang='lat' dir='ltr'>nomen</span> <span class='ocrx_word' id='word_1_1590' title='bbox 1861 2222 2010 2261; x_wconf 83' lang='lat' dir='ltr'>Campanae</span> <span class='ocrx_word' id='word_1_1591' title='bbox 2021 2223 2133 2253; x_wconf 89' lang='lat' dir='ltr'>ducitur</span> <span class='ocrx_word' id='word_1_1592' title='bbox 2141 2222 2212 2253; x_wconf 84' lang='lat' dir='ltr'>urbi.</span> <span class='ocrx_word' id='word_1_1593' title='bbox 2307 2223 2340 2255; x_wconf 90' lang='lat' dir='ltr'>V.</span> <span class='ocrx_word' id='word_1_1594' title='bbox 2361 2233 2496 2256; x_wconf 72' lang='lat' dir='ltr'>cAPUA.</span> <span class='ocrx_word' id='word_1_1595' title='bbox 2562 2194 2570 2279; x_wconf 48' lang='lat' dir='ltr'>b</span> 
     </span>
    </p>
   </div>
   <div class='ocr_carea' id='block_1_8' title="bbox 1375 2284 2090 2367">
    <p class='ocr_par' dir='ltr' id='par_1_63' title="bbox 1375 2284 2090 2367">
     <span class='ocr_line' id='line_1_159' title="bbox 1375 2284 2090 2367; baseline 0.001 -7"><span class='ocrx_word' id='word_1_1596' title='bbox 1375 2330 1500 2367; x_wconf 75' lang='lat' dir='ltr'>CARA,</span> <span class='ocrx_word' id='word_1_1597' title='bbox 1532 2327 1564 2362; x_wconf 74' lang='lat' dir='ltr'>V.</span> <span class='ocrx_word' id='word_1_1598' title='bbox 1586 2342 1725 2363; x_wconf 66' lang='lat' dir='ltr'>CARUM.</span> <span class='ocrx_word' id='word_1_1599' title='bbox 2056 2284 2090 2323; x_wconf 81' lang='lat' dir='ltr'>R</span> 
     </span>
    </p>
   </div>
   <div class='ocr_carea' id='block_1_9' title="bbox 1349 2369 2604 3994">
    <p class='ocr_par' dir='ltr' id='par_1_64' title="bbox 1375 2369 2604 2486">
     <span class='ocr_line' id='line_1_160' title="bbox 1375 2369 2514 2412; baseline 0.006 -14"><span class='ocrx_word' id='word_1_1600' title='bbox 1375 2370 1398 2397; x_wconf 82' lang='lat' dir='ltr'>C</span> <span class='ocrx_word' id='word_1_1601' title='bbox 1408 2380 1427 2398; x_wconf 97' lang='lat' dir='ltr'>A</span> <span class='ocrx_word' id='word_1_1602' title='bbox 1437 2380 1453 2398; x_wconf 74' lang='lat' dir='ltr'>a</span> <span class='ocrx_word' id='word_1_1603' title='bbox 1462 2381 1482 2398; x_wconf 89' lang='lat' dir='ltr'>A</span> <span class='ocrx_word' id='word_1_1604' title='bbox 1492 2381 1507 2398; x_wconf 69' lang='lat' dir='ltr'>a</span> <span class='ocrx_word' id='word_1_1605' title='bbox 1518 2381 1527 2398; x_wconf 88' lang='lat' dir='ltr'>r</span> <span class='ocrx_word' id='word_1_1606' title='bbox 1540 2392 1549 2405; x_wconf 85' lang='lat'>,</span> <span class='ocrx_word' id='word_1_1607' title='bbox 1571 2370 1689 2408; x_wconf 72' lang='lat' dir='ltr'>Scythice</span> <span class='ocrx_word' id='word_1_1608' title='bbox 1699 2372 1806 2401; x_wconf 87' lang='lat' dir='ltr'>flumen</span> <span class='ocrx_word' id='word_1_1609' title='bbox 1815 2370 1853 2400; x_wconf 85' lang='lat' dir='ltr'>est</span> <span class='ocrx_word' id='word_1_1610' title='bbox 1863 2371 1938 2408; x_wconf 85' lang='lat' dir='ltr'>apud</span> <span class='ocrx_word' id='word_1_1611' title='bbox 1949 2370 2019 2401; x_wconf 91' lang='lat' dir='ltr'>Plin.</span> <span class='ocrx_word' id='word_1_1612' title='bbox 2034 2369 2084 2401; x_wconf 83' lang='lat' dir='ltr'>lib.</span> <span class='ocrx_word' id='word_1_1613' title='bbox 2094 2374 2120 2402; x_wconf 88' lang='lat'>6.</span> <span class='ocrx_word' id='word_1_1614' title='bbox 2131 2381 2194 2411; x_wconf 89' lang='lat' dir='ltr'>cap.</span> <span class='ocrx_word' id='word_1_1615' title='bbox 2209 2370 2253 2408; x_wconf 78' lang='lat'>17.</span> <span class='ocrx_word' id='word_1_1616' title='bbox 2464 2400 2481 2404; x_wconf 71' lang='grc'>,.</span> <span class='ocrx_word' id='word_1_1617' title='bbox 2511 2409 2514 2412; x_wconf 41' lang='grc'>,</span> 
     </span>
     <span class='ocr_line' id='line_1_161' title="bbox 1376 2406 2604 2449; baseline 0.004 -12"><span class='ocrx_word' id='word_1_1618' title='bbox 1376 2407 1450 2437; x_wconf 68' lang='lat' dir='ltr'>CAR</span> <span class='ocrx_word' id='word_1_1619' title='bbox 1462 2410 1500 2437; x_wconf 73' lang='grc' dir='ltr'>ᾸΡ.</span> <span class='ocrx_word' id='word_1_1620' title='bbox 1511 2418 1568 2442; x_wconf 78' lang='lat' dir='ltr'>us,</span> <span class='ocrx_word' id='word_1_1621' title='bbox 1592 2409 1608 2437; x_wconf 91' lang='lat' dir='ltr'>i.</span> <span class='ocrx_word' id='word_1_1622' title='bbox 1624 2418 1659 2438; x_wconf 86' lang='lat' dir='ltr'>ni.</span> <span class='ocrx_word' id='word_1_1623' title='bbox 1682 2406 1847 2445; x_wconf 43' lang='lat' dir='ltr'>[maleficas]</span> <span class='ocrx_word' id='word_1_1624' title='bbox 1870 2410 1964 2439; x_wconf 90' lang='lat' dir='ltr'>Genus</span> <span class='ocrx_word' id='word_1_1625' title='bbox 1983 2410 2084 2439; x_wconf 86' lang='lat' dir='ltr'>cancri.</span> <span class='ocrx_word' id='word_1_1626' title='bbox 2121 2410 2190 2440; x_wconf 88' lang='lat' dir='ltr'>Plin.</span> <span class='ocrx_word' id='word_1_1627' title='bbox 2205 2410 2255 2440; x_wconf 90' lang='lat' dir='ltr'>lib.</span> <span class='ocrx_word' id='word_1_1628' title='bbox 2266 2420 2292 2445; x_wconf 83' lang='lat'>9.</span> <span class='ocrx_word' id='word_1_1629' title='bbox 2307 2420 2371 2449; x_wconf 85' lang='lat' dir='ltr'>cap.</span> <span class='ocrx_word' id='word_1_1630' title='bbox 2387 2419 2430 2448; x_wconf 83' lang='lat'>31.</span> <span class='ocrx_word' id='word_1_1631' title='bbox 2462 2410 2530 2442; x_wconf 67' lang='lat' dir='ltr'>Cam</span> <span class='ocrx_word' id='word_1_1632' title='bbox 2568 2407 2571 2415; x_wconf 98' lang='lat'><strong>¹</strong></span> <span class='ocrx_word' id='word_1_1633' title='bbox 2601 2432 2604 2442; x_wconf 89' lang='lat'>.</span> 
     </span>
     <span class='ocr_line' id='line_1_162' title="bbox 1412 2446 2529 2486; baseline 0.004 -12"><span class='ocrx_word' id='word_1_1634' title='bbox 1412 2455 1523 2475; x_wconf 87' lang='lat' dir='ltr'>crorum</span> <span class='ocrx_word' id='word_1_1635' title='bbox 1545 2456 1644 2483; x_wconf 84' lang='lat' dir='ltr'>genera</span> <span class='ocrx_word' id='word_1_1636' title='bbox 1664 2446 1763 2476; x_wconf 88' lang='lat' dir='ltr'>Carabi</span> <span class='ocrx_word' id='word_1_1637' title='bbox 1773 2469 1780 2481; x_wconf 83' lang='lat'>,</span> <span class='ocrx_word' id='word_1_1638' title='bbox 1803 2448 1890 2477; x_wconf 76' lang='lat' dir='ltr'>Astaci</span> <span class='ocrx_word' id='word_1_1639' title='bbox 1900 2469 1908 2482; x_wconf 83' lang='lat'>,</span> <span class='ocrx_word' id='word_1_1640' title='bbox 1936 2448 2034 2483; x_wconf 86' lang='lat' dir='ltr'>Maiae,</span> <span class='ocrx_word' id='word_1_1641' title='bbox 2055 2449 2153 2485; x_wconf 84' lang='lat' dir='ltr'>Aguri,</span> <span class='ocrx_word' id='word_1_1642' title='bbox 2175 2449 2363 2479; x_wconf 88' lang='lat' dir='ltr'>Heracleotici</span> <span class='ocrx_word' id='word_1_1643' title='bbox 2374 2470 2383 2485; x_wconf 84' lang='lat'>,</span> <span class='ocrx_word' id='word_1_1644' title='bbox 2403 2448 2529 2486; x_wconf 66' lang='lat' dir='ltr'>Leones»,</span> 
     </span>
    </p>

    <p class='ocr_par' dir='ltr' id='par_1_65' title="bbox 1411 2484 2604 2636">
     <span class='ocr_line' id='line_1_163' title="bbox 1412 2484 2530 2521; baseline 0.005 -9"><span class='ocrx_word' id='word_1_1645' title='bbox 1412 2485 1438 2512; x_wconf 69' lang='lat'>8&lt;</span> <span class='ocrx_word' id='word_1_1646' title='bbox 1452 2484 1505 2513; x_wconf 87' lang='lat' dir='ltr'>alia</span> <span class='ocrx_word' id='word_1_1647' title='bbox 1519 2484 1696 2521; x_wconf 76' lang='lat' dir='ltr'>ignobiliora.</span> <span class='ocrx_word' id='word_1_1648' title='bbox 1739 2485 1837 2514; x_wconf 88' lang='lat' dir='ltr'>Carabi</span> <span class='ocrx_word' id='word_1_1649' title='bbox 1850 2507 1858 2519; x_wconf 93' lang='lat'>,</span> <span class='ocrx_word' id='word_1_1650' title='bbox 1879 2495 1895 2514; x_wconf 88' lang='lat' dir='ltr'>a</span> <span class='ocrx_word' id='word_1_1651' title='bbox 1905 2486 2003 2515; x_wconf 86' lang='lat' dir='ltr'>ceteris</span> <span class='ocrx_word' id='word_1_1652' title='bbox 2017 2487 2123 2515; x_wconf 88' lang='lat' dir='ltr'>cancris</span> <span class='ocrx_word' id='word_1_1653' title='bbox 2135 2487 2223 2516; x_wconf 86' lang='lat' dir='ltr'>cauda</span> <span class='ocrx_word' id='word_1_1654' title='bbox 2233 2487 2334 2516; x_wconf 87' lang='lat' dir='ltr'>distant</span> <span class='ocrx_word' id='word_1_1655' title='bbox 2346 2496 2354 2517; x_wconf 92' lang='lat'><strong>:</strong></span> <span class='ocrx_word' id='word_1_1656' title='bbox 2374 2487 2405 2516; x_wconf 86' lang='lat' dir='ltr'>in</span> <span class='ocrx_word' id='word_1_1657' title='bbox 2422 2486 2530 2518; x_wconf 59' lang='lat' dir='ltr'>Phoeni:</span> 
     </span>
     <span class='ocr_line' id='line_1_164' title="bbox 1412 2522 2575 2561; baseline 0.002 -11"><span class='ocrx_word' id='word_1_1658' title='bbox 1412 2531 1445 2550; x_wconf 88' lang='lat' dir='ltr'>ce</span> <span class='ocrx_word' id='word_1_1659' title='bbox 1461 2522 1531 2548; x_wconf 67' lang='lat' dir='ltr'>‘norma</span> <span class='ocrx_word' id='word_1_1660' title='bbox 1542 2526 1689 2557; x_wconf 75' lang='lat' dir='ltr'>vocantur,</span> <span class='ocrx_word' id='word_1_1661' title='bbox 1712 2528 1794 2552; x_wconf 82' lang='lat' dir='ltr'>tantae</span> <span class='ocrx_word' id='word_1_1662' title='bbox 1806 2522 1964 2553; x_wconf 83' lang='lat' dir='ltr'>velocitatis</span> <span class='ocrx_word' id='word_1_1663' title='bbox 1978 2545 1985 2558; x_wconf 86' lang='lat'>‚</span> <span class='ocrx_word' id='word_1_1664' title='bbox 2007 2530 2038 2553; x_wconf 86' lang='lat' dir='ltr'>ut</span> <span class='ocrx_word' id='word_1_1665' title='bbox 2048 2524 2179 2561; x_wconf 91' lang='lat' dir='ltr'>consequi</span> <span class='ocrx_word' id='word_1_1666' title='bbox 2190 2534 2247 2553; x_wconf 91' lang='lat' dir='ltr'>non</span> <span class='ocrx_word' id='word_1_1667' title='bbox 2262 2525 2302 2554; x_wconf 89' lang='lat' dir='ltr'>sit.</span> <span class='ocrx_word' id='word_1_1668' title='bbox 2572 2549 2575 2558; x_wconf 82' lang='grc'><em>,</em></span> 
     </span>
     <span class='ocr_line' id='line_1_165' title="bbox 1411 2559 2604 2600; baseline 0.005 -12"><span class='ocrx_word' id='word_1_1669' title='bbox 1411 2559 1531 2588; x_wconf 85' lang='lat' dir='ltr'>Carabus</span> <span class='ocrx_word' id='word_1_1670' title='bbox 1541 2560 1577 2588; x_wconf 89' lang='lat' dir='ltr'>est</span> <span class='ocrx_word' id='word_1_1671' title='bbox 1589 2562 1672 2589; x_wconf 86' lang='lat' dir='ltr'>etiam</span> <span class='ocrx_word' id='word_1_1672' title='bbox 1684 2561 1766 2590; x_wconf 84' lang='lat' dir='ltr'>Parva</span> <span class='ocrx_word' id='word_1_1673' title='bbox 1782 2560 1882 2599; x_wconf 88' lang='lat' dir='ltr'>scapha</span> <span class='ocrx_word' id='word_1_1674' title='bbox 1891 2571 1925 2590; x_wconf 77' lang='lat' dir='ltr'>ex</span> <span class='ocrx_word' id='word_1_1675' title='bbox 1933 2562 2038 2590; x_wconf 84' lang='lat' dir='ltr'>vimine</span> <span class='ocrx_word' id='word_1_1676' title='bbox 2049 2561 2136 2598; x_wconf 70' lang='lat' dir='ltr'>faeta,</span> <span class='ocrx_word' id='word_1_1677' title='bbox 2158 2572 2219 2600; x_wconf 84' lang='lat' dir='ltr'>quae</span> <span class='ocrx_word' id='word_1_1678' title='bbox 2237 2563 2368 2593; x_wconf 56' lang='lat' dir='ltr'>comesta</span> <span class='ocrx_word' id='word_1_1679' title='bbox 2383 2562 2470 2593; x_wconf 85' lang='lat' dir='ltr'>crudo</span> <span class='ocrx_word' id='word_1_1680' title='bbox 2482 2568 2528 2593; x_wconf 75' lang='lat'>00²</span> <span class='ocrx_word' id='word_1_1681' title='bbox 2602 2577 2604 2594; x_wconf 77' lang='lat' dir='ltr'>i</span> 
     </span>
     <span class='ocr_line' id='line_1_166' title="bbox 1428 2597 2576 2636; baseline 0.004 -11"><span class='ocrx_word' id='word_1_1682' title='bbox 1428 2598 1470 2626; x_wconf 89' lang='lat' dir='ltr'>rio</span> <span class='ocrx_word' id='word_1_1683' title='bbox 1481 2607 1567 2634; x_wconf 86' lang='lat' dir='ltr'>genus</span> <span class='ocrx_word' id='word_1_1684' title='bbox 1579 2599 1678 2636; x_wconf 78' lang='lat' dir='ltr'>navigii</span> <span class='ocrx_word' id='word_1_1685' title='bbox 1689 2599 1802 2636; x_wconf 81' lang='lat' dir='ltr'>praebet.</span> <span class='ocrx_word' id='word_1_1686' title='bbox 1842 2598 1873 2628; x_wconf 90' lang='lat' dir='ltr'>V.</span> <span class='ocrx_word' id='word_1_1687' title='bbox 1893 2598 1986 2628; x_wconf 89' lang='lat' dir='ltr'>Isidor.</span> <span class='ocrx_word' id='word_1_1688' title='bbox 2002 2609 2044 2634; x_wconf 84' lang='lat'>19.</span> <span class='ocrx_word' id='word_1_1689' title='bbox 2060 2610 2083 2629; x_wconf 92' lang='lat'>1.</span> <span class='ocrx_word' id='word_1_1690' title='bbox 2574 2597 2576 2606; x_wconf 75' lang='lat'><strong>¹</strong></span> 
     </span>
    </p>

    <p class='ocr_par' dir='ltr' id='par_1_66' title="bbox 1371 2634 2526 2675">
     <span class='ocr_line' id='line_1_167' title="bbox 1371 2634 2526 2675; baseline 0.003 -11"><span class='ocrx_word' id='word_1_1691' title='bbox 1371 2634 1394 2664; x_wconf 77' lang='lat' dir='ltr'>C</span> <span class='ocrx_word' id='word_1_1692' title='bbox 1402 2644 1421 2664; x_wconf 88' lang='lat' dir='ltr'>A</span> <span class='ocrx_word' id='word_1_1693' title='bbox 1430 2645 1446 2663; x_wconf 82' lang='lat' dir='ltr'>R</span> <span class='ocrx_word' id='word_1_1694' title='bbox 1455 2645 1475 2664; x_wconf 92' lang='lat' dir='ltr'>A</span> <span class='ocrx_word' id='word_1_1695' title='bbox 1485 2645 1502 2664; x_wconf 88' lang='lat' dir='ltr'>c</span> <span class='ocrx_word' id='word_1_1696' title='bbox 1513 2645 1533 2664; x_wconf 90' lang='lat' dir='ltr'>A</span> <span class='ocrx_word' id='word_1_1697' title='bbox 1544 2646 1560 2664; x_wconf 93' lang='lat' dir='ltr'>L</span> <span class='ocrx_word' id='word_1_1698' title='bbox 1569 2647 1584 2664; x_wconf 85' lang='lat' dir='ltr'>L</span> <span class='ocrx_word' id='word_1_1699' title='bbox 1596 2646 1613 2664; x_wconf 91' lang='lat' dir='ltr'>A</span> <span class='ocrx_word' id='word_1_1700' title='bbox 1626 2658 1634 2671; x_wconf 81' lang='lat'>,</span> <span class='ocrx_word' id='word_1_1701' title='bbox 1656 2646 1686 2665; x_wconf 83' lang='lat' dir='ltr'>ae.</span> <span class='ocrx_word' id='word_1_1702' title='bbox 1710 2635 1729 2665; x_wconf 91' lang='lat' dir='ltr'>f.</span> <span class='ocrx_word' id='word_1_1703' title='bbox 1752 2636 1914 2666; x_wconf 82' lang='lat' dir='ltr'>indumenti</span> <span class='ocrx_word' id='word_1_1704' title='bbox 1924 2637 2024 2666; x_wconf 89' lang='lat' dir='ltr'>Gallici</span> <span class='ocrx_word' id='word_1_1705' title='bbox 2033 2647 2119 2674; x_wconf 88' lang='lat' dir='ltr'>genus</span> <span class='ocrx_word' id='word_1_1706' title='bbox 2129 2637 2184 2667; x_wconf 85' lang='lat' dir='ltr'>fuit</span> <span class='ocrx_word' id='word_1_1707' title='bbox 2193 2637 2229 2667; x_wconf 84' lang='lat' dir='ltr'>ad</span> <span class='ocrx_word' id='word_1_1708' title='bbox 2242 2638 2316 2668; x_wconf 85' lang='lat' dir='ltr'>talos</span> <span class='ocrx_word' id='word_1_1709' title='bbox 2333 2637 2418 2675; x_wconf 89' lang='lat' dir='ltr'>usque</span> <span class='ocrx_word' id='word_1_1710' title='bbox 2427 2637 2526 2668; x_wconf 71' lang='lat' dir='ltr'>demiss</span> 
     </span>
    </p>

    <p class='ocr_par' dir='ltr' id='par_1_67' title="bbox 1406 2672 2559 2714">
     <span class='ocr_line' id='line_1_168' title="bbox 1406 2672 2559 2714; baseline 0.004 -13"><span class='ocrx_word' id='word_1_1711' title='bbox 1406 2672 1475 2707; x_wconf 80' lang='lat' dir='ltr'>sum,</span> <span class='ocrx_word' id='word_1_1712' title='bbox 1486 2673 1521 2701; x_wconf 91' lang='lat' dir='ltr'>ab</span> <span class='ocrx_word' id='word_1_1713' title='bbox 1534 2675 1674 2702; x_wconf 74' lang='lat' dir='ltr'>Antonino</span> <span class='ocrx_word' id='word_1_1714' title='bbox 1683 2673 1817 2709; x_wconf 85' lang='lat' dir='ltr'>Bassiano,</span> <span class='ocrx_word' id='word_1_1715' title='bbox 1828 2675 1903 2712; x_wconf 90' lang='lat' dir='ltr'>Sept.</span> <span class='ocrx_word' id='word_1_1716' title='bbox 1917 2675 2009 2704; x_wconf 82' lang='lat' dir='ltr'>Severi</span> <span class='ocrx_word' id='word_1_1717' title='bbox 2022 2675 2049 2705; x_wconf 91' lang='lat' dir='ltr'>F.</span> <span class='ocrx_word' id='word_1_1718' title='bbox 2063 2676 2232 2712; x_wconf 85' lang='lat' dir='ltr'>imperatore</span> <span class='ocrx_word' id='word_1_1719' title='bbox 2243 2676 2351 2714; x_wconf 88' lang='lat' dir='ltr'>populo</span> <span class='ocrx_word' id='word_1_1720' title='bbox 2364 2676 2414 2706; x_wconf 80' lang='lat' dir='ltr'>Ro.</span> <span class='ocrx_word' id='word_1_1721' title='bbox 2420 2676 2523 2706; x_wconf 85' lang='lat' dir='ltr'>datum:</span> <span class='ocrx_word' id='word_1_1722' title='bbox 2557 2699 2559 2702; x_wconf 20' lang='grc' dir='ltr'><em>Α</em></span> 
     </span>
    </p>

    <p class='ocr_par' dir='ltr' id='par_1_68' title="bbox 1407 2711 2569 2753">
     <span class='ocr_line' id='line_1_169' title="bbox 1407 2711 2569 2753; baseline 0.004 -14"><span class='ocrx_word' id='word_1_1723' title='bbox 1407 2711 1484 2740; x_wconf 88' lang='lat' dir='ltr'>unde</span> <span class='ocrx_word' id='word_1_1724' title='bbox 1496 2713 1521 2740; x_wconf 68' lang='lat' dir='ltr'>Sc</span> <span class='ocrx_word' id='word_1_1725' title='bbox 1532 2711 1679 2741; x_wconf 81' lang='lat' dir='ltr'>Caracallae</span> <span class='ocrx_word' id='word_1_1726' title='bbox 1693 2712 1736 2740; x_wconf 88' lang='lat' dir='ltr'>vel</span> <span class='ocrx_word' id='word_1_1727' title='bbox 1752 2712 1886 2742; x_wconf 86' lang='lat' dir='ltr'>Caracalli</span> <span class='ocrx_word' id='word_1_1728' title='bbox 1894 2721 2053 2751; x_wconf 86' lang='lat' dir='ltr'>cognomen</span> <span class='ocrx_word' id='word_1_1729' title='bbox 2063 2713 2120 2752; x_wconf 87' lang='lat' dir='ltr'>ipse</span> <span class='ocrx_word' id='word_1_1730' title='bbox 2131 2714 2249 2744; x_wconf 87' lang='lat' dir='ltr'>invenit.</span> <span class='ocrx_word' id='word_1_1731' title='bbox 2278 2712 2309 2744; x_wconf 91' lang='lat' dir='ltr'>V.</span> <span class='ocrx_word' id='word_1_1732' title='bbox 2324 2714 2414 2744; x_wconf 86' lang='lat' dir='ltr'>Aurel.</span> <span class='ocrx_word' id='word_1_1733' title='bbox 2433 2714 2523 2744; x_wconf 70' lang='lat' dir='ltr'>vietor</span> <span class='ocrx_word' id='word_1_1734' title='bbox 2568 2748 2569 2753; x_wconf 20' lang='lat'>¹</span> 
     </span>
    </p>

    <p class='ocr_par' dir='ltr' id='par_1_69' title="bbox 1408 2748 1901 2788">
     <span class='ocr_line' id='line_1_170' title="bbox 1408 2748 1901 2788; baseline 0.004 -11"><span class='ocrx_word' id='word_1_1735' title='bbox 1408 2749 1438 2777; x_wconf 87' lang='lat' dir='ltr'>in</span> <span class='ocrx_word' id='word_1_1736' title='bbox 1447 2750 1598 2783; x_wconf 71' lang='lat' dir='ltr'>Antonino,</span> <span class='ocrx_word' id='word_1_1737' title='bbox 1621 2752 1647 2779; x_wconf 67' lang='grc' dir='ltr'>ἃ,</span> <span class='ocrx_word' id='word_1_1738' title='bbox 1655 2748 1790 2787; x_wconf 84' lang='lat' dir='ltr'>Spartian.</span> <span class='ocrx_word' id='word_1_1739' title='bbox 1805 2760 1865 2788; x_wconf 85' lang='lat' dir='ltr'>cap.</span> <span class='ocrx_word' id='word_1_1740' title='bbox 1876 2760 1901 2784; x_wconf 86' lang='grc'>9.</span> 
     </span>
    </p>

    <p class='ocr_par' dir='ltr' id='par_1_70' title="bbox 1371 2785 2523 2828">
     <span class='ocr_line' id='line_1_171' title="bbox 1371 2785 2523 2828; baseline 0.004 -13"><span class='ocrx_word' id='word_1_1741' title='bbox 1371 2785 1394 2815; x_wconf 87' lang='lat' dir='ltr'>C</span> <span class='ocrx_word' id='word_1_1742' title='bbox 1405 2796 1425 2815; x_wconf 95' lang='lat' dir='ltr'>A</span> <span class='ocrx_word' id='word_1_1743' title='bbox 1435 2796 1451 2815; x_wconf 80' lang='lat' dir='ltr'>R</span> <span class='ocrx_word' id='word_1_1744' title='bbox 1460 2797 1478 2814; x_wconf 93' lang='lat' dir='ltr'>A</span> <span class='ocrx_word' id='word_1_1745' title='bbox 1487 2796 1504 2815; x_wconf 86' lang='lat' dir='ltr'>c</span> <span class='ocrx_word' id='word_1_1746' title='bbox 1513 2797 1530 2816; x_wconf 88' lang='lat' dir='ltr'>c</span> <span class='ocrx_word' id='word_1_1747' title='bbox 1541 2798 1558 2815; x_wconf 88' lang='lat' dir='ltr'>A</span> <span class='ocrx_word' id='word_1_1748' title='bbox 1569 2809 1577 2821; x_wconf 90' lang='lat'>‚</span> <span class='ocrx_word' id='word_1_1749' title='bbox 1601 2787 1668 2816; x_wconf 87' lang='lat' dir='ltr'>Ptol.</span> <span class='ocrx_word' id='word_1_1750' title='bbox 1681 2788 1829 2826; x_wconf 85' lang='lat' dir='ltr'>Oppidum</span> <span class='ocrx_word' id='word_1_1751' title='bbox 1838 2787 1892 2817; x_wconf 80' lang='lat' dir='ltr'>effe</span> <span class='ocrx_word' id='word_1_1752' title='bbox 1899 2788 1929 2817; x_wconf 84' lang='lat' dir='ltr'>in</span> <span class='ocrx_word' id='word_1_1753' title='bbox 1940 2787 2074 2826; x_wconf 73' lang='lat' dir='ltr'>Hispania</span> <span class='ocrx_word' id='word_1_1754' title='bbox 2085 2787 2225 2826; x_wconf 84' lang='lat' dir='ltr'>creditur,</span> <span class='ocrx_word' id='word_1_1755' title='bbox 2246 2789 2323 2827; x_wconf 86' lang='lat' dir='ltr'>quod</span> <span class='ocrx_word' id='word_1_1756' title='bbox 2341 2788 2427 2820; x_wconf 82' lang='lat' dir='ltr'>hodie</span> <span class='ocrx_word' id='word_1_1757' title='bbox 2442 2788 2523 2828; x_wconf 64' lang='lat' dir='ltr'>vulgo</span> 
     </span>
    </p>

    <p class='ocr_par' dir='ltr' id='par_1_71' title="bbox 1407 2825 1695 2854">
     <span class='ocr_line' id='line_1_172' title="bbox 1407 2825 1695 2854; baseline 0.007 -5"><span class='ocrx_word' id='word_1_1758' title='bbox 1407 2825 1566 2852; x_wconf 78' lang='lat' dir='ltr'>Guadalar‘ra</span> <span class='ocrx_word' id='word_1_1759' title='bbox 1586 2825 1695 2854; x_wconf 79' lang='lat' dir='ltr'>dicitur.</span> 
     </span>
    </p>

    <p class='ocr_par' dir='ltr' id='par_1_72' title="bbox 1370 2860 2212 2903">
     <span class='ocr_line' id='line_1_173' title="bbox 1370 2860 2212 2903; baseline 0.002 -12"><span class='ocrx_word' id='word_1_1760' title='bbox 1370 2860 1392 2891; x_wconf 92' lang='lat' dir='ltr'>C</span> <span class='ocrx_word' id='word_1_1761' title='bbox 1401 2871 1421 2890; x_wconf 90' lang='lat' dir='ltr'>A</span> <span class='ocrx_word' id='word_1_1762' title='bbox 1430 2872 1445 2889; x_wconf 83' lang='lat' dir='ltr'>R</span> <span class='ocrx_word' id='word_1_1763' title='bbox 1455 2871 1475 2890; x_wconf 86' lang='lat' dir='ltr'>A</span> <span class='ocrx_word' id='word_1_1764' title='bbox 1485 2872 1502 2890; x_wconf 84' lang='lat' dir='ltr'>r&gt;</span> <span class='ocrx_word' id='word_1_1765' title='bbox 1512 2872 1528 2890; x_wconf 82' lang='lat' dir='ltr'>R</span> <span class='ocrx_word' id='word_1_1766' title='bbox 1539 2873 1557 2890; x_wconf 86' lang='lat' dir='ltr'>u</span> <span class='ocrx_word' id='word_1_1767' title='bbox 1567 2874 1587 2892; x_wconf 94' lang='lat' dir='ltr'>M</span> <span class='ocrx_word' id='word_1_1768' title='bbox 1599 2885 1607 2897; x_wconf 85' lang='lat'>,</span> <span class='ocrx_word' id='word_1_1769' title='bbox 1628 2864 1646 2892; x_wconf 92' lang='lat' dir='ltr'>i.</span> <span class='ocrx_word' id='word_1_1770' title='bbox 1667 2873 1694 2892; x_wconf 92' lang='lat' dir='ltr'>n.</span> <span class='ocrx_word' id='word_1_1771' title='bbox 1716 2862 1798 2894; x_wconf 82' lang='lat' dir='ltr'>Piscis</span> <span class='ocrx_word' id='word_1_1772' title='bbox 1807 2873 1893 2901; x_wconf 84' lang='lat' dir='ltr'>genus</span> <span class='ocrx_word' id='word_1_1773' title='bbox 1902 2884 1910 2898; x_wconf 56' lang='lat'>.</span> <span class='ocrx_word' id='word_1_1774' title='bbox 1931 2863 2010 2902; x_wconf 88' lang='lat' dir='ltr'>Apul.</span> <span class='ocrx_word' id='word_1_1775' title='bbox 2021 2863 2099 2903; x_wconf 86' lang='lat' dir='ltr'>Apol.</span> <span class='ocrx_word' id='word_1_1776' title='bbox 2111 2873 2139 2902; x_wconf 90' lang='lat' dir='ltr'>p.</span> <span class='ocrx_word' id='word_1_1777' title='bbox 2150 2867 2212 2893; x_wconf 90' lang='lat'>160.</span> 
     </span>
    </p>

    <p class='ocr_par' dir='ltr' id='par_1_73' title="bbox 1369 2899 2382 2941">
     <span class='ocr_line' id='line_1_174' title="bbox 1369 2899 2382 2941; baseline 0.004 -13"><span class='ocrx_word' id='word_1_1778' title='bbox 1369 2899 1391 2928; x_wconf 78' lang='lat' dir='ltr'>C</span> <span class='ocrx_word' id='word_1_1779' title='bbox 1402 2910 1421 2928; x_wconf 90' lang='lat' dir='ltr'>A</span> <span class='ocrx_word' id='word_1_1780' title='bbox 1429 2909 1445 2928; x_wconf 84' lang='lat' dir='ltr'>R</span> <span class='ocrx_word' id='word_1_1781' title='bbox 1454 2910 1474 2928; x_wconf 88' lang='lat' dir='ltr'>A</span> <span class='ocrx_word' id='word_1_1782' title='bbox 1484 2909 1502 2928; x_wconf 86' lang='lat' dir='ltr'>G</span> <span class='ocrx_word' id='word_1_1783' title='bbox 1513 2910 1529 2928; x_wconf 93' lang='lat' dir='ltr'>o</span> <span class='ocrx_word' id='word_1_1784' title='bbox 1538 2910 1555 2928; x_wconf 80' lang='lat' dir='ltr'>G</span> <span class='ocrx_word' id='word_1_1785' title='bbox 1566 2911 1582 2929; x_wconf 87' lang='lat' dir='ltr'>u</span> <span class='ocrx_word' id='word_1_1786' title='bbox 1594 2910 1606 2930; x_wconf 90' lang='lat' dir='ltr'>s</span> <span class='ocrx_word' id='word_1_1787' title='bbox 1617 2922 1625 2936; x_wconf 85' lang='lat'><em>‚</em></span> <span class='ocrx_word' id='word_1_1788' title='bbox 1644 2901 1662 2929; x_wconf 92' lang='lat' dir='ltr'>i.</span> <span class='ocrx_word' id='word_1_1789' title='bbox 1673 2910 1710 2930; x_wconf 90' lang='lat' dir='ltr'>m.</span> <span class='ocrx_word' id='word_1_1790' title='bbox 1733 2901 1823 2930; x_wconf 85' lang='lat' dir='ltr'>Herba</span> <span class='ocrx_word' id='word_1_1791' title='bbox 1833 2901 2001 2939; x_wconf 75' lang='lat' dir='ltr'>mustellago.</span> <span class='ocrx_word' id='word_1_1792' title='bbox 2023 2902 2104 2940; x_wconf 86' lang='lat' dir='ltr'>Apul.</span> <span class='ocrx_word' id='word_1_1793' title='bbox 2115 2902 2151 2931; x_wconf 91' lang='lat' dir='ltr'>de</span> <span class='ocrx_word' id='word_1_1794' title='bbox 2164 2899 2248 2932; x_wconf 87' lang='lat' dir='ltr'>Herb.</span> <span class='ocrx_word' id='word_1_1795' title='bbox 2261 2910 2322 2940; x_wconf 88' lang='lat' dir='ltr'>cap.</span> <span class='ocrx_word' id='word_1_1796' title='bbox 2335 2910 2382 2941; x_wconf 78' lang='lat'>27.</span> 
     </span>
    </p>

    <p class='ocr_par' dir='ltr' id='par_1_74' title="bbox 1369 2936 2142 2971">
     <span class='ocr_line' id='line_1_175' title="bbox 1369 2936 2142 2971; baseline 0.004 -6"><span class='ocrx_word' id='word_1_1797' title='bbox 1369 2936 1552 2971; x_wconf 69' lang='lat' dir='ltr'>CARALis,</span> <span class='ocrx_word' id='word_1_1798' title='bbox 1574 2938 1868 2968; x_wconf 79' lang='lat' dir='ltr'>CARALiTANus.</span> <span class='ocrx_word' id='word_1_1799' title='bbox 1910 2939 1940 2968; x_wconf 93' lang='lat' dir='ltr'>V.</span> <span class='ocrx_word' id='word_1_1800' title='bbox 1963 2949 2142 2968; x_wconf 74' lang='lat' dir='ltr'>CALAR1s.</span> 
     </span>
    </p>

    <p class='ocr_par' dir='ltr' id='par_1_75' title="bbox 1368 2974 2563 3015">
     <span class='ocr_line' id='line_1_176' title="bbox 1368 2974 2563 3015; baseline 0.003 -11"><span class='ocrx_word' id='word_1_1801' title='bbox 1368 2974 1390 3004; x_wconf 85' lang='lat' dir='ltr'>C</span> <span class='ocrx_word' id='word_1_1802' title='bbox 1399 2985 1419 3004; x_wconf 87' lang='lat' dir='ltr'>A</span> <span class='ocrx_word' id='word_1_1803' title='bbox 1428 2985 1443 3003; x_wconf 80' lang='lat' dir='ltr'>R</span> <span class='ocrx_word' id='word_1_1804' title='bbox 1453 2985 1473 3004; x_wconf 88' lang='lat' dir='ltr'>A</span> <span class='ocrx_word' id='word_1_1805' title='bbox 1484 2986 1503 3004; x_wconf 91' lang='lat' dir='ltr'>M</span> <span class='ocrx_word' id='word_1_1806' title='bbox 1513 2985 1533 3004; x_wconf 89' lang='lat' dir='ltr'>A</span> <span class='ocrx_word' id='word_1_1807' title='bbox 1543 2987 1559 3004; x_wconf 92' lang='lat' dir='ltr'>L</span> <span class='ocrx_word' id='word_1_1808' title='bbox 1570 2986 1587 3004; x_wconf 87' lang='lat' dir='ltr'>u</span> <span class='ocrx_word' id='word_1_1809' title='bbox 1596 2986 1608 3005; x_wconf 92' lang='lat' dir='ltr'>s</span> <span class='ocrx_word' id='word_1_1810' title='bbox 1617 2998 1625 3010; x_wconf 85' lang='lat'>,</span> <span class='ocrx_word' id='word_1_1811' title='bbox 1646 2977 1663 3005; x_wconf 90' lang='lat' dir='ltr'>i.</span> <span class='ocrx_word' id='word_1_1812' title='bbox 1675 2985 1713 3006; x_wconf 90' lang='lat' dir='ltr'>m.</span> <span class='ocrx_word' id='word_1_1813' title='bbox 1735 2976 1901 3006; x_wconf 87' lang='lat' dir='ltr'>Pantomimi</span> <span class='ocrx_word' id='word_1_1814' title='bbox 1921 2987 2026 3006; x_wconf 86' lang='lat' dir='ltr'>nomen</span> <span class='ocrx_word' id='word_1_1815' title='bbox 2037 2978 2114 3015; x_wconf 89' lang='lat' dir='ltr'>apud</span> <span class='ocrx_word' id='word_1_1816' title='bbox 2123 2977 2219 3007; x_wconf 88' lang='lat' dir='ltr'>Sidon.</span> <span class='ocrx_word' id='word_1_1817' title='bbox 2237 2977 2327 3007; x_wconf 87' lang='lat' dir='ltr'>Carm.</span> <span class='ocrx_word' id='word_1_1818' title='bbox 2341 2986 2386 3013; x_wconf 88' lang='lat'>23.</span> <span class='ocrx_word' id='word_1_1819' title='bbox 2399 2987 2425 3007; x_wconf 93' lang='lat' dir='ltr'>v.</span> <span class='ocrx_word' id='word_1_1820' title='bbox 2436 2979 2498 3012; x_wconf 84' lang='lat'>268.</span> <span class='ocrx_word' id='word_1_1821' title='bbox 2558 2993 2563 3008; x_wconf 57' lang='lat'>⁴,</span> 
     </span>
    </p>

    <p class='ocr_par' dir='ltr' id='par_1_76' title="bbox 1367 3013 2598 3129">
     <span class='ocr_line' id='line_1_177' title="bbox 1367 3013 2598 3053; baseline 0.002 -12"><span class='ocrx_word' id='word_1_1822' title='bbox 1367 3013 1390 3042; x_wconf 91' lang='lat' dir='ltr'>C</span> <span class='ocrx_word' id='word_1_1823' title='bbox 1399 3022 1418 3041; x_wconf 87' lang='lat' dir='ltr'>A</span> <span class='ocrx_word' id='word_1_1824' title='bbox 1428 3023 1445 3041; x_wconf 82' lang='lat' dir='ltr'>R</span> <span class='ocrx_word' id='word_1_1825' title='bbox 1456 3023 1474 3041; x_wconf 87' lang='lat' dir='ltr'>A</span> <span class='ocrx_word' id='word_1_1826' title='bbox 1486 3024 1506 3042; x_wconf 94' lang='lat' dir='ltr'>M</span> <span class='ocrx_word' id='word_1_1827' title='bbox 1517 3023 1571 3042; x_wconf 73' lang='lat'>1313</span> <span class='ocrx_word' id='word_1_1828' title='bbox 1582 3036 1589 3049; x_wconf 87' lang='lat'>,</span> <span class='ocrx_word' id='word_1_1829' title='bbox 1609 3015 1641 3043; x_wconf 91' lang='lat' dir='ltr'>is.</span> <span class='ocrx_word' id='word_1_1830' title='bbox 1662 3014 1680 3043; x_wconf 93' lang='lat' dir='ltr'>f.</span> <span class='ocrx_word' id='word_1_1831' title='bbox 1704 3013 1878 3050; x_wconf 60' lang='grc' dir='ltr'>[κάρφμξις]</span> <span class='ocrx_word' id='word_1_1832' title='bbox 1901 3015 1968 3044; x_wconf 91' lang='lat' dir='ltr'>Urbs</span> <span class='ocrx_word' id='word_1_1833' title='bbox 1983 3016 2009 3045; x_wconf 71' lang='grc' dir='ltr'>δι</span> <span class='ocrx_word' id='word_1_1834' title='bbox 2021 3015 2243 3045; x_wconf 89' lang='lat' dir='ltr'>Promontorium</span> <span class='ocrx_word' id='word_1_1835' title='bbox 2260 3025 2390 3053; x_wconf 89' lang='lat' dir='ltr'>magnum</span> <span class='ocrx_word' id='word_1_1836' title='bbox 2409 3015 2443 3044; x_wconf 91' lang='lat' dir='ltr'>ad</span> <span class='ocrx_word' id='word_1_1837' title='bbox 2451 3015 2517 3053; x_wconf 76' lang='lat' dir='ltr'>Sepe-</span> <span class='ocrx_word' id='word_1_1838' title='bbox 2593 3033 2598 3043; x_wconf 39' lang='lat' dir='ltr'>q</span> 
     </span>
     <span class='ocr_line' id='line_1_178' title="bbox 1403 3052 2515 3091; baseline 0.003 -12"><span class='ocrx_word' id='word_1_1839' title='bbox 1403 3052 1573 3081; x_wconf 85' lang='lat' dir='ltr'>tentrionem</span> <span class='ocrx_word' id='word_1_1840' title='bbox 1594 3053 1753 3089; x_wconf 61' lang='lat' dir='ltr'>porrectum</span> <span class='ocrx_word' id='word_1_1841' title='bbox 1763 3075 1770 3086; x_wconf 87' lang='lat'><strong>‚</strong></span> <span class='ocrx_word' id='word_1_1842' title='bbox 1792 3053 1913 3082; x_wconf 79' lang='lat' dir='ltr'>arietinae</span> <span class='ocrx_word' id='word_1_1843' title='bbox 1934 3052 2033 3082; x_wconf 82' lang='lat' dir='ltr'>frontis</span> <span class='ocrx_word' id='word_1_1844' title='bbox 2052 3052 2158 3082; x_wconf 85' lang='lat' dir='ltr'>habens</span> <span class='ocrx_word' id='word_1_1845' title='bbox 2175 3054 2308 3083; x_wconf 84' lang='lat' dir='ltr'>formam:</span> <span class='ocrx_word' id='word_1_1846' title='bbox 2339 3053 2416 3091; x_wconf 86' lang='lat' dir='ltr'>quod</span> <span class='ocrx_word' id='word_1_1847' title='bbox 2433 3052 2515 3090; x_wconf 71' lang='lat' dir='ltr'>longo</span> 
     </span>
     <span class='ocr_line' id='line_1_179' title="bbox 1401 3088 2515 3129; baseline 0.003 -12"><span class='ocrx_word' id='word_1_1848' title='bbox 1401 3088 1489 3126; x_wconf 86' lang='lat' dir='ltr'>spatio</span> <span class='ocrx_word' id='word_1_1849' title='bbox 1500 3089 1601 3126; x_wconf 86' lang='lat' dir='ltr'>pelago</span> <span class='ocrx_word' id='word_1_1850' title='bbox 1613 3090 1779 3119; x_wconf 86' lang='lat' dir='ltr'>incumbens</span> <span class='ocrx_word' id='word_1_1851' title='bbox 1789 3112 1796 3125; x_wconf 94' lang='lat'>,</span> <span class='ocrx_word' id='word_1_1852' title='bbox 1818 3090 1956 3128; x_wconf 84' lang='lat' dir='ltr'>Scytliicae</span> <span class='ocrx_word' id='word_1_1853' title='bbox 1964 3091 2106 3125; x_wconf 71' lang='lat' dir='ltr'>objectum</span> <span class='ocrx_word' id='word_1_1854' title='bbox 2117 3090 2279 3129; x_wconf 83' lang='lat' dir='ltr'>peninsulae,</span> <span class='ocrx_word' id='word_1_1855' title='bbox 2301 3091 2439 3120; x_wconf 86' lang='lat' dir='ltr'>Euxinum</span> <span class='ocrx_word' id='word_1_1856' title='bbox 2447 3099 2515 3129; x_wconf 86' lang='lat' dir='ltr'>pon-</span> 
     </span>
    </p>

    <p class='ocr_par' dir='ltr' id='par_1_77' title="bbox 1399 3127 2511 3167">
     <span class='ocr_line' id='line_1_180' title="bbox 1399 3127 2511 3167; baseline 0.004 -12"><span class='ocrx_word' id='word_1_1857' title='bbox 1399 3132 1461 3155; x_wconf 81' lang='lat' dir='ltr'>tum</span> <span class='ocrx_word' id='word_1_1858' title='bbox 1471 3127 1605 3156; x_wconf 88' lang='lat' dir='ltr'>bimarem</span> <span class='ocrx_word' id='word_1_1859' title='bbox 1614 3128 1726 3157; x_wconf 84' lang='lat' dir='ltr'>videtur</span> <span class='ocrx_word' id='word_1_1860' title='bbox 1736 3127 1854 3158; x_wconf 77' lang='lat' dir='ltr'>efficere.</span> <span class='ocrx_word' id='word_1_1861' title='bbox 1892 3127 1923 3158; x_wconf 95' lang='lat' dir='ltr'>V.</span> <span class='ocrx_word' id='word_1_1862' title='bbox 1945 3128 2014 3159; x_wconf 90' lang='lat' dir='ltr'>Plin.</span> <span class='ocrx_word' id='word_1_1863' title='bbox 2027 3128 2078 3159; x_wconf 85' lang='lat' dir='ltr'>lib.</span> <span class='ocrx_word' id='word_1_1864' title='bbox 2090 3140 2117 3165; x_wconf 88' lang='lat'>4.</span> <span class='ocrx_word' id='word_1_1865' title='bbox 2130 3138 2191 3167; x_wconf 89' lang='lat' dir='ltr'>cap.</span> <span class='ocrx_word' id='word_1_1866' title='bbox 2207 3138 2250 3159; x_wconf 83' lang='lat'>12.</span> <span class='ocrx_word' id='word_1_1867' title='bbox 2271 3129 2298 3159; x_wconf 86' lang='lat'>&amp;</span> <span class='ocrx_word' id='word_1_1868' title='bbox 2308 3128 2357 3159; x_wconf 86' lang='lat' dir='ltr'>lib.</span> <span class='ocrx_word' id='word_1_1869' title='bbox 2370 3132 2396 3159; x_wconf 92' lang='lat'>6.</span> <span class='ocrx_word' id='word_1_1870' title='bbox 2414 3137 2474 3167; x_wconf 62' lang='lat' dir='ltr'>capa</span> <span class='ocrx_word' id='word_1_1871' title='bbox 2484 3135 2511 3158; x_wconf 72' lang='lat'>2.</span> 
     </span>
    </p>

    <p class='ocr_par' dir='ltr' id='par_1_78' title="bbox 1398 3164 1681 3201">
     <span class='ocr_line' id='line_1_181' title="bbox 1398 3164 1681 3201; baseline 0.007 -9"><span class='ocrx_word' id='word_1_1872' title='bbox 1398 3164 1486 3193; x_wconf 83' lang='lat' dir='ltr'>Strab.</span> <span class='ocrx_word' id='word_1_1873' title='bbox 1501 3165 1567 3193; x_wconf 87' lang='lat' dir='ltr'>irem</span> <span class='ocrx_word' id='word_1_1874' title='bbox 1581 3165 1627 3194; x_wconf 93' lang='lat' dir='ltr'>lib.</span> <span class='ocrx_word' id='word_1_1875' title='bbox 1638 3175 1664 3201; x_wconf 92' lang='lat'>7.</span> <span class='ocrx_word' id='word_1_1876' title='bbox 1679 3198 1681 3200; x_wconf 51' lang='grc'><strong>,</strong></span> 
     </span>
    </p>

    <p class='ocr_par' dir='ltr' id='par_1_79' title="bbox 1400 3202 1954 3241">
     <span class='ocr_line' id='line_1_182' title="bbox 1400 3202 1954 3241; baseline 0.005 -11"><span class='ocrx_word' id='word_1_1877' title='bbox 1400 3202 1459 3230; x_wconf 82' lang='lat' dir='ltr'>Alta</span> <span class='ocrx_word' id='word_1_1878' title='bbox 1471 3203 1613 3231; x_wconf 81' lang='lat' dir='ltr'>carambis.</span> <span class='ocrx_word' id='word_1_1879' title='bbox 1637 3203 1724 3233; x_wconf 88' lang='lat' dir='ltr'>Valer.</span> <span class='ocrx_word' id='word_1_1880' title='bbox 1738 3211 1762 3239; x_wconf 75' lang='grc' dir='ltr'>ς.</span> <span class='ocrx_word' id='word_1_1881' title='bbox 1775 3203 1875 3241; x_wconf 82' lang='lat' dir='ltr'>Argon.</span> <span class='ocrx_word' id='word_1_1882' title='bbox 1891 3202 1954 3238; x_wconf 75' lang='lat'>108.</span> 
     </span>
    </p>

    <p class='ocr_par' dir='ltr' id='par_1_80' title="bbox 1360 3239 2563 3431">
     <span class='ocr_line' id='line_1_183' title="bbox 1398 3239 2561 3278; baseline 0.004 -9"><span class='ocrx_word' id='word_1_1883' title='bbox 1398 3239 1541 3269; x_wconf 80' lang='lat' dir='ltr'>Nubifera.</span> <span class='ocrx_word' id='word_1_1884' title='bbox 1565 3241 1651 3270; x_wconf 88' lang='lat' dir='ltr'>Valer.</span> <span class='ocrx_word' id='word_1_1885' title='bbox 1663 3247 1686 3275; x_wconf 83' lang='lat'>8.</span> <span class='ocrx_word' id='word_1_1886' title='bbox 1705 3242 1802 3278; x_wconf 81' lang='lat' dir='ltr'>Argon.</span> <span class='ocrx_word' id='word_1_1887' title='bbox 1814 3251 1877 3276; x_wconf 82' lang='lat'>214.</span> <span class='ocrx_word' id='word_1_1888' title='bbox 2120 3273 2122 3275; x_wconf 71' lang='grc'><strong>,</strong></span> <span class='ocrx_word' id='word_1_1889' title='bbox 2559 3271 2561 3274; x_wconf 81' lang='grc'>,</span> 
     </span>
     <span class='ocr_line' id='line_1_184' title="bbox 1361 3273 2563 3317; baseline 0.001 -11"><span class='ocrx_word' id='word_1_1890' title='bbox 1361 3273 1551 3307; x_wconf 64' lang='lat' dir='ltr'>CARAMBUCOE</span> <span class='ocrx_word' id='word_1_1891' title='bbox 1561 3300 1569 3309; x_wconf 73' lang='lat'>.</span> <span class='ocrx_word' id='word_1_1892' title='bbox 1591 3279 1621 3307; x_wconf 82' lang='lat' dir='ltr'>is.</span> <span class='ocrx_word' id='word_1_1893' title='bbox 1646 3280 1764 3316; x_wconf 76' lang='lat' dir='ltr'>Scythiae</span> <span class='ocrx_word' id='word_1_1894' title='bbox 1773 3279 1883 3314; x_wconf 88' lang='lat' dir='ltr'>fluvius,</span> <span class='ocrx_word' id='word_1_1895' title='bbox 1897 3275 1931 3308; x_wconf 77' lang='lat' dir='ltr'>ad</span> <span class='ocrx_word' id='word_1_1896' title='bbox 1941 3284 2052 3308; x_wconf 84' lang='lat' dir='ltr'>montes</span> <span class='ocrx_word' id='word_1_1897' title='bbox 2061 3277 2202 3317; x_wconf 87' lang='lat' dir='ltr'>Riphaeos.</span> <span class='ocrx_word' id='word_1_1898' title='bbox 2213 3278 2283 3309; x_wconf 72' lang='lat' dir='ltr'>Prin.</span> <span class='ocrx_word' id='word_1_1899' title='bbox 2295 3278 2344 3309; x_wconf 89' lang='lat' dir='ltr'>lib.</span> <span class='ocrx_word' id='word_1_1900' title='bbox 2359 3281 2385 3309; x_wconf 92' lang='lat'>6.</span> <span class='ocrx_word' id='word_1_1901' title='bbox 2397 3287 2455 3317; x_wconf 85' lang='lat' dir='ltr'>cap.</span> <span class='ocrx_word' id='word_1_1902' title='bbox 2467 3277 2508 3315; x_wconf 54' lang='grc' dir='ltr'>τῇ.</span> <span class='ocrx_word' id='word_1_1903' title='bbox 2540 3292 2542 3305; x_wconf 68' lang='grc' dir='ltr'>ι</span> <span class='ocrx_word' id='word_1_1904' title='bbox 2556 3276 2563 3298; x_wconf 65' lang='lat'>=¹</span> 
     </span>
     <span class='ocr_line' id='line_1_185' title="bbox 1361 3314 2507 3354; baseline 0.003 -11"><span class='ocrx_word' id='word_1_1905' title='bbox 1361 3314 1384 3343; x_wconf 89' lang='lat' dir='ltr'>C</span> <span class='ocrx_word' id='word_1_1906' title='bbox 1394 3325 1412 3343; x_wconf 87' lang='lat' dir='ltr'>A</span> <span class='ocrx_word' id='word_1_1907' title='bbox 1425 3325 1439 3343; x_wconf 79' lang='lat' dir='ltr'>R</span> <span class='ocrx_word' id='word_1_1908' title='bbox 1451 3325 1467 3343; x_wconf 87' lang='lat' dir='ltr'>A</span> <span class='ocrx_word' id='word_1_1909' title='bbox 1478 3325 1497 3343; x_wconf 96' lang='lat' dir='ltr'>N</span> <span class='ocrx_word' id='word_1_1910' title='bbox 1508 3326 1562 3343; x_wconf 71' lang='lat'>1¹1⁴!</span> <span class='ocrx_word' id='word_1_1911' title='bbox 1571 3326 1592 3351; x_wconf 82' lang='lat' dir='ltr'>s,</span> <span class='ocrx_word' id='word_1_1912' title='bbox 1608 3317 1673 3346; x_wconf 68' lang='lat' dir='ltr'>iuis.</span> <span class='ocrx_word' id='word_1_1913' title='bbox 1693 3316 1711 3346; x_wconf 90' lang='lat' dir='ltr'>f.</span> <span class='ocrx_word' id='word_1_1914' title='bbox 1733 3316 1891 3346; x_wconf 63' lang='lat' dir='ltr'>Praefectura</span> <span class='ocrx_word' id='word_1_1915' title='bbox 1898 3317 1936 3346; x_wconf 89' lang='lat' dir='ltr'>est</span> <span class='ocrx_word' id='word_1_1916' title='bbox 1946 3317 2080 3346; x_wconf 73' lang='lat' dir='ltr'>Armeniae</span> <span class='ocrx_word' id='word_1_1917' title='bbox 2089 3318 2209 3352; x_wconf 79' lang='lat' dir='ltr'>majoris.</span> <span class='ocrx_word' id='word_1_1918' title='bbox 2221 3317 2288 3347; x_wconf 88' lang='lat' dir='ltr'>Plin.</span> <span class='ocrx_word' id='word_1_1919' title='bbox 2301 3317 2349 3346; x_wconf 90' lang='lat' dir='ltr'>lib.</span> <span class='ocrx_word' id='word_1_1920' title='bbox 2361 3327 2384 3353; x_wconf 86' lang='lat'>5.</span> <span class='ocrx_word' id='word_1_1921' title='bbox 2393 3326 2452 3354; x_wconf 85' lang='lat' dir='ltr'>cap.</span> <span class='ocrx_word' id='word_1_1922' title='bbox 2463 3325 2507 3352; x_wconf 75' lang='lat'>24.</span> 
     </span>
     <span class='ocr_line' id='line_1_186' title="bbox 1361 3352 2506 3390; baseline 0.002 -9"><span class='ocrx_word' id='word_1_1923' title='bbox 1361 3352 1384 3381; x_wconf 94' lang='lat' dir='ltr'>C</span> <span class='ocrx_word' id='word_1_1924' title='bbox 1393 3355 1411 3382; x_wconf 79' lang='lat' dir='ltr'>A</span> <span class='ocrx_word' id='word_1_1925' title='bbox 1420 3361 1435 3381; x_wconf 73' lang='lat' dir='ltr'>a</span> <span class='ocrx_word' id='word_1_1926' title='bbox 1448 3363 1464 3381; x_wconf 97' lang='lat' dir='ltr'>A</span> <span class='ocrx_word' id='word_1_1927' title='bbox 1476 3363 1494 3382; x_wconf 84' lang='lat' dir='ltr'>N</span> <span class='ocrx_word' id='word_1_1928' title='bbox 1503 3363 1521 3381; x_wconf 83' lang='lat'>&#39;1&#39;</span> <span class='ocrx_word' id='word_1_1929' title='bbox 1530 3354 1548 3383; x_wconf 81' lang='grc' dir='ltr'>ὃ</span> <span class='ocrx_word' id='word_1_1930' title='bbox 1559 3364 1576 3382; x_wconf 90' lang='grc' dir='ltr'>Ν</span> <span class='ocrx_word' id='word_1_1931' title='bbox 1588 3364 1604 3382; x_wconf 85' lang='grc' dir='ltr'><em>υ</em></span> <span class='ocrx_word' id='word_1_1932' title='bbox 1616 3364 1628 3383; x_wconf 93' lang='lat' dir='ltr'>s</span> <span class='ocrx_word' id='word_1_1933' title='bbox 1638 3376 1646 3389; x_wconf 84' lang='lat'>,</span> <span class='ocrx_word' id='word_1_1934' title='bbox 1668 3355 1685 3383; x_wconf 90' lang='lat' dir='ltr'>i.</span> <span class='ocrx_word' id='word_1_1935' title='bbox 1706 3364 1742 3384; x_wconf 86' lang='lat' dir='ltr'>ni.</span> <span class='ocrx_word' id='word_1_1936' title='bbox 1769 3355 1878 3384; x_wconf 90' lang='lat' dir='ltr'>Fluvius</span> <span class='ocrx_word' id='word_1_1937' title='bbox 1889 3376 1897 3387; x_wconf 79' lang='lat'>,</span> <span class='ocrx_word' id='word_1_1938' title='bbox 1919 3353 2003 3390; x_wconf 81' lang='lat' dir='ltr'>vulgo</span> <span class='ocrx_word' id='word_1_1939' title='bbox 2012 3354 2146 3383; x_wconf 73' lang='lat' dir='ltr'>Charente.</span> <span class='ocrx_word' id='word_1_1940' title='bbox 2170 3354 2268 3383; x_wconf 87' lang='lat' dir='ltr'>Auson.</span> <span class='ocrx_word' id='word_1_1941' title='bbox 2281 3354 2395 3385; x_wconf 83' lang='lat' dir='ltr'>Mosella</span> <span class='ocrx_word' id='word_1_1942' title='bbox 2408 3365 2433 3384; x_wconf 91' lang='lat' dir='ltr'>v.</span> <span class='ocrx_word' id='word_1_1943' title='bbox 2444 3359 2506 3390; x_wconf 77' lang='lat'>4⁶3.</span> 
     </span>
     <span class='ocr_line' id='line_1_187' title="bbox 1360 3387 2508 3431; baseline 0.003 -13"><span class='ocrx_word' id='word_1_1944' title='bbox 1360 3387 1409 3419; x_wconf 82' lang='lat' dir='ltr'>CA</span> <span class='ocrx_word' id='word_1_1945' title='bbox 1421 3400 1435 3418; x_wconf 76' lang='lat' dir='ltr'>a</span> <span class='ocrx_word' id='word_1_1946' title='bbox 1445 3393 1461 3420; x_wconf 70' lang='lat' dir='ltr'>A</span> <span class='ocrx_word' id='word_1_1947' title='bbox 1474 3401 1493 3419; x_wconf 93' lang='lat' dir='ltr'>N</span> <span class='ocrx_word' id='word_1_1948' title='bbox 1503 3401 1521 3420; x_wconf 87' lang='lat' dir='ltr'>u</span> <span class='ocrx_word' id='word_1_1949' title='bbox 1532 3401 1544 3419; x_wconf 86' lang='lat' dir='ltr'>s</span> <span class='ocrx_word' id='word_1_1950' title='bbox 1553 3413 1560 3426; x_wconf 79' lang='lat'>,</span> <span class='ocrx_word' id='word_1_1951' title='bbox 1583 3392 1599 3420; x_wconf 94' lang='lat' dir='ltr'>i.</span> <span class='ocrx_word' id='word_1_1952' title='bbox 1614 3402 1651 3421; x_wconf 69' lang='lat' dir='ltr'>m.</span> <span class='ocrx_word' id='word_1_1953' title='bbox 1678 3391 1783 3421; x_wconf 85' lang='lat' dir='ltr'>Primus</span> <span class='ocrx_word' id='word_1_1954' title='bbox 1797 3392 1971 3421; x_wconf 82' lang='lat' dir='ltr'>Macedoniae</span> <span class='ocrx_word' id='word_1_1955' title='bbox 1989 3401 2036 3421; x_wconf 86' lang='lat' dir='ltr'>rex</span> <span class='ocrx_word' id='word_1_1956' title='bbox 2048 3413 2056 3426; x_wconf 90' lang='lat'>,</span> <span class='ocrx_word' id='word_1_1957' title='bbox 2078 3393 2156 3425; x_wconf 86' lang='lat' dir='ltr'>cuius</span> <span class='ocrx_word' id='word_1_1958' title='bbox 2169 3392 2307 3422; x_wconf 85' lang='lat' dir='ltr'>historiam</span> <span class='ocrx_word' id='word_1_1959' title='bbox 2317 3392 2440 3431; x_wconf 89' lang='lat' dir='ltr'>pluribus</span> <span class='ocrx_word' id='word_1_1960' title='bbox 2449 3398 2508 3429; x_wconf 81' lang='lat' dir='ltr'>per·-</span> 
     </span>
    </p>

    <p class='ocr_par' dir='ltr' id='par_1_81' title="bbox 1396 3427 2504 3468">
     <span class='ocr_line' id='line_1_188' title="bbox 1396 3427 2504 3468; baseline 0.001 -12"><span class='ocrx_word' id='word_1_1961' title='bbox 1396 3427 1516 3462; x_wconf 83' lang='lat' dir='ltr'>sequitur</span> <span class='ocrx_word' id='word_1_1962' title='bbox 1527 3429 1623 3464; x_wconf 76' lang='lat' dir='ltr'>justin.</span> <span class='ocrx_word' id='word_1_1963' title='bbox 1635 3429 1682 3458; x_wconf 91' lang='lat' dir='ltr'>lib.</span> <span class='ocrx_word' id='word_1_1964' title='bbox 1697 3439 1722 3466; x_wconf 83' lang='lat'>7.</span> <span class='ocrx_word' id='word_1_1965' title='bbox 1763 3429 1827 3462; x_wconf 84' lang='lat' dir='ltr'>Eius</span> <span class='ocrx_word' id='word_1_1966' title='bbox 1839 3431 1923 3458; x_wconf 87' lang='lat' dir='ltr'>etiam</span> <span class='ocrx_word' id='word_1_1967' title='bbox 1944 3430 2072 3458; x_wconf 90' lang='lat' dir='ltr'>meminit</span> <span class='ocrx_word' id='word_1_1968' title='bbox 2081 3430 2192 3459; x_wconf 86' lang='lat' dir='ltr'>Solinus</span> <span class='ocrx_word' id='word_1_1969' title='bbox 2205 3440 2266 3468; x_wconf 85' lang='lat' dir='ltr'>cap.</span> <span class='ocrx_word' id='word_1_1970' title='bbox 2279 3436 2321 3461; x_wconf 84' lang='lat'>12.</span> <span class='ocrx_word' id='word_1_1971' title='bbox 2361 3430 2417 3460; x_wconf 87' lang='lat' dir='ltr'>Liv.</span> <span class='ocrx_word' id='word_1_1972' title='bbox 2427 3438 2470 3465; x_wconf 83' lang='lat'>45.</span> <span class='ocrx_word' id='word_1_1973' title='bbox 2479 3437 2504 3464; x_wconf 73' lang='lat'>9.</span> 
     </span>
    </p>

    <p class='ocr_par' dir='ltr' id='par_1_82' title="bbox 1395 3465 2030 3504">
     <span class='ocr_line' id='line_1_189' title="bbox 1395 3465 2030 3504; baseline 0.006 -11"><span class='ocrx_word' id='word_1_1974' title='bbox 1395 3465 1427 3494; x_wconf 90' lang='lat' dir='ltr'>V.</span> <span class='ocrx_word' id='word_1_1975' title='bbox 1450 3468 1475 3496; x_wconf 65' lang='grc' dir='ltr'><strong>ἃ</strong></span> <span class='ocrx_word' id='word_1_1976' title='bbox 1486 3467 1694 3504; x_wconf 74' lang='lat' dir='ltr'>Snaltenburgh.</span> <span class='ocrx_word' id='word_1_1977' title='bbox 1715 3467 1837 3496; x_wconf 82' lang='lat' dir='ltr'>indicem</span> <span class='ocrx_word' id='word_1_1978' title='bbox 1847 3467 1881 3496; x_wconf 85' lang='lat' dir='ltr'>ad</span> <span class='ocrx_word' id='word_1_1979' title='bbox 1891 3467 1966 3496; x_wconf 88' lang='lat' dir='ltr'>Curt.</span> <span class='ocrx_word' id='word_1_1980' title='bbox 2029 3494 2030 3497; x_wconf 73' lang='grc'>,</span> 
     </span>
    </p>

    <p class='ocr_par' dir='ltr' id='par_1_83' title="bbox 1394 3502 2503 3571">
     <span class='ocr_line' id='line_1_190' title="bbox 1394 3502 2503 3571; baseline 0.001 -39"><span class='ocrx_word' id='word_1_1981' title='bbox 1394 3502 1438 3570; x_wconf 50' lang='lat' dir='ltr'>Eg</span> <span class='ocrx_word' id='word_1_1982' title='bbox 1450 3505 1516 3532; x_wconf 88' lang='lat' dir='ltr'>item</span> <span class='ocrx_word' id='word_1_1983' title='bbox 1528 3505 1648 3571; x_wconf 52' lang='grc' dir='ltr'>(Βῑὶῖῑῑὺηυε</span> <span class='ocrx_word' id='word_1_1984' title='bbox 1659 3527 1666 3540; x_wconf 90' lang='grc'><em>,</em></span> <span class='ocrx_word' id='word_1_1985' title='bbox 1688 3505 1849 3534; x_wconf 86' lang='lat' dir='ltr'>Aradiorum</span> <span class='ocrx_word' id='word_1_1986' title='bbox 1860 3513 1956 3542; x_wconf 85' lang='lat' dir='ltr'>portus</span> <span class='ocrx_word' id='word_1_1987' title='bbox 1968 3505 1997 3534; x_wconf 90' lang='lat' dir='ltr'>in</span> <span class='ocrx_word' id='word_1_1988' title='bbox 2011 3503 2155 3534; x_wconf 83' lang='lat' dir='ltr'>Phoenicia</span> <span class='ocrx_word' id='word_1_1989' title='bbox 2171 3515 2261 3543; x_wconf 86' lang='lat' dir='ltr'>prope</span> <span class='ocrx_word' id='word_1_1990' title='bbox 2277 3504 2384 3535; x_wconf 83' lang='lat' dir='ltr'>Pal&#39;tum</span> <span class='ocrx_word' id='word_1_1991' title='bbox 2403 3503 2503 3534; x_wconf 84' lang='lat' dir='ltr'>urbem.</span> 
     </span>
    </p>

    <p class='ocr_par' dir='ltr' id='par_1_84' title="bbox 1356 3543 2597 3622">
     <span class='ocr_line' id='line_1_191' title="bbox 1440 3543 2596 3575; baseline 0.004 -5"><span class='ocrx_word' id='word_1_1992' title='bbox 1440 3564 1446 3570; x_wconf 66' lang='grc' dir='ltr'>ι</span> <span class='ocrx_word' id='word_1_1993' title='bbox 1468 3543 1526 3571; x_wconf 58' lang='lat' dir='ltr'>Stra</span> <span class='ocrx_word' id='word_1_1994' title='bbox 1551 3566 1555 3570; x_wconf 94' lang='lat'>.</span> <span class='ocrx_word' id='word_1_1995' title='bbox 1581 3543 1586 3570; x_wconf 85' lang='lat' dir='ltr'>l</span> <span class='ocrx_word' id='word_1_1996' title='bbox 1611 3547 1670 3571; x_wconf 83' lang='lat' dir='ltr'>.l6.</span> <span class='ocrx_word' id='word_1_1997' title='bbox 2580 3564 2596 3575; x_wconf 59' lang='lat' dir='ltr'>:s-</span> 
     </span>
     <span class='ocr_line' id='line_1_192' title="bbox 1356 3576 2597 3622; baseline 0.001 -16"><span class='ocrx_word' id='word_1_1998' title='bbox 1356 3576 1432 3607; x_wconf 72' lang='lat' dir='ltr'>CAR</span> <span class='ocrx_word' id='word_1_1999' title='bbox 1443 3588 1461 3607; x_wconf 91' lang='lat' dir='ltr'>A</span> <span class='ocrx_word' id='word_1_2000' title='bbox 1472 3589 1502 3613; x_wconf 80' lang='lat' dir='ltr'>s,</span> <span class='ocrx_word' id='word_1_2001' title='bbox 1526 3580 1667 3617; x_wconf 84' lang='lat' dir='ltr'>Proprium</span> <span class='ocrx_word' id='word_1_2002' title='bbox 1681 3579 1732 3609; x_wconf 88' lang='lat' dir='ltr'>viri</span> <span class='ocrx_word' id='word_1_2003' title='bbox 1750 3589 1854 3609; x_wconf 88' lang='lat' dir='ltr'>nomen</span> <span class='ocrx_word' id='word_1_2004' title='bbox 1865 3601 1872 3613; x_wconf 87' lang='lat'>,</span> <span class='ocrx_word' id='word_1_2005' title='bbox 1894 3580 1941 3617; x_wconf 86' lang='lat' dir='ltr'>qui</span> <span class='ocrx_word' id='word_1_2006' title='bbox 1959 3579 2076 3609; x_wconf 80' lang='lat' dir='ltr'>Caribus</span> <span class='ocrx_word' id='word_1_2007' title='bbox 2093 3579 2256 3617; x_wconf 88' lang='lat' dir='ltr'>imperavit,</span> <span class='ocrx_word' id='word_1_2008' title='bbox 2279 3579 2386 3617; x_wconf 86' lang='lat' dir='ltr'>illisque</span> <span class='ocrx_word' id='word_1_2009' title='bbox 2402 3579 2503 3617; x_wconf 73' lang='lat' dir='ltr'>primus</span> <span class='ocrx_word' id='word_1_2010' title='bbox 2526 3610 2527 3616; x_wconf 13' lang='grc' dir='ltr'>ἵ</span> <span class='ocrx_word' id='word_1_2011' title='bbox 2542 3591 2549 3606; x_wconf 64' lang='lat' dir='ltr'>n</span> <span class='ocrx_word' id='word_1_2012' title='bbox 2581 3576 2597 3622; x_wconf 31' lang='grc' dir='ltr'>ι’*</span> 
     </span>
    </p>

    <p class='ocr_par' dir='ltr' id='par_1_85' title="bbox 1354 3617 2594 3693">
     <span class='ocr_line' id='line_1_193' title="bbox 1392 3617 2594 3658; baseline 0.002 -13"><span class='ocrx_word' id='word_1_2013' title='bbox 1392 3624 1426 3644; x_wconf 79' lang='lat' dir='ltr'>ex</span> <span class='ocrx_word' id='word_1_2014' title='bbox 1436 3617 1531 3646; x_wconf 73' lang='lat' dir='ltr'>avibus</span> <span class='ocrx_word' id='word_1_2015' title='bbox 1542 3617 1694 3654; x_wconf 79' lang='lat' dir='ltr'>auspicium</span> <span class='ocrx_word' id='word_1_2016' title='bbox 1706 3618 1792 3646; x_wconf 82' lang='lat' dir='ltr'>dedit.</span> <span class='ocrx_word' id='word_1_2017' title='bbox 1814 3618 1914 3646; x_wconf 62' lang='lat' dir='ltr'>Aut‘tor</span> <span class='ocrx_word' id='word_1_2018' title='bbox 1927 3617 2001 3647; x_wconf 76' lang='lat' dir='ltr'>Alex.</span> <span class='ocrx_word' id='word_1_2019' title='bbox 2014 3618 2048 3646; x_wconf 87' lang='lat' dir='ltr'>ab</span> <span class='ocrx_word' id='word_1_2020' title='bbox 2060 3617 2192 3646; x_wconf 83' lang='lat' dir='ltr'>Alex.lib.</span> <span class='ocrx_word' id='word_1_2021' title='bbox 2207 3628 2230 3653; x_wconf 84' lang='grc' dir='ltr'>ς.</span> <span class='ocrx_word' id='word_1_2022' title='bbox 2247 3627 2307 3656; x_wconf 86' lang='lat' dir='ltr'>cap.</span> <span class='ocrx_word' id='word_1_2023' title='bbox 2322 3627 2363 3651; x_wconf 78' lang='grc' dir='ltr'>η.</span> <span class='ocrx_word' id='word_1_2024' title='bbox 2526 3623 2527 3627; x_wconf 77' lang='grc'>’</span> <span class='ocrx_word' id='word_1_2025' title='bbox 2543 3638 2546 3643; x_wconf 89' lang='lat'><em>-</em></span> <span class='ocrx_word' id='word_1_2026' title='bbox 2582 3638 2594 3658; x_wconf 47' lang='lat' dir='ltr'>,s</span> 
     </span>
     <span class='ocr_line' id='line_1_194' title="bbox 1354 3651 2553 3693; baseline 0.001 -12"><span class='ocrx_word' id='word_1_2027' title='bbox 1354 3652 1376 3681; x_wconf 94' lang='lat' dir='ltr'>C</span> <span class='ocrx_word' id='word_1_2028' title='bbox 1385 3663 1403 3681; x_wconf 89' lang='lat' dir='ltr'>A</span> <span class='ocrx_word' id='word_1_2029' title='bbox 1414 3663 1429 3681; x_wconf 67' lang='lat' dir='ltr'>it</span> <span class='ocrx_word' id='word_1_2030' title='bbox 1438 3664 1456 3682; x_wconf 85' lang='lat' dir='ltr'>A</span> <span class='ocrx_word' id='word_1_2031' title='bbox 1466 3664 1477 3682; x_wconf 92' lang='lat' dir='ltr'>s</span> <span class='ocrx_word' id='word_1_2032' title='bbox 1487 3665 1500 3683; x_wconf 70' lang='lat' dir='ltr'>iz</span> <span class='ocrx_word' id='word_1_2033' title='bbox 1510 3665 1529 3683; x_wconf 95' lang='grc' dir='ltr'>Ν</span> <span class='ocrx_word' id='word_1_2034' title='bbox 1540 3666 1558 3686; x_wconf 84' lang='lat'>1.</span> <span class='ocrx_word' id='word_1_2035' title='bbox 1581 3655 1677 3693; x_wconf 85' lang='lat' dir='ltr'>Populi</span> <span class='ocrx_word' id='word_1_2036' title='bbox 1690 3655 1813 3684; x_wconf 73' lang='lat' dir='ltr'>Taurica:</span> <span class='ocrx_word' id='word_1_2037' title='bbox 1822 3656 1952 3691; x_wconf 75' lang='lat' dir='ltr'>regionis.</span> <span class='ocrx_word' id='word_1_2038' title='bbox 1976 3655 2044 3684; x_wconf 87' lang='lat' dir='ltr'>Plin.</span> <span class='ocrx_word' id='word_1_2039' title='bbox 2059 3654 2106 3684; x_wconf 90' lang='lat' dir='ltr'>lib.</span> <span class='ocrx_word' id='word_1_2040' title='bbox 2118 3667 2144 3691; x_wconf 94' lang='lat'>4.</span> <span class='ocrx_word' id='word_1_2041' title='bbox 2159 3665 2220 3693; x_wconf 91' lang='lat' dir='ltr'>cap.</span> <span class='ocrx_word' id='word_1_2042' title='bbox 2234 3664 2276 3685; x_wconf 82' lang='lat'>12.</span> <span class='ocrx_word' id='word_1_2043' title='bbox 2316 3655 2427 3691; x_wconf 88' lang='lat' dir='ltr'>[Immo</span> <span class='ocrx_word' id='word_1_2044' title='bbox 2435 3651 2500 3683; x_wconf 87' lang='lat' dir='ltr'>Cha-</span> <span class='ocrx_word' id='word_1_2045' title='bbox 2524 3673 2525 3679; x_wconf 73' lang='lat'>.</span> <span class='ocrx_word' id='word_1_2046' title='bbox 2541 3666 2553 3691; x_wconf 66' lang='lat'>3</span> 
     </span>
    </p>

    <p class='ocr_par' dir='ltr' id='par_1_86' title="bbox 1352 3693 2604 3807">
     <span class='ocr_line' id='line_1_195' title="bbox 1390 3693 2593 3727; baseline 0.005 -9"><span class='ocrx_word' id='word_1_2047' title='bbox 1390 3693 1483 3721; x_wconf 77' lang='lat' dir='ltr'>raceni</span> <span class='ocrx_word' id='word_1_2048' title='bbox 1493 3714 1501 3727; x_wconf 61' lang='lat'>7</span> <span class='ocrx_word' id='word_1_2049' title='bbox 1525 3693 1591 3721; x_wconf 87' lang='lat' dir='ltr'>utin</span> <span class='ocrx_word' id='word_1_2050' title='bbox 1602 3693 1684 3722; x_wconf 85' lang='lat' dir='ltr'>codd.</span> <span class='ocrx_word' id='word_1_2051' title='bbox 1695 3693 1848 3722; x_wconf 80' lang='lat' dir='ltr'>emendatis</span> <span class='ocrx_word' id='word_1_2052' title='bbox 1861 3693 1908 3722; x_wconf 85' lang='lat' dir='ltr'>est.</span> <span class='ocrx_word' id='word_1_2053' title='bbox 2575 3704 2578 3713; x_wconf 82' lang='lat'>&#39;</span> <span class='ocrx_word' id='word_1_2054' title='bbox 2591 3710 2593 3717; x_wconf 69' lang='lat'>.</span> 
     </span>
     <span class='ocr_line' id='line_1_196' title="bbox 1353 3726 2604 3769; baseline 0.003 -14"><span class='ocrx_word' id='word_1_2055' title='bbox 1353 3726 1375 3755; x_wconf 96' lang='lat' dir='ltr'>C</span> <span class='ocrx_word' id='word_1_2056' title='bbox 1385 3738 1402 3756; x_wconf 88' lang='lat' dir='ltr'>A</span> <span class='ocrx_word' id='word_1_2057' title='bbox 1413 3738 1428 3756; x_wconf 72' lang='lat' dir='ltr'>a</span> <span class='ocrx_word' id='word_1_2058' title='bbox 1438 3738 1457 3757; x_wconf 88' lang='lat' dir='ltr'>A</span> <span class='ocrx_word' id='word_1_2059' title='bbox 1467 3739 1479 3758; x_wconf 88' lang='lat' dir='ltr'>s</span> <span class='ocrx_word' id='word_1_2060' title='bbox 1487 3739 1507 3758; x_wconf 71' lang='lat' dir='ltr'>‘r</span> <span class='ocrx_word' id='word_1_2061' title='bbox 1515 3740 1535 3758; x_wconf 90' lang='lat' dir='ltr'>A</span> <span class='ocrx_word' id='word_1_2062' title='bbox 1544 3740 1555 3759; x_wconf 92' lang='lat' dir='ltr'>s</span> <span class='ocrx_word' id='word_1_2063' title='bbox 1565 3740 1596 3760; x_wconf 76' lang='lat'>1³1</span> <span class='ocrx_word' id='word_1_2064' title='bbox 1609 3752 1617 3764; x_wconf 84' lang='lat'>,</span> <span class='ocrx_word' id='word_1_2065' title='bbox 1641 3730 1708 3759; x_wconf 88' lang='lat' dir='ltr'>Plin.</span> <span class='ocrx_word' id='word_1_2066' title='bbox 1728 3730 1774 3759; x_wconf 92' lang='lat' dir='ltr'>lib.</span> <span class='ocrx_word' id='word_1_2067' title='bbox 1788 3735 1811 3759; x_wconf 85' lang='lat'>6.</span> <span class='ocrx_word' id='word_1_2068' title='bbox 1826 3739 1885 3767; x_wconf 90' lang='lat' dir='ltr'>cap.</span> <span class='ocrx_word' id='word_1_2069' title='bbox 1898 3740 1923 3766; x_wconf 90' lang='lat'>7.</span> <span class='ocrx_word' id='word_1_2070' title='bbox 1945 3728 2044 3767; x_wconf 87' lang='lat' dir='ltr'>Populi</span> <span class='ocrx_word' id='word_1_2071' title='bbox 2058 3729 2120 3758; x_wconf 90' lang='lat' dir='ltr'>sunt</span> <span class='ocrx_word' id='word_1_2072' title='bbox 2128 3729 2200 3759; x_wconf 82' lang='lat' dir='ltr'>circa</span> <span class='ocrx_word' id='word_1_2073' title='bbox 2207 3729 2333 3759; x_wconf 80' lang='lat' dir='ltr'>Maeotin.</span> <span class='ocrx_word' id='word_1_2074' title='bbox 2522 3760 2523 3769; x_wconf 60' lang='lat'>.</span> <span class='ocrx_word' id='word_1_2075' title='bbox 2580 3746 2604 3765; x_wconf 39' lang='lat' dir='ltr'>,w</span> 
     </span>
     <span class='ocr_line' id='line_1_197' title="bbox 1352 3764 2585 3807; baseline 0.002 -15"><span class='ocrx_word' id='word_1_2076' title='bbox 1352 3764 1400 3793; x_wconf 90' lang='lat' dir='ltr'>CA</span> <span class='ocrx_word' id='word_1_2077' title='bbox 1410 3774 1425 3793; x_wconf 76' lang='lat' dir='ltr'>R</span> <span class='ocrx_word' id='word_1_2078' title='bbox 1436 3776 1506 3800; x_wconf 73' lang='lat' dir='ltr'>BAN</span> <span class='ocrx_word' id='word_1_2079' title='bbox 1517 3778 1525 3795; x_wconf 86' lang='grc' dir='ltr'>ι</span> <span class='ocrx_word' id='word_1_2080' title='bbox 1538 3778 1555 3796; x_wconf 87' lang='lat' dir='ltr'>A</span> <span class='ocrx_word' id='word_1_2081' title='bbox 1565 3790 1573 3802; x_wconf 85' lang='lat'>,</span> <span class='ocrx_word' id='word_1_2082' title='bbox 1590 3778 1620 3797; x_wconf 82' lang='lat' dir='ltr'>ae.</span> <span class='ocrx_word' id='word_1_2083' title='bbox 1640 3768 1658 3797; x_wconf 87' lang='lat' dir='ltr'>f.</span> <span class='ocrx_word' id='word_1_2084' title='bbox 1683 3768 1838 3806; x_wconf 88' lang='lat' dir='ltr'>Pomponio</span> <span class='ocrx_word' id='word_1_2085' title='bbox 1847 3768 1929 3797; x_wconf 80' lang='lat' dir='ltr'>Melae</span> <span class='ocrx_word' id='word_1_2086' title='bbox 1938 3768 1986 3797; x_wconf 91' lang='lat' dir='ltr'>lib.</span> <span class='ocrx_word' id='word_1_2087' title='bbox 1999 3777 2025 3798; x_wconf 80' lang='lat'>2.</span> <span class='ocrx_word' id='word_1_2088' title='bbox 2038 3777 2064 3805; x_wconf 91' lang='lat'>7.</span> <span class='ocrx_word' id='word_1_2089' title='bbox 2085 3774 2320 3797; x_wconf 82' lang='lat' dir='ltr'>commemoratur</span> <span class='ocrx_word' id='word_1_2090' title='bbox 2328 3767 2497 3804; x_wconf 78' lang='lat' dir='ltr'>interparvas</span> <span class='ocrx_word' id='word_1_2091' title='bbox 2520 3775 2537 3807; x_wconf 58' lang='lat' dir='ltr'>js</span> <span class='ocrx_word' id='word_1_2092' title='bbox 2577 3794 2585 3800; x_wconf 20' lang='grc' dir='ltr'>,Α</span> 
     </span>
    </p>

    <p class='ocr_par' dir='ltr' id='par_1_87' title="bbox 1350 3802 2581 3879">
     <span class='ocr_line' id='line_1_198' title="bbox 1388 3802 2581 3845; baseline 0.006 -15"><span class='ocrx_word' id='word_1_2093' title='bbox 1388 3802 1488 3833; x_wconf 82' lang='lat' dir='ltr'>insulas</span> <span class='ocrx_word' id='word_1_2094' title='bbox 1502 3804 1585 3834; x_wconf 58' lang='lat' dir='ltr'>Italiae</span> <span class='ocrx_word' id='word_1_2095' title='bbox 1596 3806 1762 3841; x_wconf 82' lang='lat' dir='ltr'>adjacentes.</span> <span class='ocrx_word' id='word_1_2096' title='bbox 2542 3831 2544 3834; x_wconf 62' lang='lat'>.</span> <span class='ocrx_word' id='word_1_2097' title='bbox 2576 3822 2581 3845; x_wconf 26' lang='grc' dir='ltr'><em>ξ</em></span> 
     </span>
     <span class='ocr_line' id='line_1_199' title="bbox 1350 3838 2581 3879; baseline 0.002 -12"><span class='ocrx_word' id='word_1_2098' title='bbox 1350 3838 1373 3868; x_wconf 94' lang='lat' dir='ltr'>C</span> <span class='ocrx_word' id='word_1_2099' title='bbox 1384 3849 1401 3867; x_wconf 94' lang='lat' dir='ltr'>A</span> <span class='ocrx_word' id='word_1_2100' title='bbox 1413 3850 1428 3867; x_wconf 67' lang='lat' dir='ltr'>iz</span> <span class='ocrx_word' id='word_1_2101' title='bbox 1437 3851 1450 3868; x_wconf 75' lang='lat' dir='ltr'>s</span> <span class='ocrx_word' id='word_1_2102' title='bbox 1462 3851 1479 3869; x_wconf 91' lang='lat' dir='ltr'>A</span> <span class='ocrx_word' id='word_1_2103' title='bbox 1490 3851 1517 3876; x_wconf 85' lang='lat' dir='ltr'>s,</span> <span class='ocrx_word' id='word_1_2104' title='bbox 1540 3851 1570 3871; x_wconf 66' lang='lat' dir='ltr'>ae.</span> <span class='ocrx_word' id='word_1_2105' title='bbox 1591 3853 1626 3871; x_wconf 90' lang='lat' dir='ltr'>m.</span> <span class='ocrx_word' id='word_1_2106' title='bbox 1652 3843 1799 3879; x_wconf 64' lang='lat' dir='ltr'>[ltdgss’oez]</span> <span class='ocrx_word' id='word_1_2107' title='bbox 1820 3841 1925 3871; x_wconf 85' lang='lat' dir='ltr'>Ventus</span> <span class='ocrx_word' id='word_1_2108' title='bbox 1939 3842 2042 3872; x_wconf 81' lang='lat' dir='ltr'>Africus</span> <span class='ocrx_word' id='word_1_2109' title='bbox 2055 3843 2157 3872; x_wconf 87' lang='lat' dir='ltr'>dicitur</span> <span class='ocrx_word' id='word_1_2110' title='bbox 2166 3853 2181 3872; x_wconf 88' lang='lat' dir='ltr'>a</span> <span class='ocrx_word' id='word_1_2111' title='bbox 2191 3842 2317 3872; x_wconf 91' lang='lat' dir='ltr'>Vitruvio</span> <span class='ocrx_word' id='word_1_2112' title='bbox 2329 3851 2352 3872; x_wconf 84' lang='lat'>1.</span> <span class='ocrx_word' id='word_1_2113' title='bbox 2362 3841 2388 3871; x_wconf 90' lang='grc'>6.</span> <span class='ocrx_word' id='word_1_2114' title='bbox 2407 3843 2495 3870; x_wconf 82' lang='lat' dir='ltr'>nautae</span> <span class='ocrx_word' id='word_1_2115' title='bbox 2518 3846 2520 3849; x_wconf 78' lang='grc'><em>’</em></span> <span class='ocrx_word' id='word_1_2116' title='bbox 2538 3860 2539 3865; x_wconf 65' lang='lat'>,</span> <span class='ocrx_word' id='word_1_2117' title='bbox 2575 3847 2581 3863; x_wconf 64' lang='lat'>,-</span> 
     </span>
    </p>

    <p class='ocr_par' dir='ltr' id='par_1_88' title="bbox 1349 3876 2603 3994">
     <span class='ocr_line' id='line_1_200' title="bbox 1386 3876 2519 3917; baseline 0.005 -12"><span class='ocrx_word' id='word_1_2118' title='bbox 1386 3876 1696 3909; x_wconf 84' lang='lat' dir='ltr'>Carbinumnominant</span> <span class='ocrx_word' id='word_1_2119' title='bbox 1707 3903 1715 3914; x_wconf 90' lang='lat'>,</span> <span class='ocrx_word' id='word_1_2120' title='bbox 1737 3890 1818 3917; x_wconf 86' lang='lat' dir='ltr'>quem</span> <span class='ocrx_word' id='word_1_2121' title='bbox 1833 3880 1964 3916; x_wconf 81' lang='lat' dir='ltr'>Libycum</span> <span class='ocrx_word' id='word_1_2122' title='bbox 1978 3881 2063 3909; x_wconf 85' lang='lat' dir='ltr'>hodie</span> <span class='ocrx_word' id='word_1_2123' title='bbox 2075 3888 2185 3910; x_wconf 80' lang='lat' dir='ltr'>vocant.</span> <span class='ocrx_word' id='word_1_2124' title='bbox 2517 3885 2519 3911; x_wconf 74' lang='grc' dir='ltr'>ἶ</span> 
     </span>
     <span class='ocr_line' id='line_1_201' title="bbox 1349 3909 2565 3957; baseline 0 -14"><span class='ocrx_word' id='word_1_2125' title='bbox 1349 3912 1371 3944; x_wconf 93' lang='lat' dir='ltr'>C</span> <span class='ocrx_word' id='word_1_2126' title='bbox 1380 3924 1399 3943; x_wconf 90' lang='lat' dir='ltr'>A</span> <span class='ocrx_word' id='word_1_2127' title='bbox 1408 3924 1424 3943; x_wconf 76' lang='lat' dir='ltr'>R</span> <span class='ocrx_word' id='word_1_2128' title='bbox 1433 3925 1447 3943; x_wconf 71' lang='grc' dir='ltr'>ιι</span> <span class='ocrx_word' id='word_1_2129' title='bbox 1457 3920 1474 3944; x_wconf 75' lang='lat' dir='ltr'>A</span> <span class='ocrx_word' id='word_1_2130' title='bbox 1483 3926 1494 3944; x_wconf 91' lang='lat' dir='ltr'>s</span> <span class='ocrx_word' id='word_1_2131' title='bbox 1506 3927 1522 3945; x_wconf 93' lang='grc' dir='ltr'>υ</span> <span class='ocrx_word' id='word_1_2132' title='bbox 1531 3927 1543 3946; x_wconf 86' lang='lat' dir='ltr'>s</span> <span class='ocrx_word' id='word_1_2133' title='bbox 1555 3939 1562 3951; x_wconf 94' lang='lat'>,</span> <span class='ocrx_word' id='word_1_2134' title='bbox 1585 3918 1602 3946; x_wconf 93' lang='lat' dir='ltr'>i.</span> <span class='ocrx_word' id='word_1_2135' title='bbox 1624 3915 1765 3953; x_wconf 57' lang='grc' dir='ltr'>[ὼςμῆμον]</span> <span class='ocrx_word' id='word_1_2136' title='bbox 1779 3918 1794 3946; x_wconf 82' lang='lat' dir='ltr'>f.</span> <span class='ocrx_word' id='word_1_2137' title='bbox 1818 3917 1970 3946; x_wconf 83' lang='lat' dir='ltr'>secundum</span> <span class='ocrx_word' id='word_1_2138' title='bbox 1983 3917 2146 3946; x_wconf 87' lang='lat' dir='ltr'>Priscianum</span> <span class='ocrx_word' id='word_1_2139' title='bbox 2159 3928 2165 3946; x_wconf 88' lang='lat'>:</span> <span class='ocrx_word' id='word_1_2140' title='bbox 2188 3918 2214 3946; x_wconf 69' lang='grc' dir='ltr'>ἃ</span> <span class='ocrx_word' id='word_1_2141' title='bbox 2225 3927 2261 3946; x_wconf 88' lang='lat' dir='ltr'>m.</span> <span class='ocrx_word' id='word_1_2142' title='bbox 2273 3917 2420 3946; x_wconf 89' lang='lat' dir='ltr'>secundum</span> <span class='ocrx_word' id='word_1_2143' title='bbox 2429 3909 2495 3957; x_wconf 78' lang='lat' dir='ltr'>Phq-</span> <span class='ocrx_word' id='word_1_2144' title='bbox 2530 3911 2536 3937; x_wconf 66' lang='grc' dir='ltr'><strong><em>Τ</em></strong></span> <span class='ocrx_word' id='word_1_2145' title='bbox 2564 3928 2565 3932; x_wconf 50' lang='grc'>’</span> 
     </span>
     <span class='ocr_line' id='line_1_202' title="bbox 1385 3951 2539 3994; baseline -0.001 -12"><span class='ocrx_word' id='word_1_2146' title='bbox 1385 3961 1464 3983; x_wconf 86' lang='lat' dir='ltr'>cam:</span> <span class='ocrx_word' id='word_1_2147' title='bbox 1487 3955 1590 3985; x_wconf 89' lang='lat' dir='ltr'>Probus</span> <span class='ocrx_word' id='word_1_2148' title='bbox 1597 3964 1663 3985; x_wconf 89' lang='lat' dir='ltr'>vero</span> <span class='ocrx_word' id='word_1_2149' title='bbox 1675 3958 1701 3986; x_wconf 76' lang='lat' dir='ltr'>&lt;Sc</span> <span class='ocrx_word' id='word_1_2150' title='bbox 1714 3956 1805 3993; x_wconf 84' lang='lat' dir='ltr'>Caper</span> <span class='ocrx_word' id='word_1_2151' title='bbox 1815 3955 1914 3985; x_wconf 88' lang='lat' dir='ltr'>dicunt</span> <span class='ocrx_word' id='word_1_2152' title='bbox 1924 3955 1977 3984; x_wconf 82' lang='lat' dir='ltr'>ess&#39;e</span> <span class='ocrx_word' id='word_1_2153' title='bbox 1988 3955 2168 3986; x_wconf 77' lang='lat' dir='ltr'>masculini&amp;</span> <span class='ocrx_word' id='word_1_2154' title='bbox 2178 3955 2308 3985; x_wconf 86' lang='lat' dir='ltr'>feminini</span> <span class='ocrx_word' id='word_1_2155' title='bbox 2317 3955 2347 3983; x_wconf 93' lang='lat' dir='ltr'>in</span> <span class='ocrx_word' id='word_1_2156' title='bbox 2361 3951 2494 3994; x_wconf 76' lang='lat' dir='ltr'>singulari,</span> <span class='ocrx_word' id='word_1_2157' title='bbox 2510 3985 2512 3991; x_wconf 40' lang='grc' dir='ltr'>Ι</span> <span class='ocrx_word' id='word_1_2158' title='bbox 2538 3963 2539 3966; x_wconf 61' lang='grc'>’</span> 
     </span>
    </p>
   </div>
   <div class='ocr_carea' id='block_1_10' title="bbox 2506 841 2604 4051">
    <p class='ocr_par' dir='ltr' id='par_1_89' title="bbox 2506 841 2604 4051">
     <span class='ocr_line' id='line_1_203' title="bbox 2591 841 2604 1027; baseline 0 -110"><span class='ocrx_word' id='word_1_2159' title='bbox 2591 841 2604 1027; x_wconf 95' lang='lat' dir='ltr'>   </span> 
     </span>
     <span class='ocr_line' id='line_1_204' title="bbox 2587 1027 2604 1183; baseline 0 0"><span class='ocrx_word' id='word_1_2160' title='bbox 2587 1027 2604 1183; x_wconf 95' lang='lat' dir='ltr'>    </span> 
     </span>
     <span class='ocr_line' id='line_1_205' title="bbox 2584 1183 2604 1291; baseline 0 -31"><span class='ocrx_word' id='word_1_2161' title='bbox 2584 1183 2604 1291; x_wconf 95' lang='lat' dir='ltr'>  </span> 
     </span>
     <span class='ocr_line' id='line_1_206' title="bbox 2580 1291 2604 1449; baseline 0 -78"><span class='ocrx_word' id='word_1_2162' title='bbox 2580 1291 2604 1449; x_wconf 95' lang='lat' dir='ltr'>   </span> 
     </span>
     <span class='ocr_line' id='line_1_207' title="bbox 2574 1449 2604 1627; baseline 0 0"><span class='ocrx_word' id='word_1_2163' title='bbox 2574 1449 2604 1627; x_wconf 95' lang='lat' dir='ltr'>    </span> 
     </span>
     <span class='ocr_line' id='line_1_208' title="bbox 2566 1627 2604 1829; baseline 0 -117"><span class='ocrx_word' id='word_1_2164' title='bbox 2566 1627 2604 1829; x_wconf 95' lang='lat' dir='ltr'>   </span> 
     </span>
     <span class='ocr_line' id='line_1_209' title="bbox 2566 1829 2604 1942; baseline 0 -34"><span class='ocrx_word' id='word_1_2165' title='bbox 2566 1829 2604 1942; x_wconf 95' lang='lat' dir='ltr'>   </span> 
     </span>
     <span class='ocr_line' id='line_1_210' title="bbox 2566 1942 2604 2133; baseline 0 -126"><span class='ocrx_word' id='word_1_2166' title='bbox 2566 1942 2604 2133; x_wconf 95' lang='lat' dir='ltr'>    </span> 
     </span>
     <span class='ocr_line' id='line_1_211' title="bbox 2537 2133 2604 2352; baseline 0 0"><span class='ocrx_word' id='word_1_2167' title='bbox 2537 2206 2562 2352; x_wconf 95' lang='lat' dir='ltr'> </span> <span class='ocrx_word' id='word_1_2168' title='bbox 2572 2133 2604 2352; x_wconf 95' lang='lat' dir='ltr'>  </span> 
     </span>
     <span class='ocr_line' id='line_1_212' title="bbox 2537 2352 2604 2539; baseline 0 0"><span class='ocrx_word' id='word_1_2169' title='bbox 2537 2352 2604 2539; x_wconf 95' lang='lat' dir='ltr'>    </span> 
     </span>
     <span class='ocr_line' id='line_1_213' title="bbox 2537 2539 2604 2772; baseline 0 -77"><span class='ocrx_word' id='word_1_2170' title='bbox 2537 2539 2604 2772; x_wconf 95' lang='lat' dir='ltr'>    </span> 
     </span>
     <span class='ocr_line' id='line_1_214' title="bbox 2537 2772 2604 2849; baseline 0 1373"><span class='ocrx_word' id='word_1_2171' title='bbox 2537 2772 2604 2849; x_wconf 95' lang='lat' dir='ltr'> </span> 
     </span>
     <span class='ocr_line' id='line_1_215' title="bbox 2520 2849 2604 3119; baseline 0 -126"><span class='ocrx_word' id='word_1_2172' title='bbox 2520 2849 2604 3119; x_wconf 95' lang='lat' dir='ltr'>   </span> 
     </span>
     <span class='ocr_line' id='line_1_216' title="bbox 2520 3119 2604 3365; baseline 0 -26"><span class='ocrx_word' id='word_1_2173' title='bbox 2520 3119 2604 3365; x_wconf 95' lang='lat' dir='ltr'>     </span> 
     </span>
     <span class='ocr_line' id='line_1_217' title="bbox 2506 3365 2604 4051; baseline 0 -598"><span class='ocrx_word' id='word_1_2174' title='bbox 2506 3365 2604 4051; x_wconf 95' lang='lat' dir='ltr'>  </span> 
     </span>
    </p>
   </div>
  </div>
 </body>
</html>
