2600 4177
7 2486 19 2521 ὃ

6 2535 14 2546 ‹

461 100 491 135 C
580 100 616 136 Ο
707 100 748 135 Μ·

89 173 166 207 labit.
203 177 281 208 Licet
291 178 318 207 id
331 179 432 216 Caesar,
453 183 479 210 ὁὶ
495 181 607 218 quidam
624 181 808 211 aliifecerint.
844 180 918 212 Suet.
930 181 995 211 Cres.
1006 192 1066 220 cap.
1076 183 1119 219 67.
1146 181 1207 212 Nec

92 213 196 243 mviii-es
207 226 254 244 eos
266 227 314 253 pro
327 219 464 247 concione
475 240 483 253 ,
504 219 550 248 sed
566 218 708 249 blandiore
720 221 835 248 nomine
862 220 1068 250 commilitones
1087 221 1208 257 appella-

93 252 147 280 bat.
190 254 338 283 Ambitiose
348 256 445 291 nimis,
467 256 703 293 tanquam&ipse
716 267 786 286 unus
806 256 871 286 ell'et
888 267 920 285 ei:
941 268 1055 287 numero
1076 260 1206 287 militum.

92 289 228 323 Liv.1.;0.
242 292 357 329 Supinas
368 293 471 322 deinde
485 294 603 323 tendens
616 303 722 327 manus,
733 296 939 324 commilitones
950 296 1093 333 appellans
1102 296 1206 325 orabat.

92 326 175 370 Nliles
189 330 213 357 ἃ
226 330 390 359 commilito.
432 331 489 361 Cic.
500 341 550 368 pro
564 332 654 360 Deiot.
666 338 710 364 23.
736 332 787 361 llic
798 343 860 362 vero
871 334 1050 369 adolescens,
1072 334 1120 371 qui
1131 342 1209 363 meus

113 374 140 392 in
151 366 248 395 Cilicia
259 367 338 396 miles
347 390 355 402 ,
376 369 405 397 in
416 369 521 398 Graecia
532 369 688 397 commilito
700 370 759 398 suit.

58 400 81 430 C
91 405 276 433 omminiro
287 427 295 439 ,
317 406 547 440 [συνεροιτεύομοα]
567 409 621 435 are.
643 405 726 436 Closs.
741 407 785 436 Gr.
802 407 858 437 Lat.

57 438 348 476 conuitium,
369 443 387 471 i.
409 453 437 472 n.
460 444 634 479 [συςμτεὶσι]
655 444 713 481 Ipsa
730 445 797 474 belli
813 445 940 476 societas.
977 446 1047 477 Plio.
1063 455 1104 476 ιο.
1127 446 1209 484 Epist.

94 482 140 520 ².⁶·
164 478 316 508 Parciorem
338 481 426 509 mein
445 480 584 510 laudando
602 481 684 517 facit,
713 483 788 519 quod
808 483 885 520 spero
909 484 959 513 tibi
978 487 1003 514 ἃ
1026 484 1214 522 integritatem

94 524 163 558 ejus,
186 518 212 546 ἂ
224 517 402 553 probitatem,
424 519 450 548 &
463 519 622 548 industriam
635 541 643 553 ,
668 530 725 548 non
736 520 824 549 solum
834 531 867 550 ex
880 523 939 554 eius
953 523 1105 551 honoribus
1115 544 1121 552 .
1144 531 1214 558 quos

93 562 124 596 ¹.ss
135 553 202 582 urbe
213 554 261 583 sub
270 554 358 584 oculis
370 556 424 584 tuis
432 556 529 593 gessit,
550 558 730 587 verumetiam
742 568 776 587 ex
786 559 952 588 commilitio
967 559 1020 589 eise
1036 560 1213 589 notitiimam.

94 598 112 619 ι.
126 601 151 620 e.
173 591 211 621 Ex
221 590 319 621 militia
334 593 392 627 ejus
403 615 411 628 ‚
434 593 478 623 vel
497 604 531 624 ex
553 601 680 631 tempore
697 596 831 625 diuturno
853 607 907 633 quo
922 598 1058 627 militavit.
1084 597 1174 627 Tacit.
1191 607 1215 627 1.

95 629 164 657 Ann.
179 632 224 657 60.
242 629 346 659 Chauci
356 640 440 665 quum
450 632 553 662 auxilia
562 633 772 670 pollicerentur,
781 634 810 663 in
820 635 1020 666 commilitium
1036 635 1134 665 adsciti
1142 634 1213 665 sunt.

96 664 143 694 Uti
154 666 320 695 commilitio
331 667 456 705 alicujus.
478 670 597 707 Quintil.
610 670 659 700 lib.
675 681 699 704 ς.
711 680 772 709 cap.
787 681 828 700 10.

94 703 175 747 Apud
185 704 263 741 Apul.
277 706 361 734 etiam
372 706 544 737 Commilitia
556 708 656 745 legitur
672 708 691 738 f.
705 719 729 746 g.
772 709 853 745 [Nisi
864 719 939 739 error
950 710 995 740 est.
1038 711 1112 741 Nam
1135 710 1219 740 Com-

115 741 216 770 militio
227 741 389 779 studiorum,
401 746 475 782 apud
487 746 561 775 hunc
574 746 674 784 legitur
688 748 716 775 in
730 746 830 776 Florid.
848 758 908 785 pag.
923 752 985 784 356.

59 777 81 809 C
90 788 107 807 o
116 790 134 822 n
144 790 165 808 Μ
175 791 183 807 ι
195 789 215 808 Ν
225 790 234 808 ι
244 790 256 809 s
266 790 283 809 c
292 791 309 810 o
319 791 344 816 n,
366 790 544 813 commentus
554 783 611 813 sum
625 806 633 819 ,
654 783 828 820 [avumdr‘iu
836 806 844 820 ‚
865 786 1029 822 πυφέζομοω]
1051 785 1107 815 isci.
1130 785 1218 815 Exco.

95 826 181 860 guare
191 838 199 850 ,
222 818 328 848 dictum
338 829 353 849 a
365 820 424 850 Con
436 822 461 851 &
472 822 580 858 Mente,
601 831 687 858 quum
699 821 840 858 finguntur
851 824 879 852 in
890 830 985 853 mente
1000 835 1061 862 quae
1070 833 1128 853 non
1137 823 1217 853 sunt:

95 861 188 891 inquit
199 855 284 885 Varro
300 858 335 886 de
347 858 375 887 L.
392 859 418 887 L.
432 859 480 889 lib.
496 871 520 894 ς.
533 863 559 889 6.
581 860 646 889 Ter.
663 860 762 889 Heaut.
776 872 802 895 4.
814 864 840 890 6.
854 866 880 895 8.

177 893 344 936 Hujusmodi
354 897 424 926 mihi
439 907 480 927 res
491 897 596 935 semper
606 897 826 928 comminiscere.
910 898 969 928 Cic.
983 909 1010 933 4.
1022 899 1058 928 de
1070 898 1161 928 Finib.
1172 907 1218 934 ⁴³-

96 929 149 960 llle
163 940 239 961 enim
258 936 433 965 occurrentia
460 935 553 965 nescio
572 945 632 971 quae
653 935 923 966 comminiscebatur.
965 936 1022 966 Liv.
1039 946 1082 972 37.
1097 948 1120 972 ς.
1146 944 1218 965 extr.

95 967 314 1035 Nihilbadversus
325 973 379 1002 tale
386 973 602 1003 machinationis
613 983 700 1011 genus
710 984 806 1011 parare
822 981 870 1004 aut
886 974 1062 1005 comminisci
1083 973 1220 1013 oppidani

97 1015 170 1035 cona
193 1015 280 1037 antur.

97 1043 265 1081 Confingere
279 1047 305 1076 <Sc
316 1048 500 1078 comminisci.
520 1049 622 1078 Aut‘lor
631 1048 667 1078 ad
676 1048 778 1078 Heren.
790 1048 836 1078 lib.
848 1059 874 1079 2.
889 1059 930 1079 ιο.

97 1080 279 1113 comminisci
298 1084 404 1123 aliquid
419 1088 453 1117 de
465 1087 511 1116 sua
520 1087 664 1116 sententia.
688 1086 773 1116 Plaut.
787 1087 868 1125 Capt.
880 1087 954 1126 prol.
967 1093 1014 1124 48.

177 1120 274 1157 Itaque
288 1121 315 1151 hi
326 1125 481 1154 commenti
494 1126 530 1154 de
539 1125 586 1154 sua
599 1124 734 1154 sententia
743 1147 751 1159 ,

180 1158 251 1187 Utin
264 1159 395 1191 servitute
407 1164 454 1192 hic
464 1163 499 1192 ad
510 1163 588 1192 suurn
603 1168 714 1192 maneat
726 1170 842 1200 patrem.

96 1194 139 1224 Ad
150 1198 419 1230 comminiscendum
432 1200 600 1238 ingeniosus.
630 1202 732 1230 Aut-”tor
743 1201 778 1230 ad
796 1202 896 1230 Heren.
910 1200 958 1230 lib.
972 1210 998 1231 2.
1014 1211 1057 1231 10.

95 1231 329 1302 Mssntogssammos
339 1238 407 1268 deos
417 1240 442 1268 Sc
457 1239 647 1276 nihilagentes
658 1245 835 1269 commentus
851 1239 889 1269 est
900 1239 1044 1278 Epicurus.
1067 1238 1126 1270 Cic.
1141 1247 1168 1270 2.
1184 1238 1221 1269 de

148 1282 162 1300 a
178 1295 183 1301 .
224 1283 280 1303 eor.
294 1285 336 1310 59.

60 1306 84 1338 C
92 1318 109 1338 o
119 1319 139 1337 M
149 1320 169 1338 M
181 1319 195 1338 a
207 1320 227 1339 N
236 1320 255 1339 r
264 1322 281 1341 u
291 1322 303 1342 s
313 1334 321 1348 ,
342 1313 561 1350 [συμπεισθεὶς]
583 1314 679 1344 Partic.
694 1313 760 1351 pass.

96 1346 179 1376 Sacra
193 1357 360 1382 commenta.
384 1352 468 1382 Ovid.
481 1361 504 1387 3.
518 1352 588 1382 Met.
602 1358 663 1387 558·
691 1353 710 1381 i.
724 1362 748 1381 e.
771 1352 854 1382 Fida.

96 1384 204 1415 Funera
220 1396 390 1419 commenta.
413 1389 498 1419 Ovid.
510 1393 535 1419 6.
549 1390 618 1419 Met.
634 1394 697 1425 565·

190 1424 244 1454 Dat
253 1428 372 1463 gemitus
383 1427 461 1457 fictos
469 1449 478 1464 ,
499 1437 714 1465 commentaque
726 1428 823 1457 funera
833 1434 933 1458 narrat.

96 1459 283 1529 can'iqentus
292 1487 300 1500 ,
321 1476 371 1503 pro
383 1466 580 1496 Commonitus
591 1467 668 1504 apud
678 1473 785 1496 veteres
794 1466 909 1503 legitur,
930 1467 997 1497 teste
1008 1466 1114 1498 Nonio.
1132 1466 1219 1498 Plaut.

138 1509 186 1538 mp
210 1523 215 1530 .
231 1511 254 1538 3.
266 1511 290 1539 3.
302 1513 347 1538 24.

177 1538 232 1569 Fac
243 1541 474 1579 Amphitryonem
486 1542 685 1572 advenientem
698 1541 732 1572 ab
742 1542 848 1572 aedibus
858 1565 866 1579 ,

177 1575 215 1606 Ut
224 1577 318 1616 abigas
332 1581 430 1618 quovis
441 1582 522 1617 paeto
531 1603 538 1616 ,
563 1582 607 1610 fac
618 1589 796 1610 commentus
810 1581 866 1613 sies.

119 1612 160 1643 An
171 1624 222 1652 per
230 1616 404 1656 Syncopen‘?
426 1619 509 1648 H.St.
540 1618 568 1648 V.
592 1618 716 1648 Lambin.
730 1619 764 1647 ad
776 1617 830 1648 loc.

61 1647 138 1679 com
148 1662 250 1682 MRNT
261 1665 310 1685 uM
327 1678 335 1691 ,
358 1657 375 1686 i.
399 1666 425 1687 n.
448 1656 616 1694 [πλάσμα]
636 1657 733 1686 fictio.
754 1656 820 1688 Ter.
834 1656 904 1687 And.
919 1666 942 1686 1.
956 1666 981 1693 ζ.
991 1666 1035 1688 20.
1060 1657 1141 1695 Atqui
1158 1656 1222 1696 ipsis

97 1697 290 1722 commentum
303 1693 404 1732 placet.

97 1725 235 1773 Retegere
245 1739 406 1762 commenta
415 1732 540 1769 alicuius.
564 1732 648 1762 Ovid.
666 1742 705 1769 13.
727 1732 796 1762 Met.
811 1737 854 1767 38.

97 1764 277 1835 Olgixgicssium
288 1778 450 1802 commenta
459 1770 536 1801 delet
546 1771 606 1801 dies
619 1793 626 1807 ,
648 1779 753 1801 naturae
768 1770 872 1807 judicia
887 1770 1041 1801 confirmat.
1064 1770 1123 1801 Cic.
1140 1779 1167 1801 2.
1185 1769 1222 1800 de

148 1814 162 1833 a
177 1827 183 1834 .
223 1816 279 1837 eor.
291 1818 316 1844 5.

61 1838 110 1870 co
118 1851 139 1870 M
149 1854 170 1871 Μ
180 1853 194 1872 s
204 1854 225 1873 N
234 1854 254 1873 T
263 1856 272 1874 1
281 1856 302 1875 T
311 1857 320 1875 r
330 1857 349 1876 υ
358 1857 370 1877 s
380 1868 389 1882 ,
412 1846 472 1881 Adi.
495 1842 714 1882 [wamy-td&
724 1868 733 1881 ‚
756 1842 873 1881 πηκκςὲς]
894 1846 972 1876 Idem
990 1846 1067 1884 quod
1086 1846 1219 1876 Finitius.

97 1879 156 1910 Cic.
164 1890 187 1910 1.
199 1883 235 1912 de
245 1883 322 1914 Orat.
335 1894 398 1920 230.
413 1885 449 1914 Ut
458 1885 474 1914 si
485 1886 514 1913 in
525 1884 571 1913 illa
578 1885 771 1914 commentitia
784 1883 903 1914 Platonis
911 1887 1023 1913 civitate
1035 1894 1076 1914 res
1084 1891 1220 1922 ageretur.

47 1940 53 1943 .
98 1916 141 1946 De
158 1923 358 1952 commentitiis
378 1923 459 1952 rebus
472 1923 598 1952 inaudita
615 1932 647 1952 ac
664 1932 754 1959 nova,
775 1933 835 1960 quae
848 1922 947 1960 aliquis
960 1923 1081 1959 objicit,
1103 1922 1219 1953 diluere.

118 1955 176 1999 Cic.
189 1968 240 1996 pro
253 1959 331 1990 Rosc.
346 1962 435 1990 Amet.
450 1966 495 1995 8²·

97 1992 211 2025 Crimen
225 2000 453 2028 commentitium
467 1998 638 2028 confirmare.
661 1997 718 2029 Cic.
731 2008 783 2035 pro
792 1997 874 2028 Rosc.
886 1999 976 2028 Amet.
991 2007 1037 2035 42.

98 2030 148 2067 Dii
158 2037 345 2066 commentitii
358 2036 457 2067 &fiett
480 2036 539 2066 Cic.
556 2046 581 2066 2.
605 2036 640 2066 de
649 2036 711 2066 Nat.
723 2036 806 2066 Deor.
819 2046 866 2075 70.

97 2069 202 2101 Fabula
213 2072 275 2103 fieta
288 2076 314 2104 &
329 2076 531 2104 commentitia.
554 2074 612 2104 Cic.
627 2083 652 2111 3.
664 2074 721 2104 Off.
736 2085 778 2111 39.

97 2107 248 2140 Sententiae
259 2111 351 2143 futiles
362 2113 626 2150 commentitiaeque.
652 2113 710 2142 Cic.
724 2123 745 2142 t.
759 2114 795 2142 de
811 2112 873 2142 Nat.
890 2112 972 2142 Deor.
986 2117 1029 2146 18.

97 2145 331 2180 Commentirium
342 2151 474 2189 significat
483 2151 566 2181 etiam
580 2151 692 2180 Novum
711 2153 736 2180 δι
750 2160 848 2180 recens
859 2151 1050 2188 excogitatum
1062 2172 1071 2185 ,
1092 2150 1148 2180 hoc
1169 2150 1223 2186 est,

116 2193 176 2214 non
195 2187 408 2225 translatitium,
430 2199 487 2218 non
504 2189 620 2218 aliunde
642 2188 791 2226 sumptum.
834 2190 909 2218 Suet.
931 2191 960 2217 in
982 2189 1080 2218 Claud.
1103 2199 1164 2226 cap.
1178 2198 1224 2218 21.

118 2222 284 2259 Spectacula
295 2237 406 2264 quoque
419 2226 565 2264 complura
573 2227 774 2264 magnificaque
788 2227 887 2260 edidit,
903 2236 960 2256 non
971 2228 1067 2256 usitata
1081 2228 1176 2257 modo,
1192 2237 1225 2256 ac

117 2259 204 2292 solitis
212 2263 282 2294 loci8
291 2286 299 2299 ,
313 2265 362 2294 sed
370 2266 455 2295 etiam
465 2265 669 2299 commentitia,
689 2267 714 2294 &
727 2275 761 2294 eit
772 2265 936 2302 antiquitate
947 2267 1072 2302 repetita.
1095 2265 1224 2295 Budaeus.

99 2296 180 2329 Nova
197 2302 225 2331 ἃ
245 2304 447 2333 commentitia.
488 2303 546 2333 Cic.
562 2314 587 2338 ς.
610 2304 645 2332 de
665 2303 754 2332 Finib.
766 2313 812 2339 90.
844 2304 909 2332 liaec
924 2303 1007 2340 igitur
1022 2313 1108 2333 ouum
1120 2313 1172 2340 ego
1183 2308 1227 2332 tot

117 2339 280 2370 nominibus
294 2351 310 2371 a
325 2342 424 2371 Stoicis
439 2341 580 2379 appellata
591 2363 600 2377 ,
620 2341 721 2379 partim
741 2342 822 2371 novis
836 2343 862 2370 ἃ
877 2342 1081 2371 commentitiis
1098 2363 1105 2377 ,
1129 2349 1160 2371 ut
1178 2341 1226 2371 ista

117 2376 256 2412 producta
269 2380 295 2409 δε
306 2380 420 2410 reducta
433 2402 440 2415 ,
458 2381 510 2409 &c.

98 2411 148 2448 Jus
155 2417 392 2447 commentitium.
416 2417 551 2447 Paulusin
561 2417 580 2447 l.
590 2417 607 2446 si
619 2426 711 2454 poena.
724 2417 758 2446 D.
771 2417 807 2446 de
822 2417 914 2454 poenis
927 2439 934 2452 ‚
956 2417 983 2446 Si
996 2427 1081 2455 poena
1097 2416 1180 2447 alicui
1191 2417 1229 2447 ir-

117 2460 229 2490 rogatur
239 2476 247 2489 ,
268 2463 413 2494 receptum
423 2455 460 2485 est
468 2455 664 2485 commentitio
674 2456 735 2492 jure
744 2465 780 2484 ne
791 2455 827 2485 ad
838 2455 979 2484 haeredem
987 2455 1115 2485 transeat.

54 2486 327 2529 »COMMENTOR‚
347 2494 410 2523 oris.
433 2494 579 2530 [masiis]
600 2500 631 2522 ut

103 2526 169 2557 Uvae
184 2538 364 2561 commentor
373 2532 476 2561 dicitur
487 2531 612 2561 Bacchus
627 2531 660 2560 ab
674 2531 759 2560 Ovid.
774 2539 798 2566 3.
810 2526 957 2568 Fasts785.

180 2566 256 2598 Luce
268 2568 314 2599 sua
323 2569 405 2599 ludos
417 2580 476 2599 uvae
490 2576 667 2599 commentor
675 2568 806 2598 habebat.
920 2570 936 2598 i.
953 2579 977 2599 e.
999 2569 1140 2599 Inventor.

6 2602 16 2633 ’ἱ
64 2601 88 2632 C
97 2612 114 2632 0
125 2614 145 2632 Μ
155 2615 175 2633 Μ
186 2615 201 2634 Β
209 2616 258 2636 NT
267 2617 284 2636 o
293 2618 310 2636 R
320 2629 328 2642 ,
357 2605 522 2643 [wrugss'm‚
550 2606 701 2643 σ-υμωοὲ-Ξω
712 2629 720 2642 ,
749 2602 861 2637 μελε-’τέω
871 2629 878 2641 ‚
912 2607 1149 2643 maynardum]
1176 2607 1224 2637 Ξγί.

98 2641 237 2679 frequent.
258 2655 273 2674 a
289 2645 510 2681 Comminiscor3
533 2645 667 2683 significat
676 2643 842 2682 Confingere
858 2644 996 2674 fallaciam
1009 2668 1017 2681 ,
1039 2647 1151 2675 austore
1170 2646 1227 2675 Do-

99 2686 176 2710 nato.
218 2683 306 2714 Plaut.
320 2683 409 2713 Casiri:
422 2693 448 2714 2.
458 2693 483 2719 3.
498 2693 543 2719 ας.
566 2683 602 2713 Ut
616 2684 673 2713 cito
685 2689 890 2712 commentatus
902 2683 948 2713 est.

99 2717 311 2757 Commentari‚
332 2722 477 2759 Cogitate,
499 2722 617 2759 agitare,
638 2723 761 2751 trat‘tare.
786 2720 845 2750 Cic,
858 2732 883 2756 4.
900 2721 953 2750 Att.
966 2724 1009 2756 36.
1032 2720 1225 2751 Veruntamen

118 2757 239 2795 idipsum
250 2769 363 2790 mecum
376 2761 407 2788 in
416 2761 459 2789 his
470 2759 538 2790 locis
546 2767 723 2789 commentor
733 2781 740 2792 ,
761 2766 792 2788 ut
805 2759 852 2788 ista
867 2759 1034 2798 improbem.
1058 2759 1136 2789 Idem
1149 2770 1173 2797 5.
1190 2759 1226 2790 de

120 2794 210 2831 Finib.
220 2807 266 2834 4²·
288 2797 415 2835 Cupiunt
424 2798 609 2828 commentari
618 2797 723 2833 aliquid
735 2798 761 2827 Sc
770 2797 883 2826 discere.

99 2831 312 2871 commentari,
334 2836 488 2873 Disputare.
509 2835 568 2865 Cic.
583 2847 607 2871 ς.
627 2836 663 2865 de
672 2835 763 2865 Finib.
779 2845 824 2871 75.
847 2834 952 2864 Satisne
967 2835 1046 2864 vobis
1065 2835 1163 2865 videor
1173 2845 1225 2874 pto

121 2881 185 2902 meo
193 2874 254 2909 jure
265 2874 294 2903 in
305 2874 397 2904 vestris
409 2873 522 2904 auribus
535 2879 741 2904 commentatus
751 2874 764 2901 ⁶?
796 2873 836 2903 Al.
860 2873 1064 2903 Commoratus.

120 2909 288 2949 Exponente
301 2912 411 2942 Budaeo.
441 2912 476 2941 H.
488 2912 527 2942 St.

42 2969 49 2977 x
99 2948 291 2980 Commentari
303 2950 511 2980 &meditaride
520 2949 612 2987 aliqua
623 2958 662 2978 re.
684 2948 742 2978 Cic.
757 2957 780 2982 3.
799 2948 918 2987 Philipp.
931 2951 976 2986 36.

99 2985 194 3016 Plures
208 2988 268 3017 dies
284 2988 313 3017 in
329 2988 394 3018 villa
408 2988 600 3018 commentari.
623 2987 681 3017 Cic.
695 2996 737 3016 12.
759 2986 831 3016 Fam.
845 2996 870 3016 2.

100 3022 320 3056 commentandi
330 3026 426 3062 causa,
447 3033 529 3064 atque
542 3027 615 3056 inter
625 3026 652 3055 se
669 3025 870 3062 colloquendi,
892 3030 1097 3062 congregantur
1110 3024 1141 3054 in
1160 3023 1226 3054 fano

119 3062 206 3100 Magi.
229 3063 288 3094 Cic.
303 3074 324 3094 1.
338 3064 374 3094 de
385 3064 478 3094 Divin.
494 3074 539 3100 90.
698 3095 702 3098 ,

99 3099 208 3131 Multos
217 3111 307 3132 annos
318 3102 423 3139 aliquid
438 3101 634 3132 commentari.
658 3100 716 3129 Cic.
729 3110 754 3136 7.
769 3100 843 3130 Fam.
858 3109 882 3129 1.
955 3126 959 3127 .
1151 3137 1157 3144 ·

99 3137 176 3206 Irbter
194 3138 223 3169 se
239 3141 441 3177 commentari,
463 3150 518 3178 qua
537 3141 646 3170 ratione
663 3139 869 3168 traducendum
886 3137 918 3167 sit
927 3138 967 3167 eis
981 3144 1103 3176 tempus.
1125 3137 1185 3168 Cic.
1196 3148 1223 3175 4.

141 3187 194 3206 am.
209 3181 236 3207 ⁶.

100 3214 238 3252 Quotidie
246 3216 441 3246 commentari.
469 3216 528 3246 Cic.
541 3224 566 3252 3.
576 3215 612 3244 de
623 3215 701 3245 Orat.
715 3218 760 3249 86.
783 3214 913 3251 Magister
922 3214 969 3244 hic
978 3213 1145 3244 Samnitium
1155 3213 1229 3244 sum-

59 3274 71 3282 ..
120 3263 166 3282 ma
176 3254 231 3289 jam
243 3253 384 3284 senestute
395 3255 434 3284 est
445 3276 455 3289 ,
476 3256 502 3284 St
512 3254 639 3291 quotidie
649 3259 863 3283 commentatur.

100 3290 174 3320 Cum
184 3291 278 3329 aliquo
288 3293 415 3329 quotidie
423 3292 650 3322 declamitantem
661 3291 854 3320 commentari.
876 3290 933 3320 Cic.
946 3289 982 3319 de
994 3289 1066 3320 Clar.
1079 3289 1174 3334 Orat.3
1183 3300 1226 3320 ιο.

102 3329 243 3360 Omnibus
257 3330 392 3366 exclusis,
413 3336 635 3360 commentatum
645 3331 673 3359 in
682 3329 801 3367 quadam
812 3329 949 3358 testudine
970 3338 1035 3358 cum
1051 3327 1135 3358 servis
1153 3327 1229 3358 litte-

121 3368 195 3397 ratis.
216 3367 276 3398 Cic.
288 3369 324 3397 de
336 3368 407 3398 Clar.
419 3368 496 3398 Orat.
508 3374 553 3406 87.
936 3404 941 3409 ,

102 3404 312 3441 Commentari‚
333 3404 523 3443 [ποώζεθοω]
545 3416 596 3444 pro
607 3405 744 3435 Invenire.
767 3404 825 3433 Cic.
841 3403 1014 3447 12.,I'hilipp·
1030 3413 1072 3441 13.
1096 3404 1226 3441 Quorum

121 3443 191 3473 alter
200 3451 407 3474 commentatus
417 3445 455 3473 est
467 3444 573 3474 Mimos
585 3465 594 3479 ,
614 3443 683 3473 alter
696 3444 752 3480 egit
760 3442 949 3479 Tragoediam.
1217 3479 1224 3487 α

103 3483 189 3519 Agere
201 3481 325 3517 causam,
348 3484 372 3512 &
385 3482 579 3512 commentari.
620 3481 678 3511 Cic.
693 3482 728 3510 de
739 3480 810 3510 Clar.
824 3480 900 3509 Orat.
914 3486 959 3515 87.
991 3479 1088 3516 Quum
1107 3479 1226 3524 effetssei

121 3520 281 3549 nuntiatum
292 3529 402 3558 tempus
414 3520 468 3549 esse
479 3542 486 3555 ,
508 3519 591 3549 exiise
603 3520 632 3548 in
643 3520 716 3549 aedes
726 3528 760 3548 eo
773 3518 867 3548 colore
879 3519 903 3547 δι
915 3518 946 3547 iis
966 3517 1054 3547 oculis
1065 3539 1074 3553 ,
1096 3524 1128 3548 ut
1143 3517 1226 3556 egisse

121 3558 246 3593 causam,
267 3568 324 3587 non
337 3564 557 3588 commentatum
567 3564 686 3596 putares.
726 3558 754 3586 h.
768 3566 792 3586 e.
814 3556 847 3586 In
860 3556 963 3586 Senatu
978 3555 1064 3586 orasse
1077 3577 1087 3592 ,
1106 3565 1165 3585 non
1178 3556 1228 3585 do-

120 3597 161 3624 mi
177 3597 353 3627 meditatum.

103 3632 269 3663 Orationem
279 3635 309 3663 in
317 3634 438 3672 aliquem
447 3633 639 3664 commentari.
662 3633 719 3663 Cic.
730 3643 779 3670 pro
790 3632 869 3662 Rosc.
882 3632 972 3661 Amer.
983 3636 1029 3665 8².
1197 3669 1204 3675 .

104 3670 295 3701 Commentari
307 3695 314 3707 ,
338 3673 448 3709 Aliquid
460 3671 606 3702 scribendo
618 3680 791 3708 componere
805 3677 852 3700 aut
865 3679 1009 3705 enarrare;
1030 3676 1062 3699 ut
1074 3670 1176 3713 fieren.
1195 3679 1226 3699 in

123 3710 272 3739 Horatium
292 3717 496 3740 commentatus
515 3711 562 3740 est.
603 3710 671 3739 Plin.
693 3709 740 3738 lib.
758 3715 797 3743 ¹8.
828 3717 944 3746 cap.25.
973 3707 1005 3737 Id
1022 3717 1056 3737 eo
1073 3706 1132 3745 ipso
1150 3717 1226 3737 anno

123 3757 210 3784 quum
219 3756 473 3778 commentaremur
484 3748 544 3778 haec
553 3770 561 3784 ,
583 3754 710 3777 notatum
719 3747 757 3777 est
766 3769 774 3782 ,
795 3752 964 3784 proventum
974 3755 1072 3776 eorum
1090 3752 1132 3776 ter
1148 3756 1228 3784 tepe-

123 3786 176 3815 tito
185 3785 288 3822 frigore
301 3787 465 3816 extinctum.

105 3822 296 3852 Commentari
306 3823 445 3860 fabulam,
466 3824 601 3853 Scribere.
624 3822 710 3852 Plaut.
722 3822 798 3851 Poen.
810 3820 882 3858 prol.
899 3830 923 3851 1.

198 3860 334 3891 Achillem
347 3862 489 3891 Aristarchi
502 3862 572 3890 mihi
582 3860 765 3890 commentari
780 3860 868 3889 lubet.

106 3900 187 3926 eiam
198 3909 273 3928 meas
285 3901 468 3929 commentari
479 3909 539 3929 non
552 3899 655 3928 desinO.
679 3898 736 3928 Cic.
751 3908 776 3934 9.
791 3899 843 3927 Att.
861 3906 903 3926 11.

28 3954 31 3958 -
68 3933 92 3966 C
99 3945 116 3966 ο
124 3946 177 3968 un
186 3947 201 3967 ι
209 3946 231 3967 n
240 3946 290 3967 TA
298 3948 318 3967 ‘r
328 3947 345 3967 υ
353 3947 365 3968 s
374 3959 382 3974 ,
403 3933 651 3974 [μεμεκημὲὖῷ]
671 3937 770 3967 Partic.
782 3935 849 3975 pass.
871 3934 929 3966 Cic.
943 3936 986 3965 16.
996 3932 1071 3966 Fam.
1081 3937 1128 3967 26.
1148 3933 1228 3974 Isque

1273 369 1588 406 Communi-mio,
1611 373 1683 402 (inis.
1706 373 1724 401 i.

1715 102 1745 136 C
1844 103 1879 138 O
1977 105 2017 140 Μ
2368 121 2434 153 591

1305 181 1373 223 diu.
1395 182 1420 211 ὅ(
1440 181 1536 211 multis
1552 181 1794 214 lucubrationibus
1812 190 2003 215 commentata
2015 186 2144 216 oratione
2158 208 2166 221 ,
2185 187 2250 217 vide
2276 194 2307 217 ut
2319 190 2441 225 probare

1307 221 1388 256 poilit
1403 228 1429 248 tc
1443 230 1499 248 non
1512 221 1644 257 peccail'e.

1308 257 1502 286 Conimenrata
1515 260 1539 287 Sc
1550 258 1648 295 scripta
1657 259 1785 295 alicujus.
1827 259 1886 288 Cic.
1902 259 1930 288 in
1940 258 2014 289 Brut.
2030 269 2094 296 301.
2119 261 2155 290 Ut
2165 260 2211 290 sua
2224 264 2250 292 ἃ
2264 272 2438 294 commenta-

1329 297 1392 324 ta&
1406 295 1503 331 scripta
1516 298 1541 324 ἃ
1559 297 1635 326 nullo
1656 297 1792 326 referente
1812 298 1908 326 omnia
1928 298 2145 328 adversariorum
2167 300 2241 328 dieta
2260 302 2436 332 meminiffet.

1330 332 1382 361 i.e.
1406 332 1548 370 Cogitata:
1572 334 1670 371 legitur
1686 337 1710 364 ἃ
1729 335 1906 364 Commenta.

1715 372 1721 377 “
1746 374 1861 408 [fanni-ni
1873 394 1881 408 ‚
1899 373 2065 408 mezypaew‘x
2077 373 2092 408 ]
2113 373 2264 403 Meditatio
2285 382 2366 411 atque
2376 385 2443 405 con-

1312 407 1460 443 templatio
1475 430 1483 443 ,
1506 408 1652 443 Cogitatio.
1688 410 1763 439 Plin.
1790 409 1838 439 lib.
1855 416 1896 443 18·
1920 421 1981 448 cap.
1995 420 2040 445 25.
2071 411 2105 440 Et
2121 412 2266 450 Sosigenes
2283 413 2339 449 ipse
2362 415 2443 443 trinis

1311 447 1597 476 commentationibus
1608 469 1615 479 ,
1636 457 1793 484 quanquam
1806 447 1968 486 diligentior
1981 449 2082 478 ceteris
2092 471 2101 485 ,
2123 460 2181 478 non
2201 450 2313 480 cessavit
2325 451 2444 480 addubi-

1311 491 1386 515 tare,
1409 482 1465 519 ipse
1476 483 1560 512 semet
1576 486 1752 522 corrigendo.

1312 519 1462 549 Meditatio
1473 522 1498 550 ὅ(
1510 524 1712 551 commentatio
1728 524 1767 552 rei
1778 523 1903 559 alicujus.
1946 524 2005 553 Cic.
2020 533 2043 560 3.
2060 523 2142 554 Tusc.
2158 534 2202 560 ³4-
2225 525 2303 555 Nihil
2316 526 2354 554 est
2367 527 2443 556 enim

1332 557 1406 593 quod
1418 566 1472 586 tarn
1485 559 1623 588 obtundat
1637 561 1784 597 elevetque
1796 562 2002 598 aegritudineni,
2026 571 2125 598 quam,
2144 564 2195 592 &c
2217 563 2364 592 meditatio
2376 573 2444 593 con-

1334 595 1450 624 ditionis
1462 595 1588 626 humante
1601 619 1608 631 ,
1630 608 1711 633 quam
1727 600 1789 628 vitae
1805 599 1848 627 lex
1861 621 1869 632 ,
1891 601 2150 637 commentatioque
2165 601 2291 638 parendi.

1313 632 1405 662 Multa
1418 635 1656 663 commentatione
1670 642 1751 673 atque
1767 637 1951 666 meditatione
1970 646 2079 675 paratos
2096 646 2177 675 atque
2201 639 2349 676 expeditos
2367 638 2445 669 locos

1334 669 1443 699 habere.
1467 671 1525 700 Cic.
1542 681 1568 701 2.
1584 672 1620 700 de
1633 674 1708 701 Orat.
1725 684 1734 702 i
1746 680 1785 706 18.

1315 708 1455 751 Cogitatio
1466 711 1491 738 ἅ
1508 712 1720 739 commentatio.
1762 712 1819 740 Cic.
1837 721 1859 741 i.
1876 712 1911 740 de
1921 711 1999 742 Orat.
2016 723 2075 749 150.
2103 714 2176 743 Nam
2191 714 2207 743 si
2222 713 2339 744 subitam
2359 715 2447 744 &for-

1335 753 1434 774 tuitam
1449 748 1604 776 orationem
1615 751 1815 777 commentatio
1834 751 1858 779 δε
1880 751 2016 785 cogitatio
2039 751 2118 781 facile
2137 753 2223 782 vincit
2237 774 2245 787 ,
2265 752 2340 782 hanc
2359 751 2445 790 ipsam

1335 783 1462 820 profecto
1473 784 1576 814 allidua
1588 795 1621 814 ac
1631 785 1750 822 diligens
1760 786 1890 824 scriptura
1903 786 2051 824 superabit.

1316 820 1465 850 Causarum
1476 824 1689 852 commentatio.
1713 824 1772 853 Cic.
1792 835 1817 858 9.
1841 824 1912 853 Fam.
1932 835 1977 854 20.

1315 858 1416 889 Mortis
1426 861 1637 890 commentatio.
1676 862 1733 890 Cic.
1750 871 1771 890 1.
1785 861 1866 891 Tusc.
1878 872 1923 898 74.
1947 863 2021 893 Tota
2034 864 2110 893 enirn
2121 864 2353 903 philosophorum
2368 867 2424 897 vita
2435 889 2444 904 ,

1334 903 1366 925 ut
1381 897 1419 925 ait
1429 897 1504 926 idem
1514 920 1521 934 ‚
1544 900 1745 928 commentatio
1758 900 1854 928 mortis
1865 901 1902 929 est

1315 933 1426 964 Inclusa
1435 937 1636 965 commentatio
1647 938 1675 964 in
1684 937 1807 965 veritatis
1818 936 1910 967 lucem
1922 938 2088 976 proferenda
2101 940 2209 969 est.Cic.
2220 950 2240 969 i.
2254 941 2289 969 de
2300 941 2375 970 Orat.
2385 953 2392 971 i
2401 951 2445 978 57.

1317 972 1542 1007 Commentario,
1567 984 1618 1011 pro
1640 973 1841 1011 Descriptione.
1884 975 1951 1005 Plin.
1969 976 2016 1005 lib.
2036 981 2060 1006 6.
2082 987 2143 1014 cap.
2161 987 2202 1014 ¹7·
2234 979 2339 1008 Seneca
2362 981 2448 1011 etiam

1336 1010 1412 1047 apud
1424 1020 1475 1039 nos
1485 1033 1493 1045 ,
1515 1017 1622 1041 tentata
1631 1012 1717 1041 Indiae
1727 1013 1978 1047 commentatione,
1989 1013 2127 1052 sexaginta
2136 1024 2229 1044 amnes
2241 1017 2300 1051 ejus
2312 1018 2446 1054 prodidit.

1316 1049 1458 1077 Accuratae
1472 1050 1497 1078 &
1510 1050 1649 1078 meditatae
1661 1051 1924 1080 commentationes.
1949 1050 2007 1081 Cic.
2023 1063 2045 1081 1.
2061 1055 2097 1081 de
2108 1053 2185 1083 Orat.
2197 1063 2259 1090 257.

1318 1085 1498 1122 Quotidianis
1509 1088 1794 1117 commentationibus
1802 1087 1856 1117 sese
1874 1098 2012 1118 exercere.
2037 1090 2095 1119 Cic.
2112 1090 2147 1119 de
2166 1090 2235 1119 Clar.
2252 1092 2328 1121 Orat.
2345 1102 2408 1128 ²49-

1317 1123 1609 1191 Iiffxegitationibus
1620 1127 1646 1155 ἃ
1661 1127 1948 1157 commentationibus
1960 1127 2080 1157 multum
2091 1138 2182 1166 opera:
2201 1138 2315 1167 ponere.
2337 1130 2395 1160 Cic.
2413 1130 2450 1162 de

1374 1172 1411 1190 ar.
1447 1169 1495 1191 rat.
1515 1173 1574 1197 105.

1318 1199 1353 1229 In
1366 1200 1454 1229 lustris
1467 1202 1492 1230 §t
1505 1201 1534 1230 in
1547 1201 1613 1230 vino
1625 1203 1836 1232 commentatio.
1859 1202 1917 1231 Cic.
1930 1211 1970 1232 12.
1985 1202 2060 1232 Fam.
2072 1213 2098 1232 2.

1281 1236 1304 1267 C
1314 1247 1330 1266 o
1340 1247 1362 1266 M
1371 1249 1392 1266 M
1402 1248 1416 1267 a
1425 1247 1445 1266 Ν
1454 1248 1474 1266 T
1484 1242 1501 1267 Κ
1509 1248 1529 1267 T
1539 1248 1556 1268 0
1566 1250 1581 1267 a
1594 1261 1602 1273 ,
1622 1240 1686 1269 oris.
1709 1249 1747 1269 m.
1772 1241 1986 1270 mendaciorum
2014 1242 2152 1270 inventor.
2184 1242 2263 1279 Apul.
2283 1242 2362 1279 Apol.
2382 1253 2446 1282 pag.

1321 1285 1383 1311 3²1-
1399 1276 1536 1306 Omnium
1549 1276 1677 1307 falsorum
1687 1286 1902 1313 commentator,
1914 1280 2043 1308 omnium
2052 1279 2260 1309 simulationum
2269 1278 2448 1311 architectus.

1281 1312 1613 1349 COMMENTARIUS,
1635 1316 1654 1345 i.
1676 1325 1713 1345 m.
1735 1315 1779 1346 vel
1802 1317 2129 1352 COMMENTARtuM,
2151 1319 2169 1347 i.
2190 1319 2446 1354 n.[01roe7uarezae,

1318 1350 1466 1387 ’ὴὲ-ὄμνημκ,
1488 1350 1725 1389 λ’πτμνπμόνώμσι]
1747 1353 1828 1383 Liber
1838 1355 1885 1390 est,
1895 1364 1980 1391 quem
1994 1354 2041 1384 sibi
2057 1355 2171 1392 quisque
2182 1356 2305 1384 nostrum
2321 1358 2450 1393 privatim

1318 1390 1410 1419 facere
1422 1389 1584 1425 consuevit,
1606 1391 1679 1427 quasi
1694 1392 1846 1428 Quoddam
1866 1393 2009 1422 memoria:
2026 1395 2250 1431 promptuarium
2269 1404 2366 1422 eorum
2390 1405 2452 1430 quae

1318 1428 1444 1466 agimus,
1466 1428 1495 1457 id
1515 1429 1554 1458 est
1576 1428 1694 1458 diarium
1719 1432 1744 1459 ἂ
1760 1431 1919 1468 ephemeris
1933 1431 2075 1460 actionum
2097 1432 2258 1461 nostrarum.
2297 1432 2453 1468 Regiilrum

1317 1465 1404 1503 vulgo
1415 1474 1548 1496 vocatur:
1570 1467 1647 1504 quod
1666 1467 1762 1497 Latine
1782 1468 1931 1505 Regestum
1950 1469 2006 1498 dici
2025 1469 2115 1506 potest
2127 1492 2135 1505 ,
2158 1480 2243 1505 quum
2261 1469 2453 1505 Quintilianus

1318 1504 1479 1541 Regerendi
1497 1504 1582 1534 verbo
1601 1511 1700 1534 utatur.
1742 1506 1856 1542 [Velim
1877 1506 2104 1544 Ephemeridem.
2131 1507 2164 1537 Η.
2178 1508 2241 1542 St.]
2283 1507 2453 1543 Hujusmodi

1320 1552 1416 1571 autem
1431 1542 1534 1572 librum
1545 1542 1678 1572 faetitaffe
1690 1543 1738 1573 sibi
1751 1545 1894 1582 principes
1906 1544 2048 1574 Romanos
2065 1545 2161 1575 multis
2171 1546 2380 1575 aut‘toritatibus
2391 1556 2453 1584 pro.

1320 1580 1380 1609 bari
1394 1581 1493 1618 potest.
1533 1582 1609 1611 Suet.
1622 1582 1652 1609 in
1662 1581 1756 1611 Tiber.
1768 1581 1828 1620 cap.
1842 1587 1887 1612 61.
1911 1583 2142 1618 Commentario,
2164 1593 2246 1620 quem
2275 1584 2310 1612 de
2330 1585 2385 1613 vita
2406 1584 2452 1614 sua

1320 1618 1478 1647 summatim
1490 1618 1666 1655 breviterque
1677 1619 1836 1657 composuit
1845 1642 1854 1655 ,
1876 1621 1956 1650 ausus
1967 1621 2005 1650 est
2022 1620 2140 1651 scribere
2150 1643 2158 1657 ‚
2181 1622 2312 1655 Seianum
2324 1621 2350 1650 se
2360 1622 2454 1659 punis-

1320 1656 1358 1690 se,
1382 1657 1458 1693 quod
1473 1657 1650 1694 comperisset
1659 1657 1751 1687 furere
1762 1657 1891 1688 adversus
1903 1658 2006 1688 liberos
2018 1659 2175 1689 Germanici
2191 1659 2241 1688 filii
2254 1658 2300 1688 sui.
2327 1659 2366 1689 De
2378 1670 2454 1689 corn.

1321 1696 1465 1724 mentariis
1476 1695 1585 1724 Claudii
1597 1696 1716 1725 Neronis
1726 1697 1859 1733 loquitur.
1884 1696 1950 1725 Plin.
1964 1696 2012 1726 lib.
2028 1701 2053 1728 6.
2067 1697 2148 1734 Epist.
2160 1707 2205 1727 22.
2225 1698 2363 1734 Corrupto
2375 1708 2452 1728 enim

1321 1732 1416 1762 scribae
1426 1732 1513 1768 servo,
1526 1734 1712 1771 interceperat
1721 1735 1946 1770 commentarios,
1958 1735 2204 1772 intercideratque,
2215 1744 2246 1764 ac
2257 1745 2305 1772 per
2316 1735 2454 1766 summum

1320 1770 1399 1800 nefas
1409 1771 1538 1800 utebatur
1550 1771 1677 1801 adversus
1692 1772 1813 1802 amicum
1825 1774 1942 1802 crimine
1954 1773 2010 1801 suo.
2022 1773 2141 1803 Budaeus
2156 1773 2177 1801 V
2192 1773 2368 1809 Vallanilib.4
2381 1784 2454 1804 c.2i.

1321 1808 1548 1838 Commentarius
1563 1809 1646 1846 igitur
1668 1812 1693 1839 St
1720 1811 1960 1840 Commentarium
1975 1833 1982 1843 .
2007 1810 2110 1840 dicitur
2127 1811 2270 1848 Quicquid
2286 1813 2322 1841 ita
2341 1813 2456 1841 contici-

1340 1857 1403 1876 mus
1413 1870 1421 1882 ,
1444 1855 1474 1876 ut
1483 1848 1626 1876 memoriae
1636 1853 1746 1877 tantum
1758 1850 1842 1885 gratia
1852 1871 1861 1884 ,
1883 1859 1939 1877 non
1953 1849 2043 1886 plenae
2068 1851 2230 1878 narrationis
2250 1850 2340 1878 facere
2362 1852 2457 1879 videa.

1340 1895 1402 1914 mur
1419 1908 1426 1918 ,
1451 1886 1542 1922 inquo
1550 1884 1656 1915 scilicet
1667 1887 1756 1924 capita
1768 1894 1876 1917 tantum
1897 1888 1922 1916 &
1936 1886 2055 1917 summas
2067 1897 2156 1917 rerurn
2170 1894 2303 1916 annotare
2320 1887 2452 1918 sol›mus.

1339 1923 1410 1953 Inde
1422 1922 1622 1952 Commeat-arii
1635 1924 1745 1954 Caesiris
1758 1926 1825 1954 dicti
1836 1947 1844 1959 ,
1867 1926 1895 1953 in
1906 1925 2007 1962 quibus
2021 1936 2062 1954 res
2073 1927 2133 1961 ejus
2143 1927 2171 1955 in
2185 1926 2272 1954 Gallia
2293 1928 2315 1955 ἃ
2325 1926 2399 1954 bello
2409 1926 2455 1956 Ci-

1338 1961 1385 1990 vili
1396 1962 1476 1998 gestae
1489 1983 1497 1997 ,
1519 1971 1577 1990 non
1588 1961 1676 1991 late&
1688 1962 1772 2000 plene
1783 1970 1953 1997 enarrantur,
1965 1963 2011 1992 sed
2024 1963 2110 1993 veluti
2125 1964 2343 2001 perstringuntur
2374 1964 2451 1993 Suet.

1340 1999 1405 2028 Caes.
1419 2009 1479 2037 cap.
1500 2003 1543 2034 56.
1566 1999 1824 2036 Reliquit&rerum
1837 2000 1946 2030 suarum
1958 2002 2183 2031 commentarios.
2207 2002 2265 2031 Cic.
2278 2007 2304 2035 8.
2322 2001 2397 2031 Fam.
2408 2011 2452 2031 11.

1339 2037 1433 2074 Quam
1446 2037 1559 2075 quisque
1573 2038 1736 2067 seutentiam
1753 2039 1872 2071 dixerit,
1894 2039 1923 2068 in
1945 2041 2147 2069 commentario
2165 2040 2204 2070 est
2221 2049 2315 2070 rerum
2336 2039 2455 2070 urbana-

1339 2085 1420 2105 rum:
1443 2085 1457 2113 e
1471 2085 1527 2112 quo
1541 2082 1570 2106 tu
1584 2086 1645 2113 quae
1659 2077 1743 2113 digna
1755 2076 1819 2106 sunt
1829 2099 1837 2112 ,
1858 2077 1949 2114 selige.
1973 2077 2100 2107 Budaeus.

1320 2115 1472 2143 Auctorum
1484 2115 1677 2143 commentarii
1690 2122 1793 2144 extant.
1819 2115 1887 2144 Plin.
1899 2114 1946 2144 lib.
1963 2124 2005 2151 37.
2022 2125 2083 2154 cap.
2100 2124 2143 2146 12.

1321 2152 1422 2181 Diurni
1432 2153 1637 2181 commentarii.
1661 2152 1737 2182 Suet.
1749 2153 1857 2190 August.
1871 2162 1932 2191 cap.
1945 2156 1990 2188 64.

1321 2189 1575 2219 Grammaticorum
1590 2191 1794 2220 commentarii.
1819 2189 1941 2228 Quintil.
1954 2190 2003 2221 lib.
2021 2200 2113 2229 neap.
2124 2195 2152 2226 8.

1321 2227 1499 2257 Pontificum.
1522 2228 1581 2257 Cic.
1596 2228 1630 2257 de
1643 2227 1713 2257 Clar.
1725 2229 1802 2258 Orat.
1818 2240 1861 2264 ςς.

1322 2266 1457 2296 Praetoris.
1497 2265 1556 2296 Cic.
1569 2275 1595 2302 7,
1616 2265 1689 2296 Verr.
1712 2276 1754 2304 53.
1784 2267 1887 2297 Audite
1906 2266 2054 2297 decretum
2070 2266 2235 2297 mercenarii
2255 2265 2398 2303 Praetoris,
2421 2276 2458 2299 ex

1341 2304 1402 2339 ejus
1414 2305 1628 2333 commentario.

1321 2342 1481 2372 Puerorum.
1505 2341 1627 2378 Quintil.
1640 2337 1688 2371 lib.
1700 2351 1798 2381 2.cap.
1815 2352 1857 2373 tr.
1875 2349 1947 2373 extr.
1969 2341 2002 2372 In
2018 2342 2119 2381 quibus
2130 2342 2456 2383 excerptaxcolligebant,

1341 2380 1580 2409 declamationum
1596 2380 1750 2410 materiam.

1321 2418 1354 2448 In
1367 2417 1521 2447 Rhetorum
1537 2419 1745 2448 commentariis
1757 2416 1960 2447 consenescere.
1984 2418 2104 2455 Quintil.
2116 2418 2164 2448 lib.
2176 2426 2202 2454 3.
2212 2427 2276 2456 cap.
2291 2428 2317 2453 9.

1322 2456 1546 2486 Commentarius
1556 2479 1564 2490 ,
1580 2466 1632 2494 pro
1642 2466 1676 2485 eo
1690 2457 1766 2492 quod
1775 2456 1970 2486 Instruttiones
1982 2466 2121 2487 vocamus.
2160 2455 2218 2486 Liv.
2234 2466 2277 2492 39.
2290 2466 2336 2491 47-
2359 2457 2455 2494 Quaeri

1340 2494 1416 2531 J'uffit
1427 2495 1459 2523 ab
1469 2503 1633 2532 e0,ecquem
1642 2495 1677 2523 de
1688 2495 1720 2524 iis
1732 2494 1812 2524 rebus
1823 2504 1838 2524 a
1846 2502 1925 2532 patre
1933 2494 2454 2532 commentarium1acepiffet‘2ssudaeus.

1340 2533 1538 2562 instructiones
1549 2554 1556 2567 ,
1577 2542 1637 2569 quae
1650 2532 1757 2570 Legatis
1767 2532 1876 2562 dantur.
1901 2533 1934 2562 H.
1947 2534 1987 2562 St.

1322 2570 1549 2600 Commentarius
1560 2592 1567 2605 ,
1591 2580 1642 2608 pro
1664 2569 1872 2608 compendiosa
1895 2571 2023 2603 historia,
2045 2569 2141 2607 quales
2169 2570 2233 2600 sunt
2253 2570 2455 2601 Commentarii

1341 2608 1461 2638 Caesaris.
1504 2607 1562 2637 Cic.
1579 2618 1602 2637 1.
1619 2610 1674 2638 Att.
1692 2613 1733 2638 i6.
1756 2607 1999 2638 Commentarium
2008 2606 2175 2638 Consulatus
2185 2609 2242 2638 mei
2263 2608 2358 2639 Graece
2376 2619 2456 2639 com-

1341 2646 1463 2684 positum
1474 2646 1534 2675 misi
1551 2646 1586 2675 ad
1602 2653 1647 2681 te,
1672 2648 1725 2682 ἃς.
1746 2646 1876 2676 Budaeus.

1322 2684 1562 2715 Commentarium
1576 2683 1659 2722 paulo
1668 2684 1790 2722 plenius.
1833 2684 1850 2713 i.
1864 2693 1888 2714 e.
1912 2683 1997 2720 Quod
2009 2684 2094 2721 vulgo
2104 2684 2205 2714 dicunt
2219 2706 2227 2719 ,
2248 2683 2398 2714 Memorias
2409 2685 2457 2715 be-

1341 2733 1377 2752 ne
1389 2722 1503 2760 amplas.
1547 2722 1607 2751 Cic.
1620 2723 1655 2751 de
1664 2722 1736 2752 Clar.
1751 2722 1828 2752 Orat.
1847 2727 1909 2756 164.
1933 2722 1990 2760 [psa
2003 2722 2051 2752 illa
2060 2722 2186 2752 censoria
2204 2728 2303 2752 contra
2327 2724 2376 2752 Cn.
2400 2723 2457 2752 Do-

1341 2761 1452 2790 mitium
1465 2759 1602 2798 collegam
1620 2770 1679 2789 non
1698 2761 1736 2790 est
1755 2760 1863 2796 oratio,
1884 2760 1932 2790 sed
1958 2760 2032 2798 quasi
2053 2761 2145 2799 capita
2163 2770 2257 2790 rerum
2277 2763 2305 2791 a&
2319 2762 2456 2791 orationis

1341 2799 1576 2829 commentarium
1589 2798 1673 2836 paulo
1686 2799 1806 2837 plenius.
1835 2799 1963 2828 Budaeus.

1322 2837 1563 2867 commentarium
1577 2858 1585 2871 ,
1607 2833 1794 2872 [ffl'pemuoe]
1819 2846 1870 2874 pro
1899 2838 2030 2866 Actorum
2063 2836 2276 2874 perscriptione.
2317 2838 2454 2867 Antonius

1341 2875 1399 2904 Cic.
1416 2885 1458 2910 14.
1476 2876 1530 2905 Att.
1543 2885 1585 2910 ¹4·
1608 2874 1696 2911 Quod
1717 2875 1735 2904 si
1760 2875 1900 2905 duriorem
1917 2883 1945 2904 te
1962 2875 2022 2911 ejus
2042 2874 2146 2904 miserae
2165 2876 2190 2904 ὃς
2205 2873 2314 2904 εῆὶίεἶεε
2333 2876 2451 2905 fortunae

1339 2913 1457 2951 praebes,
1477 2922 1535 2942 non
1548 2913 1721 2942 contendam
1733 2922 1785 2951 ego
1794 2913 1924 2943 adversus
1932 2919 1975 2943 te:
1998 2922 2157 2950 quanquam
2169 2913 2266 2942 videor
2276 2913 2383 2943 *debere
2394 2921 2454 2944 tue·

1341 2952 1363 2980 ri
1375 2952 1607 2981 commentarium
1620 2950 1740 2980 Caesaris.
1767 2951 1894 2981 Budaeus.

1321 2989 1363 3019 Ex
1389 2988 1532 3018 annalium
1553 2989 1762 3024 monumentis,
1786 2996 1868 3025 atque
1886 2998 1921 3019 ex
1940 2998 2037 3027 regum
2056 2988 2266 3019 commentariis
2286 2990 2452 3027 conquirere

1341 3026 1457 3064 aliquid.
1481 3026 1538 3056 Cic.
1552 3037 1602 3064 pro
1616 3026 1706 3056 Rabir.
1717 3027 1844 3065 perduel.
1856 3036 1904 3057 reo
1915 3049 1923 3063 ‚
1939 3037 1982 3063 ις.

1322 3066 1345 3095 A
1356 3065 1564 3094 commentariis
1575 3063 1629 3094 effe
1637 3064 1730 3094 alicui.
1762 3065 1791 3094 V.
1814 3076 1844 3095 A.
2310 3102 2313 3103 .

1322 3103 1469 3133 Conficere
1500 3104 1727 3133 commentarios.
1770 3103 1829 3133 Cic.
1844 3114 1868 3139 ς.
1887 3103 1964 3133 Fam.
1981 3111 2024 3132 12.
2068 3101 2096 3131 Si
2116 3102 2202 3131 enim‘
2224 3102 2353 3139 (inquit)
2371 3103 2453 3134 susci-

1339 3142 1384 3179 pis
1395 3140 1504 3170 causam
1513 3163 1521 3176 ,
1541 3141 1689 3170 conficiam
1702 3142 1920 3171 commentarios
1932 3150 2021 3170 rerum
2030 3140 2174 3169 omnium:
2197 3140 2234 3169 sin
2248 3148 2343 3169 autem
2356 3141 2452 3172 differs

1341 3188 1388 3208 me
1399 3179 1427 3207 in
1438 3185 1550 3217 tempus
1558 3178 1646 3214 aliud,
1668 3188 1762 3209 coram
1770 3186 1867 3209 tecum
1877 3179 1982 3216 loquar.
2019 3177 2083 3207 Hoc
2095 3177 2180 3216 vulgo
2195 3177 2345 3208 Mcmorias
2354 3180 2380 3208 &
2390 3180 2454 3209 Με-

1343 3216 1459 3246 moriale
1469 3224 1579 3246 vocant.
2392 3244 2396 3247 -

1322 3253 1481 3290 Consignati
1490 3255 1570 3284 fundi
1583 3255 1704 3292 publicis
1714 3254 1931 3284 commentariis.
1953 3253 2013 3282 Cic.
2026 3262 2053 3282 2.
2067 3252 2102 3281 de
2114 3253 2191 3282 Orat.
2205 3262 2269 3288 ²²⁴-
2293 3254 2346 3283 Ubi
2357 3254 2419 3284 fimt
2431 3257 2451 3285 ii

1339 3293 1431 3328 fundi,
1444 3293 1536 3329 Brute,
1550 3303 1621 3330 quos
1632 3293 1682 3322 tibi
1693 3300 1770 3330 pater
1781 3292 1900 3330 publicis
1909 3291 2117 3334 commentariis
2128 3291 2301 3329 consignatos
2311 3292 2425 3330 reliquit
2437 3294 2452 3324 2

1322 3329 1423 3360 Facere
1435 3332 1650 3361 commentarios
1660 3331 1810 3360 breviores.
1835 3329 1954 3366 Quintil.
1967 3329 2014 3358 lib.
2030 3338 2052 3364 3.
2065 3338 2126 3366 cap.
2139 3334 2166 3363 8.

1324 3368 1425 3399 Gerere
1434 3369 1606 3399 Dic'taturam
1617 3379 1650 3397 ex
1660 3369 1872 3398 commentario
1913 3367 1970 3396 Cic.
1985 3368 2020 3396 ad
2032 3366 2131 3396 oetav.
2156 3368 2291 3397 Antonius
2310 3370 2351 3397 vir
2361 3370 2449 3400 animi

1340 3408 1473 3443 maximi,
1493 3409 1544 3437 &c
1567 3407 1709 3444 publicam
1726 3405 1898 3443 dilapidabat
1912 3405 2077 3443 pecuniam,
2102 3405 2229 3434 aerarium
2250 3406 2450 3444 exhauriebat,

1342 3446 1488 3474 minuebat
1505 3445 1668 3481 vectigalia,
1690 3443 1815 3473 donabat
1838 3443 1984 3477 civitates,
2005 3452 2040 3472 ex
2058 3444 2263 3472 commentario
2285 3445 2450 3476 dictaturam

1341 3484 1472 3521 gerebat,
1494 3483 1568 3520 leges
1579 3482 1761 3520 imponebat,
1781 3484 1832 3510 &c
1863 3480 2028 3510 SubaudiC.
2042 3480 2163 3510 Caesari's.
2187 3481 2276 3517 Hujus
2289 3483 2450 3514 enimccrn-

1341 3522 1486 3550 mentariis
1499 3522 1534 3550 ad
1550 3521 1704 3549 vexandam
1719 3529 1806 3556 remp.
1821 3518 1997 3548 abutebatur.

1323 3558 1454 3589 Invenire
1461 3560 1567 3595 aliquid
1576 3560 1604 3587 in
1614 3557 1820 3587 commentariis
1830 3557 1959 3594 antiquis.
1982 3556 2039 3586 Cic.
2053 3556 2090 3585 de
2100 3555 2172 3586 Clar.
2183 3555 2261 3587 Orat.
2275 3567 2321 3595 72.

1322 3596 1396 3634 Lege
1406 3597 1622 3627 commentarios
1635 3596 1830 3625 Aristotelicos.
1854 3596 1910 3624 Cic.
1927 3605 1950 3630 3.
1963 3595 1998 3623 de
2009 3593 2097 3623 Finib.
2113 3604 2157 3624 10.

1324 3635 1455 3672 Quaerere
1465 3635 1569 3671 aliquid
1581 3644 1615 3663 ex
1624 3633 1841 3663 commentariis.
1865 3632 1923 3662 Cic.
1936 3642 1986 3670 pro
1994 3631 2060 3662 Sull.
2073 3642 2121 3668 45.

1323 3673 1451 3703 Recitare
1460 3673 1702 3701 commentarium.
1725 3670 1783 3700 Cic.
1796 3679 1819 3706 7.
1837 3670 1907 3700 Verr.
1921 3680 1963 3705 5³·
2279 3706 2281 3708 q

1322 3711 1438 3741 Referre
1447 3711 1475 3739 in
1484 3710 1708 3739 commentarios.
1749 3708 1886 3743 Traianus
1895 3710 1929 3738 ad
1941 3707 2008 3737 Plin.
2028 3707 2076 3736 lib.
2092 3717 2135 3736 ιο.
2147 3701 2196 3744 Ep.
2207 3710 2252 3743 96,
2280 3706 2392 3739 Dedisse
2403 3719 2449 3740 nie

1342 3749 1386 3785 jus
1399 3749 1481 3778 trium
1494 3748 1643 3776 liberorum
1656 3747 1791 3776 Suetonio
1801 3745 1966 3783 Tranquillo
1978 3756 2009 3775 ea
2019 3745 2185 3775 conditione
2196 3756 2249 3783 qua
2266 3746 2367 3777 assuevi
2378 3769 2386 3784 ,
2407 3758 2449 3778 res

1346 3787 1419 3816 ferre
1432 3787 1461 3814 in
1471 3785 1686 3815 commentarios
1698 3794 1775 3814 meos
1787 3784 1857 3819 juffi.
1901 3784 2026 3813 ssudaeus.

1325 3824 1437 3855 Referre
1447 3833 1531 3852 manu
1542 3823 1625 3852 suain
1634 3823 1868 3851 commentarium
1876 3822 1991 3858 aliquid.
2014 3821 2072 3851 Cic.
2084 3831 2109 3858 7.
2124 3821 2176 3850 Att.
2188 3829 2212 3856 3.

1324 3862 1436 3893 Referre
1447 3861 1545 3898 scripta
1555 3860 1672 3895 alicuius
1683 3862 1712 3888 in
1723 3860 1965 3890 commentarium.
1988 3859 2046 3889 Cic.
2057 3869 2081 3896 3.
2097 3859 2180 3888 Tusc.
2198 3869 2242 3894 54.

1324 3900 1437 3931 Referre
1448 3899 1569 3936 aliquem
1581 3899 1610 3927 in
1620 3899 1850 3928 commentarium
1859 3899 2003 3936 principis.
2047 3897 2218 3926 Modestinus
2231 3898 2260 3925 in
2271 3894 2289 3925 l.
2300 3896 2398 3926 abesse.
2410 3896 2444 3927 D.

1343 3947 1379 3968 ex
1390 3937 1490 3976 quibus
1500 3937 1586 3968 causis
1595 3937 1734 3973 maiores,
1753 3935 1851 3969 Abesse
1869 3936 2043 3974 Reipublicae
2056 3934 2135 3965 causa
2147 3935 2248 3964 dicitur
2268 3936 2294 3964 δι
2311 3936 2334 3963 is
2351 3936 2396 3971 qui
2413 3935 2448 4001 {b

2381 3983 2411 4001 ur
2433 3982 2449 4001 e
