2600 4177
440 145 470 180 C
566 145 582 179 Ι
674 143 705 179 R

31 229 321 262 Cincumsassus,
341 236 376 260 a,
397 236 453 255 um.
475 222 745 262 [wewffizo'ussstes]
766 225 861 256 Partic.
886 228 1060 264 Cic.3.Verr.
1071 236 1116 264 79.
1137 228 1182 257 Iri-

66 265 162 302 telligo
172 287 180 299 ,
201 267 228 294 in
240 276 292 301 qua
304 265 428 298 civitate,
449 273 506 292 non
517 263 602 291 modo
612 263 718 306 legatus
732 263 828 301 Populi
845 264 961 294 Romani
974 264 1160 295 circumsessus
1171 287 1179 300 ,

67 311 125 368 nprli
137 303 285 367 modsoigni
301 324 309 338 ‚
329 302 417 336 ferro,
439 310 522 330 manu
536 321 544 335 ,
565 310 655 338 copiis
667 310 860 339 oppugnatus,
881 303 927 332 sed
941 303 1032 341 aliqua
1052 313 1087 333 ex
1104 311 1182 342 parte

68 348 114 369 vlt)
128 346 188 368 atus
211 347 238 368 lt.

67 376 171 413 lnjuria
182 375 378 405 circumsessus.
401 376 459 405 Cic.
475 384 499 409 3.
512 375 589 405 Verr.
602 381 646 409 83.

67 415 205 450 Lacrymis
215 413 411 442 circumsessus.
452 413 509 442 Cic.
521 423 547 448 4.
562 413 590 441 in
605 412 684 442 Catil.
697 421 720 447 3.
742 422 796 443 nec
809 419 902 443 tamen
919 424 970 452 ego
985 412 1043 444 sum
1061 414 1109 444 ille
1130 415 1183 444 ser-

88 458 150 481 16116
161 472 169 486 ,
191 452 237 486 qui
254 452 340 480 fratris
355 449 483 480 carissimi
500 458 582 487 atque
592 450 767 480 amantissimi
777 451 915 488 praesentis
929 462 1048 482 moerore
1059 462 1115 482 non
1124 462 1184 481 mo-

87 498 150 518 vear
160 510 168 522 ‚
195 488 348 524 horumque
359 488 485 517 omnium
497 488 624 526 lacrymis
635 499 650 517 a
663 488 762 525 quibus
775 499 819 518 me
831 489 1034 519 circumsessum
1049 490 1157 519 videtis.

69 526 179 557 Viribus
189 525 334 555 hominum
346 525 542 555 circumsessus.
585 526 643 555 Cic.
658 535 698 555 12.
712 526 878 564 Philippu.
901 527 1089 557 Veruntamen
1098 527 1183 556 semel

85 562 275 594 circumsessus
284 561 362 592 lectis
375 563 621 593 valentissimorum
633 563 781 593 hominum
796 563 900 594 viribus
917 565 1008 595 cecidi
1026 565 1114 595 sciens
1124 587 1133 601 ,
1154 572 1185 594 ut

89 600 274 631 honestissime
286 601 394 638 surgere
409 600 524 639 possem.
734 636 741 645 .

35 643 149 672 Ciacu
160 648 263 668 msass
274 649 282 666 1
293 649 328 674 0,
349 639 418 668 onis.
441 638 460 668 f.
485 636 689 674 [mfflw'ffitm]
710 638 768 668 Cic.
780 648 805 674 3.
817 639 894 668 Verr.
907 645 953 674 83.
974 638 1017 670 Te
1032 640 1115 677 huius
1134 639 1186 669 cir-

72 675 257 708 cumsessionis
264 683 318 705 tuae
329 676 437 706 causam
451 699 459 711 ,
481 678 507 706 &
517 676 629 714 culpam
637 675 666 704 in
677 676 744 705 alios
755 676 917 707 transtulisse
926 679 940 706 ⁶?

35 716 305 749 ΟικουΜεὲΡιο,
326 713 393 752 sepsi
408 737 416 749 ,
437 714 563 752 septum,
584 712 783 750 [meumey'ailw]
803 717 853 744 ire.
875 715 932 744 Liv.
949 724 972 744 1.
984 726 1029 752 ⁴9·
1052 714 1187 745 Conscius

71 752 173 782 deinde
183 751 255 780 male
267 752 409 788 quaerendi
423 762 451 781 re
473 752 500 781 ni
511 752 546 782 ab
557 751 583 781 se
595 749 652 789 ipso
664 751 792 780 adversus
802 751 828 781 se
839 752 999 790 exemplum
1019 754 1080 790 capi
1092 752 1167 790 posse
1177 774 1185 788 ‚

69 790 181 820 armatis
188 798 288 827 corpus
298 789 451 828 circumsep
464 797 495 820 it.
534 788 635 820 Cic.ad
646 789 744 819 Octav.
764 790 819 819 Sed
833 791 965 827 quoniam
975 791 1136 820 cohortibus
1147 800 1187 819 ar-

70 828 152 858 matis
164 827 361 865 circumseptus
371 828 497 858 Senatus.

69 865 148 896 Silva:
157 864 289 894 circumse
313 872 354 895 tae.
394 865 493 895 Paulus
508 863 538 894 in
553 863 571 894 l.
588 863 729 902 possideri.
750 865 772 902 §.
795 864 863 894 item
881 866 950 895 feras
968 866 1073 896 bestias.
1097 866 1132 896 D.
1151 866 1187 895 de

87 902 190 940 acquir.
225 902 280 932 osse
294 926 300 932 .
321 903 377 932 Sed
390 913 438 933 eos
449 902 548 941 pisces,
566 903 613 939 qui
625 903 654 931 in
665 902 758 938 stagno
768 902 819 932 sint
829 925 838 939 ,
859 911 907 933 aut
916 903 986 934 feras
1001 914 1062 941 quar
1073 904 1104 933 in
1115 903 1187 933 silvis

88 941 195 970 circum
208 941 279 978 eptis
287 949 438 978 evagantur
447 963 456 975 ,
477 951 493 971 a
506 939 587 970 nobis
598 949 656 969 non
667 939 807 977 possideri.

0 977 1 1014 1
35 978 297 1014 011161111εὲ10,
318 980 363 1008 evi
377 1001 385 1014 ,
406 980 500 1013 atum,
522 978 717 1014 [πτυφνπύω]
738 979 793 1007 cre.
814 977 884 1009 Plin.
898 978 1074 1018 lib.21.cap.
1089 988 1131 1010 12.
1155 980 1189 1009 At

73 1016 187 1054 genistas
199 1016 356 1047 circumseri
364 1017 487 1046 alveariis
498 1015 687 1054 gratissimum.

2 1075 3 1089 ¹
35 1053 75 1086 Β,
84 1063 100 1083 ι
108 1063 125 1083 ic
133 1064 151 1083 u
161 1063 182 1082 Μ
192 1057 224 1084 si
232 1064 249 1082 ι)
258 1064 276 1083 0
288 1075 295 1089 ,
318 1064 373 1084 ere,
395 1052 639 1091 [πμκαθέζομοα]
659 1052 737 1082 Idem
747 1053 824 1090 quod
840 1052 1045 1084 Circumsedeo.
1082 1055 1143 1085 Liv.
1159 1064 1186 1091 9.

71 1101 117 1122 21.
128 1098 198 1121 extr.
216 1091 277 1121 Fufi
291 1093 320 1121 in
332 1092 417 1122 castra
432 1092 570 1122 Samnites
587 1091 718 1120 extinctis
738 1093 821 1121 nocte
840 1092 951 1130 ignibus
971 1093 1058 1122 tacito
1076 1093 1188 1131 agmine

71 1129 192 1160 abeunt:
214 1128 241 1159 &
253 1129 299 1167 spe
313 1130 420 1166 abjecta
430 1129 570 1160 Satriculae
585 1129 697 1158 tuendae
708 1150 717 1165 ‚
737 1128 857 1159 Plistiam
876 1130 924 1167 ipsi
942 1130 1031 1160 socios
1050 1130 1190 1160 Romano-

70 1175 148 1203 rum,
168 1173 199 1196 ut
208 1177 304 1205 parem
314 1168 442 1197 dolorem
454 1168 524 1197 hosti
534 1167 702 1202 redderent,
724 1166 932 1198 circumsidunt.
969 1167 1080 1205 [Distat
1098 1179 1113 1198 a
1129 1168 1190 1198 Cir-

72 1205 241 1241 cumsedeo,
260 1212 292 1235 ut
306 1206 478 1236 Circumsisto
498 1215 514 1235 a
532 1204 695 1248 Circumstq.
735 1205 791 1235 Sed
806 1205 929 1243 plerique
948 1227 956 1242 ,
977 1206 1027 1236 nisi
1039 1206 1190 1246 descripto-

73 1253 134 1272 rum
142 1243 225 1281 culpa
235 1244 273 1273 est
284 1265 292 1279 ,
313 1244 387 1273 hanc
396 1244 542 1281 negligunt
550 1242 736 1272 differentiam
746 1244 880 1273 auctores.

4 1282 7 1294 ¹
37 1280 101 1311 Cia
110 1290 150 1310 cu
159 1290 217 1310 usi
226 1291 273 1311 GN
283 1292 301 1311 0
311 1303 319 1317 ‚
341 1281 544 1318 [πιμσημειόω]
563 1284 618 1310 are.
639 1279 777 1309 Columel.
793 1280 841 1310 lib.
861 1282 896 1310 de
915 1280 1042 1312 Arborib.
1065 1292 1126 1321 cap.
1141 1282 1187 1312 26.

72 1318 114 1349 Ex
123 1328 177 1356 qua
188 1318 285 1348 arbore
294 1319 411 1349 inserere
425 1318 502 1349 voles
512 1340 521 1354 ,
541 1319 571 1348 in
584 1328 617 1348 63
628 1318 738 1355 quaesito
745 1318 871 1348 novellos
884 1321 911 1349 81
924 1320 1028 1350 nitidos
1042 1330 1141 1350 ramos.
1159 1321 1189 1349 in

71 1356 116 1388 his
124 1357 228 1386 deinde
243 1356 387 1387 observato
403 1366 543 1395 gemmam
554 1378 562 1391 ,
583 1366 644 1393 quae
661 1355 734 1385 bene
749 1356 896 1400 apparebit
907 1379 914 1393 ,
935 1365 1093 1396 certamque
1112 1357 1189 1396 spem

71 1395 210 1462 germini}
212 1394 333 1426 habebit.
353 1404 417 1425 eam
428 1395 538 1425 duobus
550 1395 643 1433 digitis
651 1393 791 1431 quadratis
803 1395 1013 1434 circumsignato
1024 1417 1032 1432 ,
1054 1403 1084 1426 ut
1094 1396 1190 1426 medio

74 1442 189 1470 gemma
204 1439 234 1463 it.

9 1503 11 1507 ,
39 1468 79 1501 Ci
87 1480 103 1499 11
112 1480 128 1500 6
136 1480 154 1499 u
162 1481 183 1499 M
191 1480 204 1500 s
214 1481 223 1499 i
231 1479 298 1501 sro
312 1493 321 1508 ‚
342 1470 396 1501 It‘i‘ti
408 1493 416 1506 ,
435 1471 530 1500 stitum
543 1491 551 1506 ,
572 1469 722 1505 [ἁμφίςημι
732 1491 741 1503 ,
763 1469 928 1506 ἀμφιξοιίω]
948 1472 1003 1501 ere,
1036 1468 1172 1502 Invadere
1180 1492 1190 1508 ‚

11 1630 14 1645 l

74 1508 186 1544 irruere,
207 1510 234 1540 81
244 1510 316 1546 quasi
327 1509 524 1539 terrificatione
537 1508 659 1546 aggredi,
679 1509 792 1538 auctore
803 1508 880 1539 Valla
890 1509 938 1539 lib.
953 1520 977 1545 5.
989 1510 1076 1540 Caesar
1086 1521 1110 1547 5.
1121 1509 1190 1540 Bell.

73 1545 201 1583 Ga11.44.
232 1546 458 1585 impeditumque
470 1545 560 1576 hostes
574 1545 786 1576 circumsistunt.
828 1546 887 1577 Cic.
898 1556 923 1584 7.
946 1547 1020 1577 Verr.
1036 1557 1097 1584 141.
1122 1548 1191 1578 Haec

95 1593 161 1614 uum
179 1585 299 1614 maxime
314 1585 489 1623 loqueretur,
509 1582 557 1613 sex
575 1583 687 1613 lictores
702 1584 903 1614 circumsistunt
919 1584 1116 1621 valentissimi,
1136 1587 1188 1616 &c.

99 1621 140 1652 aes.
155 1631 178 1652 1.
191 1622 259 1653 Bell.
270 1623 351 1653 Civil.
362 1632 407 1653 20.
430 1623 525 1660 Itaque
535 1631 592 1651 uno
606 1631 704 1651 omnes
723 1621 838 1652 consilio
852 1621 1009 1654 Domitium
1020 1623 1192 1661 productum

12 1671 13 1674 ¹
47 1687 52 1690 ,
75 1659 104 1689 111
114 1660 259 1698 publicum
271 1661 473 1699 circumsistunt
483 1661 509 1690 &
518 1659 687 1689 custodiunt.

13 1700 15 1741 l
38 1695 62 1728 C
70 1707 126 1728 iac
134 1708 151 1727 u
159 1709 180 1727 M
189 1709 202 1728 s
211 1709 221 1727 ι
231 1708 243 1728 s
251 1708 271 1728 T
279 1709 294 1728 11
303 1709 324 1729 N
334 1709 357 1735 s,
378 1699 461 1729 entis.
482 1697 580 1728 Partic.
604 1697 670 1727 Caes.
682 1705 709 1728 2.
721 1697 790 1728 Bell.
802 1696 882 1729 Civil.
894 1705 940 1736 42.
961 1698 1109 1731 Praefeftus
1115 1698 1193 1739 equi-

15 1797 17 1831 l

75 1740 134 1766 tum
144 1746 209 1766 cum
217 1737 312 1775 paucis
325 1737 466 1775 equitibus
477 1735 685 1766 circumsistens.
1134 1770 1137 1772 ,

38 1773 78 1804 Cr
88 1783 105 1802 iz
114 1782 152 1803 cu
161 1785 181 1804 M
190 1784 202 1804 s
210 1777 221 1804 ῑ
229 1784 249 1803 1·
257 1785 274 1804 u
282 1785 295 1804 s
306 1797 314 1811 ‚
335 1785 351 1805 a
361 1797 369 1811 ,
391 1785 448 1805 um.
469 1774 684 1814 Circumjapens.
724 1774 862 1804 Ammian.
880 1782 925 1810 23.
943 1778 990 1806 26.
1011 1773 1191 1807 circumsitos

73 1813 195 1850 populos
205 1813 240 1842 ad
252 1813 389 1843 ditionem
403 1813 640 1850 gentilitatemque
650 1811 758 1841 trahere
770 1813 892 1842 nominis
903 1812 952 1844 sui.

17 1873 19 1881 .
34 1848 105 1880 Ciu
113 1859 128 1879 6
139 1860 156 1880 u
164 1861 184 1879 M
194 1860 206 1880 s
217 1852 234 1880 ὅ
244 1860 264 1880 N
273 1861 290 1880 o
301 1873 309 1887 ,
331 1849 494 1888 [mangi-c]
513 1853 568 1879 are.
590 1847 719 1886 Undique
731 1849 836 1880 sonare.

17 1893 19 1920 ἰ
73 1887 282 1918 circumsonare
292 1889 427 1926 undique.
464 1887 522 1918 Liv.
534 1895 580 1923 27.
595 1892 637 1921 18·
659 1885 728 1917 Inde
744 1888 836 1925 primo
847 1887 955 1920 turbata
965 1888 1004 1918 est
1016 1886 1100 1925 acies,
1123 1885 1192 1919 dum

19 1966 23 2059 l

23 2165 26 2237 ἱ

7 2282 9 2284 ’
25 2279 28 2339 ἰ

25 2347 29 2376 1

91 1926 128 1993 sss
141 1926 393 1994 circumsonantem
402 1926 526 1966 undique
536 1925 686 1956 clamorem
698 1925 809 1956 flectere
819 1935 936 1963 cornua,
956 1928 984 1959 &
995 1926 1142 1959 obvertere
1150 1937 1194 1958 ot-

124 1974 173 1994 nes
183 1972 218 1994 vo
231 1970 290 1995 unt.

72 2002 158 2033 Aures
170 2009 239 2032 meae
249 2002 291 2032 his
299 2002 415 2033 vocibus
425 1998 637 2031 circumsonant.
659 2000 718 2031 Cic.
729 2009 754 2037 3.
769 2001 826 2031 Off.
845 2013 869 2038 ς.
891 2002 1057 2033 Conducere
1067 2000 1193 2040 arbitror,

92 2039 194 2070 talibus
209 2049 288 2070 aures
308 2047 368 2070 tuas
379 2040 495 2070 vocibus
511 2039 636 2076 undique
655 2039 867 2070 circumsonare.
888 2041 906 2070 i.
919 2050 944 2071 e.
966 2040 1194 2080 Frequentissime

90 2077 144 2107 tibi
154 2078 214 2108 haec
223 2078 356 2108 inculcari
367 2098 375 2114 ,
397 2079 424 2108 &
435 2085 463 2108 te
474 2077 534 2108 haec
546 2078 786 2115 apraeceptoribus
797 2078 858 2108 aliis
868 2078 973 2108 audire.
994 2078 1122 2109 Budreus.

21 2115 24 2135 l
73 2115 185 2146 Clamor
193 2116 378 2146 circumsonat
388 2116 486 2147 hostes.
526 2114 585 2145 Liv.
599 2124 623 2151 3.
635 2121 680 2149 28.
694 2125 735 2153 pr.
759 2115 840 2145 Edito
852 2117 971 2154 imperio
982 2116 1088 2155 signum
1097 2117 1196 2155 sequu-

92 2160 153 2184 tum
163 2154 220 2184 est:
242 2154 309 2190 jussa
319 2154 401 2184 miles
415 2153 571 2191 exequitur,
581 2153 687 2183 clamor
700 2153 790 2183 hostes
802 2151 997 2185 circumsonat.
1085 2189 1088 2191 .

73 2191 163 2223 Locus
173 2188 326 2222 ululatibus
336 2198 475 2229 cantuque
486 2191 657 2230 symphoniae
668 2192 864 2222 circumsonat.
885 2192 946 2223 Liv.
962 2202 1006 2229 39.
1019 2201 1062 2222 10.
1084 2193 1139 2223 Eos
1149 2192 1198 2223 de-

91 2229 204 2299 ξὶιιοαὲζ
223 2228 253 2261 111
278 2230 375 2261 10611111
385 2252 394 2267 ,
424 2230 474 2268 qui
503 2229 691 2261 circumsonet
717 2229 868 2261 ululatibus
907 2237 1045 2270 cantuque
1066 2231 1197 2272 sympho-

75 2276 183 2338 Neffesis
192 2278 377 2338 ciicumsonat
388 2302 504 2343 orbem,
525 2307 544 2338 i.
556 2317 581 2337 e.
602 2306 716 2345 AEquor.
739 2302 824 2336 Ovid.
836 2312 860 2336 ι.
872 2306 943 2338 Met.
957 2312 1021 2346 187.

75 2345 162 2375 Armis
172 2344 375 2374 circumsonari.
397 2345 482 2374 Ovid.
497 2355 522 2381 ς.
536 2343 617 2376 Trist.
634 2354 658 2382 3.
675 2354 717 2376 11.

6 2407 11 2411 .
28 2385 30 2414 l
77 2383 135 2413 Ore
143 2382 339 2412 circumsonari
349 2380 483 2414 Threicio
495 2384 547 2413 &c.
569 2382 656 2420 Ovid.
670 2389 694 2420 3.
711 2379 791 2413 Trist.
807 2391 848 2418 14.
868 2390 915 2420 47.

30 2421 205 2456 ,0131311148
214 2422 232 2451 ὅ
242 2429 263 2450 N
273 2431 291 2450 u
300 2429 329 2457 s,
350 2428 366 2450 a
378 2443 385 2465 2
411 2430 468 2451 uin.
489 2421 602 2451 Circum
615 2421 722 2459 aliquid
734 2420 844 2450 sonans.
865 2421 934 2452 Stat.
946 2425 974 2460 7.
989 2417 1081 2453 Theb.
1090 2424 1157 2454 261.

229 2456 403 2489 u-Dionaeis
417 2469 452 2488 ue
462 2459 559 2489 avibus
573 2459 746 2489 circumsona
759 2458 875 2490 Thisbe.

30 2494 33 2527 '1
75 2490 172 2528 Turba
182 2502 283 2526 canum
292 2495 398 2527 circum
411 2507 474 2527 ona.
496 2496 582 2527 Ovid.
593 2508 621 2533 4.
635 2497 706 2527 Met.
719 2503 784 2535 723.

31 2558 33 2569 1

44 2535 352 2570 circumirem,
384 2535 416 2564 In
436 2542 717 2565 cincumsricio.

2 2599 5 2603 .
32 2572 352 2607 iciacumspussco,
373 2571 411 2609 si,
431 2572 509 2609 sum,
531 2569 723 2610 [manvia-aa]
744 2573 800 2603 ἕ16.
823 2569 960 2603 Columel.
977 2570 1026 2604 lib.
1042 2580 1086 2605 11.
1103 2581 1195 2613 cap.2.

33 2609 35 2627 '¹
76 2610 210 2641 Etsisunt
221 2618 319 2648 parum
332 2611 477 2641 fructuosae
490 2633 499 2647 ,
520 2611 566 2641 vel
577 2611 771 2641 cacuminibus
784 2612 925 2640 retorridae
940 2612 1046 2642 frondis
1061 2634 1069 2648 ,
1090 2615 1198 2651 magnis

77 2646 220 2679 arboribus
230 2655 380 2686 quaternos
394 2649 504 2679 modios
513 2649 637 2679 stercoris
647 2649 752 2688 caprini
763 2649 998 2687 circumspergere
1010 2672 1018 2685 ,
1035 2652 1088 2681 816.

33 2699 39 2736 3
78 2685 186 2724 Legitur
196 2687 280 2733 etiam
289 2686 507 2731 Circumspargo.
528 2688 605 2726 Apic.
620 2693 645 2722 8.
658 2692 684 2722 8.
707 2687 862 2734 impensam
875 2687 960 2729 talem
972 2689 1197 2728 circumsparges.

33 2723 66 2764 'iic
74 2734 84 2754 1
92 2734 130 2754 Rc
138 2734 156 2754 u
165 2736 186 2753 M
195 2731 208 2754 S
217 2735 231 2754 P
242 2736 251 2754 1
261 2734 278 2755 c
287 2735 297 2753 1
306 2735 324 2754 0
334 2746 342 2760 ,
362 2735 408 2755 exi
417 2746 426 2760 ‚
456 2726 550 2756 eftum
559 2747 567 2761 ‚
597 2725 751 2761 [πέζιςλὲπτυ
765 2747 774 2761 ,
805 2737 946 2761 vagianum-m
955 2747 964 2759 ,
991 2727 1198 2763 πῑξισκὲπῦμοα]

36 2765 40 2805 l
78 2763 131 2794 ere.
155 2772 192 2792 ex
201 2762 316 2793 Circum
327 2764 354 2793 &
364 2763 467 2801 Specio
481 2764 596 2800 antiquo
607 2763 692 2793 verbo
712 2763 898 2801 compositum
909 2785 917 2799 ,
939 2764 1015 2799 quod
1028 2764 1155 2803 Aspicere
1167 2766 1198 2795 li-

77 2799 198 2838 gnificat.
238 2800 282 2830 Est
292 2807 386 2830 autem
398 2800 633 2841 Circumspicere‚
657 2801 721 2831 Huc
732 2809 814 2840 atque
825 2801 893 2831 illuc
909 2802 1007 2831 oculos
1026 2811 1150 2839 vertere,
1172 2806 1198 2834 81

77 2838 262 2869 circumferre.
303 2839 365 2883 Cic..
380 2848 432 2877 pro
443 2838 522 2870 Rosc.
536 2839 617 2870 Com.
639 2838 851 2878 Circumspicit,
871 2840 972 2870 aestuat.
993 2838 1060 2870 Ter.
1076 2842 1146 2872 And.
1169 2852 1197 2873 2.

40 2885 43 2907 1
77 2883 106 2906 2.
116 2886 161 2906 21.
183 2875 404 2915 Circumspicio,
432 2877 567 2915 nusquam
577 2887 615 2908 es.

4 2927 6 2941 ι
41 2914 43 2966 l
77 2913 139 2945 Nec
148 2913 277 2952 suspicit,
297 2915 554 2954 neccircumspicit.
595 2916 653 2945 Cic.
665 2924 692 2945 2.
705 2914 741 2945 de
753 2912 847 2944 Divin.
859 2923 904 2953 72.
928 2911 971 2944 llli
985 2923 1088 2953 autem,
1110 2915 1199 2955 quiin

42 2973 45 2984 »
95 2952 247 2990 auspicium
262 2953 428 2989 adhibetur,
443 2955 496 2984 816.
518 2962 573 2985 nec
593 2953 722 2993 suspicit,
742 2963 795 2984 nec
810 2949 1019 2992 circumspicit:
1050 2954 1140 2986 statim
1159 2966 1201 2986 re-

2 3003 5 3017 :
44 2992 45 3023 l
97 2989 216 3034 spondet
224 2990 362 3021 silentium
371 2991 424 3022 effe
434 2991 531 3021 videri.

2 3153 9 3169 τ
47 3143 49 3176 ‘1
80 3141 194 3172 Omnes.
215 3141 299 3173 Ovid.
318 3153 343 3180 ς.

44 3027 47 3071 ξ
64 3025 113 3059 ,86
121 3027 343 3068 circumspicere,
362 3030 508 3067 prudentis
516 3029 565 3060 est.
606 3027 666 3059 Cic.
677 3027 706 3059 in
721 3026 813 3059 Parati.
825 3041 852 3064 4.
882 3026 1070 3067 Nunquamne
1082 3053 1091 3066 ,
1112 3031 1199 3062 homo

45 3076 48 3111 ’λ
97 3066 321 3111 amentiffime,te
334 3067 707 3106 circumspicies?Nunquam
716 3075 770 3098 nec
777 3068 846 3106 quid
855 3068 938 3099 facias
947 3068 1134 3100 considerabis
1145 3072 1197 3102 &c.

48 3135 49 3139 ,
79 3103 224 3142 Fragorem
236 3105 468 3179 6116111111111-1ῐ6ἰ1ῗῖ16.ἲ
476 3106 546 3180 ἒξεῐῐ.
557 3111 585 3141 8.
596 3103 688 3136 Theb.

8 3192 10 3197 ,
48 3179 51 3221 l
79 3178 314 3219 circumspicere,
336 3190 387 3219 pro
398 3181 643 3218 Animadvertere,
663 3181 691 3212 &
710 3179 859 3220 diligenter
869 3179 984 3218 videre,
1006 3183 1061 3213 sive
1076 3180 1199 3214 conside-

0 3801 13 3859 i
66 3835 69 3853 1
102 3826 240 3854 mentibus
249 3826 342 3855 vestris
353 3847 362 3861 ,
381 3826 472 3858 utalia
482 3830 643 3858 omittamus
654 3851 662 3864 ,
683 3826 766 3858 hosce
775 3827 850 3866 ipsos
858 3828 1005 3865 homines,
1026 3830 1073 3867 qui
1083 3830 1150 3862 huic
1162 3831 1203 3863 afa

0 3945 15 3977 Ji

97 3222 175 3249 rare.'
201 3219 260 3249 Cic.
273 3228 301 3256 4.
317 3219 402 3249 Acad.
415 3223 459 3256 36.
482 3219 593 3250 Deinde
604 3227 690 3257 quum
710 3220 805 3250 dicant
819 3220 895 3258 posse
912 3221 1039 3252 accidere
1063 3221 1199 3261 sapienti,

98 3262 222 3294 utquum
235 3255 331 3287 omnia
344 3258 465 3295 fecerit,
486 3257 751 3296 diligentissimeque
771 3258 1016 3297 circumspexerit,
1037 3261 1135 3291 existat
1151 3260 1200 3291 ali-

51 3297 54 3324 1
97 3294 164 3331 quid
175 3295 251 3332 quod
261 3295 440 3326 &verifimile
446 3295 583 3326 videatur.

50 3351 52 3355 κ
79 3330 183 3362 01111113
194 3333 416 3372 circumspicere.
456 3333 516 3364 Cic.
528 3342 580 3373 pto
592 3331 692 3371 Quint.
705 3337 748 3370 96.
773 3334 879 3364 Omnia
894 3333 1091 3373 circumspexit
1111 3334 1201 3373 Quiri-

97 3370 170 3406 tius,
191 3371 286 3401 omnia
296 3371 467 3410 periclitatus
475 3372 522 3402 est.
543 3372 571 3403 h.
584 3383 609 3402 6.
631 3372 664 3403 Ι11
680 3382 779 3403 omnes
794 3379 886 3411 partes
899 3372 925 3402 se
943 3373 1076 3409 versavit,
1100 3376 1127 3404 &
1141 3385 1202 3405 om-

98 3415 165 3438 nem
184 3409 196 3445 (
207 3409 285 3446 quod
295 3409 396 3446 aiunt)
417 3409 542 3448 lapidem
553 3411 651 3441 movit.
751 3447 753 3449 ι

80 3446 187 3476 Auxilia
195 3452 311 3477 externa
320 3447 542 3486 circumspicere.
574 3448 634 3478 Liv.
648 3458 671 3478 1.
683 3458 729 3484 30.
749 3448 846 3478 Sabini
857 3446 932 3478 haud
943 3457 1040 3486 parum
1051 3456 1200 3486 memores,

99 3484 126 3514 ἃ
135 3483 244 3515 suarum
251 3485 352 3515 virium
361 3493 468 3524 partem
480 3485 577 3516 Romae
594 3495 610 3515 a
619 3486 703 3516 Tatio
713 3487 835 3516 locatam
843 3508 850 3522 ,
874 3488 899 3516 &
911 3486 1067 3516 Romanam
1080 3497 1139 3517 rem
1151 3497 1203 3518 nu-

98 3522 240 3590 peraetiapi
248 3523 408 3560 adjectione
421 3523 522 3564 populi
534 3523 634 3555 Albani
641 3526 752 3556 auctam
761 3545 770 3562 ,
790 3524 1005 3563 circumspicere
1015 3526 1042 3556 ἃ
1051 3525 1102 3565 ipfi
1113 3531 1203 3557 exter·

120 3569 135 3588 a
161 3570 208 3591 uxi
222 3570 255 3591 ia.

83 3594 162 3627 carus
176 3596 304 3636 alicujus.
325 3596 410 3630 ovid.
426 3608 449 3630 1.
462 3597 544 3631 Trist.
558 3607 582 3631 1.
593 3607 640 3639 47.

30 3647 32 3651 >
83 3633 208 3665 Membra
219 3636 269 3667 Rei
292 3660 298 3667 .
322 3636 381 3667 Cic.
398 3649 422 3674 5.
435 3638 509 3669 Fam.
526 3647 569 3677 13.

82 3671 224 3704 Procellas.
289 3675 323 3704 ic.
334 3685 361 3711 4.
382 3674 412 3705 in
424 3676 504 3706 Catil.
517 3688 544 3712 4.
567 3677 661 3715 Quare
681 3686 706 3706 Ρ.
717 3685 744 3706 6.
766 3674 921 3707 incumbite
937 3672 973 3707 ad
991 3673 1106 3707 salutem
1118 3674 1199 3719 Reip.

63 3733 65 3746 ,
101 3712 408 3750 circumspiciteomnes
420 3714 559 3752 procellas
573 3737 580 3751 ,
602 3725 663 3752 quae
672 3715 847 3753 impendent.

64 3751 67 3778 1
85 3747 182 3778 Animo
193 3749 414 3788 circumspicere.
436 3752 501 3782 Caes.
517 3753 621 3783 6.Bel].
634 3753 703 3784 Gall.
722 3762 745 3788 5.
1117 3788 1120 3790 Α
1148 3788 1151 3790 ,

66 3784 227 3817 dilectibus
255 3787 474 3827 circumspicere.
515 3791 573 3820 Cic.
591 3801 641 3829 pro
652 3789 728 3821 Sulla
741 3798 784 3827 70.
819 3789 1031 3833 Circumspicite
1061 3792 1200 3831 paulisper

99 3861 167 3892 fines
177 3862 274 3893 sceleri
283 3863 402 3894 fuerunt.
425 3865 510 3896 Ovid.
526 3877 549 3897 1.
567 3866 645 3897 Trist.
657 3876 680 3896 1.
693 3872 737 3903 87.

111 3936 117 3943 Ι
273 3914 311 3921 »-
322 3901 420 3933 timida
429 3904 610 3943 circumspice
621 3911 724 3934 merite.

70 3959 71 3967 ,
87 3933 318 3977 circumspicitur.
360 3939 418 3970 Cic.
431 3941 459 3970 in
469 3942 546 3973 Orat.
560 3953 604 3979 79·
628 3943 705 3980 Quid
715 3940 813 3971 deceat
823 3939 1070 3981 circumspicietur.

85 3972 237 4015 Diligenter
250 3977 540 4017 circumspiciendum.
562 3980 620 4011 Cic.
634 3991 657 4011 1.
670 3981 707 4018 Q.
718 3979 779 4012 frat.
792 3989 817 4011 ι.

1693 148 1962 185 CIR
2322 167 2386 203 525

1271 228 1524 266 Circumspiciendti
1535 229 1594 258 lirec
1606 230 1633 259 in
1642 231 1720 259 omni
1732 229 1835 260 officio.
1876 232 1934 261 Cic.
1952 241 1975 261 1.
1989 231 2047 262 off.
2060 242 2103 269 59.
2125 232 2280 272 Haeeigitui
2291 237 2389 267 &talia

1290 267 1539 303 circumspicienda
1551 267 1650 296 suntin
1661 268 1738 296 omni
1750 268 1844 297 officio
1854 289 1862 302 ,
1878 271 1931 298 616.

1272 303 1490 341 Circunispicere
1504 306 1529 334 Sc
1542 304 1708 348 prospicere.
1734 305 1799 335 Ter.
1812 306 1889 335 Adel.
1902 318 1927 341 4.
1942 318 1965 342 5.
1985 315 2028 343 ςς.

1271 340 1411 370 Permulta
1422 342 1521 371 suntin
1533 352 1610 371 omni
1623 344 1748 372 oratione
1760 343 2017 382 circumspicienda.
2039 345 2099 375 Cic.
2111 356 2137 375 2.
2152 346 2188 375 de
2200 347 2276 377 Orat.
2291 357 2353 383 30¹·

1274 378 1492 416 Circumspicere
1503 379 1528 408 se
1541 402 1548 414 ,
1570 390 1620 416 pro
1631 380 1758 410 Gloriari.
1799 381 1857 410 Cic.
1879 392 1928 419 pro
1940 382 2019 413 Rosc.
2034 382 2113 414 Com.
2131 395 2155 420 5.
2178 384 2267 422 Usque
2281 396 2352 416 eone
2366 393 2393 418 te

1292 415 1384 452 diligis
1397 438 1405 451 ,
1426 418 1451 446 81
1464 417 1609 453 magnifice
1625 419 1747 447 circuiiis
1764 418 1832 453 icis,
1853 426 1900 455 ut,
1921 421 1972 449 816.

1236 452 1259 483 C
1269 464 1277 482 i
1288 463 1302 481 11
1313 463 1328 482 6
1337 463 1354 481 u
1364 463 1404 496 113
1413 463 1426 482 1²
1438 465 1445 482 i
1457 464 1473 482 c
1483 465 1490 482 i
1501 464 1515 482 a
1524 465 1542 483 N
1553 465 1565 483 s
1578 477 1585 489 ,
1605 457 1686 485 entis.
1709 457 1744 486 Sa
1757 457 1815 486 lust.
1826 457 1894 487 Bell.
1908 456 2034 496 Jugurtli.
2050 468 2111 496 cap.
2123 467 2167 495 93.
2193 457 2318 490 Tentans
2338 471 2396 492 om.

1274 492 1320 520 nia
1331 492 1357 520 Si
1368 491 1600 529 circumspiciens.

1237 528 1260 558 C
1271 539 1279 557 i
1289 538 1305 557 R
1314 538 1329 557 c
1338 539 1354 557 u
1366 539 1386 556 M
1396 538 1408 557 s
1418 539 1447 556 1>1
1458 538 1490 557 61
1500 539 1541 557 uN
1552 539 1571 557 T
1582 539 1589 557 i
1602 540 1630 565 A,
1654 541 1685 559 ze.
1706 531 1723 559 f.
1748 528 1919 567 [πτρισκοπῆ]
1941 532 2019 562 [deni
2029 543 2061 563 ac
2071 533 2299 573 circumspectio.
2322 536 2395 568 Gell.

1276 566 1323 595 lib.
1348 575 1390 601 14.
1410 575 1472 603 cap.
1493 576 1519 595 2.
1544 566 1634 596 Multa
1646 570 1670 597 &
1684 570 1765 597 anxia
1775 579 1839 598 cura
1851 591 1859 605 ,
1880 572 1905 600 81
1916 571 2313 609 circumspicientiaindigens.

1238 603 1260 633 C
1272 614 1279 632 i
1289 613 1353 646 11611
1364 613 1403 632 Ms
1413 613 1426 631 P
1436 613 1448 631 it
1458 613 1473 632 c
1484 614 1547 633 Tus
1561 627 1567 638 ,
1589 615 1603 634 a
1618 627 1626 639 ,
1648 616 1704 635 iim.
1728 605 1928 643 [ωὲέζλεπῖκ]
1951 609 2047 639 Partic.
2069 610 2106 638 est
2124 620 2182 639 non
2202 611 2257 647 Qui
2278 611 2397 642 circum-

1274 641 1390 677 spicitur
1403 662 1412 675 ,
1432 650 1514 677 quem
1531 642 1649 672 solemus
1669 644 1808 681 appellare
1828 646 2029 683 conspicuum:
2051 646 2098 676 sed
2114 648 2170 684 Qui
2192 649 2394 687 circumspicit,

1278 679 1344 708 &in
1358 688 1471 707 omnem
1483 686 1608 716 partem,
1629 691 1706 710 more
1717 679 1778 716 Jani
1789 682 1911 720 spectat,
1933 683 1958 713 h.
1978 694 2002 714 e.
2026 685 2146 715 Prudens
2160 688 2185 715 81
2198 686 2286 723 sagax.
2331 688 2397 717 Haec

1277 715 1355 759 Valla
1366 715 1414 744 lib.
1434 726 1456 745 i.
1467 726 1515 759 ¹30.
1536 717 1674 748 Columel.
1688 718 1738 749 lib.
1757 731 1779 749 ι.
1791 729 1852 758 cap.
1865 727 1890 755 8.
1914 721 1986 751 Nam
2000 722 2046 753 1113
2057 722 2181 753 solennia
2195 724 2257 754 sunt
2267 725 2398 756 omnibus

1278 753 1487 790 circumspectis
1499 776 1507 787 ,
1521 756 1574 784 816.

1276 791 1366 821 Canes
1377 791 1578 827 circumspecti.
1618 793 1756 823 Columel.
1773 794 1820 824 lib.
1835 804 1860 831 7.
1873 805 1933 840 cap.
1947 806 1989 826 12.
2013 796 2137 828 Maxime
2149 806 2243 829 autem
2254 800 2359 830 debent
2369 801 2398 830 in

1297 828 1421 871 custodia
1439 830 1569 866 vigilaces
1581 830 1724 874 conspici,
1745 841 1798 861 nec
1811 842 1939 870 erronei,
1960 834 2007 864 sed
2017 836 2114 865 assidui
2128 859 2137 872 ,
2158 839 2185 867 &
2204 839 2398 876 circumspecti

1296 876 1382 904 magis
1394 876 1477 903 quam
1487 874 1634 897 temerarii.
1667 869 1692 898 h.
1707 879 1731 898 e.
1754 869 1913 900 Prudentes.

1277 903 1373 935 Homo
1384 904 1608 942 circumspectus.
1649 906 1718 935 Cels
1731 906 1779 936 lib.
1793 916 1817 942 3.
1828 918 1888 945 cap.
1906 919 1947 939 io.
1970 911 2004 939 ad
2018 910 2101 940 linem
2112 933 2120 946 ,
2142 911 2177 942 de
2187 913 2330 943 curatione
2341 913 2400 943 len-

1298 950 1386 973 tarum
1398 942 1533 977 febrium,
1553 941 1607 972 Sed
1619 944 1657 973 est
1672 944 1865 983 circumspecti
1875 955 1986 984 quoque
2000 948 2122 978 hominis
2137 970 2146 984 ,
2168 952 2194 980 81
2204 960 2305 982 novare
2315 953 2401 983 inter-

1298 981 1366 1010 dum
1379 1002 1386 1012 .
1409 981 1436 1010 81
1448 990 1547 1017 augere
1558 982 1696 1011 morbum.

1278 1017 1420 1053 judicium
1433 1018 1673 1056 circumspectum.
1696 1019 1816 1056 Quintil.
1829 1018 1876 1050 lib.
1891 1031 1933 1051 10.
1944 1032 2004 1061 cap.
2019 1033 2042 1053 1.

1276 1056 1408 1093 Princeps
1419 1056 1705 1094 circumspectissimus
1716 1060 1741 1087 81
1752 1057 1987 1096 prudentissimus.
2009 1061 2084 1092 Suet.
2093 1062 2158 1092 Tib.
2172 1073 2232 1102 cap.
2245 1073 2291 1095 21.

1276 1093 1421 1124 Interdum
1433 1094 1536 1131 passive
1547 1095 1667 1132 ponitur.
1709 1094 1768 1125 Cic.
1786 1106 1809 1126 1.
1825 1096 1897 1126 Fam.
1910 1108 1937 1132 9.
1954 1099 2167 1138 Circumspectis
2178 1104 2259 1133 rebus
2268 1104 2401 1135 omnibus

1276 1165 1280 1167 ,
1297 1131 1503 1168 rationibusque
1514 1132 1655 1163 subductis
1669 1132 1803 1163 summam
1811 1134 1865 1164 feci
1879 1157 1887 1171 ,
1906 1137 1959 1165 816.

1277 1168 1367 1200 Verba
1381 1169 1590 1207 circumspecta.
1613 1171 1697 1200 Ovid.
1712 1183 1736 1208 ς.
1753 1172 1817 1202 Fast.
1838 1182 1899 1208 539.

1371 1205 1458 1237 Verba
1468 1214 1583 1238 movent
1594 1209 1645 1240 iras
1654 1219 1712 1239 non
1721 1210 1922 1248 circumspecta
1930 1211 2062 1243 Deorum.
2148 1215 2166 1245 i.
2182 1225 2207 1245 e.
2237 1215 2302 1246 Non
2315 1217 2403 1248 consi.

1298 1245 1400 1275 derata.
1431 1246 1506 1275 conf.
1523 1256 1545 1282 ς.
1560 1246 1628 1276 Met.
1648 1256 1708 1284 175.

1278 1282 1322 1314 Est
1334 1284 1418 1312 etiam
1428 1284 1601 1321 Spectabilis.
1641 1286 1778 1316 Ammian.
1797 1296 1839 1322 14.
1854 1290 1881 1316 6.
1904 1287 2001 1325 Populi
2018 1287 2138 1319 Romani
2159 1300 2263 1321 nomen
2287 1293 2404 1323 circum-

1298 1321 1423 1359 spectum
1444 1323 1469 1351 &
1491 1323 1653 1353 verendum.
1696 1324 1730 1353 Et
1750 1325 1826 1354 ldem
1840 1330 1881 1359 18.
1899 1335 1940 1355 ιο.
1972 1325 2080 1356 Genere
2092 1349 2101 1363 ,
2129 1328 2201 1359 fama
2219 1332 2403 1369 potentiaque

1299 1359 1524 1397 circumspectus.
1547 1360 1578 1390 V.
1600 1362 1683 1390 etiam
1692 1362 1793 1399 Scalig.
1805 1363 1840 1392 de
1851 1362 1929 1392 Caus.
1942 1363 1970 1393 L.
1984 1363 2013 1393 L.
2027 1374 2052 1401 7.
2067 1375 2129 1401 149.

1245 1394 1287 1427 Ci
1296 1407 1312 1425 R
1322 1407 1337 1427 c
1349 1408 1365 1427 u
1377 1409 1398 1427 M
1409 1407 1421 1427 s
1431 1407 1444 1425 i>
1455 1408 1469 1426 i3
1478 1407 1493 1427 c
1502 1407 1521 1427 T
1531 1409 1540 1428 1
1550 1408 1576 1433 0,
1588 1400 1660 1430 onis.
1671 1400 1690 1428 f.
1703 1399 1882 1436 [w‘ssof'mdm]
1894 1401 2180 1441 Prudentia‚Diligens
2193 1405 2404 1438 animadversio.

1279 1434 1497 1480 Circumspectip
1509 1438 1535 1467 &
1545 1443 1672 1466 accurata
1682 1438 1875 1468 consideratio.
1898 1439 1958 1469 Cic.
1969 1452 1996 1476 4.
2011 1441 2092 1470 [lead.
2109 1451 2151 1479 3⁴·
2176 1443 2225 1471 Sin
2243 1453 2277 1472 ex
2288 1445 2408 1475 circum.

1298 1473 1443 1511 spectione
1453 1473 1543 1511 aliqua
1554 1477 1580 1505 81
1592 1483 1719 1505 accurata
1728 1477 1950 1507 consideratione
1962 1500 1970 1512 ,
1991 1479 2067 1515 quod
2080 1479 2168 1509 visum
2181 1480 2211 1509 sit
2225 1503 2232 1516 ,
2245 1484 2296 1511 816.

1241 1508 1266 1543 C
1274 1522 1284 1540 i
1293 1521 1310 1540 11
1318 1519 1358 1541 611
1370 1521 1409 1541 irs
1418 1521 1432 1541 i>
1441 1522 1456 1549 a
1467 1520 1482 1541 c
1490 1522 1535 1542 Tu
1545 1522 1566 1548 s,
1578 1514 1617 1543 sis.
1630 1523 1668 1543 in.
1690 1513 1881 1550 [rar‘eimdar]
1906 1516 1992 1546 ldem.
2003 1517 2061 1547 Cic.
2069 1527 2110 1546 12.
2126 1518 2293 1556 Philipp.26.
2307 1521 2407 1551 Facilis

1278 1549 1318 1616 eidi
1328 1549 1557 1617 Ι61ιρὰ]111113661115,
1577 1552 1654 1582 unde
1664 1561 1836 1590 exeam‚quo
1850 1555 2030 1593 progrediar:
2053 1554 2121 1593 quid
2138 1557 2173 1586 ad
2190 1558 2325 1593 dextram,
2337 1560 2407 1597 quid

1280 1597 1297 1617 a
1339 1597 1376 1616 ini
1402 1595 1459 1618 ram
1484 1596 1512 1619 it.

1279 1625 1348 1655 Mali
1362 1625 1588 1664 circumspectus,
1599 1626 1791 1660 Confideratio
1804 1628 1941 1659 malorum
1953 1631 1978 1660 81
1989 1629 2406 1670 intuitus.Ovid.4.Trist.644.

1280 1664 1322 1693 Ad
1334 1664 1575 1701 circumspectum.
1613 1665 1683 1695 Plin.
1697 1666 1745 1696 lib.
1761 1676 1803 1696 ιι.
1816 1677 1877 1705 cap.
1896 1677 1940 1705 37.
1962 1667 2064 1699 Cervix
2081 1668 2183 1699 flexilis
2193 1671 2228 1700 ad
2239 1672 2407 1711 circumspe-

1299 1703 1376 1731 ctum
1389 1723 1397 1737 ‚
1418 1700 1599 1733 articulorum
1614 1704 1696 1733 nodis
1708 1703 1841 1742 jungitur.

1242 1735 1307 1770 Cia
1317 1748 1332 1770 c
1343 1749 1457 1769 umspa
1467 1749 1535 1770 eTiz
1545 1763 1553 1775 ,
1576 1741 1645 1770 Adv.
1667 1742 1923 1778 [a‘sseffimpem'ms]
1944 1743 2064 1780 Quintil.
2085 1745 2133 1774 lib.
2151 1756 2176 1782 9.
2199 1756 2261 1785 cap.
2284 1757 2310 1778 2.
2342 1748 2407 1779 Hoc

1279 1778 1391 1815 parcius
1407 1779 1432 1808 81
1451 1778 1678 1816 circumspectius
1693 1779 1863 1810 faciendum.
1884 1781 1902 1810 i.
1919 1791 1944 1810 e.
1967 1782 2173 1814 Consideratius
2194 1786 2221 1815 81
2236 1785 2408 1824 diligentius.

1283 1814 1490 1854 circumspecte
1502 1817 1709 1855 compositeque
1722 1819 1846 1848 indutus.
1867 1817 1939 1849 Gell.
1954 1827 1978 1849 1.
1992 1830 2017 1856 5.

1281 1853 1395 1883 Donare
1406 1853 1614 1893 circumspecte.
1635 1855 1699 1885 Sen.
1712 1856 1748 1886 de
1759 1855 1855 1886 Benef.
1869 1864 1894 1893 3.
1910 1866 1952 1893 14.

1244 1891 1268 1924 C
1278 1903 1287 1921 ι
1298 1902 1313 1920 R
1323 1901 1339 1921 c
1348 1901 1365 1921 u
1375 1903 1395 1921 M
1405 1902 1416 1922 s
1425 1902 1439 1921 P
1448 1902 1485 1922 iic
1494 1902 1539 1921 το
1549 1914 1557 1928 ,
1579 1893 1764 1929 [nun-mim]
1786 1897 1841 1924 are.
1873 1893 1931 1924 Liv.
1947 1903 1991 1931 34.
2007 1901 2049 1932 39.
2082 1895 2120 1927 Ut
2137 1903 2219 1936 capta
2238 1899 2308 1929 urbe
2326 1900 2411 1940 trepi-

1282 1930 1372 1964 dans,
1396 1940 1514 1974 quanam
1525 1930 1584 1969 ipse
1594 1931 1741 1969 evaderet,
1762 1931 2018 1970 circumspectabat.
2058 1934 2123 1966 Ter.
2136 1936 2208 1967 Eun.
2226 1947 2250 1975 3.
2268 1948 2292 1975 ς.
2309 1950 2352 1975 54·
2375 1940 2410 1970 Et

1282 1966 1362 1997 simul
1375 1964 1426 1997 aha
1437 1968 1648 2007 circumspecto.
1919 2006 1922 2007 ⁷

1281 2004 1316 2036 In
1327 2006 1403 2044 pastu
1413 2006 1644 2046 circumspectant
1655 2006 1757 2037 bestiae.
1798 2005 1857 2039 Cic.
1871 2017 1897 2040 2.
1909 2009 1944 2039 de
1955 2009 2019 2039 Nat.
2032 2009 2115 2041 Deor.
2132 2015 2194 2042 126.
2216 2013 2278 2049 Jain
2288 2022 2354 2043 vero
2364 2015 2412 2045 illa

1302 2045 1385 2074 etiam
1401 2044 1530 2080 notiora,
1542 2050 1656 2082 'quanto
1666 2045 1692 2074 se
1702 2055 1787 2083 opere
1795 2047 1952 2078 custodiant
1966 2048 2057 2079 bestiae
2068 2070 2076 2085 ,
2099 2055 2130 2079 ut
2150 2051 2181 2080 in
2199 2052 2276 2089 pastu
2294 2053 2412 2084 circum„

1302 2082 1430 2119 spectent
1439 2104 1447 2117 ,
1469 2089 1500 2112 ut
1513 2082 1543 2112 in
1553 2082 1694 2113 cubilibus
1705 2083 1876 2115 delitescant.

1284 2120 1360 2151 Alius
1371 2119 1457 2150 alium
1467 2119 1684 2160 circumspectat.
1725 2120 1783 2151 Liv.
1796 2132 1821 2152 2.
1836 2130 1879 2153 10.
1907 2123 2037 2154 Cunctati
2056 2124 2217 2162 aliquandiu
2237 2127 2302 2157 sunt
2311 2150 2320 2164 ,
2341 2129 2410 2160 dum

1303 2157 1372 2188 alius
1383 2158 1468 2189 alium
1479 2181 1488 2195 ,
1509 2165 1540 2189 ut
1550 2159 1677 2198 praelium
1686 2158 1841 2198 incipiant,
1862 2162 2104 2200 circumspectant.

1283 2196 1356 2227 Rem
1366 2194 1486 2234 aliquam
1494 2197 1724 2236 circumspectare
1732 2219 1739 2233 ,
1760 2208 1811 2236 pro
1822 2198 1976 2237 Diligenter
1987 2200 2160 2232 considerare
2170 2223 2179 2235 ,
2201 2201 2228 2233 81
2241 2213 2341 2242 magna
2352 2206 2411 2234 ani-

1303 2235 1344 2265 mi
1353 2232 1520 2265 intentione.
1559 2234 1618 2266 Cic.
1633 2243 1656 2266 1.
1669 2234 1800 2273 Tusc.73.
1822 2235 1919 2274 Itaque
1929 2238 2071 2274 dubitans,
2083 2239 2325 2278 circumspectans,
2338 2243 2414 2273 haesi-

1305 2279 1367 2303 tans
1378 2294 1386 2307 ,
1407 2272 1495 2304 multa
1504 2272 1615 2303 adversa
1624 2279 1784 2309 revertenS,
1807 2280 1940 2312 tanquam
1951 2277 2016 2306 ratis
2026 2275 2055 2305 in
2074 2277 2143 2306 inari
2166 2278 2303 2310 immenso
2321 2282 2413 2312 nostra

1304 2310 1415 2341 vehitur
1430 2310 1527 2341 oratio.
1568 2310 1705 2342 Postrema
1714 2312 1797 2342 verba
1806 2314 1881 2343 varie
1892 2314 2057 2345 scribuntur.
2101 2314 2133 2345 V.
2155 2313 2280 2355 Interpp.

1284 2348 1387 2379 Vultus
1397 2348 1626 2388 circumspectare
1635 2349 1802 2387 aliquorum.
1842 2351 1902 2381 Liv.
1916 2360 1940 2387 3.
1957 2359 1999 2388 37.
2015 2361 2056 2390 pr.
2092 2352 2329 2392 Circumspectare
2350 2362 2413 2387 tum

1306 2387 1488 2425 patriciorum
1498 2387 1591 2418 vultus
1602 2386 1722 2426 plebeii:
1745 2390 1771 2418 81
1783 2388 1850 2418 inde
1861 2387 1997 2425 libertatis
2012 2396 2123 2428 captare
2135 2401 2230 2421 auram
2244 2416 2251 2427 ,
2266 2396 2317 2424 816.

1248 2421 1289 2457 Ci
1299 2435 1314 2454 R
1323 2433 1338 2456 6
1348 2432 1366 2454 u
1375 2435 1416 2455 ms
1425 2434 1440 2454 P
1449 2435 1514 2455 ich
1524 2436 1544 2455 11
1554 2434 1595 2455 NS
1606 2448 1614 2460 ,
1636 2427 1717 2456 antis.
1739 2425 1933 2465 [minnu'mv]
1955 2428 2050 2459 Partic.
2076 2434 2125 2464 ut,
2147 2429 2210 2459 Huc
2229 2432 2254 2460 &
2274 2431 2342 2462 illuc
2359 2433 2416 2462 cir.

1285 2463 1487 2501 cumspectans.
1529 2464 1632 2494 Auctor
1651 2464 1686 2493 ad
1698 2462 1798 2494 Heren.
1811 2463 1859 2495 lib.
1870 2475 1897 2501 4.
1910 2469 1955 2495 62.
1978 2466 2029 2496 iste
2043 2467 2168 2504 quotidie
2186 2475 2235 2504 per
2253 2469 2344 2500 forum
2355 2480 2414 2500 me-

1286 2501 1364 2531 dium
1376 2509 1507 2538 tanquam
1516 2501 1628 2538 jubatus
1639 2502 1722 2531 draco
1733 2501 1834 2540 serpit,
1856 2503 1987 2533 dentibus
2005 2504 2123 2534 aduncis
2134 2527 2142 2540 ‚
2164 2506 2275 2543 aspectu
2294 2507 2390 2538 rabido
2401 2529 2411 2545 ,

1286 2540 1382 2578 spiritu
1395 2546 1542 2573 venenam,
1565 2539 1797 2577 circumspectans
1809 2540 1864 2570 huc
1876 2543 1902 2571 &
1913 2541 1979 2571 illuc
1989 2564 1996 2576 ,
2020 2542 2039 2571 si
2050 2550 2134 2578 quem
2142 2546 2239 2582 rapiat.

1248 2576 1271 2607 C
1282 2589 1291 2606 i
1302 2585 1397 2607 RCUM
1409 2582 1644 2613 SPECTRTOR,
1664 2579 1726 2608 oris.
1750 2586 1787 2607 m.
1810 2577 2019 2615 [ὼωιεπτῆς]
2038 2580 2318 2619 Cujusfemininum,

1249 2616 1272 2647 C
1281 2627 1290 2644 i
1302 2626 1316 2644 R
1328 2626 1343 2645 6
1352 2626 1370 2645 u
1379 2626 1398 2644 M
1409 2625 1421 2645 s
1430 2624 1444 2644 i>
1454 2625 1468 2644 a
1478 2619 1546 2645 ετᾸ
1555 2625 1598 2645 TR
1609 2626 1644 2646 ix
1655 2635 1664 2651 ,
1684 2615 1745 2647 icis.
1767 2616 1786 2647 f.
1808 2617 1879 2655 Quae
1890 2617 1945 2648 huc
1956 2618 1982 2648 &
1992 2618 2061 2647 illuc
2072 2618 2178 2656 aspicit,
2199 2621 2338 2660 &singula
2349 2630 2415 2652 con.

1287 2654 1394 2684 fiderat.
1422 2653 1508 2682 Plaut.
1522 2653 1612 2683 Aulul.
1625 2665 1648 2683 1.
1666 2663 1689 2683 1.
1704 2662 1732 2684 2.

1366 2689 1419 2722 Exi
1430 2691 1544 2728 inquam
1553 2713 1562 2725 ‚
1582 2700 1632 2729 age
1641 2690 1704 2727 exi,
1724 2688 1887 2722 exeundum
1896 2689 1988 2722 hercle
1996 2693 2046 2723 tibi
2056 2693 2124 2724 hinc
2140 2695 2178 2725 est
2189 2695 2262 2726 foras
2272 2717 2281 2733 ‚

1366 2729 1628 2767 Circumspectatrix
1640 2751 1648 2765 ,
1667 2739 1732 2759 cum
1741 2730 1831 2760 oculis
1842 2731 1986 2761 emissitiis.

1248 2766 1271 2798 C
1280 2779 1290 2796 1
1300 2778 1316 2797 a
1324 2778 1339 2797 c
1348 2778 1374 2835 ιῇ
1375 2778 1395 2796 M
1403 2777 1415 2797 s
1424 2777 1443 2797 T
1453 2777 1472 2797 A
1485 2778 1504 2796 6
1514 2777 1534 2796 N
1542 2777 1559 2797 o
1570 2790 1579 2804 ,
1599 2767 1657 2798 are.
1678 2767 1796 2798 Tertull.
1815 2769 1852 2799 de
1873 2769 1992 2801 Pudicit.
2006 2778 2066 2808 cap.
2081 2777 2127 2801 22.
2141 2780 2183 2809 pr.
2206 2768 2347 2811 Lacrymae
2363 2773 2415 2803 cir.

1288 2816 1352 2835 cum
1376 2812 1488 2843 agnant.

1249 2843 1314 2875 Cin
1324 2853 1365 2874 cu
1376 2854 1396 2872 M
1407 2848 1513 2873 STIPO
1526 2865 1534 2879 ‚
1556 2841 1758 2879 [ὡττυκνδω]
1779 2847 1834 2875 ᾗτε.
1856 2841 1905 2875 Sil.
1918 2852 1961 2875 10.
1973 2852 2037 2882 453.

1378 2881 1537 2916 Hannibal,
1559 2883 1585 2912 81
1597 2903 1605 2917 ,
1628 2891 1729 2919 magna
1742 2883 1968 2921 circumstipante
1979 2892 2098 2914 caterva.

1249 2920 1290 2952 Cr
1299 2930 1316 2949 R
1325 2926 1340 2951 c
1349 2930 1366 2950 u
1377 2931 1399 2949 M
1409 2929 1421 2949 s
1432 2929 1468 2948 τι
1478 2930 1492 2948 P
1501 2923 1547 2948 XT
1557 2929 1594 2949 us
1603 2938 1612 2956 ,
1640 2930 1656 2949 a
1666 2941 1674 2954 .
1698 2928 1754 2950 um.
1778 2927 1827 2956 ut,
1850 2921 1931 2951 Curia
1945 2922 2158 2961 circumstipata.
2179 2920 2277 2954 Claud.
2290 2931 2334 2961 27.
2350 2932 2415 2962 595.

1364 2956 1500 2995 Principis
1511 2979 1519 2993 ,
1542 2958 1567 2988 &
1577 2979 1585 2993 ,
1607 2957 1726 2988 ducibus
1735 2959 1941 2998 circumstipata
1952 2961 2054 2998 togatis
2063 2980 2072 2996 ,

1370 2996 1385 3032 J
1389 3006 1436 3025 ure
1444 2995 1581 3034 paludatae
1592 2996 1648 3032 jam
1658 2996 1735 3026 curia
1749 2995 1851 3027 militat
1860 2997 1937 3027 aulae.

1250 3032 1273 3067 C
1283 3045 1292 3064 i
1302 3044 1317 3063 11
1327 3044 1343 3064 6
1352 3045 1369 3063 11
1379 3045 1400 3063 M
1410 3043 1449 3063 s'r
1458 3043 1474 3063 o
1486 3056 1495 3070 ,
1516 3033 1579 3064 steti
1589 3056 1597 3069 ,
1619 3034 1712 3063 stituin
1723 3056 1731 3070 ‚
1752 3036 1767 3071 [
1780 3033 1910 3071 ἀμφίςημι
1920 3056 1928 3072 ,
1959 3032 2121 3071 orarum]
2140 3038 2193 3065 are.
2224 3036 2413 3068 Circumdare.

1289 3072 1347 3109 Cic.
1364 3082 1387 3102 1.
1400 3072 1454 3102 Att.
1468 3075 1509 3102 16.
1532 3071 1569 3102 Ut
1582 3080 1627 3102 me
1637 3073 1868 3104 circumsteterint
1880 3094 1889 3109 ,
1912 3078 1944 3104 ut
1953 3080 2047 3112 aperte
2059 3074 2154 3112 jugula
2165 3083 2216 3112 pro
2237 3083 2303 3104 meo
2325 3077 2416 3114 capite

1289 3110 1318 3140 P.
1331 3108 1431 3139 Clodio
1446 3108 1615 3140 ostentarint.
1707 3145 1710 3147 μ
1953 3117 1964 3127 ·

1288 3146 1425 3179 Tribunal
1443 3146 1566 3178 Praetoris
1589 3147 1774 3179 circumstare.
1812 3148 1871 3179 Cic.
1886 3155 1909 3178 1.
1931 3149 1961 3177 iri
1971 3146 2051 3178 Catil.
2066 3155 2109 3185 32.
2141 3149 2273 3179 Desinant
2296 3151 2416 3181 insidiari

1308 3185 1448 3253 ‘iffi-sm
1458 3185 1588 3231 Consulit
1611 3186 1787 3217 circumstare
1795 3185 1916 3217 tribunal
1929 3185 2053 3216 Praetoris
2073 3186 2189 3217 urbani:
2210 3187 2335 3218 oblidere
2351 3198 2417 3220 cum

1339 3234 1353 3254 a
1375 3234 1407 3253 iis
1417 3232 1530 3254 curiam.

1291 3233 1475 3293 Aguctoritates
1484 3261 1604 3299 aliquem
1617 3262 1804 3292 circumstant.
1846 3262 1903 3292 Cic.
1918 3272 1945 3292 2.
1958 3260 2033 3291 Verr.
2048 3269 2092 3297 52.
2115 3262 2299 3293 Circumstant
2309 3271 2337 3294 te
2346 3263 2419 3295 sum-

1311 3309 1363 3330 mae
1374 3300 1548 3330 auctoritates
1561 3310 1568 3330 :
1590 3311 1650 3337 quae
1665 3307 1692 3330 te
1704 3298 1828 3330 oblivisci
1838 3298 1928 3329 laudis
1939 3299 2096 3330 domesticae
2107 3309 2164 3329 non
2177 3300 2274 3331 sinant.

1290 3334 1355 3370 Fata
1365 3339 1459 3368 omnia
1470 3348 1521 3368 nos
1533 3338 1719 3368 circumstant.
1761 3338 1818 3367 Cic.
1834 3347 1876 3366 10.
1898 3336 2018 3376 Philipp.
2032 3345 2077 3367 20.
2112 3338 2208 3375 Quum
2227 3349 2293 3369 vero
2311 3339 2371 3369 dies
2390 3342 2417 3370 &

1310 3377 1407 3407 noctes
1417 3377 1513 3406 omnia
1527 3385 1577 3405 nos
1587 3376 1710 3414 undique
1720 3376 1775 3405 fata
1784 3375 1962 3404 circumstent
1973 3397 1981 3411 ,
2002 3383 2060 3404 non
2071 3376 2109 3405 est
2123 3377 2247 3406 nostrum
2257 3398 2265 3411 ,
2285 3378 2422 3408 nominis-

1310 3421 1364 3451 que
1375 3411 1495 3483 Rodmani
1509 3412 1635 3445 dubitare
1649 3435 1657 3450 ,
1680 3421 1745 3444 eum
1755 3412 1879 3452 spiritum
1891 3433 1900 3449 ,
1922 3423 2006 3450 quem
2021 3418 2125 3443 naturae
2145 3415 2206 3451 quis
2230 3415 2347 3450 debeat,
2370 3426 2420 3454 pa.

1309 3452 1368 3482 triae
1379 3462 1407 3482 re
1431 3453 1506 3483 dere.

1253 3488 1320 3522 011³
1329 3497 1370 3520 cu
1379 3500 1420 3520 MS
1429 3499 1449 3520 T
1458 3500 1479 3520 Α
1490 3496 1531 3521 Ns
1547 3512 1556 3525 ‚
1575 3489 1656 3519 antis,
1677 3483 1837 3525 [fuziris]
1859 3486 1955 3518 Partic.
1977 3488 2037 3518 Liv.
2050 3496 2094 3519 21.
2110 3497 2152 3525 55.
2166 3495 2234 3520 extr.
2267 3487 2376 3521 Tamen
2387 3491 2418 3522 in

1290 3533 1333 3558 tot
1341 3526 1579 3558 circumstantibus
1594 3526 1673 3556 malis
1685 3526 1781 3556 mansit
1792 3525 1956 3561 aliquandiu
1968 3526 2086 3557 immota
2095 3528 2177 3557 acies.

1292 3565 1430 3596 Homines
1438 3566 1654 3596 circumstantes.
1684 3561 1802 3601 Quintil.
1817 3561 1867 3593 lib.
1878 3574 1904 3607 4.

1291 3604 1348 3635 Res
1359 3604 1575 3634 circumstantes.
1597 3604 1697 3632 Auctor
1709 3601 1743 3631 ad
1754 3601 1855 3631 Heren.
1868 3601 1916 3631 lib.
1926 3612 1953 3639 4.
1969 3606 2014 3636 68.

1292 3642 1375 3672 Silvae
1387 3642 1602 3672 circumstantes
1625 3639 1708 3669 Ovid.
1726 3647 1750 3674 3.
1773 3637 1842 3668 Met.
1854 3649 1919 3674 441.

1384 3678 1426 3710 Ad
1435 3679 1641 3709 circumstantes
1652 3677 1735 3706 vertit
1745 3676 1791 3707 sua
1803 3676 1912 3707 brachia
1925 3677 2012 3707 silvas.
2231 3712 2243 3714 μ
2288 3714 2291 3716 ,

1254 3715 1320 3749 Cia
1331 3724 1598 3750 cuMsTANTiA,
1618 3725 1649 3745 ae.
1671 3715 1690 3744 f.
1713 3713 1888 3750 [mess-am]
1910 3715 1981 3745 Gell.
1994 3713 2044 3746 lib.
2056 3721 2081 3752 3.
2094 3722 2155 3755 cap.
2169 3723 2196 3754 7.
2227 3716 2270 3747 De
2284 3717 2340 3747 loci
2364 3716 2417 3747 im-

1290 3756 1464 3794 portunitate
1475 3774 1484 3790 ,
1507 3756 1532 3784 81
1543 3752 1661 3782 hostium
1672 3751 1883 3782 circumstantia.

1293 3792 1512 3823 circumstantiae
1525 3792 1605 3821 dictae
1618 3790 1723 3826 Quaein
1734 3798 1898 3827 unaquaque
1906 3790 2090 3822 controversia
2103 3791 2188 3830 quaeri
2198 3792 2299 3829 solent,
2313 3794 2338 3823 ἃ
2348 3801 2414 3830 qua-

1311 3832 1329 3860 si
1340 3831 1515 3868 quaestionem
1528 3828 1711 3858 circumstant.

1292 3869 1334 3899 Ex
1341 3867 1544 3897 circumstantia
1553 3865 1654 3895 ducere
1666 3875 1693 3895 ar
1714 3870 1867 3895 umentum.
1891 3864 2010 3902 Quintil.
2022 3863 2069 3897 lib.
2087 3875 2112 3904 ς.
2123 3877 2185 3905 cap.
2197 3877 2239 3897 ιο.

1255 3904 1279 3937 C
1290 3918 1299 3935 1
1310 3916 1325 3934 R
1335 3915 1350 3935 c
1360 3916 1375 3934 u
1386 3915 1426 3934 ias
1437 3915 1455 3933 T
1466 3914 1484 3933 A
1495 3914 1560 3933 T10
1572 3925 1580 3939 ,
1602 3904 1672 3933 finis.
1706 3926 1713 3932 .
1734 3904 1916 3939 [ἀμφίς-κατε]
1938 3904 2009 3935 Gell.
2027 3905 2076 3935 lib.
2088 3915 2114 3942 7.
2128 3916 2189 3943 cap.
2198 3916 2226 3941 4.
2247 3903 2285 3935 Ea
2295 3903 2412 3935 circum-

1292 3944 1371 3973 statio
1381 3941 1502 3971 rnilitum
1511 3963 1519 3976 ,
1540 3950 1643 3971 corona
1652 3940 1790 3978 appellata
1801 3942 1839 3970 fit.

1255 3981 1296 4013 Ci
1305 3991 1345 4012 ac
1356 3991 1373 4011 u
1385 3989 1425 4010 us
1434 3989 1479 4010 τι
1490 3981 1505 4009 ἰ
1515 3989 1554 4008 ro
1568 4001 1576 4014 ,
1597 3978 1626 4009 ui
1643 3999 1652 4014 ,
1672 3981 1744 4009 itum
1755 4000 1763 4014 ,
1785 3978 1967 4047 [ύεὲὲικππῆ]
1990 3982 2044 4011 ere.
2073 3977 2107 4011 In
2127 3978 2245 4011 circuitu
2267 3979 2410 4047 strefpitum

1833 4027 1848 4047 u
1861 4027 1878 4046 u
1900 4027 1912 4053 ς
2323 4028 2408 4048 acere.
