2604 4222
195 175 266 215 236
606 167 629 200 A
730 167 783 208 Q
860 165 891 200 U

240 252 328 287 Aquas
344 250 373 278 in
387 249 483 287 plurali
496 259 558 278 cum
575 249 683 283 dicunt,
707 249 793 284 Aquas
803 247 904 276 calidas
925 245 1111 275 &medicatas
1130 243 1291 280 intelligunt
1302 264 1309 277 ,
1328 248 1361 273 ut

261 289 375 318 Baianas
397 289 422 316 ἃ
445 288 614 315 Puteolanus.
641 286 698 315 Cic.
711 296 760 320 pro
771 284 859 313 Plane.
872 289 916 317 65.
954 284 1049 312 Destiti
1063 283 1242 316 stomachari,
1267 283 1293 311 St
1316 291 1361 310 me

265 336 351 355 unum
363 335 394 353 ex'
407 326 438 353 iis
448 326 499 354 ieci
511 326 556 361 qui
566 325 599 352 ad
609 333 691 360 aquas
703 321 845 351 venill'ent-
867 322 943 350 idem
961 332 1002 355 ις.
1024 321 1100 350 fam.
1114 330 1159 355 24.
1183 320 1251 348 Puto
1265 327 1361 348 utrun-

264 374 317 400 que
328 364 361 391 ad
374 372 465 399 aquas.
498 363 578 390 Varro
588 362 604 390 l.
619 371 642 390 2.
656 361 690 389 de
702 360 814 396 Aniilog.
838 359 882 387 Sic
893 360 918 386 St
932 368 1008 395 aqure
1020 357 1127 391 ciilidae,
1139 368 1154 386 a
1164 357 1239 391 loco,
1250 359 1276 386 St
1286 358 1363 393 aquis

265 412 324 439 qua:
334 401 370 428 ibi
381 400 493 433 scatent,
504 410 588 436 quum
598 404 626 428 ut
642 397 798 427 colerentur
809 395 944 425 veiiillent
959 397 986 424 in
1002 396 1079 424 usum
1091 395 1199 429 nostris,
1211 405 1296 432 quum
1305 394 1366 423 aliie

265 441 299 468 ad
310 438 393 467 alium
406 438 533 466 morbum
547 438 654 466 idoneae
671 435 774 464 essent:
802 435 842 463 liae
854 444 939 470 quum
952 434 1043 471 plnres
1055 432 1150 468 ell'ent,
1160 440 1190 461 ut
1200 432 1329 465 Puteolis,
1339 434 1366 461 Sc

264 477 294 506 in
305 476 411 507 Tuscis,
424 476 522 511 quibus
535 475 682 504 utebantur
692 495 699 507 ,
722 472 909 501 multitudinis
918 473 1011 508 potius
1021 480 1103 508 quam
1113 469 1239 507 lingulati
1248 471 1369 499 vocabu-

265 514 293 543 lo
306 513 489 551 appellarunt.
543 512 615 542 Hinc
626 520 731 539 nomen
744 511 891 538 inventum
903 508 983 538 variis
993 507 1063 538 locis
1072 516 1186 546 propter
1195 518 1278 545 aquas
1289 508 1370 537 nobi-

266 552 348 580 libus.
388 551 425 579 Ut

210 591 232 620 A
242 600 287 626 QU
298 601 321 617 AE
350 588 470 625 Augustae
481 609 488 619 .
516 583 646 622 [Ὕόοιτοι
661 584 776 617 ’Auris-iz
790 583 805 618 ]
832 583 983 614 Ptoleniaeo
995 607 1003 620 ,
1026 583 1191 614 Tarbellica:
1213 584 1366 618 Antonino,

252 627 320 656 Urbs
332 626 480 661 Aquitaniae
490 625 518 653 in
532 622 635 657 Gallia,
656 622 739 659 vulgo
750 624 853 650 Baiana.

250 666 332 701 Aquae
345 663 451 696 calidae,
461 662 530 691 Urbs
542 660 634 689 insulae
647 659 806 693 Britanniae,
819 659 980 693 Ptolemaeo,
991 661 1072 697 Aquae
1084 659 1155 689 Solis
1169 662 1226 689 Ant.
1238 659 1270 688 lt.
1283 659 1368 696 vulgo

270 706 347 729 Bam.
369 701 407 729 est
422 702 447 729 &a
458 699 521 728 urbs
532 698 658 734 ejusdem
668 697 792 726 nominis
802 697 960 732 Ptolemaeo,
969 697 1050 727 Vicus
1062 699 1189 735 aquarius
1197 698 1257 727 aliss
1267 698 1369 732 dictus,

269 739 352 774 vulgo
365 737 429 771 t‘ifh,
444 743 526 773 Vique.

250 773 332 813 Aquae
345 782 469 806 mortuae,
481 773 627 811 Oppidum
636 771 732 801 Galliae
747 771 933 802 Narbonensis
944 783 960 802 o
984 783 1028 801 ere
1038 772 1067 802 C.
1081 771 1172 808 Marii,
1189 778 1303 802 centum
1313 771 1372 810 pas·

267 814 310 843 sus
321 823 335 842 a
348 813 475 842 Rhodani
486 812 559 840 ostiis
571 811 707 844 deducta,
725 817 755 839 ut
766 810 804 839 ait
816 810 884 840 Plin.
915 783 1003 848 Vusgo
1019 815 1110 846 Aigues
1120 819 1220 839 mortes.

251 853 332 888 Aquae
344 851 441 879 Sextia
451 849 573 886 Szilyum,
590 848 642 877 sive
651 848 794 885 Salyorum
807 871 815 883 ,
835 848 878 877 vel
889 848 1052 882 Salvioruin,
1072 848 1167 877 Galliae
1184 846 1371 877 Narbonensis

270 890 342 918 urbs.
357 898 432 916 nunc
441 887 569 924 Aqucnlis
579 886 684 920 civitas,
696 896 778 922 quam
791 887 821 915 C.
832 887 941 916 Sextius
954 887 1059 915 Procos.
1082 886 1199 915 redactis
1211 886 1240 914 in
1250 885 1368 922 potesta-

268 934 325 955 tem
337 925 462 962 sil-vibus
475 925 629 958 aedificavit,
641 934 746 953 nomen
758 934 773 953 a
783 925 929 953 conditore
940 925 966 953 St
977 925 1054 961 aquis
1065 924 1162 953 calidis
1176 924 1285 960 adepta.
1317 924 1370 952 Au-

269 965 332 993 thor
350 963 436 992 Strab.
458 963 549 999 Vulgo
559 966 612 988 Arx
622 972 652 988 en
665 967 794 991 provence.
832 962 898 991 l'lin.
911 960 958 990 lib.
972 971 994 997 3.
1007 972 1066 998 cap.
1082 973 1107 997 4,

250 1003 313 1032 Huc
322 1002 462 1039 pertinent
474 998 639 1038 praetereain
652 998 729 1028 ltalia
740 1002 819 1036 Aquae
832 1000 1001 1037 Apollinares
1013 1021 1020 1033 ,
1037 1003 1110 1036 Aqua
1119 997 1180 1027 viva
1191 1020 1199 1033 ,
1225 998 1305 1035 Aquae
1316 997 1371 1026 Cu-

268 1049 373 1073 manrc,
396 1040 476 1075 Aquae
496 1038 623 1072 Cutilize,
643 1039 725 1073 Aquae
743 1038 929 1071 Sinuelsanze,
959 1038 1041 1074 Aquae
1059 1036 1264 1071 Statiellorum,
1288 1036 1370 1072 Aquae

267 1077 399 1111 Taurini,
418 1076 449 1105 In
460 1076 589 1113 Hispania
600 1077 680 1112 Aquae
695 1075 870 1109 Bilbilitanae,
884 1077 964 1111 Aquae
974 1074 1079 1109 calidae,
1092 1076 1172 1111 Aquae
1187 1074 1307 1103 Celeniae
1326 1073 1371 1102 vel

268 1115 366 1144 Cilinae
380 1114 424 1143 vel
436 1114 607 1150 Qiintianae,
619 1115 698 1149 Aquas
709 1112 816 1147 Flavice,
826 1115 906 1150 Aqua:
919 1113 994 1149 Ques
1014 1122 1115 1147 uernae,
1126 1114 1207 1149 Aquae
1221 1112 1370 1146 Voconiam

267 1153 300 1183 ln
310 1152 398 1182 Gallia
409 1154 491 1188 Aquae
502 1161 689 1180 convenarum
699 1174 706 1186 ,
727 1153 806 1188 Aquae
821 1151 952 1180 Helvetiae
964 1150 1004 1179 Vu
1018 1160 1052 1187 go
1069 1152 1170 1184 Auden,
1200 1150 1230 1178 In
1240 1149 1326 1179 Dacia
1337 1150 1372 1177 A-

269 1200 329 1227 quae
337 1190 456 1224 Dacicae,
473 1190 503 1218 in
512 1189 611 1218 Moesia
620 1189 750 1223 Moesicae,
763 1190 791 1216 in
803 1189 942 1217 Pannonia
952 1188 1118 1222 Pannoniam
1151 1188 1182 1217 ln
1194 1187 1277 1224 Epiro
1287 1188 1369 1224 Aquae

267 1228 361 1265 Regum
373 1238 380 1262 ς
399 1228 428 1256 ln
439 1228 527 1261 Africa
538 1227 604 1255 item
615 1227 715 1255 eodem
725 1227 840 1255 nomine
850 1227 1025 1264 oppidunn&
1034 1225 1150 1255 alterurn
1164 1227 1246 1262 Aquae
1256 1224 1369 1254 Calidae.

268 1267 303 1296 de
318 1266 418 1303 quibus
428 1264 538 1301 lingulis
549 1264 696 1293 Cellarium
711 1265 765 1293 adi.

210 1306 231 1334 A
241 1315 286 1338 Qu
296 1307 313 1333 ῠ
326 1315 341 1332 1.
351 1314 368 1332 A
380 1325 388 1338 ,
413 1313 442 1332 ae·
463 1304 481 1331 f.
505 1303 603 1331 dimin.
625 1303 640 1338 [
656 1297 745 1328 ὁᾶὶέτων
762 1302 776 1336 ]
797 1311 847 1339 pro
858 1301 959 1330 Rivulo
972 1300 1013 1329 vel
1027 1300 1173 1336 Piscinula,
1196 1300 1230 1329 ad
1242 1299 1372 1329 differen-

246 1342 454 1371 tiamfluminis.
480 1340 537 1369 Cic.
555 1351 575 1369 ῐ.
595 1340 630 1368 (16
641 1339 716 1368 Orat.
728 1345 772 1372 28.
808 1339 934 1368 Platanus
952 1339 1019 1367 mihi
1034 1339 1143 1367 videtur
1162 1348 1219 1367 nori
1237 1345 1292 1367 tam
1312 1337 1369 1375 ipsa

247 1379 346 1417 aquula
361 1401 368 1414 ,
390 1388 450 1416 quae
462 1378 642 1411 describitur,
662 1387 744 1414 quam
759 1377 879 1406 Platonis
896 1378 1023 1406 oratione
1034 1376 1156 1405 creviss'e.
1193 1376 1278 1405 Plaut.
1303 1376 1370 1405 Cur-

247 1418 303 1447 cul.
317 1427 338 1446 1.
352 1427 375 1453 3.
392 1427 413 1453 3.
436 1416 521 1445 Mane
531 1415 687 1444 suffundam
700 1415 838 1452 aquulam.

209 1456 230 1485 A
240 1466 284 1492 <Lu
296 1466 314 1484 u
324 1467 340 1483 1.
352 1465 370 1483 A
383 1477 391 1489 ,
424 1454 571 1491 Oppidum
588 1453 733 1483 Hetruriae.
776 1453 855 1482 Unde
872 1449 1039 1490 Aquulenses
1054 1453 1080 1481 ἃ
1093 1451 1230 1488 Aquenses
1241 1450 1329 1480 Plinio
1343 1451 1369 1480 Sc

248 1493 397 1523 Ptolemaeo
417 1492 494 1521 dieti.

208 1532 229 1561 A
240 1542 348 1568 Quasi>
359 1540 429 1559 uer
440 1540 458 1558 c
469 1539 480 1558 s
491 1551 498 1564 ,
521 1530 561 1557 sis.
583 1538 619 1557 m.
641 1529 656 1564 [
672 1525 759 1564 ἀγυῃὲς
772 1550 779 1562 ,
801 1525 908 1563 ὁὸςεχίη,
928 1525 1020 1561 diff&
1036 1527 1050 1561 ]
1072 1535 1177 1555 nomen
1193 1536 1228 1555 ex
1247 1526 1369 1563 genitivo

247 1571 273 1599 &
288 1567 460 1598 nominativo
469 1566 662 1603 compositum,
675 1567 837 1603 dictumque
846 1565 879 1593 ab
892 1566 965 1602 Aqua
977 1565 1114 1595 ducenda.
1138 1565 1180 1594 Est
1190 1565 1266 1593 enim
1275 1567 1371 1601 Aquat-

246 1608 357 1640 dudlus,
367 1607 500 1643 Aquarum
510 1604 651 1633 deductio.
675 1604 701 1633 h.
721 1614 744 1633 e.
764 1604 859 1640 Quum
872 1603 1002 1632 alicunde
1015 1612 1084 1639 aqua
1097 1603 1235 1631 derivatur
1248 1624 1256 1636 ,
1279 1610 1310 1631 ut
1321 1612 1370 1640 per

246 1645 391 1674 cuniculos
400 1643 532 1679 impolitis
542 1641 685 1671 canalibus
695 1641 750 1671 alio
761 1642 919 1675 inducatur,
932 1641 984 1669 live
994 1641 1028 1669 ad
1040 1640 1204 1674 bibendum,
1226 1640 1280 1669 sive
1288 1641 1324 1669 ad
1336 1641 1370 1669 ir-

245 1683 401 1719 rigandum.
423 1681 504 1710 Extat
515 1680 581 1715 Julii
592 1679 718 1709 Frontini
727 1679 797 1709 liber
809 1680 843 1708 de
853 1678 1067 1716 Aquaeductibus
1079 1678 1158 1708 Urbis
1169 1679 1277 1708 ⁴Komae.
1298 1688 1324 1716 q.
1337 1678 1366 1707 V.

247 1722 273 1750 ἃ
289 1730 347 1757 quae
360 1719 439 1757 supra
451 1719 480 1747 in
500 1719 518 1746 A
529 1728 574 1753 QU
585 1727 612 1746 A.

245 1756 514 1795 AquaeductusJCtis
522 1757 610 1788 estius
621 1754 845 1791 aquaeducendae.
866 1753 976 1791 Ulpian.
989 1754 1006 1783 l.
1024 1765 1046 1783 i.
1063 1753 1096 1783 D.
1110 1753 1144 1782 de
1162 1754 1260 1783 Servio
1277 1754 1367 1783 rustic.

264 1796 348 1834 praed.
361 1795 509 1824 Servitutes
521 1794 680 1822 rusticorum
692 1793 858 1830 praediorum
867 1791 929 1820 sunt
940 1792 998 1821 hae:
1035 1791 1100 1827 lter,
1112 1793 1198 1827 actus,
1211 1792 1263 1827 via,
1280 1802 1370 1829 aquae-

265 1836 374 1862 duelus.
397 1833 431 1861 Et
446 1832 521 1861 iaulo
533 1831 612 1869 post,
636 1831 830 1867 Aquaeduc‘tus,
850 1830 938 1865 estjus
954 1840 1030 1867 aquae
1042 1831 1179 1859 ducendae
1187 1840 1238 1868 per
1248 1830 1368 1859 fundum

264 1872 396 1900 alienum.
462 1871 548 1898 efftius
566 1869 651 1898 divise
663 1868 797 1897 scribitur.
827 1869 900 1897 Nam
914 1869 939 1897 ἃ
950 1869 1195 1905 Aquarumduetus
1205 1867 1331 1905 legimus.

207 1910 315 1945 Aquffi
326 1919 342 1937 o
354 1918 425 1937 uc¹i¹
436 1917 468 1936 io
482 1930 489 1943 ,
519 1907 589 1936 onis.
611 1907 629 1935 f.
651 1907 793 1943 Significat
808 1916 865 1934 non
880 1906 929 1941 Jus
945 1916 1021 1943 tiquae
1038 1906 1174 1935 ducendae
1187 1928 1195 1939 ,
1215 1906 1262 1935 sed
1279 1906 1290 1935 1
1314 1905 1368 1935 sam

245 1948 416 1976 dustionem.
437 1945 492 1974 inl.
515 1946 541 1974 Si
553 1952 655 1973 autem.
681 1955 722 1973 10.
741 1944 775 1973 D.
802 1944 836 1972 de
846 1954 915 1981 aqua
925 1943 999 1981 pluv.
1013 1953 1066 1973 arc.
1078 1944 1109 1973 ln
1119 1944 1281 1973 melioribus
1291 1916 1369 1973 libi-is

245 1985 300 2014 hoc
314 1994 424 2022 quoque
440 1982 526 2012 divise
546 1981 675 2020 scriptum
686 1983 835 2016 invenitur,
854 1991 884 2010 ut
895 1981 983 2018 &seq

207 2024 229 2052 A
238 2033 282 2058 Qu
293 2034 317 2051 A.
327 2032 345 2051 n
356 2033 374 2050 A
386 2033 401 2050 c
411 2031 422 2050 s
431 2031 450 2049 τ
459 2031 476 2049 u
488 2031 509 2056 s,
530 2022 570 2050 us.
584 2031 621 2049 rn.
644 2020 681 2049 est
690 2020 737 2056 Jus
746 2020 894 2049 hauriendi
903 2029 1013 2056 aquam,
1027 2020 1053 2048 c&
1063 2019 1194 2056 portandi
1203 2029 1252 2057 per
1261 2029 1367 2057 agrum,

242 2061 373 2094 fundum,
383 2059 569 2096 seupriediuin
581 2059 701 2092 alterius,
719 2059 826 2087 ratione
838 2057 982 2087 servitutis.
1014 2057 1114 2086 Differt
1126 2064 1220 2094 autem
1229 2057 1262 2086 ab
1275 2059 1368 2094 Aquae-

244 2099 339 2132 (ludu,
349 2098 424 2135 quod
438 2098 489 2126 riis.
502 2097 583 2125 fiatin
594 2096 687 2125 fistulis
698 2097 722 2125 6<
733 2096 869 2124 meatibus
880 2095 1078 2124 subterraneis:
1101 2094 1152 2124 Ille
1164 2104 1228 2124 vero
1240 2105 1288 2133 per
1308 2096 1367 2124 ani-

244 2136 327 2165 malia
339 2158 346 2171 ,
366 2135 514 2173 portando.
538 2133 555 2163 1,
569 2134 586 2163 si
598 2135 682 2178 prius.
703 2134 724 2171 §.
742 2144 763 2163 1.
776 2135 836 2163 &2.
854 2133 932 2163 D.de
942 2143 1011 2170 aqua
1022 2132 1096 2170 pluv.
1109 2133 1221 2162 ascend.

203 2175 329 2209 AQUAEl
348 2183 487 2201 issRA'ro
499 2183 513 2201 a
526 2194 533 2207 ,
567 2176 630 2201 oris.
653 2182 690 2200 m.
720 2171 798 2200 Idem
816 2181 849 2200 ac
866 2171 981 2208 Aquilex
995 2193 1002 2205 ,
1030 2170 1171 2205 Librator,
1192 2182 1217 2208 q.
1239 2171 1269 2201 V.
1293 2171 1365 2201 Cod.

242 2212 354 2241 Theod.
369 2211 387 2240 l.
403 2220 443 2246 13.
460 2217 479 2239 t.
493 2221 519 2245 4.
541 2209 765 2247 Aquaelibratores
777 2231 783 2243 ,
799 2209 912 2238 vitriarii
924 2231 931 2244 ,
952 2209 1079 2238 eborarii.
1121 2211 1135 2244 [
1149 2209 1261 2238 Videtur
1279 2209 1366 2238 divise

242 2250 393 2287 legendum
405 2251 485 2286 Aquae
500 2248 547 2277 lib.
560 2248 690 2285 Alioquin
699 2247 883 2284 Aquilibrator
894 2247 1034 2282 dixissent,
1049 2253 1079 2276 ut
1089 2246 1141 2276 alia
1152 2247 1366 2285 ejusmodi,quae

242 2289 313 2317 infra
333 2288 490 2324 sequuntur.

204 2326 226 2356 A
235 2336 281 2362 qu
290 2336 314 2354 Aa
325 2337 340 2353 L
351 2336 360 2353 i
370 2335 404 2353 ci
417 2334 433 2352 υ
443 2335 464 2353 M
477 2346 484 2357 .,
506 2324 533 2352 ii.
550 2334 577 2353 n.
600 2324 613 2359 [
628 2320 794 2358 ὃδςοιφωγὲοι]
815 2322 932 2357 dicitur,
954 2322 1051 2359 Quum
1062 2330 1131 2359 aqua
1141 2321 1268 2359 pluvialis
1278 2330 1368 2351 reme-

243 2364 297 2393 diis
305 2362 469 2400 quibusdam
480 2361 605 2391 elicitur:
623 2367 652 2390 ut
660 2360 801 2397 quondam
812 2363 822 2395 (
835 2361 852 2389 si
863 2361 984 2390 creditur
995 2362 1005 2395 )
1017 2360 1119 2389 manali
1127 2360 1220 2398 lapide
1230 2360 1260 2388 in
1268 2360 1364 2390 urbem

243 2402 337 2431 duero.
378 2401 445 2429 naec
465 2399 564 2429 Festus.
597 2399 658 2428 Hoc
667 2398 785 2427 fiebatin
800 2400 905 2435 magnis
918 2397 1093 2427 siccitatibus.

203 2440 224 2470 A
235 2450 281 2475 qu
292 2449 339 2467 Ac
350 2449 358 2466 1
369 2448 418 2467 uir
432 2460 439 2472 ,
461 2438 488 2466 ii.
509 2448 535 2466 n.
558 2439 573 2473 [
588 2434 674 2474 αγαῃὲς
690 2437 702 2472 ]
728 2436 802 2473 quasi
816 2439 895 2473 Aquae
905 2437 1005 2473 agium,
1030 2436 1047 2464 i.
1063 2446 1087 2465 e.
1109 2436 1303 2473 Aqua-duetus,
1318 2447 1366 2474 ap-

240 2477 367 2515 pellatur.
391 2476 457 2505 Haec
467 2475 568 2504 Festus.
589 2475 769 2512 Pomponius,
788 2474 803 2502 l.
817 2474 957 2510 Hocjuie.
974 2473 1006 2503 D.
1021 2475 1055 2502 de
1068 2483 1138 2510 aqua
1150 2474 1257 2510 quotid.
1280 2475 1304 2504 Is
1317 2475 1366 2512 qui

238 2517 282 2551 jus
293 2524 368 2551 aquae
378 2514 545 2550 quotidiana·
555 2512 656 2546 habet,
673 2511 717 2541 vel
725 2511 842 2540 fistulam
851 2513 879 2541 in
889 2513 950 2540 rivo
964 2521 1068 2549 ponere
1081 2533 1089 2547 ,
1107 2512 1151 2540 vel
1167 2511 1270 2549 aliquid
1288 2512 1365 2541 aliud

239 2552 376 2590 quidlibet
391 2551 478 2580 facere
490 2551 579 2588 potest
588 2573 595 2586 ,
617 2550 686 2580 dum
697 2560 733 2580 ne
743 2550 862 2579 fundum
878 2550 1006 2585 domin0,
1020 2556 1068 2579 aut
1077 2549 1223 2587 aquagium
1233 2551 1364 2580 rivalibus

239 2591 361 2620 deteiius
376 2590 464 2618 faciat.

201 2629 277 2665 AQu
290 2638 307 2656 A
318 2630 380 2656 tic
391 2638 406 2655 u
418 2638 429 2655 s
442 2649 449 2661 ,
472 2627 489 2655 i.
513 2637 548 2656 rn.
578 2626 594 2662 [
608 2625 685 2660 γκςῆρ
699 2624 714 2660 ]
738 2623 835 2660 Alvus,
858 2635 912 2663 quo
927 2625 1019 2654 sordes
1030 2625 1166 2654 defluunt.
1283 2661 1285 2663 q

238 2667 308 2696 ltem
322 2674 407 2698 genus
421 2665 560 2699 quoddam
573 2664 630 2693 Lati
640 2663 772 2696 intestini,
784 2673 817 2692 ex
830 2674 884 2700 quo
894 2663 1038 2692 farciiiiina
1049 2663 1106 2692 fieri
1116 2662 1214 2692 solent.
1238 2663 1362 2702 Apicius,

257 2703 346 2741 Reple
358 2703 511 2739 aqualicum
524 2702 568 2736 sic,
582 2710 612 2731 ut
623 2701 812 2730 laxamentum
822 2701 922 2730 habeat
931 2724 939 2736 ,
955 2711 990 2730 ne
1001 2700 1112 2730 dissiliat
1125 2701 1154 2730 in
1165 2703 1287 2730 coctura.

200 2743 455 2777 AQUALICULU
467 2750 495 2775 s,
526 2741 543 2769 i.
563 2749 600 2768 m.
623 2740 637 2775 [
653 2736 742 2773 >olnam
757 2739 771 2773 ]
793 2739 827 2767 ab
845 2740 920 2776 Aqua
933 2739 1034 2767 dicitur
1051 2749 1056 2767 :
1079 2740 1105 2768 ἃ
1122 2740 1233 2776 proprie
1254 2739 1305 2768 Vas
1323 2739 1362 2768 est

238 2781 266 2808 in
278 2789 333 2816 quo
345 2778 422 2816 poi-ci
433 2778 549 2806 sorbent.
587 2777 634 2806 Per
644 2777 837 2814 metaphoram
849 2786 916 2806 vero
925 2777 1087 2807 inferiorem
1102 2778 1205 2806 ventris
1217 2778 1361 2815 partemin

194 2842 195 2845 ,
238 2827 321 2855 quarn
332 2816 425 2845 sordes
437 2816 592 2844 confluunt.
616 2814 682 2843 Pers.
700 2824 720 2842 i.
743 2814 799 2843 Sat.
815 2823 858 2851 57.

400 2869 438 2874 —
463 2863 550 2891 quum
571 2853 622 2881 tibi
645 2851 728 2881 Calve

316 2892 427 2929 Pinguis
441 2888 612 2927 aqualiculus
645 2888 762 2927 roperiso
775 2888 935 2926 sesquipede
955 2894 1038 2919 extet.
1136 2887 1170 2918 V.
1194 2889 1309 2920 Casaub.
1326 2891 1361 2920 ad

235 2930 315 2960 Persii
336 2930 389 2958 loc.
407 2927 600 2959 &Mercurial-
649 2937 685 2956 ar.
700 2927 774 2956 Lect.
793 2937 813 2956 1.
833 2937 853 2955 1.
871 2928 918 2963 qui
931 2929 989 2957 διό.
1005 2938 1027 2956 1.
1046 2928 1208 2957 monstrabit
1231 2937 1362 2958 nonnun-

235 2978 318 3005 quam
332 2978 381 3006 pro
390 2967 466 2997 Toto
476 2974 571 2995 ventre
581 2965 670 3003 accipi
685 2963 882 3001 Aqualiculum.
1070 2981 1077 2986 ·

197 3007 274 3042 AQU
286 3016 303 3034 A
316 3018 331 3034 L
341 3017 349 3034 1
359 3016 370 3034 s
380 3027 388 3040 ,
409 3015 433 3034 e.
453 3005 511 3040 Adj.
534 3004 610 3034 [dem
622 3013 653 3032 ac
676 3003 832 3039 Aquaticus.
852 3002 947 3031 Sidon.
962 3008 987 3034 R.
999 3002 1082 3040 Epist.
1096 3006 1121 3032 6.

195 3045 216 3073 A
227 3054 271 3080 QU
282 3048 297 3072 A
308 3055 324 3072 L
336 3055 343 3072 1
354 3053 375 3078 s,
398 3043 428 3072 is.
450 3053 486 3072 m.
510 3044 525 3078 [
539 3039 619 3072 5325...
635 3042 648 3076 ]
669 3040 752 3069 Varro
766 3051 790 3073 4.
804 3040 839 3069 dc
850 3039 879 3069 L.
896 3040 923 3069 L.
951 3040 985 3069 Et
995 3040 1029 3069 ab
1046 3042 1120 3077 Aqua
1137 3040 1245 3078 Aqualis
1256 3041 1357 3071 dietus.

234 3082 286 3111 Vas
297 3083 335 3110 cst
344 3081 497 3117 aquarium,
512 3089 566 3117 quo
579 3089 648 3116 aqua
658 3080 684 3108 &
693 3077 820 3107 manibus
834 3078 923 3112 datur,
936 3079 961 3107 ἃ
974 3078 1208 3108 iiienlierinfertur.
1241 3079 1305 3114 Ejus
1314 3090 1360 3108 au-

233 3125 291 3148 tem
301 3119 470 3149 accusativus
481 3118 579 3147 melius
590 3126 638 3154 per
649 3117 758 3145 tertiam
771 3115 896 3144 vocalem
907 3116 935 3144 in
949 3117 985 3144 im
998 3116 1106 3145 desinit.
1125 3116 1357 3148 l'laiit.Cui·cul.2.

237 3167 259 3192 3.
274 3167 316 3195 33.
358 3156 449 3186 Datin'
472 3155 513 3185 isti
532 3154 641 3188 sellam,
662 3154 709 3183 ubi
721 3152 834 3182 allident
852 3154 908 3182 cito
923 3175 931 3187 ,
952 3153 1106 3190 &aqualim
1119 3164 1181 3183 cum
1193 3155 1286 3190 aqua‘?

196 3195 217 3224 A
227 3205 272 3231 Qu
282 3206 300 3224 A
311 3204 330 3224 N
342 3204 382 3224 us
394 3217 401 3230 ,
423 3204 438 3223 a
452 3217 459 3228 ,
481 3204 537 3223 um.
569 3192 649 3222 Idem
661 3202 693 3220 ac
704 3190 821 3228 Aqualis.
839 3190 958 3220 Tertull.
972 3191 1007 3220 de
1018 3190 1105 3220 Carne
1117 3192 1225 3227 ehi-isti,
1242 3202 1265 3221 c.
1276 3203 1301 3226 9.

196 3233 218 3262 A
228 3244 246 3266 Q
257 3243 271 3261 u
285 3243 301 3261 A
312 3243 344 3260 111
357 3243 404 3261 um
414 3255 421 3267 ,
444 3234 468 3261 Sc
479 3242 528 3270 per
543 3230 640 3260 dimin.
665 3230 739 3265 AQU
751 3239 768 3257 A
778 3230 922 3257 R161AJM
933 3251 940 3263 ,
964 3229 981 3257 i.
1000 3238 1027 3257 n.
1050 3226 1246 3265 [63305025502]
1268 3230 1357 3260 Locus

234 3271 262 3298 in
275 3280 355 3307 quem
366 3270 476 3299 sordida
483 3280 552 3299 aqua
567 3269 697 3303 jactatur:
711 3267 794 3304 qui&
804 3265 948 3296 Lavatrina
959 3276 974 3295 a
984 3264 1101 3294 lavando
1113 3267 1275 3304 appellatur.
1298 3269 1358 3297 Nec

233 3308 261 3336 in
273 3308 365 3336 culina
376 3316 483 3337 tantum
498 3308 568 3336 fiunt
581 3305 719 3341 ejusmodi
731 3305 840 3341 aquaria
851 3326 858 3339 ,
879 3304 964 3334 sedin
981 3304 1108 3333 tricliniis
1119 3314 1229 3341 quoque
1245 3307 1271 3335 Sc
1281 3306 1358 3335 cubi-

234 3345 314 3380 culis,
328 3346 353 3374 Sc
367 3345 571 3374 coenatiOiiibus
582 3354 647 3372 cum
659 3343 795 3380 dignitate
813 3344 838 3372 &
848 3342 993 3380 elegantia.

232 3383 389 3419 Aquarium,
415 3383 502 3412 Locus
516 3383 668 3411 influmine
680 3387 727 3410 aut
738 3379 790 3409 3113
799 3381 983 3417 quavisaqua,
1004 3379 1038 3408 ad
1057 3389 1139 3415 quem
1160 3381 1289 3410 animalia
1308 3391 1358 3418 po-

253 3427 313 3448 tum
321 3430 445 3457 aguntur.
469 3421 538 3450 Cato
549 3421 584 3449 de
592 3419 624 3448 R.
638 3420 668 3448 R.
686 3429 747 3456 cap.
763 3428 784 3446 1.
839 3418 866 3447 Si
881 3418 996 3456 poteris,
1017 3416 1065 3446 sub
1075 3418 1165 3446 radice
1174 3419 1276 3448 montis
1289 3419 1336 3447 liet
1347 3442 1356 3453 ,

252 3458 282 3485 iri
295 3459 440 3500 meridiem
452 3458 564 3496 spectet,
580 3458 643 3487 loco
650 3454 749 3487 salubri
759 3478 767 3492 ,
788 3457 977 3494 operariorum
989 3455 1070 3492 copia
1083 3454 1129 3483 siet
1139 3477 1146 3489 ,
1166 3455 1306 3494 boumque
1318 3457 1357 3485 ibi

251 3504 266 3523 a
287 3505 402 3524 uarium.

194 3505 299 3567 Aqqu
310 3543 324 3560 a
336 3543 343 3560 i
355 3543 409 3566 us,
430 3543 445 3561 a
459 3555 466 3567 ‚
492 3543 537 3562 um
551 3555 558 3567 ,
588 3535 602 3569 [
618 3528 735 3564 ιὶἕᾰτιιώς
751 3532 766 3567 ]
787 3531 863 3569 quod
881 3531 914 3560 ad
931 3539 1030 3568 aquam
1045 3530 1166 3567 peitinet
1177 3552 1185 3563 ,
1206 3536 1255 3564 ut,
1273 3531 1357 3561 Cotes

232 3570 358 3635 aquaria}
380 3570 448 3599 Plin.
461 3570 510 3599 lib.
524 3577 564 3605 ¹8·
578 3581 639 3608 cap.
652 3576 697 3604 28.
721 3569 799 3599 Italia
810 3569 934 3607 aquarias
943 3576 1018 3598 cotes
1028 3567 1191 3603 dedit‚limae
1201 3569 1356 3606 viceimpe-

231 3613 323 3636 rantes
347 3617 415 3636 erro.

231 3645 363 3682 Aquarius
378 3645 468 3674 sulcus
480 3667 486 3679 ,
505 3646 561 3682 Qui
576 3645 606 3674 fit
627 3645 661 3674 ad
677 3655 760 3683 aquas
776 3655 810 3674 ex
831 3645 901 3681 agris
918 3644 1087 3673 educendas.
1123 3642 1260 3673 Columel.
1279 3643 1296 3672 1.
1314 3654 1353 3674 12.

249 3692 272 3711 c.
286 3687 311 3714 8.
334 3681 482 3711 Cavebitur
494 3690 587 3711 tamen
600 3690 631 3712 ut
644 3690 770 3720 patentes
780 3683 855 3715 liras,
866 3682 1030 3719 crebrosque
1039 3682 1129 3711 sulcos
1138 3682 1273 3718 aquarios,
1286 3692 1355 3718 quos

249 3719 378 3748 nonnulli
391 3719 479 3749 Elices
492 3726 601 3754 vocant,
613 3720 759 3750 faciamus:
782 3722 807 3750 ἄ
822 3730 935 3750 omnem
948 3719 1094 3750 humorem
1109 3720 1137 3749 in
1148 3718 1303 3755 colhquias,
1316 3726 1355 3748 zit-

251 3757 380 3794 queinde
397 3765 473 3786 extra
489 3757 592 3794 segetes
606 3758 772 3787 derivemus.

231 3795 347 3832 Aquaria
366 3795 515 3831 provincia.
536 3795 551 3823 i.
571 3804 593 3822 e.
629 3795 708 3823 Onus
718 3805 795 3832 aquae
804 3795 951 3825 ducendae.
976 3794 1033 3824 Cic.
1047 3796 1074 3824 in
1085 3794 1174 3823 Vatin.
1191 3803 1230 3823 12.
1269 3793 1300 3822 In
1319 3803 1353 3822 eo

248 3842 293 3861 ina
315 3832 415 3863 istratu.
434 3841 518 3868 quum
535 3832 584 3860 tibi
597 3841 699 3868 magno
712 3832 833 3861 clamore
845 3833 954 3870 aquaria
965 3833 1110 3871 provincia
1119 3832 1190 3861 sorte
1205 3830 1351 3868 obtigisset.

250 3841 315 3898 Caes.
330 3869 475 3911 1111011131-
494 3874 618 3903 ¹S.c.40.
643 3870 755 3905 Aquaria
774 3871 891 3906 (inquit)
913 3872 1054 3913 provincia
1066 3871 1094 3899 iii
1107 3870 1242 3899 Cicerone
1258 3869 1354 3898 adver-

248 3907 293 3936 sus
308 3906 444 3935 Vatinium
456 3928 462 3940 ‚
477 3915 549 3947 *cura
563 3906 600 3934 est
613 3906 760 3941 Quaestoris
772 3929 779 3940 ,
800 3908 920 3944 praetecti
937 3908 1075 3938 mercibus
1092 3918 1152 3945 qua:
1170 3906 1214 3937 vel
1231 3907 1298 3936 mari
1308 3906 1352 3936 vel

247 3944 364 3973 omnino
376 3953 390 3971 a
411 3944 453 3972 uis
467 3943 673 3977 subvehuntur,
694 3945 798 3980 nequid
811 3952 980 3981 exportetur.
1020 3946 1074 3974 Sed
1090 3948 1116 3974 ὁὶ
1137 3945 1256 3983 publicis
1274 3945 1352 3981 aquis

246 3981 349 4021 praefici
366 3954 460 4010 solitos
476 3980 611 4017 quosdam
625 3980 741 4010 scimus:
764 3981 798 4010 de
819 3983 919 4018 quibus
939 3984 1162 4019 quandocunque
1181 3983 1212 4012 {it
1232 3982 1352 4012 senatus-

226 4031 241 4046 ι’)

1863 165 1889 199 A
1987 165 2038 207 Q
2119 165 2150 200 u

1476 242 1634 286 consultum
1646 243 1746 272 fficium
1760 266 1766 277 ,
1787 251 1817 273 ut
1832 255 1917 281 quum
1929 246 1987 278 eius
1998 247 2035 275 rei
2048 246 2125 275 causa
2140 253 2216 276 extra
2228 244 2326 276 urbem
2341 241 2433 277 forent
2445 270 2453 283 ,
2467 243 2574 282 liffoi'es

1477 282 1568 316 binos,
1582 283 1608 310 Sc
1618 283 1706 309 servos
1718 282 1843 318 publicos
1857 291 1960 316 ternos,
1972 284 2135 313 architectos·
2146 285 2274 321 singulm,
2296 288 2321 315 ἃ
2332 286 2442 320 scribas,
2463 289 2487 316 8<
2499 288 2576 319 libra-

1476 321 1540 353 rios,
1550 320 1679 347 accensos
1688 321 1713 348 &⁷
1726 329 1868 356 prtrcones
1875 322 1994 350 totidem
2004 321 2104 350 habere
2116 321 2217 351 liceret.
2242 323 2330 352 Hosce
2342 323 2398 352 dici
2412 326 2576 363 quandoque

1479 360 1615 393 Aquarum
1624 364 1762 386 curatores
1775 359 2116 393 :mimadverto,interdum
2126 361 2151 388 S<
2163 360 2301 396 Aquarios.
2322 360 2411 396 Julius
2422 361 2576 398 Frontinus,

1479 394 1529 424 Ille
1540 395 1715 430 aquariorum
1727 394 1868 425 tollendus
1883 397 1988 425 reditus
1998 419 2006 430 ,
2028 406 2111 434 quein
2122 405 2225 426 vocant
2237 397 2375 427 Punt‘tam.
2411 398 2443 427 Et
2456 408 2521 428 mox
2530 401 2578 430 do-

1480 441 1534 461 cet.
1548 431 1628 460 fuisse
1638 433 1777 468 quendam
1791 435 1837 469 qui
1849 433 2003 471 appellatur
2014 435 2034 463 A
2046 435 2165 471 punctis.
2212 433 2281 463 Alibi
2294 435 2440 464 Frontinus
2454 438 2578 473 Aquario.
2592 432 2593 435 ¹

1480 480 1539 498 rum
1559 469 1683 512 fraudem
1703 470 1845 505 nominat,
1867 481 1935 507 quos
1947 482 2029 509 aquas
2045 481 2079 500 ex
2091 471 2210 508 publicis
2222 473 2352 502 ductibus
2369 474 2398 501 in
2413 474 2577 510 privatorum

1480 507 1559 536 usum
1571 507 1695 535 derivare
1710 508 1942 545 deprehendisset.
1975 511 2063 547 Super
2071 519 2123 545 qua
2135 519 2162 537 i‘e
2171 508 2248 538 Caelii
2261 510 2323 539 Rufi
2335 509 2410 539 edita
2420 521 2527 548 quoque
2540 512 2577 542 le.

1481 545 1596 583 gebatur
1609 545 1698 572 oratio
1711 567 1718 579 ,
1730 546 1775 574 cui
1789 546 1885 575 titulus
1896 546 1949 575 fuit
1962 547 2005 577 De
2016 547 2102 583 aquiS,
2119 547 2167 575 ubi
2178 546 2353 584 aquariorum
2363 548 2429 577 dolo
2439 570 2446 583 ,
2468 549 2578 586 irriguos
2603 559 2604 564 ¹

1481 592 1586 650 affixos&
1598 581 1740 647 tirbernas,
1759 584 1904 614 coenacula
1920 585 2063 622 perpetuis
2084 582 2246 614 salientibus
2259 585 2427 623 coarguebat
2443 586 2579 622 instructa.
2602 582 2604 618 i

1511 630 1548 649 «66
1589 630 1609 648 ae
1623 630 1672 648 ius.
2603 629 2604 632 ¹

1463 657 1571 695 Aquarii
1589 657 1706 687 moduli.
1746 657 1777 688 V.
1802 659 1936 689 Modulus
1954 659 1984 687 in
1999 669 2046 687 Μο
2057 669 2075 687 r)
2086 669 2104 687 u
2114 669 2134 688 s.
2602 653 2604 694 l

1431 694 1453 726 A
1462 706 1507 731 Qu
1519 706 1535 724 A
1547 706 1562 724 R
1574 706 1581 723 i
1593 705 1610 723 υ
1621 704 1642 728 S,
1656 695 1673 724 i.
1688 705 1724 724 m.
1737 695 1816 726 subst.
1828 707 1878 735 pro
1891 696 2067 734 Aquilege,ut
2076 696 2265 726 videtur.Cael.
2277 698 2312 726 ad
2323 696 2579 731 Cic.8.Fam.6.Nisi
2600 697 2604 700 ”

1462 744 1514 771 ego
1525 743 1589 762 cum
1602 733 1761 763 tabernariis
1772 736 1799 764 8<
1810 736 1927 772 aquariis
1937 744 2100 772 pugnarem,
2120 742 2250 764 veternus
2264 735 2404 765 civitatem
2416 736 2578 773 occupasset.

1462 772 1574 809 Aquarii
1584 772 1650 800 item
1661 771 1722 800 sunt
1736 773 1870 808 Aquarurn
1883 773 2028 802 custodes:
2058 773 2093 801 de
2103 783 2154 810 qua
2166 783 2195 802 re
2206 773 2270 802 vide
2279 773 2362 810 paulo
2375 780 2439 802 ante
2458 774 2487 802 in
2497 775 2579 811 Aqua.

1483 812 1522 838 ria
1530 809 1685 846 provincia.
1725 809 1754 838 V.
1776 809 1865 840 Tacit.
1880 821 1922 846 15.
1938 810 2008 839 Ann.
2022 819 2066 845 43.
2088 811 2113 840 Sc
2125 810 2194 848 Lips.
2207 811 2242 839 ad
2253 810 2307 840 loc.

1463 848 1572 885 Aquarii
1595 847 1677 875 etiam
1699 847 1928 885 appellabantur,
1960 848 2017 884 Qui
2035 849 2065 877 in
2087 848 2265 886 lupanaribus
2286 848 2403 886 impuris
2422 848 2580 880 mulieribus

1482 895 1581 952 ¹{lquzjsm
1591 885 1787 951 mirgistrlqbdant.
1826 885 1951 952 juvenql.
1968 886 2022 953 δὲζὶῑ.
2035 891 2059 915 6.
2075 895 2136 922 332.
2170 887 2267 915 Veniat
2277 886 2433 916 conduetus
2447 887 2578 924 aquarius.

1509 947 1514 952 .
1564 932 1660 951 urne.
1737 933 1955 953 v.1.12.exr.
2020 934 2039 952 A
2077 934 2278 953 UAnioLus.

1465 961 1508 991 De
1519 961 1639 998 Aquariis
1654 935 1812 996 haereticis?
1826 962 1873 999 qui
1887 964 1959 998 Aqua
1968 971 2017 998 pro
2031 934 2098 990 viiio
2110 962 2139 990 in
2149 962 2231 991 Sacro
2242 961 2330 991 calice
2339 961 2488 991 utebantur
2497 983 2506 997 ‚
2531 962 2581 1002 (ΣΥ.

1484 1000 1573 1037 priari.
1586 998 1636 1036 Ep.
1651 1002 1695 1034 ⁶3·
1714 998 1850 1044 Epiphan.
1867 998 1965 1028 Haeres.
1981 1003 2026 1034 46.
2047 999 2118 1028 Coel.
2138 999 2258 1037 Rhodig.
2281 1005 2378 1035 18.40.

1465 1037 1597 1074 Aquarius
1612 1058 1620 1071 ,
1652 1033 1841 1073 [Ὗδρφριῶ]
1874 1037 1913 1065 est
1941 1038 1967 1066 ἃ
1988 1037 2106 1066 Coeleste
2130 1037 2235 1075 lignum
2257 1038 2287 1066 in
2308 1037 2433 1066 zodiaco
2457 1037 2579 1076 circulo,
2599 1053 2600 1070 ς

1464 1077 1500 1105 (16
1521 1084 1576 1112 quo
1596 1072 1684 1103 multa
1705 1073 1797 1103 scribit
1825 1075 1958 1112 Hyginus.
2006 1075 2117 1104 Servius
2143 1075 2179 1104 ad
2205 1087 2225 1104 i.
2250 1075 2311 1105 AEn.
2326 1084 2372 1111 23.
2393 1075 2463 1104 dicit
2489 1075 2604 1106 secun-J

1465 1115 1533 1143 dum
1543 1112 1647 1142 fabulas
1662 1112 1737 1140 hunc
1754 1112 1832 1142 fuisse
1842 1112 2034 1149 Ganymedem
2046 1134 2054 1147 ,
2072 1114 2119 1150 qui
2133 1113 2165 1142 ab
2176 1113 2245 1149 Jove
2254 1119 2358 1150 raptus,
2379 1114 2406 1142 ἃ
2415 1113 2488 1142 inter
2498 1113 2579 1145 fidera
2598 1119 2600 1147 ξ

1464 1151 1627 1184 collocatus,
1638 1150 1747 1187 Aquarii
1758 1160 1862 1179 nomen
1874 1151 1991 1188 accepit.
2014 1150 2082 1179 Plin.
2093 1150 2112 1180 l.
2128 1157 2170 1185 18.
2190 1160 2214 1180 c.
2227 1154 2273 1181 26.
2295 1150 2362 1180 Hor.
2378 1161 2400 1179 1.
2416 1151 2579 1189 Serm.1.36.

1466 1189 1599 1227 Aquarius
1614 1188 1690 1217 levis.
1713 1188 1796 1217 Ovid.
1809 1199 1834 1217 2.
1857 1189 1924 1217 Fast.
1937 1198 1999 1224 457.

1544 1226 1605 1262 Jam
1626 1225 1693 1254 levis
1710 1225 1823 1263 obliqua
1841 1225 1961 1255 subsedit
1978 1226 2116 1263 Aquarius
2127 1236 2204 1255 urna,
2596 1260 2597 1264 Ἰ

1427 1267 1448 1297 A
1457 1276 1506 1301 Qu
1517 1275 1534 1293 A
1545 1274 1560 1292 R
1571 1275 1580 1292 i
1591 1266 1631 1293 oi.
1642 1274 1659 1292 u
1669 1273 1681 1291 s
1693 1285 1701 1298 ,
1732 1264 1749 1292 i.
1769 1274 1805 1293 m.
1837 1263 2024 1293 Meretriculae
2038 1264 2160 1293 minister
2177 1273 2227 1300 per
2245 1263 2463 1293 diminutionem
2475 1263 2510 1292 ad
2517 1273 2581 1294 cori-
2596 1264 2600 1271 “

1464 1309 1604 1339 temptum
1614 1301 1754 1330 sicdietus.
1779 1301 1878 1331 Festus.
1900 1301 2042 1338 Aquarioli
2053 1302 2217 1331 dicebantur
2223 1301 2370 1331 mulierum
2379 1302 2579 1339 impudicarum

1465 1340 1567 1370 sordidi
1580 1339 1692 1369 affeclre.
1734 1339 1834 1368 Talem
1850 1340 1973 1377 designat
1994 1339 2169 1378 Lampridius
2191 1340 2349 1369 Commodo
2367 1349 2427 1377 cap.
2438 1349 2464 1368 2.
2494 1339 2525 1368 V.
2543 1338 2580 1370 ibi
2596 1355 2602 1373 ¹.

1466 1378 1578 1409 Casaub.
1596 1379 1623 1407 δι
1633 1375 1753 1406 Salmals.
1767 1378 1803 1407 ad
1816 1378 1922 1415 Vopisc.
1942 1388 1970 1415 p.
1987 1388 2048 1413 515.
2096 1377 2185 1406 Iidem
2200 1379 2226 1407 ἃ
2241 1377 2388 1407 Lenonuin
2398 1378 2473 1406 vices
2488 1377 2580 1415 sunge-

1466 1415 1786 1446 bantur-&conditiones
1796 1415 1986 1445 meretricibus
1998 1415 2194 1445 conciliabant.
2214 1415 2331 1445 Tertull-
2343 1415 2421 1453 Apol.
2432 1425 2493 1452 cap.
2505 1424 2548 1451 43.
2600 1423 2602 1427 ⁴

1466 1454 1605 1492 Aquarioli
1642 1460 1752 1483 raeterea
1765 1453 1896 1482 dicuntur
1905 1476 1913 1488 ,
1937 1453 1994 1490 Qui
2006 1454 2099 1482 uxoris
2112 1453 2165 1482 suae
2177 1453 2268 1491 stupra
2279 1463 2358 1490 aequo
2371 1453 2465 1482 animo
2476 1454 2589 1490 patium

1484 1500 1537 1522 tur.
1559 1464 1639 1529 Apus
1654 1492 1684 1520 in
1694 1491 1796 1528 Magiae
1811 1490 1924 1529 Apolog.
1938 1502 1966 1529 p.
1981 1500 2043 1539 223.
2059 1498 2128 1520 extr.

1428 1530 1449 1561 A
1461 1531 1671 1566 QUATiCus,
1692 1539 1724 1563 3,
1749 1539 1806 1558 um.
1829 1529 1887 1565 Adj.
1910 1531 1925 1565 [
1940 1534 2044 1565 anag&
2055 1551 2063 1565 ,
2085 1528 2230 1565 diuaego'ss'i&
2246 1528 2261 1564 ]
2288 1529 2327 1558 est
2346 1528 2433 1565 Quod
2448 1529 2477 1557 in
2495 1529 2580 1566 aquis,

1466 1579 1513 1598 aut
1527 1568 1601 1597 circa
1618 1577 1701 1604 aquas
1718 1567 1800 1596 vivit:
1822 1574 1869 1596 aut
1879 1577 1961 1604 aquas
1972 1589 1978 1601 ,
1999 1567 2053 1596 sive
2071 1567 2171 1604 aquosa
2186 1567 2250 1596 loca
2259 1567 2433 1604 frequentat:
2453 1574 2484 1595 ut
2495 1588 2504 1603 ,
2520 1564 2600 1597 Avis-¹

1466 1607 1602 1644 aquatica.
1631 1605 1701 1634 Plin.
1713 1604 1761 1634 lib.
1776 1615 1816 1634 10.
1833 1615 1892 1644 cup.
1910 1616 1950 1634 11.
1976 1605 2020 1634 Uti
2033 1605 2150 1640 anseres,
2166 1604 2398 1642 &aquaticaefere
2413 1614 2483 1633 aves.
2598 1610 2602 1642 ¹.

1464 1645 1639 1682 Aquaticum,
1654 1643 1756 1672 dicitur
1766 1644 1850 1672 etiarn
1860 1666 1868 1679 ,
1891 1643 1978 1680 Qiod
1990 1644 2019 1671 in
2030 1644 2106 1680 aquis
2117 1649 2164 1672 aut
2173 1652 2262 1680 prope
2271 1652 2353 1679 aquas
2365 1642 2492 1671 nascitur.
2512 1641 2577 1673 Plin.
2592 1655 2593 1658 ¹

1486 1682 1504 1711 l.
1520 1686 1559 1711 16.
1577 1691 1601 1711 c.
1612 1692 1656 1716 40.
1680 1680 1868 1718 Frigidisiima,
1880 1691 2052 1718 quaecunque
2061 1681 2196 1718 aquatica.
2226 1681 2340 1710 Dictum
2348 1681 2384 1710 de
2392 1680 2550 1710 arboribus:
2564 1716 2569 1719 ἱ

1468 1721 1599 1758 Aquatica
1617 1719 1699 1748 lotos.
1722 1719 1804 1747 Ovid.
1819 1729 1844 1754 9.
1868 1720 1936 1748 Met.
1951 1729 2013 1755 341.

1465 1759 1612 1795 Aquaticus
1626 1757 1710 1786 etiam
1719 1757 1820 1785 dicitur
1831 1758 1930 1792 Auster,
1940 1757 2016 1794 quod
2026 1755 2277 1794 pluviaminducat.
2301 1756 2385 1786 Ovid.
2398 1765 2423 1784 2.
2439 1754 2508 1784 Met.
2518 1760 2577 1792 853.

1425 1796 1448 1825 A
1459 1807 1503 1832 ομ
1514 1807 1533 1824 A
1543 1806 1561 1824 ‘r
1571 1797 1581 1824 ῐ
1592 1807 1609 1824 L
1619 1806 1627 1823 1
1638 1805 1649 1824 s
1659 1817 1667 1829 ,
1688 1805 1712 1823 e.
1732 1795 1792 1830 Adj.
1814 1796 1828 1830 [
1843 1791 1953 1826 &danicos
1969 1795 1983 1829 ]
2005 1795 2082 1824 ldem
2096 1794 2170 1831 quod
2182 1795 2339 1832 Aquaticus.
2360 1801 2400 1829 ut,
2410 1793 2497 1823 Bestia
2504 1803 2583 1830 aqua..

1462 1835 1527 1869 tilis,
1540 1833 1650 1871 Degens
1662 1833 1689 1861 in
1705 1833 1790 1870 aquis.
1815 1833 1872 1862 Cic.
1886 1842 1908 1862 1.
1920 1833 1956 1861 de
1964 1833 2026 1862 Nat.
2040 1833 2122 1862 Deor.
2137 1842 2196 1867 151.
2208 1833 2357 1862 Bestiarum
2366 1841 2460 1861 autem
2469 1839 2582 1860 terrenae:
2596 1831 2601 1849 '=

1462 1872 1525 1901 sunt
1534 1871 1603 1905 alise,
1620 1871 1719 1908 partim
1732 1870 1876 1907 aquatiles,
1885 1870 1944 1900 aliae
1955 1871 2027 1907 quasi
2037 1871 2173 1908 ancipites
2184 1871 2215 1899 in
2225 1878 2340 1908 utraque
2348 1870 2412 1899 sede
2422 1870 2552 1898 viventes.

1462 1909 1571 1940 Humor
1584 1909 1710 1947 aquatilis
1719 1930 1727 1943 ,
1747 1918 1798 1946 pro
1808 1918 1842 1937 eo
1852 1909 1927 1945 quod
1942 1909 2026 1945 vulgo
2037 1909 2144 1938 Humor
2156 1918 2259 1945 aqueus
2270 1909 2381 1937 dicitur.
2419 1908 2500 1936 Varro
2514 1917 2536 1935 1.
2546 1906 2580 1935 d·
2594 1935 2596 1938 ,

1482 1948 1514 1977 R.
1527 1947 1560 1977 R.
1580 1957 1640 1985 cap.
1651 1950 1697 1983 64.
1718 1947 1927 1984 Amutcaquum
1935 1956 1971 1975 ex
1980 1947 2087 1976 oleaest
2100 1946 2239 1984 express'a,
2258 1949 2307 1984 qui
2323 1947 2360 1976 est
2373 1946 2473 1974 humor
2482 1943 2570 1982 aquati
2594 1942 2598 1953 ¹

1481 1985 1525 2019 lis,
1539 1995 1571 2014 ac
1581 1992 1794 2018 recrementum,
1813 1987 1864 2014 &o

1462 2023 1598 2057 Musculi,
1618 2023 1635 2052 i.
1653 2033 1677 2051 e.
1700 2022 1777 2051 Parvi
1787 2032 1878 2051 mures
1888 2022 1918 2050 in
1929 2023 2005 2059 aquis
2018 2021 2168 2052 nascentes.
2199 2021 2363 2052 Plin.lib.2.
2385 2030 2445 2059 cap.
2466 2029 2525 2056 103.

1462 2061 1547 2091 Pecus
1558 2060 1848 2099 aquatile,duriuscule
1857 2061 1963 2089 diftum
1974 2070 2023 2098 per
2032 2060 2224 2098 metaphoram
2233 2070 2284 2098 pro
2295 2059 2422 2088 Piscibus.
2446 2055 2578 2088 Columel.

1480 2099 1529 2128 lib.
1543 2105 1568 2133 8.
1583 2109 1643 2137 cap.
1662 2106 1704 2135 17.
1727 2099 1774 2127 ubi
1794 2099 1914 2136 loquitur
1924 2099 1959 2127 de
1971 2098 2108 2136 positione
2117 2098 2229 2136 piscinae
2240 2120 2247 2134 ,
2272 2098 2332 2127 Hac
2351 2098 2459 2126 ratione
2474 2096 2529 2126 stab

1483 2137 1628 2171 ordinatis,
1643 2136 1761 2174 aquatile
1774 2146 1858 2174 pecus
1869 2136 2044 2166 inducemus.

1462 2175 1592 2204 Absolute
1615 2174 1767 2212 Aquatilia,
1795 2174 1807 2210 [
1824 2171 1935 2210 e-uBgoc]
1959 2174 2074 2204 subaudi
2097 2173 2248 2210 Animalia;
2268 2174 2337 2203 Plin.
2358 2172 2407 2202 lib.
2421 2182 2446 2209 9.
2463 2182 2522 2210 cap.
2536 2179 2577 2202 12ae

1480 2212 1650 2250 Aquatilium
1663 2219 1824 2250 tegumenta
1843 2211 1922 2250 plui-a
1939 2211 2017 2247 sunt,
2040 2214 2092 2241 Sec.
2136 2212 2245 2242 Ibidem
2262 2222 2323 2249 cap.
2341 2221 2382 2247 52.
2414 2209 2575 2247 Aquatiliuv

1482 2253 1608 2279 omnium
1627 2251 1712 2280 foetus
1723 2250 1795 2279 inter
1815 2250 1897 2279 initia
1911 2249 1968 2279 visu
1984 2260 2086 2280 carent.

1424 2286 1445 2317 A
1457 2299 1500 2323 Qu
1512 2300 1520 2316 1
1531 2299 1547 2316 t.
1558 2299 1572 2317 F,
1581 2298 1600 2317 N
1611 2298 1630 2317 T
1642 2299 1658 2317 u
1667 2298 1689 2323 s,
1710 2296 1725 2317 a
1735 2310 1742 2323 ,
1764 2298 1819 2318 um.
1844 2287 1943 2317 Plenus
1954 2289 2086 2318 humoris.
2108 2288 2192 2317 Varro
2203 2287 2278 2326 apud
2289 2287 2416 2316 Nonium
2429 2297 2454 2322 4.
2468 2266 2591 2427 ”8¹:¹3

1463 2327 1548 2356 Luna:
1561 2326 1636 2356 Tum
1647 2326 1820 2355 contremula
1829 2327 1969 2363 aquilenta
1976 2327 2052 2364 apud
2061 2325 2114 2355 alta
2125 2326 2217 2355 littora
2225 2326 2313 2354 oriris.
2329 2323 2566 2359 V.Turneb.29.28

1423 2365 1569 2401 liquor,
1591 2367 1650 2393 atus
1671 2364 1749 2397 sum,
1772 2365 1787 2400 [
1802 2361 1906 2399 ὑδξεύω,
1929 2363 2089 2400 ν’ὃξοφοξέω]
2110 2364 2157 2393 ari.
2178 2364 2232 2393 sive
2253 2365 2274 2393 A
2282 2373 2373 2399 QUO,
2394 2366 2448 2392 a‘re.
2478 2362 2517 2399 Aq

1461 2402 1582 2437 haurire,
1598 2410 1701 2440 petere.
1724 2402 1797 2439 Virg.
1812 2414 1838 2435 4·
1853 2402 1952 2439 Georg.
1970 2413 2027 2438 ¹93·
2583 2396 2587 2408 ¹

1540 2441 1595 2469 Sed
1613 2441 1717 2469 circum
1728 2447 1794 2469 tutae
1812 2439 1860 2469 sub
1872 2440 2013 2470 moenibus
2025 2440 2098 2469 urbis
2107 2445 2251 2476 aquantur.
2334 2438 2390 2468 Ubi
2404 2437 2531 2467 Servius:
2547 2437 2572 2466 A·-

1460 2487 1543 2515 quam
1554 2479 1683 2508 hauriunt
1701 2488 1736 2507 ex
1748 2479 1849 2507 vicino.
1878 2478 1936 2507 Liv.
1951 2490 1996 2514 44.
2007 2489 2051 2514 40.
2082 2477 2147 2507 Caes.
2162 2483 2187 2511 8.
2203 2476 2270 2506 Bell.
2293 2476 2361 2506 Gall.
2373 2486 2417 2512 41.
2447 2476 2508 2505 Nec
2524 2473 2568 2504 sm

1460 2515 1586 2553 periculo
1604 2515 1712 2554 pollent
1728 2517 1821 2553 aquari
1841 2515 1984 2554 oppidani.

1460 2555 1596 2591 Aquatum
1605 2554 1708 2591 egredi.
1729 2553 1835 2583 Sallust.
1848 2555 1878 2582 in
1891 2554 2018 2591 jugurth.
2034 2564 2094 2591 cap.
2109 2563 2152 2588 93.
2173 2552 2296 2589 Quidam
2307 2551 2337 2580 Li
2358 2562 2388 2581 us
2399 2551 2479 2580 miles
2492 2559 2571 2593 grega-

1480 2593 1536 2620 rius
1546 2593 1637 2621 castris
1654 2593 1784 2629 aquatum
1793 2591 1910 2629 egrelsus
1922 2614 1930 2626 ,
1951 2592 2025 2622 haud
2038 2592 2136 2630 procul
2149 2591 2183 2620 ab
2194 2591 2279 2620 latere
2290 2599 2321 2619 ca
2345 2590 2392 2619 elli
2409 2589 2571 2618 aniinadver-
2588 2592 2593 2605 '¹

1479 2630 1514 2658 tit
1528 2638 1656 2667 repentes
1668 2630 1740 2658 inter
1751 2629 1812 2658 saxa
1825 2628 1961 2659 cochleas.
2529 2647 2533 2658 l
2579 2625 2588 2648 ⁸¹

1420 2667 1499 2703 AQJ
1511 2677 1558 2696 AT
1568 2678 1576 2695 i
1587 2677 1620 2702 o,
1641 2669 1712 2696 onis.
1735 2667 1753 2696 f.
1777 2669 1791 2703 [
1805 2666 1884 2703 ω’ὃξάοι
1899 2668 1915 2702 ]
1934 2667 2062 2705 Aquandi
2074 2668 2157 2697 aetus.
2181 2665 2246 2695 Caes.
2259 2677 2285 2701 4.
2299 2665 2367 2694 Bell.
2381 2664 2450 2694 Gall.
2462 2673 2521 2701 cap.
2534 2672 2570 2693 11.

1458 2705 1568 2734 'l'ainen
1585 2704 1639 2734 sese
1648 2715 1705 2734 non
1716 2705 1827 2742 longius
1838 2705 1962 2735 millibus
1977 2705 2102 2743 passuum
2122 2712 2239 2741 quatuor
2260 2703 2415 2740 aquationis
2430 2702 2508 2731 causa
2518 2710 2579 2739 pro·

1432 2761 1433 2765 =
1459 2743 1596 2772 cessiirum
1607 2753 1641 2772 eo
1653 2743 1698 2772 die
1713 2744 1793 2772 dixit.

1457 2779 1584 2818 flqiiatio,
1605 2782 1741 2819 Aquaruin
1756 2781 1920 2819 pluvialium
1932 2781 2109 2811 abundantia.
2133 2780 2201 2809 Plin.
2218 2779 2265 2808 lib.
2281 2788 2324 2814 32.
2342 2788 2404 2816 cap.
2417 2787 2442 2815 7.
2476 2777 2508 2808 Et
2522 2777 2557 2807 ho
2575 2780 2590 2806 11,

1477 2819 1605 2848 utebatur
1617 2820 1646 2847 in
1661 2819 1755 2848 multis
1766 2820 1900 2856 variisque
1917 2830 1966 2857 per
1976 2821 2137 2857 aquationes
2151 2818 2281 2847 Autumni
2296 2815 2480 2845 nascentibus.
2575 2810 2579 2826 ¹

1457 2857 1641 2893 Aquationem
1651 2857 1735 2886 etiam
1750 2867 1801 2895 pro
1812 2857 1973 2895 lrrigatione
1985 2857 2120 2886 Palladius
2132 2856 2210 2885 Febr.
2229 2866 2254 2891 4.
2265 2865 2290 2892 7.
2309 2854 2427 2892 usurpat.
2461 2857 2579 2886 Annota,

1476 2896 1515 2923 vit
1525 2897 1551 2924 oz
1562 2895 1745 2932 Rhodiginus.
2578 2915 2579 2918 .

1419 2933 1439 2961 A
1452 2942 1497 2967 qu
1508 2943 1526 2960 A
1536 2942 1555 2960 r1-
1565 2944 1573 2960 1
1587 2943 1622 2961 Nl
1631 2942 1650 2961 u
1660 2943 1681 2961 M
1694 2955 1701 2967 ,
1725 2933 1753 2962 ii.
1772 2942 1800 2962 n.
1822 2931 1894 2970 quasi
1904 2934 2008 2970 Aquam
2019 2940 2126 2966 tenens,
2138 2931 2233 2961 Poculi
2242 2929 2334 2960 fidilis
2345 2939 2431 2967 genus
2446 2928 2473 2958 in
2483 2924 2587 2970 sacrifi-l

1457 2971 1515 2999 ciis.
1540 2970 1675 3008 Ubiapud
1688 2971 1794 3000 Festum
1812 2972 1849 3000 est
1864 2972 2041 3005 Atanuviurn,
2057 2972 2093 2999 ita
2106 2970 2217 3007 corrigit
2231 2968 2321 2998 Barth.
2336 2967 2443 2996 iidveri‘.
2457 2978 2500 3002 40.
2514 2975 2551 3009 ιι..
2575 2982 2578 2996 ι

1420 3008 1439 3036 A
1451 3018 1496 3043 Qu
1506 3012 1522 3036 A
1534 3018 1552 3036 Τ
1562 3018 1579 3037 o
1589 3019 1603 3036 R
1616 3030 1624 3044 ,
1646 3009 1710 3037 Oris.
1731 3019 1766 3037 in.
1789 3010 1803 3044 [
1819 3007 1957 3044 ύὸμφορεῷ»
1973 3010 1987 3044 ]
2012 3010 2067 3045 Qui
2079 3007 2197 3045 aquandi
2216 3007 2398 3035 ministerium
2410 3027 2417 3038 ,
2431 3004 2573 3041 praesettim

1456 3046 1484 3073 in
1495 3046 1706 3081 exercitiufacit.
1731 3046 1787 3075 Liv.
1801 3057 1846 3082 41.
1862 3058 1881 3075 i.
1908 3046 1972 3075 Caes.
1989 3057 2010 3075 i.
2026 3046 2092 3076 sseli.
2116 3045 2246 3082 Civis-73.
2267 3044 2334 3074 Haec
2348 3042 2567 3076 consultantibus,
2586 3050 2587 3061 ³

1457 3085 1496 3112 eis
1512 3085 1801 3122 nuntiatiiraquatores
1815 3084 1849 3113 ab
1861 3085 1984 3122 equitatu
1996 3085 2082 3122 premi
2097 3084 2196 3113 nostro.
2249 3116 2256 3121 .
2572 3111 2574 3119 ,

1418 3122 1440 3151 A
1449 3132 1493 3158 Qu
1505 3125 1520 3150 A
1530 3132 1549 3150 T
1560 3132 1578 3150 υ
1586 3132 1598 3151 s
1609 3144 1617 3157 ,
1638 3132 1663 3157 a,
1686 3132 1741 3151 um.
1764 3123 1817 3157 est,
1840 3122 1926 3158 Quod
1938 3123 2086 3159 aquatilem
2097 3122 2241 3150 humorem
2255 3125 2350 3149 natur-i
2361 3119 2471 3147 mistum
2480 3116 2581 3147 habet.

1457 3160 1496 3188 Ex
1508 3169 1563 3196 quo
1575 3160 1708 3189 formatur
1716 3169 1808 3198 comp.
1829 3161 1965 3197 Aquatior.
1994 3160 2060 3189 Plin.
2078 3160 2124 3188 lib.
2135 3165 2179 3193 28.
2192 3169 2252 3196 cap.
2265 3169 2289 3193 9.
2312 3158 2406 3187 Omne
2418 3163 2508 3186 autem
2516 3157 2576 3201 ver-ii¹

1457 3207 1523 3225 num
1541 3199 1665 3235 aquatius
1677 3198 1776 3227 aestivo.
1817 3197 1858 3227 De
1876 3197 1946 3227 lacte
1959 3198 2075 3227 dietum.
2572 3225 2573 3230 ,

1455 3237 1595 3272 Aquatum
1607 3257 1615 3270 ,
1637 3245 1686 3273 pro
1697 3235 1801 3264 Diluto.
1826 3236 1889 3264 Seii.
1905 3246 1926 3264 1.
1944 3236 2005 3264 Nat.
2019 3235 2120 3271 Quali.
2152 3234 2265 3264 interest
2284 3232 2428 3270 quomodo
2444 3231 2474 3273 sit
2486 3237 2557 3260 mace
2571 3239 2581 3267 ς’

1476 3283 1532 3301 rara
1545 3283 1676 3310 purpura,
1686 3273 1796 3302 crallius
1808 3272 2056 3308 medicamentum,
2068 3283 2102 3302 an
2114 3273 2238 3309 aquatius
2248 3272 2368 3300 traxerit.
2389 3270 2441 3299 Ubi
2453 3267 2528 3299 Crass
2571 3270 2575 3297 t

1474 3311 1710 3340 medicamentum
1723 3312 1876 3349 opponitur
1887 3313 1999 3348 Aquato.

1455 3350 1575 3385 Aquzitus
1589 3349 1634 3377 ovi
1648 3348 1748 3386 liquor.
1771 3349 1898 3378 Scribon.
1914 3349 1985 3386 Larg.
2004 3358 2047 3382 τη.
2072 3348 2141 3377 Cum
2154 3348 2198 3376 ovi
2212 3354 2312 3384 aquato
2321 3346 2436 3384 liquore.

1453 3386 1562 3423 Superl.
1584 3387 1658 3416 idem
1669 3390 1712 3416 26.
1745 3386 1815 3415 Cum
1824 3387 1868 3415 ovi
1881 3387 1961 3422 albo,
1982 3387 2011 3415 id
2028 3387 2064 3415 est
2086 3385 2271 3423 Aquatilsimo.
2565 3385 2567 3402 ¹
2590 3406 2591 3410 ,

1416 3423 1436 3452 A
1448 3434 1491 3459 qu
1504 3435 1511 3452 i
1523 3427 1565 3452 nu
1576 3434 1619 3453 cu
1630 3434 1641 3453 s
1654 3446 1662 3458 ,
1697 3436 1730 3459 a,
1753 3432 1808 3463 um.
1842 3421 2001 3461 [dffgaeyvp‘s
2017 3425 2032 3459 ]
2053 3424 2118 3453 Czel.
2143 3423 2230 3453 Aurei.
2252 3421 2336 3452 Tard.
2348 3430 2371 3458 3.
2386 3426 2411 3455 8.
2433 3407 2571 3461 Aquiducfll.
2582 3436 2590 3463 ¹.

1455 3462 1670 3495 medicamenta,
1691 3472 1751 3494 quae
1761 3463 1847 3490 Graeci
1859 3462 2022 3500 Hydragoga
2033 3470 2143 3490 vocant.
2580 3475 2586 3490 ι

1416 3499 1436 3527 A
1447 3509 1490 3535 qu
1505 3502 1616 3528 {ruofi
1627 3521 1635 3534 ,
1657 3510 1678 3529 ae
1691 3522 1698 3533 ,
1715 3509 1738 3529 c.
1763 3500 1978 3537 Hydrophobus.
2000 3499 2064 3529 Cael.
2079 3499 2163 3528 :lureL
2181 3499 2256 3527 Acut.
2270 3507 2293 3532 ζ.
2310 3508 2335 3532 9.

1417 3538 1436 3565 A
1448 3547 1492 3572 Qu
1502 3547 1509 3564 1
1520 3547 1537 3565 c
1547 3547 1561 3565 a
1571 3547 1589 3565 N
1602 3547 1618 3565 u
1629 3547 1641 3566 s
1652 3559 1660 3571 ,
1682 3548 1695 3566 a
1709 3560 1716 3572 ,
1739 3547 1794 3566 uin.
1819 3537 1906 3567 Natus
1923 3538 1950 3565 in
1960 3548 1974 3565 a
1997 3538 2045 3567 uis.
2068 3536 2186 3566 Tertull.
2201 3536 2262 3565 adV.
2281 3535 2368 3565 Marc.
2383 3541 2460 3563 2.12.
2541 3567 2546 3573 ,

1415 3575 1436 3603 A
1447 3585 1491 3610 <gu
1505 3585 1512 3602 x
1525 3584 1562 3603 με
1573 3584 1609 3602 ῡι
1619 3585 1635 3603 υ
1647 3586 1678 3608 n,
1702 3576 1720 3604 i.
1744 3577 1759 3611 [
1774 3572 1887 3607 π’ναῳὶᾢ-
1902 3575 1916 3609 ]
1936 3547 2071 3604 collectio
2084 3583 2167 3610 aquae.
2188 3573 2275 3603 Plaut.
2297 3574 2323 3602 Si
2335 3572 2421 3610 pluet,
2433 3567 2570 3616 aquileglq:

1453 3621 1498 3640 me
1507 3611 1617 3647 juvabo.
1660 3613 1690 3641 ln
1710 3620 1764 3641 vet.
1781 3612 1914 3641 onomast.
1938 3617 2028 3648 κξενός.
2067 3613 2080 3648 [
2097 3608 2183 3641 Plauti
2194 3612 2286 3640 locum
2298 3620 2354 3639 non
2366 3610 2528 3638 invenimus.
2580 3643 2583 3649 .

1415 3649 1437 3678 A
1447 3660 1491 3684 Qu
1501 3652 1511 3678 ἶ
1523 3661 1536 3677 ιΔ
1546 3660 1559 3678 a
1569 3660 1586 3678 x
1599 3672 1606 3685 ,
1636 3650 1703 3687 egis.
1727 3651 1760 3679 ab
1780 3651 1861 3686 Aquis
1874 3650 1999 3686 legendis
2018 3651 2107 3679 dictus
2117 3650 2154 3679 eii
2165 3672 2172 3683 ,
2198 3657 2229 3677 ut
2237 3648 2335 3678 author
2348 3647 2386 3676 est
2400 3642 2562 3676 Marcellus:
2578 3657 2579 3662 =

1453 3688 1557 3716 Artifex
1567 3688 1799 3717 inveniendorum
1811 3688 1930 3717 fontium
1939 3710 1947 3723 ,
1968 3698 2153 3724 aquarumque
2165 3687 2230 3716 colli
2242 3686 2384 3719 ’endarum
2395 3684 2430 3712 ad
2443 3679 2568 3719 aquaedui·
2582 3687 2585 3696 ⁴

1453 3726 1512 3766 ctus
1529 3732 1534 3753 ε
1558 3725 1635 3754 ldem
1646 3726 1754 3754 videtur
1768 3733 1831 3754 cum
1843 3735 1876 3754 eo
1886 3726 1932 3762 qui
1942 3725 2063 3755 Libriitor
2073 3731 2186 3754 vocatur
2197 3697 2250 3753 ins.
2267 3734 2288 3752 1.
2300 3723 2330 3752 C.
2349 3722 2384 3751 de
2395 3717 2519 3761 Excusat..
2529 3725 2560 3746 ar-
2579 3727 2582 3763 ᾗ

1452 3763 1567 3796 tihcum,
1592 3763 1626 3791 ab
1637 3764 1713 3799 aquis
1723 3763 1853 3792 librandis
1865 3763 1964 3792 dictus.
1983 3763 2052 3792 Plin.
2063 3764 2097 3792 ad
2106 3763 2257 3797 Traianum
2270 3762 2304 3789 de
2315 3759 2475 3800 aquaeductu
2486 3755 2581 3799 Nico-su

1452 3799 1622 3828 medensium
1634 3800 1760 3837 loquens,
1773 3801 1820 3829 lib.
1836 3811 1875 3829 10.
1889 3800 1968 3838 Epist.
1986 3806 2028 3836 38.
2049 3801 2080 3830 ln
2096 3801 2190 3838 primis
2202 3798 2381 3828 necessarium
2389 3797 2426 3826 est
2437 3801 2505 3823 mitti
2516 3797 2560 3836 ate
2577 3812 2581 3821 .

1451 3836 1495 3865 vel
1507 3837 1679 3873 aquilegem,
1700 3838 1744 3868 vel
1755 3838 1953 3872 architectum,
1979 3848 2014 3867 ne
2030 3838 2118 3867 rursus
2136 3838 2246 3867 eveniat
2268 3836 2343 3874 quod
2354 3834 2462 3864 accidit.
2499 3828 2558 3859 Vide
2576 3834 2589 3867 ¹,

1454 3877 2058 3910 ΑρυκωιικΑἰ-οκ,διιιηκΛίὀκ.
2558 3878 2561 3897 ³

1412 3910 1433 3939 A
1443 3921 1489 3950 qu
1503 3922 1510 3938 i
1523 3921 1598 3940 Lici
1609 3921 1627 3940 A
1651 3913 1723 3942 Festa
1741 3912 1904 3942 dicebantur
1917 3935 1924 3947 ,
1946 3914 2044 3949 quibus
2059 3913 2121 3948 ‚Iovi
2131 3922 2180 3950 pro
2190 3921 2260 3948 aqua
2274 3920 2289 3940 e
2303 3910 2377 3939 coeio
2387 3904 2521 3938 elicienda
2528 3903 2556 3935 sa·
2585 3920 2587 3925 ¹

1450 3958 1493 3976 cra
1509 3949 1654 3979 faciebant.
1677 3951 1784 3979 Horum
1795 3951 1924 3979 meminit.
1937 3951 2055 3980 'l'ertull.
2068 3953 2095 3979 in
2112 3950 2256 3986 Apologet.
2277 3958 2337 3986 cap.
2349 3957 2393 3983 40.
2558 3973 2559 3978 .

1411 3984 1430 4014 A
1442 3990 1601 4023 quosus,
1627 3996 1658 4023 a,
1685 3998 1739 4017 um.
1763 3989 1778 4024 [
1795 3984 1930 4024 ὐδιιπίιὶὶις,
1951 3985 2039 4025 ὐὺιςὴς
2058 3990 2072 4024 ]
2094 3988 2180 4024 Quod
2198 3986 2309 4025 copiam
2330 3993 2405 4022 aquae
2415 3982 2559 4049 hagetzsulf

2472 4026 2523 4057 quo
2534 4025 2556 4046 ui
