2600 4177
4 1279 7 1291 i

53 1463 290 1497 CARBAssus,
313 1473 348 1498 a,
370 1473 426 1492 um.
451 1463 509 1499 Adj.
531 1459 626 1498 [8⁴ngst

472 135 502 170 C
601 136 628 172 A
724 138 755 173 R

79 219 107 249 in
119 219 217 258 plurali
230 228 294 248 vero
303 219 401 248 neutri.
439 217 483 247 Est
491 223 584 246 autem
603 216 663 246 Lini
683 224 770 254 genus
788 218 861 248 mirae
874 218 1017 250 tenuitatis
1028 242 1036 255 ,
1053 221 1082 249 in
1104 220 1200 259 Hispa-

81 259 126 287 nia
139 259 258 294 primum
267 262 405 293 repertum
420 277 428 289 ,
450 255 516 284 teste
527 255 594 283 Plin.
606 255 654 283 lib.
668 266 709 289 19-
719 265 778 293 cap.
794 265 815 284 1.

81 295 214 324 Car-basus
225 317 233 329 ,
255 294 351 323 Velum
362 303 395 322 cx
404 292 516 322 carbaso
526 293 638 322 sactum.
661 292 732 330 Virg.
749 304 772 329 3.
786 293 848 323 [ΕΠ.
861 300 923 330 357.

356 347 393 351 —
409 332 434 360 &
443 339 514 359 aurae

164 369 231 398 Vela
241 374 356 400 vocant.
378 367 662 403 tumidoqueinsiatur
678 368 803 398 carbasus
817 369 919 398 Austro.
1014 364 1068 397 Ubi
1080 370 1200 405 Servius,

103 406 233 435 Carbasus
242 406 384 442 genuslini
394 406 440 439 est,
462 405 536 441 quod
545 405 655 434 abusive
666 415 715 442 pro
727 406 790 435 velo
801 407 920 443 ponitur.
959 407 1030 435 Sane
1042 408 1069 435 in
1083 417 1200 436 numero

102 444 226 481 singulari
240 444 298 472 baec
309 443 439 472 Carbasus
450 443 584 472 dicimus:
598 443 626 470 in
639 443 736 479 plurali
747 444 804 472 brec
816 444 1199 479 Carbzisa.Lucret.lib.6.108.

86 514 89 517 .
163 481 294 510 Carbasus
305 487 333 509 ut
343 481 485 517 quondam
496 481 601 517 magnis
613 480 719 509 intenta
735 481 847 510 theatris
857 504 864 517 ,
874 483 926 511 διε.

83 519 154 550 Dare
169 518 276 548 carbasa
287 518 398 547 alitore.
424 518 507 547 Ovid.
519 528 542 546 2.
558 518 593 546 de
605 519 667 546 Arte
678 519 734 547 iim.
749 523 809 555 3³⁶·

164 557 218 585 Sed
230 566 285 584 non
297 579 304 587 .
327 557 371 584 cui
383 556 491 585 dederis
501 565 516 584 a
527 555 606 584 litore
616 555 723 585 carbasa
732 578 739 591 ,
758 563 843 586 vento
853 579 860 591 ‚
880 558 931 586 διε.
955 587 960 592 ,

84 593 229 625 Deducere
246 593 361 623 carbasa.
385 593 470 623 Ovid.
486 604 496 622 1
505 599 527 622 1.
540 593 608 622 Met.
621 603 686 630 477.
813 601 973 632 —totaque
983 594 1056 624 malo

165 631 280 661 Carbasa
295 631 417 660 deducit.

84 669 163 700 Mota
176 669 296 698 secundo
307 669 373 698 flatu
384 668 481 698 sonant
491 668 606 698 carbasa.
630 668 714 697 Ovid.
735 677 775 703 η.
797 669 865 698 Met.
877 679 941 705 4¹9·

84 706 210 738 Perseiisa
219 707 345 736 carbasus
360 707 548 744 petulantibus
559 706 637 735 auris.
661 705 769 735 Lueret.
787 704 833 736 lib.
847 711 873 737 6.
891 717 953 737 110.
985 707 1028 737 De
1039 706 1107 737 velis
1116 704 1205 745 loqui-

86 777 89 780 ,
103 751 148 774 tur
161 767 168 779 ,
189 754 249 782 quae
262 746 290 773 in
301 744 408 773 theatro
417 745 646 774 extendebantur.

85 781 206 812 Praebere
222 783 312 811 ventis
323 781 440 811 carbasa.
463 782 548 812 Ovid.
563 790 588 817 7.
602 781 683 819 Epist.
699 787 761 816 171.

85 821 246 850 Subducere
262 828 335 849 torto
347 820 454 849 carbasa
463 817 530 849 lino.
554 820 638 848 Ovid.
654 829 677 855 3.
696 819 760 848 Fast.
778 823 840 856 587.

85 859 273 894 Substringere
286 858 402 887 carbasa.
427 857 544 887 Martial.
559 857 607 886 lib.
623 867 663 886 12.
676 866 720 891 29-

166 896 304 925 Festinant
317 897 418 933 trepidi
430 896 609 932 substringere
618 893 727 924 carbasa
745 899 845 924 nautae.

84 932 262 970 Ventilantur
270 934 378 963 carbasa
388 944 462 962 aura.
483 933 550 962 Stat.
562 944 587 967 4.
603 932 669 962 Silv.
688 936 748 962 106.

85 970 173 1001 Vocat
182 973 239 1007 jain
248 971 372 1001 carbasus
383 981 468 1001 auras.
501 971 573 1008 Virg.
588 982 616 1007 4.
627 970 762 1007 AEn.417.
785 970 924 1009 Loquutio
932 971 1064 1010 poetica,
1084 969 1211 1009 Tempus

104 1009 226 1038 abeundi
240 1008 294 1038 esse
311 1009 471 1046 significans.

85 1046 218 1076 Carbasus
228 1069 236 1082 ,
259 1047 373 1076 Pallium
383 1056 438 1084 quo
447 1047 507 1083 quis
516 1046 644 1076 amicitur
655 1068 663 1081 ,
685 1045 837 1083 opulentiae
849 1045 928 1075 causa
940 1067 948 1079 ,
969 1053 999 1076 ut
1016 1057 1051 1076 ex
1069 1046 1154 1075 serico
1165 1051 1211 1075 aut

105 1085 182 1115 tenui
194 1084 261 1114 lino.
284 1084 357 1122 Virg.
368 1090 394 1119 8.
413 1084 473 1114 ffin.
486 1090 529 1121 34.
653 1100 690 1104 ——
700 1094 764 1113 eum
775 1085 866 1113 tenuis
879 1084 979 1121 glauco
992 1085 1100 1113 velabat
1108 1085 1211 1113 amictu

179 1122 319 1152 Carbasus.
401 1122 513 1151 Curtius
533 1122 569 1151 de
589 1122 667 1151 Indis
687 1121 803 1158 loquens
818 1128 843 1155 8.
858 1132 883 1157 9.
906 1132 952 1151 21.
986 1123 1108 1159 Corpora
1127 1122 1212 1158 usque

104 1160 192 1198 pedes
200 1160 310 1190 carbasa
320 1159 421 1189 velant.
460 1160 500 1189 Ex
508 1161 607 1197 quibus
619 1159 688 1189 locis
699 1159 816 1196 intelligi
834 1160 923 1198 potest
940 1160 994 1189 hoc
1007 1160 1090 1188 Virile
1105 1159 1158 1188 esse
1168 1169 1213 1188 ve-

105 1198 274 1228 stimentum.
315 1198 369 1228 Sed
382 1200 407 1227 84
421 1197 559 1227 Muliebre
570 1197 623 1227 esse
637 1197 700 1227 satis
711 1198 817 1226 constat
827 1208 861 1226 ex
874 1197 981 1227 Valerio
1000 1198 1126 1227 Maximo
1137 1219 1145 1231 ,
1174 1196 1214 1226 lo»

106 1244 209 1274 quente
229 1236 264 1266 de
277 1236 387 1267 AEmilia
397 1236 503 1273 virgine
516 1235 632 1270 Vestali,
653 1234 701 1264 lib.
717 1245 739 1264 r.
756 1245 816 1272 cap.
831 1245 871 1272 ¹7·
914 1236 977 1271 Qua
1000 1236 1150 1269 adorante,
1173 1236 1214 1264 in-

106 1274 167 1311 quit
181 1297 188 1309 ‚
211 1283 297 1311 quum
313 1273 474 1309 carbasum,
495 1284 577 1311 quam
594 1273 732 1312 optimam
749 1272 886 1309 habebat,
908 1273 1002 1303 foculo
1025 1272 1213 1310 imposuisset,

106 1312 198 1341 subito
215 1313 286 1349 ignis
297 1312 420 1341 emicuit.
1208 1344 1209 1347 Ἴ

88 1349 220 1417 CarpasaL,
242 1360 293 1388 pro
305 1349 453 1416 {igtunicae
465 1355 553 1387 parte,
565 1354 625 1386 quae
636 1348 836 1379 sinusfiuentes
850 1349 934 1379 habet
944 1349 974 1378 in
987 1349 1104 1378 modum
1116 1348 1217 1379 carbasi

107 1397 142 1419 ve
155 1396 171 1418 1.
219 1397 298 1417 ucan.
320 1398 326 1416 i
352 1410 357 1417 .
370 1396 393 1423 3.
408 1396 472 1423 ²39·

183 1426 269 1456 Fluxa
283 1425 413 1455 coloratis
424 1425 576 1461 astringunt
587 1421 696 1454 carbasa
709 1424 836 1461 gemmis.

629 1463 694 1497 aas]
716 1462 755 1491 Ex
768 1462 881 1491 carbaso
893 1461 990 1493 fadus.
1013 1462 1073 1493 Cic.
1089 1471 1114 1500 7.
1139 1460 1214 1492 verr.

91 1510 134 1537 30.
157 1501 349 1531 Tabernacula
359 1500 495 1530 carbaseis
506 1501 613 1529 intenta
631 1500 699 1529 velis
714 1500 882 1530 collocabat.

89 1540 171 1569 Sinus
181 1539 299 1569 carbasei
313 1546 466 1576 crepantes.
487 1538 560 1575 Virg.
577 1548 586 1566 1
596 1547 618 1567 1.
632 1538 694 1567 AEn.
716 1542 780 1574 776.

91 1577 173 1606 Venti
189 1576 317 1606 carbasei.
339 1576 494 1617 ijul.lib.
508 1585 532 1611 3.
547 1585 572 1604 2.
586 1583 630 1605 21.
672 1576 702 1604 V.
728 1576 767 1605 ibi
778 1575 896 1613 Interpr.

54 1613 78 1644 C
86 1625 105 1644 A
113 1625 128 1643 R
138 1625 153 1644 Β
162 1626 182 1644 A
192 1616 222 1645 si
231 1625 250 1644 Ν
259 1625 276 1643 u
285 1625 297 1644 s
308 1637 315 1650 ,
337 1624 352 1644 a
363 1637 371 1649 ,
380 1629 383 1633 ’
391 1620 447 1644 um.
471 1610 638 1649 [ἐξιᾶυινὸς]
658 1613 745 1643 idem.
769 1619 800 1642 ut
810 1636 817 1648 ,
839 1613 981 1643 Carbasma
994 1612 1062 1643 vela.
1086 1612 1154 1642 Plin.
1166 1611 1216 1643 lib.

95 1662 136 1688 19.
148 1662 208 1691 cap.
227 1664 250 1682 1.
281 1652 314 1682 Et
327 1651 404 1690 Apul.
418 1657 444 1685 8.
458 1650 548 1681 Miles.
564 1660 590 1689 p.
603 1661 666 1687 2¹4-
690 1651 742 1681 Die
752 1650 877 1688 sequenti
893 1652 972 1681 variis
985 1651 1125 1680 coloribus
1138 1650 1220 1680 indu-

91 1691 160 1727 fiati,
170 1693 196 1720 St
206 1690 368 1720 deformiter
379 1689 492 1728 quisque
501 1689 621 1724 formati,
631 1689 700 1719 facie
710 1689 823 1718 coenoso
833 1690 977 1728 pigmento
987 1689 1082 1724 delita,
1095 1692 1119 1719 &
1131 1689 1219 1718 oculis

91 1729 222 1773 obunctis
233 1729 382 1796 ξὲἑᾳρὴίοε,
406 1727 548 1766 prodeunt
560 1727 673 1757 mitellis
684 1729 710 1757 &
722 1728 842 1757 crocotis
861 1730 887 1757 ἂ
904 1728 1048 1757 carbasinis
1067 1731 1092 1757 δι
1104 1726 1220 1764 bomby-

93 1777 165 1797 cinis
179 1777 235 1803 inJe
268 1777 284 1796 i.

14 1806 16 1833 ἑ
53 1802 79 1834 C
88 1815 108 1833 A
117 1815 133 1834 a
143 1815 158 1833 s
167 1815 186 1834 A
197 1815 226 1835 si
239 1814 258 1833 Ν
269 1815 283 1833 13
293 1814 310 1833 u
321 1814 333 1834 s
342 1826 349 1839 ,
371 1814 385 1833 a
396 1826 404 1839 ,
426 1811 482 1833 um.
503 1802 591 1833 Idem·
611 1802 695 1832 Varro
709 1802 745 1832 de
756 1802 820 1832 Vita
832 1802 897 1840 Pop.
910 1802 992 1832 Rom.
1005 1802 1051 1832 lib.
1064 1814 1089 1838 4.
1116 1803 1221 1832 Eadem

93 1843 186 1881 postea
194 1842 351 1872 carbasinea
361 1842 449 1879 magis
458 1863 466 1876 ,
488 1848 518 1871 ut
528 1840 649 1879 pellibus
657 1848 815 1878 tegerentur
825 1848 903 1878 togae.
929 1841 967 1870 Ex
979 1841 1083 1875 Nonio,
1099 1851 1139 1876 ¹4·
1152 1846 1196 1874 28.

55 1879 79 1910 C
92 1891 133 1910 AR
144 1882 233 1910 BATi‘
244 1890 264 1910 N
278 1891 312 1915 A,
333 1890 362 1910 ae.
386 1880 404 1909 f.
428 1881 484 1915 [za
501 1876 603 1915 ἒας-ἰνη]
625 1878 815 1908 Calceamenti
835 1888 922 1915 genus
940 1879 977 1908 est
996 1879 1106 1913 rustici,
1128 1885 1160 1908 ut
1175 1879 1222 1908 'na-

95 1918 142 1948 bet
151 1918 248 1948 Pollux
260 1918 307 1947 lib.
319 1928 344 1953 7.
366 1891 508 1947 Onomasi.
520 1926 582 1954 cap.
599 1926 644 1945 22.
666 1924 797 1946 vocatum
813 1916 848 1945 sic
862 1927 876 1945 a
891 1916 966 1946 Caris
983 1917 1105 1955 populis.
1127 1916 1219 1947 Catul.

94 1958 125 1986 in
134 1956 340 1995 epigrammatis
351 1962 432 1985 vocat
443 1954 574 1992 Crepidas
584 1954 741 1984 carbatinas
751 1977 760 1991 ,
782 1955 873 1992 Epigr.
888 1965 932 1988 ος.
949 1967 973 1990 4.

173 1993 260 2024 Culos
271 1996 297 2024 &
307 1993 434 2031 crepidas
442 1993 546 2030 lingere
556 1992 721 2022 carbatinas.
819 1993 849 2022 V.
870 1992 971 2031 Scalig.
983 1993 1019 2022 ad
1034 1992 1139 2022 iocum.

57 2031 291 2066 (hammus,
325 2031 354 2060 V.
379 2040 608 2060 CAssviiAus.

57 2069 108 2100 CA
118 2080 133 2098 13.
143 2080 157 2098 u
166 2080 183 2098 o
194 2091 202 2105 ,
224 2071 238 2106 [
251 2067 373 2104 κάςζων]
395 2069 560 2105 Cognomen
574 2067 686 2098 familiae
694 2068 811 2105 plebeiae
823 2090 831 2103 ,
852 2069 941 2106 gentis
955 2068 1074 2106 Papiriae.
1116 2067 1156 2098 Ex
1169 2067 1222 2098 hac

96 2108 127 2137 C.
140 2107 229 2138 Carbo
245 2108 345 2137 Orator
355 2129 363 2141 ,
385 2108 464 2140 cuius
478 2107 608 2135 meminit
620 2107 678 2136 Cic.
693 2108 720 2135 in
734 2106 808 2135 Brut.
821 2116 884 2135 221.
920 2108 947 2136 ln
963 2107 1064 2136 eodem
1076 2106 1159 2143 igitur
1172 2116 1224 2135 nu-

94 2155 170 2175 mero
182 2145 306 2181 ejusdem
318 2146 404 2174 aetatis
416 2144 447 2174 C.
458 2145 548 2174 Carbo
559 2145 613 2173 fuit
623 2167 629 2178 ,
652 2144 727 2174 illius
747 2141 963 2180 eloquentissimi
983 2146 1033 2174 viri
1049 2144 1121 2174 silius
1134 2167 1142 2180 ,
1164 2153 1223 2173 non

96 2183 157 2213 satis
167 2190 264 2213 acutus
275 2190 367 2212 orator
377 2205 385 2217 ,
406 2182 451 2212 sed
464 2189 559 2211 tamen
571 2189 662 2212 orator
675 2190 835 2211 numeratus
850 2183 896 2211 est.

95 2221 148 2251 Cri.
169 2221 259 2252 Carbo
270 2226 401 2259 praeterea
411 2242 419 2256 ‚
443 2220 526 2256 hujus
544 2220 635 2255 frater,
650 2220 755 2249 sumina
767 2220 819 2249 fuit
833 2220 998 2249 auctoritate
1010 2219 1037 2248 in
1049 2219 1117 2258 Rep.
1131 2226 1224 2257 partes

114 2259 255 2289 Marianas
268 2259 407 2296 sequutus.
431 2258 488 2294 Qui
502 2259 531 2287 in
543 2259 624 2287 tertio
635 2258 778 2288 consulatu
790 2258 837 2287 suo
849 2259 877 2286 in
891 2257 1069 2293 Sicilia,jussu
1081 2258 1223 2296 Pompeii,

112 2297 180 2327 dum
188 2303 313 2327 ventrem
325 2297 401 2335 apud
412 2296 539 2326 latrinam
551 2304 723 2331 exoneraret,
745 2296 820 2334 quod
831 2297 891 2328 eius
901 2297 939 2325 rei
950 2296 1058 2325 veniam
1069 2318 1077 2330 .,
1099 2296 1224 2325 fruendae

115 2336 220 2365 diutius
233 2336 302 2365 lucis
310 2334 407 2367 causa.
428 2334 462 2364 ab
481 2334 687 2371 inquisitoribus
703 2332 894 2369 efflagitasset,
916 2335 989 2372 turpi
1009 2344 1110 2371 genere
1127 2334 1225 2363 mortis

63 2408 65 2410 ¹
115 2372 221 2403 occisus
232 2374 279 2403 est.
299 2373 373 2402 testis
384 2372 473 2402 Valer.
489 2372 536 2402 lib.
548 2383 573 2407 9.
589 2382 650 2410 cap.
665 2381 707 2408 ¹3·

58 2411 83 2441 C
92 2421 111 2441 A
119 2422 136 2440 R
144 2422 159 2440 rs
167 2422 184 2441 o
195 2421 217 2441 Ν
228 2423 236 2440 1
247 2421 266 2441 A
278 2419 297 2440 N
310 2421 327 2440 υ
336 2421 360 2446 s,
370 2421 394 2446 a,
405 2421 460 2441 um.
473 2410 533 2447 adj.
546 2416 586 2446 ut,
597 2409 772 2440 Carboniana
786 2409 924 2439 bonorum
936 2409 1073 2448 possessio,
1097 2409 1167 2445 Quae
1177 2409 1226 2438 sci-

96 2449 163 2479 licet
174 2459 210 2480 ex
223 2449 400 2479 Carboniano
412 2449 505 2478 edicto
524 2449 604 2477 datur
615 2470 622 2481 ,
644 2458 679 2477 ex
698 2457 753 2484 quo
772 2447 926 2477 infantibus
946 2454 994 2477 aut
1010 2448 1202 2485 impuberibus
1216 2469 1225 2483 ,

95 2488 197 2524 quibus
214 2487 399 2517 controversia
409 2486 459 2521 fit,
480 2497 514 2516 ari
525 2486 597 2515 inter
611 2486 712 2516 liberos
726 2487 786 2520 sint,
807 2486 884 2515 causa
896 2487 1009 2523 cognita
1020 2508 1028 2520 ,
1050 2486 1166 2523 perinde
1178 2486 1228 2514 bo-

97 2535 198 2556 norum
209 2525 336 2563 possessio
347 2524 437 2559 datur,
458 2534 491 2554 ac
500 2524 518 2553 si
528 2523 605 2553 nulla
616 2523 651 2553 de
663 2534 695 2553 ea
708 2534 737 2553 re
749 2524 932 2561 controversia
941 2524 1026 2557 esset,
1050 2524 1226 2559 &judicium

96 2564 126 2592 in
139 2570 248 2601 tempus
256 2563 409 2601 pubertatis
419 2561 554 2592 differtur.
577 2561 595 2592 l.
610 2572 632 2592 1.
651 2563 684 2592 D.
701 2562 735 2591 de
747 2562 868 2591 Carbon.
881 2562 962 2591 edi&
976 2564 1002 2591 Sc
1017 2562 1047 2590 in
1058 2562 1077 2591 l.
1089 2572 1115 2591 2.
1140 2562 1172 2591 D.
1189 2562 1225 2591 de

97 2607 172 2631 vent.
184 2601 214 2630 in
233 2600 339 2639 possess.
351 2601 480 2630 mittend.
976 2632 980 2636 p

62 2638 209 2674 Cauno,
231 2639 303 2669 onis.
325 2648 362 2668 m.
393 2637 528 2675 [ἔθνει-ξ]
548 2637 637 2667 Pruna
658 2638 791 2667 extincta.
822 2636 886 2667 Ter.
898 2634 976 2667 Adel.
994 2648 1017 2673 ς.
1033 2645 1057 2673 3.
1071 2640 1114 2674 63.
1153 2633 1227 2667 Tam

97 2679 242 2707 excodtam
252 2677 367 2706 reddam
378 2698 385 2711 ,
408 2683 490 2712 atque
501 2683 587 2705 atram
599 2698 606 2710 ,
628 2685 710 2713 quam
726 2675 810 2705 carbo
823 2675 869 2704 est.

99 2714 189 2745 Carbo
199 2716 282 2744 etiam
293 2715 396 2744 dicitur
407 2736 415 2750 ,
437 2714 534 2751 Quum
545 2714 583 2743 est
595 2715 706 2751 ignitus.
749 2714 816 2742 Plin.
831 2712 877 2742 lib.
895 2719 934 2747 18.
946 2722 1007 2750 cap.
1023 2721 1064 2748 35.
1088 2711 1124 2742 Et
1138 2721 1226 2750 quum

117 2754 187 2782 cinis
197 2753 226 2782 in
239 2753 303 2783 foco
315 2752 484 2787 concrescit,
507 2754 531 2781 St
544 2760 629 2789 quum
643 2751 727 2781 carbo
738 2752 919 2780 vehementer
928 2752 1063 2789 perlucet.

99 2789 229 2820 Candens
240 2790 332 2820 carbo.
374 2790 432 2820 Cic.
444 2800 468 2819 2.
485 2789 542 2820 Off.
554 2799 598 2825 25.
634 2789 690 2826 Qui
702 2788 806 2819 cultros
818 2795 947 2820 metuens
958 2789 1095 2819 tonsorios
1104 2789 1226 2819 canden-

119 2835 146 2858 te
155 2829 276 2859 carbone
284 2829 331 2858 sibi
344 2827 479 2857 adurebat
489 2828 632 2866 capillum.

100 2862 193 2896 Lentis
201 2876 280 2896 urere
292 2866 467 2896 carbonibus.
488 2866 570 2896 Ovid.
587 2875 611 2903 3.
626 2864 706 2895 Trist.
724 2874 765 2894 11.
777 2872 823 2902 47.

101 2901 193 2934 Pulvis
202 2905 338 2934 carbonis.
359 2904 445 2934 Ovid.
458 2913 482 2938 κ.
498 2904 534 2933 de
544 2905 606 2933 Arte
619 2904 676 2933 Am.
691 2907 754 2937 628.

101 2941 147 2972 Vis
157 2942 309 2972 carbonum
324 2943 420 2980 gravis.
445 2941 553 2971 Lucret.
572 2941 618 2970 lib.
632 2946 658 2971 6.
680 2947 743 2975 802.

101 2979 229 3010 Carbone
254 2987 350 3010 notare
365 3002 372 3014 ,
408 2981 425 3009 i.
439 2989 463 3009 e.
489 2980 643 3009 Damnare:
671 2979 715 3008 cui
736 2979 906 3007 contrarium
928 2976 967 3007 est
979 2999 987 3012 ‚
1017 2976 1099 3008 Creta
1119 2982 1225 3008 notare.

121 3024 266 3056 propterea
275 3018 351 3055 quod
361 3018 524 3056 Pythagoras
535 3018 627 3047 aiebat
638 3039 645 3052 ,
667 3017 695 3046 id
710 3016 785 3052 quod
798 3015 863 3045 esset
874 3015 968 3045 colore
980 3016 1114 3052 candido,
1134 3017 1169 3046 ad
1180 3016 1230 3046 bo-

119 3056 149 3085 ni
162 3063 289 3086 naturam
301 3057 457 3094 pertinere:
483 3056 560 3092 quod
571 3062 630 3085 atro
641 3077 649 3089 ,
670 3055 745 3084 mali.
766 3054 833 3083 Pers.
849 3065 871 3089 ς.
889 3054 944 3083 Sat.
962 3059 1020 3089 ¹08·

194 3095 320 3130 Quaeque
329 3094 468 3132 sequenda
480 3093 573 3123 forent
582 3116 590 3129 ,
613 3095 639 3123 ἅ
654 3100 713 3130 quae
729 3093 842 3122 vitanda
854 3091 970 3122 vicissim
981 3114 988 3126 ,

191 3131 242 3162 Illa
251 3133 328 3170 prius
342 3138 416 3161 creta
427 3154 435 3167 ,
454 3141 522 3161 mox
532 3131 591 3161 haec
606 3131 727 3160 carbone
738 3131 845 3160 notasti.
911 3130 941 3159 V.
962 3130 992 3159 in
1012 3139 1030 3160 c
1039 3139 1060 3159 A
1069 3140 1086 3158 t.
1095 3139 1139 3159 cu
1149 3140 1165 3158 L
1176 3139 1194 3159 u
1203 3138 1226 3159 s.

103 3166 178 3201 Picta
191 3170 312 3200 carbone
323 3170 424 3207 praelia.
449 3170 514 3199 Hor.
529 3179 554 3199 2.
573 3170 661 3199 Serm.
675 3179 699 3203 7.
713 3174 756 3202 98.

105 3208 232 3238 Carbone
245 3207 306 3238 rudi
318 3208 434 3237 scribere
449 3208 581 3237 carmina.
605 3206 725 3237 Martial.
740 3205 786 3235 lib.
804 3215 845 3235 12.
858 3208 903 3235 62.

105 3246 262 3314 Cffibogiem
283 3256 333 3284 pto
352 3244 477 3275 thesauro
496 3245 629 3275 invenire.
664 3244 792 3274 Proverb.
818 3244 853 3273 de
876 3241 1073 3281 expectatione
1094 3242 1227 3274 frustrata.

165 3294 185 3314 ae
209 3307 214 3313 .
228 3294 251 3319 ς.
261 3291 285 3319 7.
302 3288 327 3313 6.

194 3322 332 3360 Superum
343 3321 472 3351 voluntas
483 3320 550 3351 savit
560 3343 567 3356 ,
589 3319 634 3350 sed
647 3319 704 3350 sato
718 3319 825 3354 invido,

196 3360 354 3389 Carbonem
366 3382 374 3395 ,
397 3367 427 3389 ut
437 3360 531 3394 aiunt,
554 3369 604 3396 pro
614 3357 919 3389 thesauroinvenimus.
955 3388 957 3390 .
1143 3389 1149 3399 .

107 3396 194 3426 Carbo
206 3398 310 3427 dicitur
323 3399 407 3427 etiam
420 3398 456 3427 de
475 3397 572 3426 Carnis
591 3397 741 3426 combustae
762 3394 854 3424 massa.
896 3392 965 3423 Cels.
979 3403 1006 3428 4.
1020 3402 1047 3428 4.
1079 3391 1188 3428 Audio,
1210 3394 1230 3424 si

125 3436 184 3472 quis
194 3435 302 3472 pullum
315 3436 472 3465 hirundinis
483 3436 586 3470 ederit,
611 3435 711 3472 angina
731 3442 790 3463 toto
801 3442 875 3462 anno
886 3442 943 3460 non
955 3430 1103 3469 periclitari
1115 3441 1121 3459 t
1144 3431 1231 3462 serva-

125 3478 240 3511 tumque
250 3483 285 3503 ex
296 3473 360 3509 sale,
374 3483 438 3503 cum
452 3473 599 3502 ismorbus
610 3481 697 3510 urget,
720 3471 856 3506 comburi,
878 3469 1084 3506 carbonemque
1094 3469 1154 3505 ejus
1164 3479 1231 3499 con-

125 3511 220 3540 tritum
231 3512 367 3548 inaquam
379 3511 494 3541 mulsam
504 3511 626 3540 infricari
639 3512 665 3540 Sc
680 3509 814 3548 prodesse.

107 3547 247 3579 Carbones
256 3549 418 3587 elegiorum.
442 3549 528 3578 Plaut.
540 3549 625 3578 Mero.
639 3558 665 3577 2.
679 3558 702 3584 3.
716 3558 760 3584 74.
786 3545 957 3584 impleantur
967 3552 1036 3573 meae
1045 3544 1118 3574 fores
1128 3544 1232 3583 elegio.

127 3596 188 3615 rum
203 3587 380 3616 carbonibus.
415 3587 433 3616 i.
449 3597 473 3616 e.
493 3587 633 3615 Laudibus
651 3584 843 3615 formosarum.
884 3582 1016 3612 Solebant
1031 3583 1108 3611 enim
1125 3592 1232 3613 veteres

126 3624 205 3661 siquis
212 3632 271 3654 erat
278 3624 424 3659 formosus,
445 3631 493 3653 aut
501 3625 574 3662 fiqua
591 3624 718 3657 formosa.
730 3625 758 3652 in
767 3622 871 3652 foribus
885 3620 1017 3653 scribere,
1040 3626 1071 3649 ut
1086 3621 1161 3658 apud
1174 3622 1232 3650 Ari-

125 3661 288 3706 stophanem
303 3662 382 3700 Vesp.
394 3672 439 3699 97.
461 3662 497 3691 de
516 3663 604 3691 Demo
623 3661 681 3691 filio
694 3661 856 3706 Pyrilampis
876 3657 1069 3696 speciosissimo
1081 3680 1088 3693 ‚
1109 3654 1153 3684 xus*
1166 3659 1187 3687 ni
1207 3656 1234 3685 a·

127 3698 154 3726 ἔν
173 3698 211 3736 ι’ἷῃ
227 3700 254 3735 μ’
272 3712 317 3726 mv
328 3702 491 3736 γκαιμμὲνον
508 3698 545 3726 τδν
565 3700 739 3731 πυμλιὶι-ιπκς
755 3698 781 3725 ἐν
795 3700 856 3733 ’ᾗνξᾳ
873 3697 953 3730 Δῆβων
970 3699 1052 3725 καλόν.
1094 3696 1230 3726 Necvero

127 3743 235 3767 tanturn
247 3747 351 3766 nomen
360 3760 368 3773 ,
390 3748 487 3767 verum
496 3739 581 3767 etiam
590 3737 696 3774 aliquid
705 3737 795 3766 laudis
808 3733 886 3764 causa
899 3733 1092 3762 adscribebant
1105 3733 1232 3763 carboni-

128 3774 180 3804 bus
193 3777 355 3813 pingentes:
378 3776 428 3805 Eas
441 3776 538 3805 laudes
549 3774 729 3804 formosarum
745 3776 770 3804 Sc
782 3773 927 3808 scripturas
936 3792 944 3805 ,
966 3771 1012 3814 hic
1024 3771 1166 3801 Carbones
1177 3772 1232 3802 ele-

130 3814 236 3850 giorum
247 3813 377 3850 appellat.
415 3813 500 3850 Elegii
509 3823 574 3842 vero
584 3822 687 3841 nomen
700 3822 758 3841 tam
771 3811 847 3840 laudi
866 3818 947 3846 quarn
966 3810 1165 3846 vituperationi
1182 3811 1234 3840 ser-

64 3862 65 3883 i
130 3851 178 3880 vit.
200 3851 324 3880 Turneb.
338 3851 446 3880 advers.
461 3860 486 3888 7.
502 3861 543 3886 1ς.
583 3851 611 3879 V.
637 3852 708 3880 &ad
722 3850 805 3879 Piaut.
821 3848 944 3891 interpp.

0 3891 20 3911 ’κ
64 3894 65 3913 i
79 3883 128 3916 CA
140 3898 156 3916 ir
165 3899 180 3916 s
190 3898 206 3917 0
215 3896 236 3916 Ν
245 3898 264 3916 A
274 3898 289 3916 R
300 3899 308 3916 ι
319 3898 338 3917 U
349 3899 371 3920 S.
384 3899 408 3923 a,
418 3898 474 3918 um.
497 3890 557 3922 Adi.
582 3888 621 3917 Ad
638 3889 772 3916 carbones
785 3893 946 3923 pertinen53
963 3890 1003 3917 ut,
1016 3883 1167 3921 Negotium
1177 3895 1235 3914 car-

0 3932 21 3962 &vl

0 3979 16 4007 >i
29 3978 33 3985 ·

65 3946 67 3955 .
113 3924 256 3955 bonarium
267 3935 407 3955 exercere.
430 3926 520 3956 riurei.
533 3927 603 3957 Vift.
616 3926 671 3956 Vir.
684 3926 726 3956 lll.
742 3935 802 3963 cap.
816 3933 861 3961 72.
891 3921 975 3952 Gloff.
990 3921 1035 3951 Gr.
1049 3921 1107 3952 Lat.
1120 3924 1235 3960 ἀθραυ-

65 3957 67 3995 l
112 3959 171 3999 θήκη
183 3985 192 3999 ,
213 3963 291 3993 Cella
300 3964 472 3994 carbonaria.

151 4001 233 4032 Vox..
274 4001 294 4032 l.

1239 2032 1268 2052 ‚A

1640 138 1669 172 C
1769 138 1797 172 A
1892 137 1922 171 R

1249 219 1270 249 C
1281 229 1298 248 A
1308 225 1322 248 'a
1334 230 1348 249 s
1360 230 1376 249 o
1386 226 1406 248 Ν
1416 230 1432 248 Λ
1445 228 1459 248 t<
1473 227 1532 249 ius
1543 242 1550 253 ,
1572 219 1590 249 i.
1606 228 1642 248 m.
1665 216 1723 255 'Qui
1735 218 1869 247 carbones
1878 217 2000 246 conficit.
2023 214 2108 245 Plaut.
2124 216 2181 246 Cas.
2199 227 2222 246 2.
2236 223 2260 252 8.
2273 227 2297 247 ι.

1366 258 1431 286 Sine
1443 258 1528 286 modo
1542 267 1585 286 rus
1595 258 1704 290 veniat,
1728 266 1778 291 ego
1797 257 1934 284 remittam
1948 262 1975 283 te
1990 254 2022 283 ad
2040 255 2129 283 virum

1370 297 1439 324 Cum
1453 296 1563 324 surcain
1576 294 1682 329 urbem,
1703 300 1835 331 tanquam
1847 292 2050 322 carbonarium.

1288 332 1470 367 ὲθμωπύλης
1481 355 1488 365 ,
1509 333 1694 361 carbonarius.

1251 369 1273 398 C
1285 379 1300 396 A
1314 379 1327 396 i<
1339 380 1351 396 i··.
1362 380 1378 397 o
1390 379 1407 397 Ν
1423 381 1436 398 A
1449 380 1460 397 a
1473 381 1480 397 i
1493 380 1510 397 A
1525 392 1532 403 ,
1556 379 1586 398 ae.
1610 370 1627 398 s.
1649 368 1769 398 Subaud.
1794 366 1926 402 Oiiicina,
1945 366 1986 395 vel
2001 365 2085 394 simile
2102 365 2278 394 vocabulum.
2301 373 2348 400 ut.
2373 367 2414 396 De

1289 406 1404 435 calcaria
1417 408 1444 435 in
1457 407 1653 435 carbonariam.
1673 407 1727 434 scil.
1743 405 1934 434 Desccndcre:
1960 405 2014 433 linc
2026 403 2173 441 proverbio
2186 403 2246 432 usus
2259 405 2295 432 eil
2306 404 2413 434 sertui.

1288 444 1323 472 de
1339 445 1426 472 Carne
1443 445 1608 483 Clrrii'ticap.
1620 449 1645 473 6.
1664 440 1715 478 Est,
1737 445 1758 472 A
1774 443 1939 472 conditione
1951 441 2084 471 laboriosi
2097 443 2121 471 Sc
2134 441 2243 470 sordida
2255 442 2288 470 ad
2300 442 2416 471 similem

1289 482 1402 509 alteram
1416 482 1535 510 devolvi.

1290 517 1458 547 Carbonaria
1470 520 1506 547 est
1519 520 1601 547 etiam
1615 540 1622 552 ,
1645 518 1739 547 Unum
1751 526 1785 547 ex
1797 518 1872 547 ostiis
1884 517 1947 547 Padi
1965 517 2052 546 fluvii.
2075 516 2144 546 Plin.
2165 518 2243 552 3.16.

1254 554 1275 585 C
1285 566 1300 584 A
1314 566 1325 582 ν.
1339 566 1377 584 κο
1389 565 1406 584 Ν
1420 566 1432 584 ν.
1444 566 1454 584 s
1464 566 1481 584 c
1492 566 1508 583 o
1520 578 1526 590 ,
1550 559 1604 585 ere.
1626 556 1656 584 ln
1666 556 1815 586 carbonem
1826 556 1923 593 redigi.
1939 564 1978 590 ut,
1991 555 2090 584 Donec
2102 554 2215 584 materia
2229 554 2415 584 carbonescat.

1292 593 1355 622 Czul.
1378 592 1465 622 Aurei.
1482 594 1563 622 sard.
1583 604 1606 627 ς.
1621 603 1642 621 1.
1658 604 1702 622 20.

1254 630 1276 660 C
1288 641 1305 659 A
1317 641 1330 658 R
1343 642 1357 659 B
1367 642 1382 659 u
1394 642 1412 659 N
1422 642 1438 659 c
1450 634 1539 659 Ui.1's
1549 653 1556 664 ,
1578 632 1595 659 i.
1616 641 1650 659 m.
1675 629 1810 665 [ἄνθραξ]
1831 631 1928 659 dimin.
1949 631 2024 659 lludt.
2039 629 2073 658 ad
2085 629 2185 659 Heren.
2206 629 2253 658 lib.
2268 640 2293 664 4.
2312 639 2353 659 10.
2375 629 2419 668 ip-

1292 668 1318 696 se
1334 679 1348 696 a
1364 669 1463 697 vicinis
1478 678 1541 697 cum
1553 668 1618 696 testa
1630 669 1774 697 ambulans
1787 667 1971 697 carbunculos
1983 673 2147 703 corrogaret.

1293 705 1483 735 Carbunculus
1494 728 1501 740 ,
1523 706 1616 734 Genus
1626 713 1703 733 terra:
1714 728 1720 738 .
1744 713 1773 735 ut
1783 706 1821 735 ait
1836 706 1917 734 Varro
1932 706 1967 734 de
1980 706 2066 742 Agric.
2082 705 2126 733 lib.
2147 715 2166 734 1.
2181 714 2240 741 cap.
2256 715 2281 737 o.
2292 714 2352 741 quae
2363 703 2420 734 sole

1311 744 1450 780 perfervet
1460 744 1495 771 ita
1506 765 1514 777 ,
1538 750 1568 771 ut
1578 743 1683 771 radices
1696 742 1815 772 satorum
1830 743 1982 772 comburat.
2006 742 2044 771 Al.
2070 743 2193 771 i’erferve
2209 743 2246 771 ita
2260 742 2289 771 fit
2301 764 2307 776 ,
2326 749 2356 771 ut
2367 745 2418 772 ἃς.

1310 781 1379 823 Plin.
1392 781 1439 809 lib.
1457 791 1497 815 17.
1510 790 1570 817 cap.
1585 792 1610 814 4-
1633 781 1666 809 Et
1676 780 1862 810 carbunculus
1874 803 1881 816 ‚
1903 787 1974 810 terra
1994 789 2054 818 quie
2070 781 2108 809 ita
2122 787 2235 810 vocatur
2247 803 2254 814 ,
2278 780 2420 809 emendari

1311 823 1369 847 vite
1388 827 1479 847 macra
1489 825 1609 855 putatur.

1292 856 1486 886 Carbunculus
1497 878 1505 890 ,
1527 857 1554 884 in
1567 854 1711 884 arboribus
1726 854 1763 884 Ea
1774 855 1811 883 est
1821 856 1962 893 corruptio
1979 865 2038 892 quae
2049 856 2131 886 flores
2141 856 2239 885 adurit.
2283 855 2312 885 V.
2334 865 2352 885 c
2363 865 2382 885 A
2393 866 2422 884 R.

1313 903 1582 923 auncuinrio.

1293 930 1506 964 Carbunculus,
1527 931 1653 960 Gemma.
1693 928 1762 958 Plin.
1782 928 1831 958 lib.
1846 938 1887 965 37.
1902 939 1961 967 cap.
1975 940 2001 966 7.
2036 930 2223 968 principatum
2243 930 2347 960 habent
2366 940 2423 960 car-

1314 969 1440 1003 bunculi⁷
1462 979 1477 997 a
1487 968 1666 997 similitudine
1681 968 1787 1004 ignium
1800 967 1952 1005 appellati,
1974 977 2059 1005 quum
2073 969 2120 1006 ipsi
2133 979 2189 998 non
2203 968 2319 998 sentiant
2332 969 2422 1006 ignes:

1315 1007 1351 1036 ob
1363 1007 1390 1035 id
1402 1017 1416 1036 a
1431 1006 1595 1043 quibusdam
1609 1006 1719 1042 apyroti
1730 1006 1830 1033 vocati.

1294 1044 1504 1079 Carbunculus,
1528 1044 1613 1073 etiarn
1629 1041 1816 1072 Furuncuium
1828 1042 1947 1079 ignitum
1958 1044 1984 1072 8.-
1996 1052 2031 1071 ex
2045 1043 2101 1072 bile
2115 1043 2208 1073 adusta
2221 1044 2424 1074 inflammatum

1315 1082 1447 1120 significat
1460 1082 1535 1119 apud
1549 1082 1683 1110 medicos.
1724 1080 1794 1110 Piin.
1810 1080 1857 1109 lib.
1875 1089 1917 1115 23.
1933 1089 1993 1118 cap.
2009 1092 2036 1116 4.
2059 1081 2164 1110 Nomas
2179 1089 2328 1120 repurgant
2339 1101 2346 1112 ‚
2368 1092 2425 1111 car-

1316 1120 1455 1149 bunculos
1469 1127 1610 1157 rumpunt.

1257 1155 1281 1187 C
1292 1168 1310 1186 A
1321 1168 1336 1186 R
1345 1169 1360 1186 B
1369 1168 1387 1187 υ
1397 1167 1417 1186 Ν
1427 1167 1445 1186 c
1454 1168 1471 1186 u
1482 1169 1497 1186 L
1506 1161 1523 1187 ὃ
1534 1167 1571 1186 su
1582 1167 1603 1192 s,
1619 1166 1644 1191 a,
1661 1164 1718 1186 um.
1742 1155 1803 1191 Adj.
1826 1152 2034 1191 [ἀπθρςικώδὴς]
2057 1162 2096 1190 ut,
2119 1155 2338 1186 Carbuncuiosus
2351 1167 2423 1194 ager.

1297 1195 1436 1225 Columel.
1453 1195 1502 1225 lib.
1514 1205 1537 1230 3.
1550 1205 1611 1232 cap.
1627 1204 1668 1224 11.
1689 1194 1760 1223 Nam
1771 1192 2005 1222 carbunculosum
2017 1203 2122 1230 agrum,
2147 1195 2194 1223 nili
2210 1196 2425 1231 stercoi‘ejuves,

1297 1243 1403 1263 macras
1412 1234 1506 1263 vineas
1517 1233 1626 1262 efficere
1636 1232 1775 1261 dixerunt.

1299 1274 1388 1301 Arena
1399 1271 1613 1304 carbunculosa,
1639 1270 1665 1299 li.
1678 1278 1701 1298 e.
1726 1268 1818 1299 Rubra
1840 1270 1866 1298 8<
1885 1268 1986 1306 lapillis
2002 1268 2166 1305 quibusdam
2185 1269 2280 1303 rubris.
2297 1280 2347 1299 ceu
2369 1280 2428 1299 car-

1318 1309 1447 1339 bunculis
1458 1308 1549 1347 plena.
1574 1308 1643 1337 Plin.
1660 1307 1706 1336 lib.
1723 1317 1766 1343 31-
1779 1317 1840 1345 cap.
1858 1316 1880 1343 3.
1924 1307 2024 1342 [Nihil
2036 1307 2170 1340 eiusmodi
2180 1309 2252 1345 apud
2264 1308 2329 1337 l’liii.
2355 1309 2428 1338 Tan-

1318 1348 1467 1377 tummodo
1484 1350 1576 1376 Arenae
1591 1347 1616 1376 &
1636 1345 1799 1374 carbunculi
1819 1345 1959 1374 meminit.
2005 1345 2034 1373 V.
2057 1344 2110 1373 loc.

1261 1384 1284 1414 C
1297 1387 1544 1419 AassuucuLo,
1567 1384 1790 1420 [abu-Qamfipeou]
1810 1386 1865 1411 f'irev
1888 1382 1931 1411 vel
1953 1382 1974 1411 C
1987 1392 2004 1410 A
2020 1393 2030 1403 Ρ
2045 1392 2264 1417 Βυκουιοα,
2286 1384 2333 1412 fui.
2362 1384 2426 1420 dep.

1301 1422 1573 1453 inflammatum'esse
1583 1421 1660 1451 velut
1672 1421 1763 1449 carbo.
1788 1420 1854 1449 Plin.
1867 1420 1912 1449 lib.
1926 1429 1970 1453 2z.
1984 1429 2043 1457 cap.
2061 1422 2194 1455 3.'s'uccus
2207 1432 2300 1449 eorum
2313 1422 2429 1450 carbun-

1299 1462 1459 1490 culantibus
1468 1462 1540 1490 circa
1552 1459 1648 1489 oculos
1658 1458 1836 1489 ulceribus&
1848 1458 1961 1496 pustulis
1977 1458 2190 1495 procidentique
2201 1458 2312 1495 pupiliae
2323 1460 2428 1489 efficax.

1300 1499 1439 1528 Genitalia
1449 1497 1678 1528 ciirbunculantia
1689 1503 1734 1525 aut
1747 1496 1914 1525 exulcerata.
1938 1496 2006 1524 Plin.
2022 1497 2071 1525 lib.
2084 1506 2127 1529 24-
2140 1506 2199 1533 cap.
2215 1506 2255 1525 ri.

1297 1537 1412 1567 Semina
1431 1536 1675 1566 carbunculantur.
1715 1534 1783 1563 Plin.
1803 1534 1906 1563 lib-12.
1927 1543 1987 1572 cap.
2001 1544 2025 1571 7.
2061 1535 2079 1562 i.
2094 1543 2118 1563 e.
2139 1534 2317 1563 Contrabunt
2332 1535 2432 1564 vitium

1320 1575 1391 1604 illud
1409 1597 1417 1609 ,
1439 1575 1516 1612 quod
1531 1575 1633 1602 dicitur
1645 1571 1840 1602 carbunculus.

1301 1610 1376 1642 Vites
1388 1612 1587 1642 carbunculare
1606 1611 1689 1639 etiam
1712 1611 1852 1639 dicuntur.
1895 1609 1965 1638 Plin.
1980 1608 2027 1637 lib.
2045 1618 2086 1641 14.
2102 1618 2161 1647 cap.
2176 1619 2202 1639 2.
2235 1609 2432 1639 Carbunculiri

1320 1658 1435 1688 negatur
1447 1673 1455 1686 ‚
1478 1659 1578 1687 magna
1593 1649 1678 1683 dote,
1701 1648 1719 1677 si
1736 1657 1832 1677 verum
1841 1647 1878 1676 est
1890 1669 1897 1682 ,
1918 1647 2008 1683 aliqua
2026 1647 2054 1675 in
2068 1648 2123 1675 vite
2134 1647 2202 1676 caelo
2223 1658 2280 1676 non
2305 1648 2358 1677 esse
2379 1649 2430 1683 jus.

1322 1689 1356 1718 Et
1371 1691 1471 1718 iterum
1483 1688 1529 1717 iiii.
1550 1693 1590 1721 18.
1606 1696 1667 1724 cap.
1682 1692 1727 1720 28.
1748 1685 1830 1715 Unde
1848 1685 2048 1715 carbunculare
2061 1685 2194 1715 dicuntur
2213 1687 2281 1715 vites
2293 1708 2300 1721 ,
2324 1692 2353 1715 ut
2367 1695 2434 1722 quo-

1325 1727 1388 1756 dam
1402 1727 1526 1756 uredinis
1536 1725 1656 1755 carbone
1667 1723 1777 1753 exustae.

1266 1762 1288 1794 C
1299 1775 1318 1793 A
1331 1775 1345 1793 a
1356 1775 1370 1793 B
1383 1775 1399 1793 υ
1411 1774 1429 1793 Ν
1441 1775 1458 1793 c
1469 1774 1484 1792 u
1496 1775 1511 1792 L
1523 1773 1541 1792 A
1552 1773 1615 1792 Tio
1626 1784 1634 1797 ‚
1655 1762 1727 1791 onis.
1749 1761 1767 1790 f.
1792 1761 1981 1797 [o'ufjpdwm]
2003 1762 2029 1790 Sc
2047 1759 2240 1790 Carbunculus
2254 1783 2261 1794 ,
2284 1762 2311 1789 in
2334 1761 2434 1790 arbori-

1303 1803 1355 1832 bus
1366 1803 1404 1832 est
1415 1802 1552 1837 ejusmodi
1564 1800 1707 1837 corruptio
1722 1821 1729 1833 ,
1751 1809 1833 1836 quam
1843 1799 1948 1835 vulgari
1961 1798 2085 1827 sermone
2100 1799 2225 1828 Pruinam
2239 1799 2412 1837 appellamus
2425 1821 2432 1834 ,

1305 1851 1365 1878 quae
1378 1850 1462 1869 verno
1474 1847 1602 1877 ternpore
1613 1838 1705 1867 adurit
1717 1835 1897 1866 lae‘tescentes
1908 1837 2065 1873 germinum
2078 1837 2192 1865 oculos:
2220 1839 2245 1866 ὁὶ
2257 1848 2340 1874 quum
2354 1837 2434 1866 flf=r÷s

1303 1877 1455 1913 adusserit,
1476 1876 1663 1906 carbunculus
1682 1883 1743 1904 tum
1762 1882 1883 1904 vocatur.
1923 1874 1991 1903 Plin.
2011 1874 2058 1903 lib.
2079 1884 2121 1911 17.
2145 1885 2205 1912 cap.
2219 1885 2263 1908 24.
2297 1876 2434 1904 sideratio

1302 1921 1362 1947 'tota
1372 1916 1439 1945 caelo
1449 1915 1572 1945 constat:
1596 1921 1765 1951 quapropter
1778 1914 1803 1942 Sc
1817 1912 1922 1949 grando
1934 1913 1963 1940 in
1975 1912 2017 1941 his
2035 1913 2120 1942 causis
2140 1912 2258 1950 intelligi
2281 1913 2384 1948 debet,
2409 1916 2435 1943 δι

1305 1953 1518 1983 carbunculatio
1529 1975 1537 1988 ,
1562 1953 1587 1983 ἃ
1599 1952 1674 1989 quod
1687 1951 1848 1989 pruinarum
1860 1951 1960 1985 injuria
1973 1951 2074 1979 evenit.

1303 1991 1523 2022 Carbunculatio
1541 1991 1569 2019 in
1588 1989 1706 2024 vitibus,
1728 1997 1788 2026 quae
1810 1989 1882 2017 circa
1896 1988 1961 2017 Idus
1975 1988 2083 2024 Augusti
2108 1988 2136 2016 in
2157 1988 2234 2018 ltalia
2249 1989 2368 2021 accidit,
2393 1988 2437 2016 Vi.

1326 2031 1395 2059 tium
1412 2030 1459 2062 est,
1474 2038 1559 2065 quum
1570 2038 1630 2057 uvae
1642 2037 1700 2056 non
1718 2026 1778 2055 satis
1793 2026 1868 2055 foliis
1881 2027 1971 2059 tectae,
1993 2026 2165 2063 praefervidis
2176 2026 2279 2056 solibus
2295 2027 2437 2055 interdum

1323 2068 1463 2097 retorridae
1477 2068 1546 2096 siunt
1563 2065 1699 2096 &exustce
1712 2087 1719 2099 ,
1742 2074 1777 2094 ex
1793 2074 1848 2101 quo
1861 2064 1975 2093 tandem
1989 2063 2120 2092 acescunt
2136 2087 2144 2099 ,
2166 2072 2196 2093 ut
2209 2068 2329 2099 quodam
2346 2065 2437 2093 uredi-

1325 2107 1368 2135 nis
1378 2105 1499 2135 carbone
1509 2104 1610 2134 exustae
1623 2126 1631 2138 ‚
1653 2103 1782 2140 acinique
1801 2108 1869 2131 tunc
1886 2109 2103 2139 praecoquuntur
2124 2103 2151 2130 in
2174 2102 2274 2131 callum
2288 2125 2294 2136 ,
2317 2112 2346 2131 iit
2367 2103 2433 2131 i’iin.

1324 2145 1380 2178 ait,
1405 2143 1452 2172 lib.
1470 2147 1510 2176 ¹8.
1525 2152 1585 2179 cap.
1601 2151 1645 2176 29.
1663 2141 1739 2178 quod
1750 2140 1779 2169 fit
1791 2139 1826 2169 ad
1837 2140 1919 2169 Canis
1931 2139 2184 2168 ortuminterlunio
2199 2140 2354 2169 accidente,
2372 2141 2437 2169 Haec

1324 2181 1452 2211 Budaeus.
1474 2181 1519 2209 cui
1533 2189 1591 2208 non
1605 2179 1738 2208 convenit
1749 2187 1814 2207 curn
1826 2178 1914 2207 Plinio
1929 2178 1958 2206 in
1967 2177 2019 2206 hac
2032 2178 2164 2206 diffionis
2176 2177 2383 2214 significatione.
2400 2180 2438 2207 vi-

1326 2220 1363 2248 de
1374 2218 1511 2257 prolixam
1524 2219 1584 2253 eius
1598 2217 1816 2255 disputationem
1827 2216 1857 2244 in
1868 2216 1997 2245 Annotat.
2017 2215 2046 2244 in
2059 2215 2217 2245 Pandec'tas⁴
2239 2226 2267 2254 p.
2282 2225 2344 2253 ²37·
2375 2216 2439 2254 Epi.

1326 2257 1402 2295 scop.
1419 2256 1586 2294 Eschaudure.

1271 2294 1294 2325 C
1305 2304 1452 2324 ARcAsc
1463 2305 1494 2329 M,
1516 2295 1534 2323 i.
1552 2303 1579 2322 n.
1603 2289 1779 2329 [Κοιξκαπὶν]
1800 2291 1926 2321 Narbon.
1948 2290 2046 2320 Galliae
2057 2290 2129 2320 urbs.
2154 2290 2222 2320 Piin.
2240 2291 2287 2320 lib.
2302 2301 2325 2327 3.
2340 2301 2399 2326 cap.
2411 2303 2436 2325 4.

1308 2334 1337 2362 in
1349 2333 1537 2370 descriptione
1553 2330 1739 2360 Narbonensis
1760 2330 1920 2368 provinciae.
1947 2329 2040 2358 Hodie
2055 2329 2138 2366 vulgo
2151 2329 2303 2366 Carcaffme.
2346 2329 2357 2364 [
2371 2330 2437 2358 Puro

1307 2373 1383 2409 apud
1400 2370 1467 2400 Plin.
1483 2368 1618 2400 Carcason
1632 2368 1794 2405 legendum,
1808 2368 2005 2397 terminatione
2020 2367 2123 2396 Graeca.
2147 2367 2218 2396 Nam
2239 2367 2304 2396 alibi
2325 2367 2438 2396 Carcaso

1309 2410 1355 2438 vel
1375 2408 1529 2438 Carcasona
1542 2430 1549 2442 ,
1573 2413 1603 2436 ut
1620 2406 1715 2436 Narbo
1740 2408 1765 2435 ἃ
1782 2406 1910 2435 Narbona
1923 2427 1929 2439 ,
1951 2405 2058 2442 aliaque
2070 2405 2097 2433 id
2109 2415 2214 2442 genus,
2236 2405 2367 2434 alterutro
2380 2415 2439 2433 mo.

1309 2448 1346 2476 do
1364 2447 1530 2480 constanter,
1544 2444 1664 2474 effertur.
1684 2444 1788 2473 Littera
1809 2444 1950 2481 geminata
1967 2442 2108 2477 Carcasso,
2132 2443 2175 2472 vel
2196 2442 2358 2472 Carcassona
2371 2465 2378 2476 ,
2402 2443 2440 2471 se-

1307 2486 1404 2523 quior-e
1421 2485 1535 2514 demum
1547 2490 1605 2512 aevo
1616 2482 1696 2511 scribi
1714 2482 1810 2519 coepit.
1851 2481 1881 2510 ln
1900 2481 1983 2519 priori
2000 2481 2065 2510 edit.
2084 2481 2168 2510 etiam
2179 2481 2306 2511 Carcases
2322 2482 2438 2518 populi,

1308 2524 1383 2561 turpi
1394 2532 1486 2552 errore
1497 2531 1531 2551 ex
1545 2521 1645 2550 eodem
1660 2520 1740 2549 Plinii
1752 2520 1816 2549 loco
1828 2519 1874 2548 hic
1886 2519 2084 2548 inserebantur.

1271 2562 1323 2591 CA
1336 2571 1424 2589 irena
1439 2582 1447 2594 ,
1469 2560 1531 2589 eris.
1554 2569 1590 2588 m.
1614 2555 1818 2594 [ὣσμωπὶωοη
1832 2553 1932 2592 φυλακῇ
1944 2579 1951 2591 ,
1968 2553 2068 2592 rigavi]
2087 2555 2189 2591 Locus,
2211 2556 2301 2593 inquit
2319 2558 2438 2593 Servius,

1310 2600 1339 2628 in
1349 2607 1403 2636 quo
1412 2598 1553 2626 servantur
1567 2596 1644 2625 noxii
1657 2606 1662 2625 :
1687 2595 1732 2624 vel
1745 2595 1819 2624 unde
1833 2595 1894 2632 quis
1905 2595 1981 2624 exire
1992 2595 2174 2632 prohibetur:
2198 2605 2212 2623 a
2223 2595 2385 2624 Coercendo
2399 2597 2439 2624 di-

1309 2639 1380 2672 etus,
1391 2643 1420 2665 ut
1434 2636 1472 2665 ait
1486 2635 1567 2664 Varro
1580 2634 1614 2663 de
1630 2633 1658 2663 L.
1672 2633 1700 2663 L.
1713 2633 1789 2668 lib.4.
1812 2633 1888 2670 quod
1898 2634 1972 2662 exire
1983 2632 2173 2670 prohibentur.
2199 2633 2255 2661 Liv.
2275 2644 2295 2662 1.
2311 2641 2352 2668 33.
2365 2642 2434 2663 extr.

1309 2674 1410 2704 Carcer
1425 2674 1459 2703 ad
1475 2680 1609 2702 terrorem
1629 2671 1807 2701 increscentis
1825 2671 1950 2700 audacia:
1969 2671 2060 2700 media
2077 2671 2161 2705 urbe,
2184 2671 2333 2700 imminens
2354 2672 2414 2700 foro
2428 2693 2437 2706 ,

1308 2713 1469 2742 aedificatur.
1512 2710 1572 2739 Cic.
1587 2717 1611 2746 7.
1628 2710 1698 2738 Vei'r.
1710 2719 1756 2739 22.
1791 2709 1847 2738 Cur
1859 2719 1955 2738 carcer
1972 2708 2143 2738 aedificatus?
2175 2718 2225 2737 cur
2244 2714 2286 2738 tot
2305 2708 2440 2748 supplicia

1309 2748 1556 2787 [intinimprobos
1567 2758 1643 2777 more
1654 2748 1792 2783 majorum
1808 2747 1977 2776 constituta?
1997 2746 2099 2781 Juven.
2116 2756 2141 2782 3.
2158 2746 2212 2776 Sat.
2228 2755 2290 2783 314..

1403 2786 1510 2817 Saecula
1521 2808 1529 2821 ,
1551 2796 1611 2824 quae
1623 2785 1766 2823 quondam
1777 2807 1784 2820 ,
1806 2785 1854 2814 sub
1865 2784 1974 2822 regibus
1985 2792 2067 2822 atque
2078 2783 2196 2814 tribunis
2206 2806 2214 2820 ,

1406 2826 1543 2854 Viderunt
1554 2834 1611 2853 uno
1624 2829 1786 2853 contentam
1799 2831 1908 2853 carcere
1921 2823 2050 2853 Romam.

1308 2863 1427 2896 Sceleris
1438 2862 1513 2893 luela
1522 2872 1622 2892 carcer.
1647 2861 1756 2891 Lucret.
1770 2871 1795 2896 3.
1811 2865 1891 2895 1028.

1507 2915 1546 2922 —-
1556 2899 1718 2937 scelerisque
1732 2899 1805 2929 luela

1403 2938 1504 2969 Carcer
1515 2961 1523 2973 ,
1545 2940 1572 2968 ἀ
1583 2938 1722 2967 horribilis
1732 2938 1767 2966 de
1777 2937 1841 2966 saxo
1857 2936 1942 2973 jactu’
1959 2935 2097 2966 deorsum.

1309 2977 1452 3008 Scelerum
1466 2977 1580 3005 vindex.
1603 2974 1661 3005 Cic.
1676 2986 1702 3005 2.
1718 2976 1747 3004 in
1760 2975 1842 3005 Catil.
1855 2983 1900 3012 27.

1308 3017 1417 3052 Janitor
1434 3015 1559 3044 carceris.
1579 3014 1639 3043 Cic.
1659 3023 1684 3050 7.
1699 3013 1773 3043 Verr.
1789 3019 1848 3048 118.

1309 3055 1475 3084 Iris-erorum.
1498 3052 1564 3082 Sen.
1577 3052 1721 3081 Heres-'uin
1737 3061 1816 3082 1222.
1841 3049 1905 3080 Dira
1917 3050 2049 3080 furiarum
2062 3046 2163 3080 loca&
2175 3045 2327 3079 inferorum
2335 3057 2437 3078 carcer.

1313 3093 1467 3121 Ventorum
1479 3100 1580 3119 carcer.
1603 3090 1722 3125 Ovid.4.
1736 3090 1806 3119 Met.
1818 3093 1881 3119 662.
1927 3088 1955 3116 V.
1976 3088 2092 3118 ffiolius.

1310 3128 1429 3159 Vincula
1443 3129 1560 3158 carceris
1570 3138 1708 3166 rumpere.
1731 3127 1791 3158 Cic.
1808 3138 1829 3157 1.
1848 3125 1931 3156 Tusc.
1945 3135 1989 3162 74.

1311 3167 1475 3198 AEdificatus
1488 3167 1523 3195 ad
1536 3166 1610 3196 illius
1620 3176 1744 3204 poenam.
1768 3165 1825 3195 Cic.
1836 3174 1887 3203 pro
1902 3164 1977 3200 Sylla
1989 3185 1997 3197 ,
2019 3171 2062 3199 70.

1311 3205 1436 3273 ffifiolhus,
1467 3204 1486 3233 i.
1499 3212 1522 3234 e.
1557 3204 1710 3234 Ventorum
1731 3213 1845 3239 carcer,
1867 3201 1968 3240 quibus
1984 3211 2034 3230 rex
2054 3200 2149 3239 p'raeest
2167 3197 2272 3230 AEolus.
2307 3198 2392 3229 Ovid.
2410 3209 2438 3230 2.

1356 3254 1370 3272 a
1397 3247 1480 3278 .456.

1312 3282 1377 3311 Ater
1389 3280 1520 3310 Plutonis.
1542 3279 1607 3309 Sen.
1622 3278 1713 3309 OEth.
1731 3288 1812 3315 1¹4¹·

1312 3319 1419 3348 Caecus.
1441 3318 1512 3356 Virg.
1528 3322 1552 3347 6.
1566 3318 1628 3347 AEn.
1643 3327 1706 3353 734.

1407 3356 1572 3394 Respiciunt
1583 3355 1680 3384 clausae
1694 3353 1816 3384 tenebris
1828 3374 1835 3386 .
1855 3353 1880 3381 ἃ
1898 3361 2007 3381 carcere
2025 3360 2109 3380 caeco.
2193 3351 2210 3380 i.
2223 3359 2246 3379 e.
2267 3349 2438 3381 Tenebroso.

1312 3395 1403 3424 Dirus.
1445 3395 1510 3423 Sen.
1523 3394 1635 3431 Thyest.
1654 3404 1674 3421 1.
1698 3391 1786 3428 Quod
1797 3389 1853 3426 ipse
1867 3389 1958 3418 custos
1971 3390 2088 3418 carceris
2103 3389 2155 3417 diri
2167 3388 2284 3418 horreat.

1314 3432 1432 3462 Moestus
1445 3442 1539 3461 carcer
1551 3454 1558 3465 ,
1580 3432 1613 3460 ab
1624 3430 1725 3460 effectu
1737 3452 1744 3462 ,
1767 3429 1831 3465 quia
1838 3427 1949 3456 moestos
1961 3427 2035 3456 facit.
2058 3426 2142 3456 Ovid.
2153 3427 2189 3455 ad
2206 3427 2262 3456 Liv.
2275 3432 2338 3463 278.

1314 3471 1418 3507 Niger,
1441 3468 1589 3500 Obscurus
1611 3469 1709 3504 Juven.
1726 3475 1766 3501 ¹3-
1779 3468 1833 3507 Sat.
1846 3474 1909 3499 ²45·
1932 3503 1937 3507 .

1314 3507 1452 3542 Rusticus,
1474 3508 1493 3536 i.
1508 3517 1532 3536 e.
1554 3506 1724 3543 Ergastulurn
1736 3504 1794 3532 ruri
1807 3503 1900 3532 servos
1910 3502 2010 3532 vinclis
2022 3501 2143 3531 astrictos
2154 3502 2313 3532 continens.
2337 3501 2438 3538 Juven.

1339 3556 1381 3582 14.
1400 3546 1455 3575 Sat.
1469 3555 1514 3579 24·

1394 3583 1475 3620 Quid
1485 3581 1680 3614 suadetjuveni
1691 3578 1770 3608 laetus
1783 3578 1896 3607 stridore
1908 3584 2011 3606 catenae
2024 3599 2032 3612 ,

1397 3622 1491 3657 Quem
1510 3621 1578 3649 mire
1599 3617 1724 3647 afficiunt
1739 3616 1868 3654 inscripta
1877 3615 2011 3653 ergastula
2023 3637 2030 3650 ,
2051 3624 2146 3644 carcer

1337 3658 1408 3696 Lips.
1421 3659 1503 3688 Elec}
1521 3667 1546 3686 2.
1564 3667 1604 3690 ις.
1939 3690 1944 3695 .

1317 3697 1469 3726 Sollicitus.
1494 3691 1577 3724 Ovid.
1596 3703 1616 3721 1.
1638 3693 1728 3721 Amor.
1743 3695 1767 3720 6.
1782 3695 1826 3725 64.
1850 3690 2008 3720 Sollicitum
2024 3690 2110 3724 dicit,
2129 3690 2206 3727 quod
2216 3689 2350 3719 sollicitos
2362 3691 2386 3719 ἃ
2397 3699 2445 3718 an-

1338 3736 1400 3763 xios
1414 3730 1647 3762 reddatinclusos.
1671 3731 1686 3765 [
1698 3729 1788 3759 Immo
1801 3729 1918 3764 Janitor,
1931 3728 1975 3757 vel
1987 3728 2258 3763 Commentarienlis,
2273 3738 2331 3757 non
2340 3737 2442 3757 carcer.

1318 3772 1474 3806 Squalidus,
1497 3769 1581 3798 Ovid.
1598 3778 1623 3796 2.
1642 3769 1731 3796 Amor.
1745 3776 1771 3796 2.
1785 3776 1831 3802 42.

1319 3807 1503 3839 Tenebrosus.
1526 3806 1627 3835 Lucan.
1641 3805 1688 3833 lib.
1706 3814 1731 3833 2.
1744 3814 1789 3841 79.

1319 3846 1455 3876 Asservare
1466 3846 1494 3873 in
1508 3852 1628 3874 carcere.
1668 3842 1699 3871 In
1721 3852 1741 3870 A
1751 3851 1762 3871 s
1771 3851 1783 3871 s
1794 3851 1808 3870 iz
1818 3852 1834 3871 s
1843 3851 1860 3871 v
1868 3851 1895 3871 o.

1320 3884 1565 3914 Atrinericarcere.
1588 3880 1678 3909 Tacit.
1695 3883 1721 3909 6.
1741 3882 1810 3908 Ann.
1830 3890 1872 3915 ¹9·

1320 3921 1420 3952 Claudi
1432 3929 1550 3949 carcere.
1571 3917 1658 3950 ,Ovid.
1676 3927 1697 3947 1.
1713 3917 1748 3947 de
1762 3918 1838 3946 Pont.
1855 3921 1880 3947 6.
1894 3920 1938 3952 '³⁶7-

1400 3957 1518 3988 earcere
1529 3957 1662 3987 dicuntur
1675 3955 1758 3986 clausi
1769 3954 2010 4024 spetiali-esaiutem.

1859 4003 1884 4022 ii
1905 4002 1922 4022 2

2338 148 2406 182 435

2147 292 2187 320 Et.
2199 292 2279 321 Closs.
2294 293 2339 322 Gr.
2354 293 2409 322 Lat.

1865 3320 2003 3350 ——·'neque
2015 3318 2093 3342 auras

2225 3614 2352 3644 Rusticus
2361 3615 2375 3643 ἳ
2413 3614 2442 3644 V.

2357 3988 2449 4018 Condi
