2600 4177
484 121 514 156 C
603 120 639 157 Ο
729 120 766 156 N

114 203 208 231 omnia
219 202 341 231 colorata
352 202 402 231 sint
412 201 569 235 mutabilia,
589 212 655 232 cave
670 202 773 231 dixeris
784 202 920 239 principia
933 210 1024 230 rerum
1035 200 1088 231 esse
1102 201 1233 231 colorata.

115 241 205 275 [Non
219 241 327 269 videtur
339 250 353 269 a
365 240 457 277 Tingo
468 239 652 276 compositum
663 261 669 272 .
693 239 740 269 sed
758 250 773 268 a
793 239 900 276 Tango.
932 239 961 268 V.
985 240 1012 268 in
1036 249 1093 268 coN
1101 249 1214 269 merus
1228 261 1236 274 ,
1271 273 1277 279 Ι

117 277 216 306 Partic.
256 278 301 306 Sic
311 278 480 311 Continqere
497 285 626 312 amurca,
647 276 699 306 sale
710 299 717 312 ‚
739 276 822 306 melle
834 279 884 307 ἃς.
908 277 995 313 supra.

79 313 158 343 C0N
175 324 352 349 riNcist,
374 307 560 350 [οὶᾶτῖοἶιθμὲὃω]
582 314 677 344 Partic.
715 314 810 344 Cic.2.
831 315 866 343 de
885 314 975 344 Divin.
991 323 1035 350 91.
1059 314 1236 343 Docetenim
1264 324 1299 343 w.

115 352 185 380 ratio
200 352 479 394 mathematicorum,
493 353 544 380 διε.
567 359 670 389 quanta
680 352 840 382 humilitate
851 352 928 382 Luna
937 352 1049 388 feratur,
1071 359 1171 381 tetram
1182 361 1238 390 pae-

117 398 154 418 ne
167 398 341 426 contingens.

117 426 248 456 IEthereo
260 426 426 463 contingens
438 425 542 456 vertice
558 425 656 455 nubes.
675 426 781 458 Tibull.
800 437 822 456 1.
833 437 859 464 7.
874 437 917 462 1ς.

117 462 179 493 Pars
191 465 271 501 pretii
286 465 453 501 contingens
463 463 556 493 alicui.
581 463 730 494 Marcellus
751 466 779 494 in
803 464 821 494 l.
838 465 963 494 domino.
984 463 1019 494 D.
1038 464 1074 493 de
1095 464 1236 494 Senatusc.

136 501 220 530 Silan.
245 501 324 531 Pretii
335 508 427 530 autem
438 508 545 536 partem
558 501 605 530 sibi
623 503 834 540 contingentem
850 503 957 532 socium
972 501 1104 539 consequi
1115 509 1236 540 oportet.

117 539 307 575 Contingens,
329 537 529 574 [συμξεξηκὲς]
561 540 761 577 Contingentia
778 541 926 575 dicuntur,
948 540 1018 577 Quae
1040 540 1070 568 in
1093 546 1238 574 utramque

136 583 244 614 partem
255 576 380 605 accidere
391 576 503 614 possunt
512 598 520 611 ,
543 579 568 607 Sc
580 587 638 613 quie
650 578 778 607 accidere
792 587 869 614 aeque
889 587 921 607 ac
930 587 988 606 non
1000 577 1128 607 accidere
1142 586 1239 607 natura

135 622 293 651 comparata
303 613 373 643 sunt.
402 614 429 644 h.
450 624 473 643 e.
498 615 569 652 Quae
582 616 643 645 sunt
653 616 784 653 ancipitis
795 622 921 645 eventus.
954 615 1024 646 Bud.

81 652 342 686 Conuersus,
363 661 377 680 a
390 673 398 686 ,
419 661 476 681 um.
499 651 644 688 [ψοωςὲς]
667 652 762 682 Partic.
787 660 836 688 ut,

119 688 220 718 Colore
229 689 303 718 croci
315 691 474 719 contactum
485 690 599 727 aliquid.
622 691 638 720 i.
652 700 676 719 e.
699 690 842 720 Tinctum.
865 690 974 720 Lucret.
995 690 1042 719 lib.
1056 693 1082 719 6.
1099 693 1180 724 ¹¹86·

118 725 181 756 Sale
190 727 305 756 modico
317 728 487 757 contactum.
529 728 600 758 Cels.
615 727 662 757 lib.
672 738 698 758 2.
711 738 772 765 cap.
786 737 830 762 24.
853 728 1005 757 Stomacho
1025 736 1118 757 autem
1138 726 1242 765 aptissi-

137 773 182 793 ma
193 763 255 793 sunt
265 787 272 799 ‚
293 774 465 802 quaecunque
478 765 580 795 austera
591 766 653 795 sunt
664 778 670 796 z
691 766 777 795 etiam
788 775 848 803 quae
859 766 938 795 acida
949 766 1027 802 sunt,
1049 775 1163 804 quaeque
1175 774 1242 795 con-

137 803 209 831 331613
223 801 277 831 sale
292 803 405 832 modico
420 803 491 832 sunt.

118 837 214 870 Halitu
226 842 352 870 contacta
364 840 490 870 animalis
501 851 552 871 res.
593 840 661 870 Plin.
677 840 724 870 lib.
742 849 783 869 11.
799 850 858 877 cap.
872 849 915 877 <3=
938 841 1042 871 Animae
1057 839 1151 884 leonis
1167 840 1242 870 virus

138 887 219 915 grave
232 900 240 912 ,
261 879 311 907 ursi
324 878 470 916 pestilens:
493 880 620 909 contacta
628 878 715 907 halitu
725 878 801 913 ejus,
825 878 903 908 nulla
916 879 974 909 fera
987 879 1106 917 attingit.

119 915 308 951 Cupidinibus
318 916 401 946 nullis
412 918 567 946 contactus.
591 918 710 954 Propere.
727 915 776 945 lib.
791 925 812 944 1.
828 925 849 945 1.
863 926 888 945 2.

119 952 208 984 Rabie
220 955 346 984 contacta
361 955 465 983 civitas.
508 954 565 984 Liv.
578 966 604 990 4.
619 964 645 989 9.
671 953 734 984 Νο0
743 952 799 983 11113
810 953 915 991 species
925 952 1071 991 cladesque
1080 952 1146 983 belli
1155 952 1240 989 abest,

139 991 352 1026 velutcontacta
360 993 472 1021 civitate
481 993 558 1022 rabie
572 992 849 1028 duorumjuvenum,
871 992 990 1022 funestas
1009 993 1120 1030 nuptias
1139 1001 1175 1021 ex
1194 1001 1241 1022 oc-

138 1028 201 1058 casu
210 1031 304 1067 patriae
315 1031 480 1067 petentium.

118 1066 260 1096 Societate
273 1069 427 1097 contaetus.
468 1067 526 1097 Liv.
541 1067 588 1097 lib.
604 1076 647 1102 3¹·
657 1073 683 1101 8.
695 1073 764 1096 extr.
787 1067 886 1098 Multis
899 1068 927 1096 in
939 1067 1018 1097 Italia
1029 1068 1165 1098 contaetis
1175 1074 1241 1105 gen-

138 1104 213 1133 tibus
230 1105 323 1134 Punici
336 1105 402 1134 belli
413 1105 553 1135 societate.
593 1104 673 1135 Idem
685 1105 732 1134 lib.
750 1110 794 1140 38.
809 1116 852 1141 55.
886 1106 921 1135 Ut
941 1106 1035 1135 onmia
1053 1106 1183 1136 contacta
1200 1105 1241 1135 so-

138 1141 240 1171 cietate
249 1142 394 1180 peculatus
410 1143 581 1173 viderentur.
609 1143 628 1172 i.
642 1153 666 1172 e.
692 1142 771 1172 Velut
785 1145 952 1182 contagione
963 1144 1076 1173 insecta.

119 1178 269 1217 Religione
282 1182 426 1211 contac‘tus
437 1182 505 1211 dies.
548 1180 603 1209 Liv.
613 1184 689 1214 6-28·
714 1180 824 1210 Etenim
835 1181 852 1210 si
865 1183 940 1211 diem
956 1183 1117 1211 contactum
1131 1181 1242 1219 religio-

138 1227 191 1252 ne,
214 1219 403 1256 inlignemque
413 1219 529 1248 nomine
538 1219 598 1254 ejus
606 1218 662 1247 loci
672 1218 792 1248 timeant
806 1219 946 1255 Romani,
968 1228 1072 1256 quanto
1090 1220 1178 1257 magis
1197 1219 1241 1250 Al·-

139 1255 216 1285 liensi
230 1257 276 1286 die
288 1257 386 1286 Alliam
401 1256 487 1294 ipsam
497 1278 505 1291 ,
527 1255 734 1285 monimentum
745 1262 828 1286 tantae
846 1258 934 1288 cladis
948 1258 1175 1288 reformidaturos
1189 1258 1203 1287 ¹?

121 1293 271 1331 sacrilegio
280 1296 424 1324 contactos
436 1294 541 1323 milites
554 1294 630 1322 furor
647 1294 741 1330 agitat.
764 1294 822 1324 Liv.
835 1305 878 1331 29.
889 1300 915 1329 8.

80 1331 132 1360 'Co
142 1341 161 1360 N
172 1342 190 1360 r
199 1342 218 1361 A
228 1342 271 1361 cr
280 1342 298 1361 υ
308 1342 330 1367 s,
352 1333 392 1361 sis.
413 1342 450 1361 m.
473 1331 616 1367 [συναφὴ]
637 1331 774 1362 Columel.
791 1332 838 1363 lib.
854 1343 865 1363 1
874 1344 895 1363 1.
912 1343 972 1371 cap.
987 1341 1012 1370 3.
1032 1332 1171 1364 Contadtu
1181 1333 1242 1369 ejus

121 1369 301 1407 languescunt
317 1371 489 1399 incrementa
509 1370 669 1400 virentium.
707 1370 777 1400 Plin.
790 1370 839 1401 lib.
853 1381 896 1401 10.
908 1381 969 1410 cap.
984 1381 1028 1408 59.
1060 1371 1146 1402 Pullis
1168 1371 1243 1402 anse-

124 1413 187 1437 rum
200 1408 286 1438 urtica
296 1408 427 1437 contactu
439 1408 590 1436 mortifera.

124 1445 223 1475 Viriles
235 1447 379 1475 contactus
389 1445 512 1482 refugere
523 1445 654 1475 dicuntur
662 1445 773 1475 feminae
782 1447 867 1476 castae.
887 1446 972 1477 Ovid.
986 1455 1011 1483 7.
1024 1446 1096 1478 Met.
1110 1456 1176 1483 241.

120 1482 330 1514 Dominationis
339 1485 495 1513 contaetus.
535 1483 625 1513 Tacit.
636 1484 666 1512 in
677 1483 740 1513 Vita
749 1485 836 1522 Agric.
849 1494 892 1522 30.
915 1485 1022 1516 Oculos
1031 1487 1142 1523 quoque
1154 1492 1245 1517 acon·

141 1523 215 1551 tactu
228 1521 429 1550 dominationis
439 1520 587 1550 inviolatos
598 1521 778 1552 habebamus.

120 1558 273 1592 Inimundo
284 1559 414 1588 contat‘tu
427 1558 533 1588 foedare
544 1559 658 1596 aliquid.
681 1559 752 1597 Virg.
767 1569 792 1596 3.
804 1561 866 1591 AEn.
880 1567 944 1599 227.

122 1596 222 1626 infecti
232 1597 305 1633 quasi
319 1597 480 1626 valetudine
490 1598 515 1627 &
530 1598 670 1627 contactu.
690 1597 780 1627 Tacit.
794 1603 819 1628 6.
832 1600 901 1628 Ann.
915 1609 939 1637 7.
972 1598 990 1629 i.
1004 1607 1028 1629 e.
1050 1596 1197 1638 Con'tagio.

81 1633 344 1670 'CONTXG1UM,
366 1635 383 1663 i.
406 1645 433 1664 n.
456 1644 507 1673 pro
519 1635 667 1665 Contactu.
708 1635 776 1664 Plin.
793 1636 841 1666 lib.
855 1648 880 1672 4.
894 1637 968 1675 Epist
988 1647 1031 1666 11.
1058 1632 1245 1675 Quumqueel

122 1673 248 1703 carnifex
258 1682 373 1702 manum
382 1672 590 1708 daret,aversata
599 1673 676 1706 elh&
685 1673 803 1703 resiluit:
826 1675 990 1712 foedumque
998 1677 1160 1712 contagium
1172 1676 1246 1714 quasi

119 1710 204 1750 plane
213 1721 228 1740 a
237 1711 311 1740 casto
323 1720 449 1749 puroque
460 1720 576 1749 corpore
587 1710 732 1753 novissima
741 1711 886 1743 sanctitate
893 1713 998 1751 rejecit.
1011 1713 1052 1744 Al.
1064 1712 1244 1746 Contactam.

120 1749 260 1786 'Contagia
270 1749 385 1779 feminei
399 1749 517 1786 generis.
538 1748 656 1778 Martial.
670 1749 718 1779 lib.
735 1760 745 1779 1
755 1759 777 1780 1.
790 1756 836 1786 48.

216 1788 272 1817 Cur
281 1787 316 1817 sic
326 1787 441 1816 feminei
451 1787 558 1824 generis
567 1787 698 1825 contagia
712 1787 780 1817 vitet
791 1810 799 1824 ‚
820 1790 873 1818 «Sec.
967 1789 986 1818 i.
1000 1799 1024 1819 e.
1047 1788 1225 1821 Contac‘tum.

120 1824 300 1862 Contagium,
321 1825 414 1855 Genus
427 1824 527 1859 morbi,
552 1826 784 1862 quiexcontactu
797 1825 979 1856 contrahitur.
1001 1827 1075 1865 Virg.
1090 1839 1113 1857 1.
1127 1828 1185 1858 Ecl.
1200 1838 1244 1864 ς1.

216 1863 260 1893 Ne
269 1863 341 1894 mala
354 1863 438 1893 vicini
451 1864 558 1900 pecoris
569 1864 696 1901 contagia
711 1863 822 1893 laedant.
907 1865 925 1893 i.
938 1875 962 1893 e.
993 1865 1048 1901 (ut
1066 1866 1105 1895 ait
1114 1866 1245 1903 Servius)

142 1901 188 1931 Ne
202 1901 294 1931 morbi
314 1901 358 1930 vel
372 1901 537 1939 pestilentiae
558 1908 746 1939 corrumpant.
777 1902 853 1932 unde
874 1902 1011 1940 contingit
1028 1908 1058 1932 ut
1076 1913 1132 1934 una
1149 1904 1243 1943 aliquo

141 1939 242 1968 morbo
252 1940 406 1974 moriente,
425 1948 524 1968 omnes
536 1939 612 1968 idem
623 1939 736 1970 morbus
746 1946 890 1979 corruptas
908 1941 1059 1971 interimat.

123 1977 226 2015 ignava
238 1977 373 2015 contagia.
396 1976 493 2007 Claud.
510 1986 532 2007 1.
543 1977 572 2006 in
584 1976 697 2016 Eutrop.
709 1983 774 2015 489.

124 2015 215 2045 Lucri.
237 2015 304 2045 Hor.
319 2025 342 2045 1.
358 2015 441 2053 Epist.
457 2024 499 2045 12.
514 2024 556 2045 12.

124 2053 228 2084 Morbi.
250 2053 299 2084 Sil.
315 2062 358 2084 11.
374 2062 417 2090 ¹3·

397 2107 434 2112 —
447 2100 499 2121 ceu
513 2090 573 2120 dira
584 2100 634 2129 per
647 2099 746 2121 omnes
806 2124 808 2127 .

217 2129 366 2159 Manarent
377 2129 499 2167 populos
509 2129 577 2158 foedi
588 2129 714 2166 contagia
725 2128 823 2160 morbi..

122 2166 278 2198 Scelerum.
302 2167 404 2197 Lucan.
418 2167 467 2197 lib.
482 2176 506 2202 3.
519 2176 581 2201 322.

125 2208 217 2244 Agunt
228 2206 356 2243 contagia
366 2205 430 2236 late.
453 2205 536 2234 Ovid.
552 2214 577 2239 7.
595 2204 663 2234 Met.
678 2214 740 2241 ςς1.

124 2243 230 2281 Fugere
245 2244 382 2280 contagia.
403 2243 488 2273 Ovid.
504 2254 527 2279 ς.
546 2243 626 2272 Trist.
641 2254 667 2279 4.
683 2251 726 2279 33.

124 2280 271 2312 Penetrant
281 2282 310 2310 in
320 2281 441 2318 aliquem
452 2281 542 2310 morbi
552 2281 688 2318 contagia.
708 2280 816 2312 Lucret.
834 2279 884 2311 lib.
895 2288 920 2318 3.
933 2285 998 2320 4ῑ7ᾱ1,

125 2320 218 2349 Vitare
234 2320 370 2357 contagia.
393 2320 478 2349 Ovid.
490 2319 569 2349 Rem.
584 2320 676 2348 [linior.
690 2322 753 2354 613.
1208 2355 1211 2360 ι

124 2355 312 2395 Contagium‚
335 2357 503 2387 vocabulum
512 2356 566 2387 effe
576 2357 606 2386 in
617 2357 711 2387 medio
725 2357 846 2396 positum
863 2357 947 2387 tradit
961 2355 1033 2388 Gell.
1048 2367 1090 2394 19.
1099 2367 1126 2394 9.
1155 2357 1191 2389 Et
1207 2357 1246 2390 sit:¹

143 2397 230 2425 utitur
242 2394 351 2424 Lucret.
367 2404 391 2431 3.
407 2405 469 2431 ³45-
616 2432 622 2438 .
775 2433 781 2439 .
945 2406 951 2415 κ

219 2433 260 2462 Ex
274 2434 388 2463 ineunte
400 2443 459 2463 aevo
470 2432 504 2462 sic
513 2439 637 2470 corporis
646 2440 729 2470 atque
737 2435 840 2462 animai

221 2471 319 2500 Mutua
329 2471 419 2500 vitalis
437 2471 547 2501 discunt
560 2472 688 2508 contagia
700 2477 803 2501 motus.
908 2470 960 2500 Ubi
975 2480 1025 2509 per
1038 2470 1174 2509 Contagia
1186 2480 1248 2502 cor-

145 2509 264 2576 porisss&
276 2510 385 2545 animae,
410 2509 573 2546 intelligitur
590 2518 686 2539 earum
699 2508 870 2547 Conjunfflo
887 2510 913 2539 &
924 2510 1076 2540 connexio.
1117 2510 1147 2541 V.
1170 2510 1247 2542 Paret

146 2548 213 2577 Lex.
241 2547 294 2576 ‘rit.

87 2586 112 2617 C
122 2595 139 2616 o
152 2596 170 2615 N
183 2588 227 2614 ΤΚ
238 2595 255 2613 c
267 2596 275 2614 ι
285 2594 321 2621 o,
342 2586 413 2615 finis.
433 2585 451 2614 f.
475 2584 563 2615 [dem.
586 2584 671 2614 Plaut.
686 2584 783 2622 Amph.
796 2583 868 2622 prol.
883 2592 927 2621 31.

221 2623 397 2660 contagione
405 2633 474 2652 meae
484 2623 578 2653 matris
589 2630 684 2652 metuo
697 2623 812 2653 malum.

125 2661 233 2692 somno
242 2660 383 2691 sevocatus
393 2661 502 2691 animus
519 2669 535 2690 a
554 2661 683 2691 societate
700 2662 726 2691 ὅ(
744 2661 912 2698 contagione
935 2661 1072 2699 corporis.
1092 2661 1152 2692 Cic.
1167 2671 1190 2693 r.
1210 2662 1247 2693 de

147 2699 240 2728 Divin.
253 2703 268 2728 6
291 2722 298 2729 .

126 2735 198 2774 Quae
219 2708 313 2767 Graezoe
334 2732 488 2773 συμπάθεια
500 2737 559 2772 est,
589 2736 794 2774 Contagionem
817 2736 886 2766 fecit
905 2735 1013 2767 Cicero.
1054 2736 1194 2769 pontanus
1217 2739 1247 2769 in

148 2776 225 2805 Actio
245 2784 309 2811 203.
333 2775 368 2804 H.
382 2775 418 2804 St.
462 2773 543 2804 Extat
554 2775 604 2804 fol.
619 2785 680 2804 111.
694 2776 711 2804 b
724 2775 795 2804 Aldi.

126 2813 268 2851 Contagio
280 2823 345 2843 cum
356 2811 528 2850 corporibus.
569 2813 627 2843 Cic.
645 2823 667 2842 1.
687 2813 769 2842 Tusc.
782 2821 825 2848 72.
850 2812 907 2849 Qui
922 2818 1017 2842 autem
1031 2812 1058 2844 se
1072 2814 1196 2852 integros
1204 2824 1248 2845 ca-

144 2851 252 2889 stosque
263 2851 455 2886 servavissent,
475 2850 630 2889 quibusque
644 2850 737 2881 fuisset
750 2851 866 2881 minima
887 2860 952 2880 cum
969 2851 1134 2889 corporibus
1153 2859 1248 2883 conta-

154 2890 192 2918 'io
235 2892 286 2919 &a

127 2899 258 2965 Agspektus
268 2925 407 2964 contagio.
448 2925 506 2956 Cic.
517 2936 569 2964 pro
580 2926 691 2956 Cluent.
707 2935 769 2963 193.
806 2925 834 2955 11.
843 2935 876 2969 he..
902 2925 1085 2965 contagiosus
1103 2927 1247 2966 aspectus,

147 2965 313 2995 translatitie
323 2987 332 3000 ,
352 2973 403 3002 pro
413 2963 557 2993 Venenoso
569 2965 594 2994 &
605 2964 714 2994 lubrico
729 2974 762 2993 ac
771 2963 935 3001 pernicioso.

128 3003 340 3039 Bellicontagio
358 3002 479 3037 dicitur,
501 3002 600 3039 Quum
613 3012 647 3031 ex
660 3012 716 3032 uno
737 3002 812 3032 bello
825 3024 833 3037 ,
854 3001 898 3031 vel
919 3012 975 3030 uno
995 3001 1073 3032 bello
1096 3004 1248 3042 confecto,

146 3041 265 3071 subinde
276 3041 330 3070 alia
340 3039 408 3070 belli
425 3040 532 3070 occasio
544 3041 642 3070 oritur.
684 3040 741 3070 Liv.
756 3051 780 3069 1.
799 3050 840 3074 ις.
864 3040 932 3069 Belli
950 3040 1090 3071 Fidenatis
1104 3044 1251 3081 contagio.

147 3089 184 3109 ne
193 3080 291 3108 irritati
301 3078 458 3107 Veientium
467 3079 571 3113 animi,
593 3080 618 3108 ἃ
629 3078 867 3116 consanguinitate
879 3100 887 3111 ,
902 3079 953 3107 dle.

129 3117 315 3147 Conscientiae
335 3116 475 3153 contagio.
516 3116 575 3145 Cic.
591 3125 617 3152 7.
640 3116 714 3146 Verr.
734 3126 794 3145 122.
828 3115 1016 3145 Deliberatum
1035 3122 1129 3146 autem
1151 3118 1206 3153 est,
1229 3118 1248 3148 si

148 3163 193 3185 res
212 3155 378 3192 opinionem
393 3162 502 3190 meam,
523 3163 607 3190 quam
623 3154 660 3183 de
679 3153 759 3183 vobis
778 3153 869 3183 habeo
882 3175 889 3187 ,
911 3152 1040 3183 fefellerit
1053 3177 1062 3190 ‚
1084 3165 1143 3184 non
1161 3156 1248 3191 modo

147 3202 198 3223 eos
208 3192 350 3231 persequi,
370 3191 406 3221 ad
416 3201 485 3228 quos
493 3192 615 3221 maxime
626 3191 707 3230 culpa
717 3192 914 3229 corrumpendi
929 3191 1042 3228 iudicii,
1064 3193 1111 3223 sed
1122 3194 1207 3223 etiam
1218 3195 1250 3224 il-

149 3231 208 3266 los,
229 3231 266 3260 ad
286 3239 355 3268 quos
373 3229 550 3260 conscientiae
565 3231 694 3267 contagio
715 3230 873 3267 pertinebit.
910 3230 937 3258 h.
950 3239 975 3259 e.
1008 3230 1066 3268 Qui
1084 3232 1144 3267 ejus
1159 3232 1248 3270 culpae

148 3268 255 3298 conscii
270 3274 371 3303 erunt,
393 3269 419 3297 &
429 3277 462 3297 eo
474 3268 590 3297 crimine
602 3268 810 3305 quodammodo
821 3268 926 3297 inferii-i.

129 3306 271 3338 malorum
280 3305 472 3343 contagiones.
513 3305 570 3335 Cic.
582 3315 608 3335 2.
621 3305 679 3335 Off.
692 3311 736 3339 80.
760 3306 820 3335 Nec
832 3315 896 3335 vero
908 3304 997 3335 solum
1012 3306 1069 3344 ipsa
1079 3307 1191 3342 cecidit,
1201 3304 1249 3338 sed

147 3346 232 3375 etiam
243 3344 376 3381 reliquam
387 3343 520 3373 Graeciam
531 3344 631 3373 evertit
640 3344 854 3381 contagionibus
874 3343 1010 3373 malorum
1023 3366 1032 3380 ‚
1053 3354 1114 3381 quae
1132 3355 1148 3374 a
1165 3345 1249 3375 Lace-

150 3383 299 3412 daemoniis
308 3381 438 3419 prosessae
449 3389 595 3411 manarunt
607 3381 698 3411 latius.

130 3419 252 3451 Naturae.
293 3421 352 3449 Cic.
363 3419 399 3448 de
410 3419 476 3448 Fato
487 3441 495 3455 ,
516 3429 540 3455 ς.
562 3419 775 3448 Consideramus
784 3418 831 3450 hic
842 3427 959 3456 quorum
972 3419 1000 3447 in
1011 3413 1071 3448 aliis
1080 3442 1088 3454 ,
1110 3426 1142 3449 ut
1153 3421 1204 3450 &c.
1217 3421 1248 3450 in

149 3459 230 3488 urina
241 3481 248 3493 ,
270 3457 506 3494 uffinunguibus,
524 3461 555 3486 ut
569 3457 598 3486 in
617 3456 729 3494 reliquis
750 3456 885 3492 ejusmodi
901 3462 1006 3486 naturae
1021 3459 1151 3495 contagio
1167 3458 1249 3488 valet.

151 3496 288 3534 Con'tagio
301 3518 310 3530 ,
330 3496 376 3525 hic
389 3495 427 3524 est
437 3494 472 3523 ad
486 3495 602 3524 verbum
613 3517 620 3530 ,
642 3497 762 3528 curatoria
782 3502 828 3524 aut
842 3495 935 3526 συνωφὴ
948 3515 955 3529 ,
977 3495 1005 3523 id
1017 3496 1055 3524 est
1065 3498 1212 3526 contae‘tus
1223 3498 1250 3526 ὁὶ

150 3535 326 3564 continuatio
337 3533 464 3562 rerumin
478 3533 584 3561 mundo
595 3554 603 3567 ,
625 3539 656 3561 ut
667 3531 833 3562 arbitrantur
843 3532 930 3561 Stoici
942 3554 949 3565 ,
972 3532 1044 3562 nihil
1059 3533 1249 3570 disjunctum,

150 3572 222 3601 nihil
233 3572 390 3601 distractum
400 3570 529 3600 habente.
571 3570 611 3600 Ex
622 3570 674 3599 hac
685 3577 777 3599 autem
797 3570 1013 3600 continuatione
1036 3578 1140 3600 naturae
1164 3573 1251 3602 totius

150 3610 316 3639 cohaerenris
327 3611 353 3638 &
364 3609 533 3638 continuatae
544 3629 552 3643 ,
572 3618 616 3638 res
627 3607 708 3638 rebus
724 3607 912 3637 consentiunt.
934 3607 965 3637 fit
982 3608 1101 3646 proinde
1116 3610 1148 3640 ut
1166 3609 1252 3640 altera

151 3647 262 3677 alterius
272 3645 380 3676 causam
393 3647 535 3676 contineat
549 3668 557 3681 ‚
579 3645 665 3675 altera
674 3642 753 3676 alteri
762 3646 936 3684 respondeat.

132 3685 259 3715 Sceleris.
281 3685 341 3714 Cic.
357 3694 406 3723 pro
416 3684 528 3714 Muren.
539 3689 585 3721 78.
844 3694 849 3699 ·
918 3720 924 3727 ·
1177 3714 1180 3717 Δ

132 3723 264 3753 Terrena.
304 3722 361 3752 Cic.
377 3732 400 3752 1.
420 3722 567 3758 dquivin.
588 3726 630 3756 58.
654 3720 709 3750 Sed
729 3722 756 3750 8:
771 3720 945 3750 decoloratio
959 3721 1085 3758 quaedam
1105 3730 1141 3752 ex
1161 3722 1252 3760 aliqua

152 3762 320 3798 contagione
333 3766 440 3790 terrena
451 3782 460 3796 ,
479 3761 602 3789 maxime
609 3758 699 3796 potest
710 3758 849 3796 sanguinis
862 3758 957 3794 similis
965 3759 1029 3788 esse.
1214 3796 1215 3799 Ἰ

132 3799 338 3836 Turpitudinis.
378 3798 435 3827 Cic.
452 3808 474 3828 1.
486 3799 538 3828 Art.
556 3807 596 3832 ¹3-
618 3796 788 3826 Maestiinter
805 3796 844 3825 sui
860 3794 1004 3826 dissimiles
1016 3798 1198 3828 &maerentes
1213 3797 1253 3828 se-

151 3838 256 3866 debant
269 3858 276 3871 ,
299 3838 324 3865 8(
336 3836 503 3873 contagione
515 3835 699 3873 turpitudinis
711 3834 955 3872 permovebantur.

132 3874 330 3904 contaminare
342 3873 369 3902 se
379 3874 546 3911 contagione
559 3872 677 3908 alicujus
694 3873 743 3901 rei.
782 3871 840 3901 Cic.
863 3881 914 3908 pro
926 3871 1018 3900 Domo
1034 3878 1095 3907 ¹08.
1132 3873 1188 3909 Qui
1204 3872 1253 3902 ali.

151 3923 204 3949 qua
217 3912 241 3941 se
251 3912 418 3948 contagione
427 3913 544 3949 praedae,
565 3910 713 3944 societatis,
735 3910 887 3947 emptionis
903 3911 1176 3951 contaminaverunt,
1192 3910 1255 3941 nul.

152 3950 203 3981 lius
216 3959 306 3988 neque
317 3949 417 3988 privati
428 3959 518 3986 neque
528 3949 633 3988 publici
645 3948 744 3985 judicii
756 3957 872 3985 poenam
883 3948 1005 3984 effugere
1015 3954 1178 3986 potuerunt.

1329 200 1417 230 Dedit
1425 202 1500 231 hanc
1507 203 1637 240 contagio
1645 203 1746 234 labem.
1768 204 1867 240 Juven.
1880 213 1905 235 2.
1918 206 1974 236 Sat.
1984 213 2030 244 78.

1331 239 1483 276 importare
1494 243 1700 277 contagionem.
1743 243 1774 272 V.
1799 254 1838 272 ιΜ
1849 253 1862 272 P
1872 253 1888 272 o
1900 253 1947 272 1111·
1957 255 1982 275 0.

1332 277 1469 313 <lentagio
1482 300 1489 312 ‚
1512 288 1562 316 pro
1587 280 1734 310 Contactu.
1777 280 1835 310 Cic.
1849 291 1873 310 2.
1893 282 1928 311 de
1951 283 2014 312 Nat.
2028 282 2111 314 Deor.
2126 291 2188 322 138.
2225 288 2295 325 Quae
2309 290 2403 329 spiritu
2424 295 2453 324 in

1321 314 1499 358 ,spulniones
1510 317 1600 345 anima
1614 317 1744 354 ducitur,
1767 329 1799 348 ea
1816 319 1928 349 calescit
1947 322 2068 357 primum
2082 322 2142 360 ipso
2156 324 2191 353 ab
2207 324 2301 364 spiritu
2317 339 2323 357 z
2347 331 2449 361 deinde

1351 358 1518 396 contagione
1533 354 1699 391 pulmonum
1709 377 1717 390 ,
1739 357 1791 386 &c.
1832 356 1891 386 Alia
1904 359 2074 397 exemplaria
2087 360 2192 392 habent
2205 363 2390 403 Cogitatione,
2409 368 2454 399 vel

1351 390 1544 425 Coagitatione
1555 413 1564 426 ,
1584 391 1632 421 sed
1643 393 1732 429 male,
1754 403 1840 431 quum
1850 404 1909 424 non
1925 406 1987 426 raro
2000 398 2137 436 Contagio
2155 410 2207 438 pro
2222 400 2359 434 contactu
2381 406 2454 436 usur-

1350 434 1440 462 petur.

1333 462 1540 501 Contagionem
1553 466 1607 495 esse
1618 467 1770 497 dicendum
1781 491 1789 505 ,
1810 480 1868 499 non
1880 470 2048 507 Contagium
2057 473 2152 505 scribit
2170 475 2262 506 Festus
2274 477 2433 517 Pompeius.

1333 500 1498 544 Notandum
1509 504 1546 533 est
1555 504 1722 547 Contagium
1733 507 1790 536 sere
1801 508 1930 537 usitatum
1943 510 1997 539 esse
2010 511 2038 540 in
2051 514 2176 543 oratione
2196 515 2312 545 metrica
2324 538 2333 551 ‚
2355 518 2456 548 Conta-

1352 548 1465 574 gionem
1478 551 1582 570 veroin
1593 541 1688 572 soluta.
1712 545 1826 580 [Poetae
1836 552 1930 575 tamen
1942 547 1979 583 pl.
1991 548 2126 580 duntaxat
2136 558 2260 582 utuntur.
2282 553 2315 583 V.
2334 553 2362 583 su
2386 557 2457 586 erio..

1351 586 1380 605 13
1388 579 1523 615 exempla.
1566 579 1703 617 Contagio
1715 603 1723 615 ,
1743 592 1793 619 pro
1805 583 1952 613 Contaffio
1963 607 1971 620 ,
1993 592 2023 615 ut
2031 588 2158 626 Suspicio
2169 612 2177 625 ,
2199 600 2249 627 pro
2264 591 2364 630 Suspez
2382 593 2418 623 io.

1295 612 1343 643 Co
1352 622 1371 642 N
1383 623 1401 642 1·
1410 618 1425 643 Ᾰ
1438 625 1456 643 c
1465 625 1479 644 iz
1488 626 1500 645 s
1511 637 1519 650 ,
1541 617 1572 646 is.
1594 617 1611 646 f.
1636 628 1686 655 pro
1699 619 1834 658 contagio
1849 622 1980 652 dixerunt
1991 632 2105 656 veteres.
2125 626 2236 658 Lucret.
2246 628 2295 659 lib.
2311 641 2338 666 4.
2351 634 2414 668 336.

1425 651 1571 690 multaque
1579 654 1641 684 sunt
1651 656 1738 686 oculis
1750 658 1777 687 in
1788 668 1884 688 eorum
1895 660 2016 698 denique
2026 664 2105 693 mista
2119 686 2128 701 ,

1426 690 1496 726 Quae
1507 700 1626 735 contage
1639 693 1684 722 sua
1694 695 1951 731 palloribusomnia
1962 700 2091 737 pingunt.

1426 729 1535 766 Corpus
1546 739 1621 758 emm
1631 733 1716 768 magis
1728 732 1771 763 his
1784 734 1857 764 vitiis
1871 756 1880 769 ‚
1901 736 1927 765 &
1936 736 1992 766 fine
2002 737 2110 769 laborat
2120 761 2128 776 ,

1396 807 1400 808 .
1425 765 1460 809 Et
1470 766 1541 810 111313
1552 767 1640 797 multa
1650 770 1758 800 animus
1769 773 1880 810 contagi
1889 772 2012 810 fungitur
2020 777 2089 812 ejus.

1334 800 1503 847 (Σο-11133010
1513 804 1590 833 sexto
1602 805 1664 849 casu
1675 816 1726 844 pro
1734 808 1860 848 Contage
1873 811 1972 841 eadem
1980 814 2088 844 ratione
2100 815 2208 847 dictum
2217 816 2274 853 est;
2296 827 2360 855 qua,
2371 818 2455 857 Parti,

1315 839 1383 868 colli
1396 862 1404 874 ,
1413 850 1487 885 -vom
1498 863 1506 875 ,
1528 843 1553 872 &
1568 843 1685 887 similia,
1707 855 1758 882 pro
1770 846 1847 877 Par'te
1857 869 1865 883 ,
1888 849 1961 878 colle
1971 872 1980 883 ,
2002 861 2082 887 voce,
2103 854 2156 883 &c.
2189 855 2348 886 Lambinus.

1296 876 1346 906 Co
1355 887 1375 906 N
1384 886 1403 920 *ij
1412 889 1428 906 11
1437 888 1455 907 c
1464 890 1472 907 i
1481 883 1498 908 ὖ
1507 889 1519 909 3
1528 889 1566 923 us
1578 902 1586 915 ,
1609 881 1670 916 Adi.
1693 888 1724 911 ut
1733 905 1746 926 ,Ι
1765 884 1928 924 Contagiosa
1941 887 2026 918 febris
2040 911 2048 925 ‚
2069 890 2253 930 contagiosus
2273 895 2387 925 morbus
2397 917 2406 931 ‚
2429 897 2457 926 δε

1334 914 1419 958 Pestis
1427 917 1585 961 contagiosa
1598 928 1614 947 a
1624 917 1703 948 Celso
1719 920 1850 952 dicuntur
1861 945 1869 958 ,
1891 923 2001 960 Quibus
2020 928 2067 964 qui
2086 928 2212 959 laborant
2223 952 2231 965 ,
2251 930 2310 961 solo
2324 935 2457 964 contaclu

1333 952 1404 999 alios
1413 956 1550 998 inliciunt.
1563 955 1645 1000 [Ego
1656 966 1715 1001 non
1724 960 1843 989 memini
1854 970 1900 991 me
1910 964 1985 1000 apud
1996 964 2107 996 Celsum
2120 967 2194 998 hanc
2206 978 2305 1000 vocem
2314 970 2416 1009 legere,
2426 977 2458 1001 ut

1336 1000 1391 1020 nec
1403 990 1483 1022 Pestis
1495 1002 1546 1030 pro
1558 993 1723 1025 Pestilentia.

1295 1024 1320 1058 C
1329 1038 1346 1057 0
1357 1038 1377 1057 N
1386 1030 1450 1058 Tic
1460 1040 1477 1074 u
1487 1040 1506 1060 u
1516 1040 1539 1066 s,
1552 1041 1576 1066 a,
1586 1042 1646 1076 11111..
1658 1033 1719 1077 Adj.
1742 1030 1888 1080 [fflspQ]
1908 1037 1994 1074 Quod
2004 1041 2150 1079 contingit.
2167 1042 2239 1074 Gell.
2256 1044 2303 1076 lib.
2317 1056 2344 1082 9.
2354 1056 2385 1077 ca
2409 1069 2415 1076 .
2431 1056 2456 1078 1.

1335 1066 1389 1096 Usu
1410 1075 1503 1104 venit,
1526 1075 1556 1098 ut
1569 1078 1695 1107 contigui
1711 1079 1799 1111 magis
1812 1095 1820 1109 ‚
1843 1073 2056 1114 directioresque
2073 1079 2145 1109 ictus
2160 1080 2235 1117 fiant,
2254 1082 2289 1118 si,
2312 1086 2363 1115 &c.
2405 1085 2456 1116 lin-

1333 1104 1383 1133 lib.
1396 1114 1422 1149 ²:
1437 1115 1497 1143 cap.
1510 1116 1535 1141 9.
1558 1107 1613 1136 Sed
1623 1109 1688 1152 alias
1700 1110 1813 1140 admota
1823 1111 1891 1142 caelo
1902 1134 1911 1149 ‚
1932 1114 2000 1144 alias
2009 1117 2143 1154 contigua
2153 1119 2305 1151 montibus.

1332 1143 1480 1180 Contiguae
1489 1144 1598 1175 domus.
1621 1146 1706 1177 Ovid.
1717 1158 1744 1184 4.
1758 1148 1827 1179 Met.
1843 1159 1886 1186 57.

1294 1217 1296 1224 A
1330 1180 1490 1218 'Contiguus
1505 1181 1568 1212 loco
1581 1183 1648 1213 milii
1658 1191 1724 1215 erat.
1745 1187 1762 1216 i.
1777 1196 1801 1216 e.
1823 1187 1906 1223 Juxta
1915 1197 1961 1220 me
1970 1195 2031 1220 erat
2040 1190 2086 1222 vel
2097 1192 2192 1225 stabat.
2201 1194 2456 1236 Ovid.4.Fast.378.

1295 1218 1344 1248 Co
1354 1227 1372 1247 Ν
1385 1228 1404 1247 T
1412 1230 1422 1247 i
1432 1228 1450 1247 c
1459 1230 1477 1249 u
1487 1230 1502 1249 R
1511 1242 1518 1255 ‚
1541 1221 1610 1251 Adv.
1635 1222 1716 1253 Mart.
1730 1224 1825 1262 Capel.
1841 1224 1889 1256 lib.
1900 1236 1928 1263 9.
2314 1229 2318 1232 ’

1293 1256 1524 1294 ὈοΝΤιΝυο,
1555 1258 1584 1288 V.
1607 1269 1822 1293 0οΝτιΝ110.

1295 1294 1557 1333 (ὶοΝτιΝυεΑ,
1578 1296 1610 1327 V.
1632 1307 1864 1332 coriuussn.

1295 1331 1549 1370 CONT1Nuus‚
1573 1334 1606 1365 V.
1629 1345 1842 1369 conNizo.

1296 1370 1319 1400 C
1329 1380 1345 1399 o
1356 1380 1376 1399 Ν
1384 1381 1404 1400 τ
1412 1381 1429 1400 ο
1438 1381 1456 1400 c
1462 1375 1483 1415 fi
1491 1382 1511 1401 T
1522 1382 1540 1402 υ
1549 1382 1571 1408 s,
1591 1383 1606 1403 a
1616 1395 1624 1409 ‚
1645 1383 1702 1405 uin.
1725 1377 1863 1407 Ammian.
1874 1386 1920 1414 29.
1933 1384 1960 1408 2.
1981 1379 2090 1412 Sodalis
2099 1382 2126 1412 &
2137 1389 2314 1422 conrogatus.
2336 1386 2354 1417 i.
2366 1396 2391 1418 e.
2405 1387 2460 1419 Ad-

1334 1416 1450 1439 vocatus
1460 1419 1490 1438 in
1503 1411 1607 1441 eodem
1616 1411 1677 1441 foro
1687 1434 1695 1445 .
1716 1414 1869 1453 interprete
1879 1415 1968 1447 vales.

1294 1445 1346 1476 'Co
1357 1449 1434 1477 Ντὸ
1445 1449 1539 1478 reiro
1551 1470 1558 1482 ,
1580 1451 1635 1479 are.
1660 1451 1800 1489 Augustin.

1294 1484 1320 1514 'C
1329 1495 1374 1514 oN
1384 1495 1403 1514 τ
1412 1495 1429 1514 o
1438 1496 1454 1514 1.
1463 1497 1479 1514 1.
1488 1496 1505 1515 o
1517 1509 1525 1521 ,
1546 1487 1600 1517 ete.
1622 1487 1727 1520 Contra
1749 1490 1848 1522 tollere
1857 1513 1866 1528 ,
1887 1491 1994 1524 Nonio.
2031 1493 2118 1527 Plaut.
2142 1496 2234 1528 Aulus.
2248 1507 2272 1534 ς.
2290 1508 2314 1530 1.
2328 1502 2354 1531 6.
2387 1499 2462 1531 Con-

1295 1559 1297 1562 4
1333 1522 1433 1552 tollam
1449 1525 1574 1560 gradum.
1603 1525 1621 1555 i.
1636 1535 1660 1556 e.
1683 1527 1833 1560 Conferam
1842 1530 1968 1568 gradum.

1294 1560 1573 1598 CONTori-ioai,
1606 1562 1636 1593 V.
1661 1574 1818 1597 CONTUS.

1296 1599 1345 1628 Co
1354 1609 1374 1628 N
1384 1609 1428 1629 To
1437 1609 1453 1627 a
1466 1622 1474 1635 ,
1496 1597 1632 1645 [ige-msa]
1653 1604 1700 1632 311.
1722 1605 1840 1635 verbum
1853 1615 1869 1635 a
1881 1605 1989 1637 Contus
2000 1631 2008 1644 ,
2028 1608 2050 1639 i.
2069 1609 2245 1648 derivatum3
2270 1612 2403 1650 significat
2416 1613 2461 1645 In.

1333 1643 1480 1681 terrogare.
1493 1676 1499 1682 ἠ
1523 1638 1582 1668 Cic.
1600 1649 1609 1667 1
1619 1650 1640 1669 1.
1659 1643 1711 1670 iltt.
1730 1651 1770 1672 ιο.
1794 1643 1948 1681 Quumque
1959 1654 1995 1675 ex
2006 1655 2040 1675 eo
2052 1647 2087 1676 de
2098 1657 2143 1678 me
2154 1655 2312 1681 contaretur
2322 1673 2331 1687 ,
2352 1662 2416 1682 eum
2429 1653 2462 1682 si.

1335 1675 1366 1704 bi
1385 1682 1421 1704 ita
1442 1675 1539 1705 dixisse
1550 1677 1692 1714 narrabat,
1714 1679 1740 1709 se
1757 1681 1827 1711 mihi
1846 1680 1901 1712 esse
1920 1683 2150 1716 inimiciffimum.
2201 1687 2294 1724 Hujus
2313 1691 2461 1728 compositi

1336 1713 1487 1743 Percontor
1495 1736 1502 1749 ,
1523 1714 1695 1751 frequentior
1706 1718 1744 1747 est
1757 1718 1828 1749 usus.
1850 1719 1885 1749 Et
1902 1720 1987 1750 etiam
1997 1722 2027 1751 in
2036 1722 2093 1752 hoc
2103 1724 2247 1755 Ciceronis
2258 1725 2323 1756 loco
2334 1729 2462 1764 quaedam

1333 1752 1873 1819 zxemplariaTexhibentPercontaretur,
1880 1757 1929 1789 'fed
1938 1758 2054 1791 alteram
2063 1760 2218 1793 lectionem
2226 1764 2462 1802 probatGraevius.

1364 1813 1371 1819 .
1400 1799 1417 1819 C
1425 1800 1444 1819 U
1454 1800 1474 1819 N
1484 1800 1501 1820 C
1537 1801 1554 1820 0
1564 1801 1589 1820 Κ.

1299 1828 1536 1864 Coum-irus,
1558 1827 1590 1859 V.
1612 1839 1774 1863 0011103.

1299 1867 1597 1903 ἘΜ-1011113300,
1619 1870 1675 1898 ete.
1699 1870 1779 1907 Apul.

1299 1906 1376 1936 CON
1385 1914 1405 1948 '¹2
1415 1914 1456 1934 oa
1466 1913 1561 1949 quim
1573 1927 1581 1941 ,
1603 1906 1620 1935 fi
1634 1928 1642 1942 ,
1664 1912 1724 1937 tum
1735 1929 1744 1944 ‚
1766 1910 1780 1945 [
1793 1907 1922 1953 rigepe‘dv]
1942 1912 1999 1941 Ere.
2021 1911 2101 1942 Idem
2109 1914 2185 1951 quod
2196 1914 2308 1946 Circum
2317 1922 2460 1956 torquere,

1336 1942 1382 1971 vel
1398 1952 1428 1971 in
1447 1943 1585 1973 ambitum
1596 1945 1623 1974 8<
1635 1954 1743 1982 gyrum.
1784 1947 1854 1977 Plin.
1870 1948 1920 1978 lib.
1935 1959 1978 1979 11.
1995 1959 2056 1988 cap.
2071 1961 2114 1987 14.
2136 1952 2209 1988 Juba
2233 1956 2317 1985 tradit
2332 1956 2464 1989 arborem

1336 1979 1446 2015 thuris,
1469 1982 1589 2010 contorti
1600 1983 1654 2012 esse
1665 1984 1798 2014 caudicis.
1820 1985 1894 2024 Virg.
1907 1996 1930 2016 1.
1944 1987 2044 2025 Georg.
2056 1995 2121 2024 481.

1431 2017 1536 2048 Proluit
1544 2019 1639 2049 insano
1656 2027 1847 2059 contorquens
1859 2025 1962 2054 vertice
1972 2025 2051 2056 silvas

1432 2055 1593 2087 Fluviorurn
1603 2068 1651 2088 rex
1662 2059 1804 2091 Eridanus.
1883 2062 1913 2092 h.
1930 2072 1954 2093 e.
1978 2064 2103 2095 Tantum
2114 2067 2236 2097 excrevit
2247 2090 2256 2104 ‚
2275 2074 2308 2099 ut
2326 2068 2412 2100 etiam
2422 2070 2468 2100 sil-

1336 2097 1387 2124 vas
1403 2100 1551 2131 moveret,
1581 2097 1608 2126 &
1628 2104 1738 2127 erueret
1758 2099 1879 2129 arbores.
1921 2101 1979 2131 Cic.
1992 2111 2018 2132 2.
2035 2103 2072 2132 de
2088 2104 2152 2134 Nat.
2172 2105 2257 2135 Deor.
2270 2117 2313 2142 ςς.
2336 2109 2402 2139 Non
2424 2109 2466 2139 est

1338 2133 1416 2161 enim
1427 2133 1536 2162 aetheris
1549 2143 1582 2163 ea
1591 2141 1687 2165 natura
1696 2153 1706 2170 ,
1728 2141 1760 2165 ut
1770 2137 1853 2166 visua
1862 2138 1953 2168 stellas
1965 2140 2114 2178 complexa
2130 2150 2323 2182 contorqueat.

1336 2169 1457 2200 Currum
1470 2176 1663 2208 contorquere.
1685 2173 1743 2204 Cic.
1758 2174 1789 2203 in
1800 2175 1870 2205 Arar.
1885 2185 1909 2205 v.
1920 2180 1966 2207 61.
1988 2177 2025 2207 de
2036 2178 2206 2216 Capricorno
2216 2203 2226 2218 ‚

1433 2208 1554 2238 Brumali
1566 2209 1681 2240 flectens
1690 2218 1859 2250 contorquet
1868 2219 1997 2252 tempore
2011 2223 2134 2248 currum.

1338 2245 1436 2276 Frena.
1460 2246 1547 2276 Valer.
1562 2257 1585 2277 1.
1604 2250 1704 2285 Argon.
1719 2259 1785 2286 455.

1338 2278 1420 2313 Fre'ta
1429 2284 1546 2315 Nereus.
1568 2285 1616 2316 Sil.
1630 2286 1678 2317 lib.
1693 2295 1717 2323 3.
1731 2297 1775 2322 ςο.

1337 2321 1566 2353 Gubernaeulum
1575 2323 1677 2361 aliquo.
1699 2324 1810 2356 Lucret.
1823 2325 1872 2356 lib.
1885 2336 1912 2363 4.
1926 2336 1990 2364 902.

1339 2359 1461 2390 Hastam.
1473 2396 1475 2398 q
1488 2360 1560 2398 Virg.
1573 2370 1600 2391 2.
1612 2362 1674 2392 AEn.
1687 2372 1730 2398 5²·
2010 2399 2011 2402 Ἰ

1419 2397 1465 2433 Sic
1473 2397 1546 2428 fatus
1556 2420 1565 2435 ‚
1585 2399 1684 2430 validis
1692 2401 1837 2438 ingentem
1847 2401 1952 2432 viribus
1960 2403 2071 2435 hastam

1419 2435 1452 2503 {51
1462 2435 1558 2503 latuss,
1577 2437 1664 2475 inque
1675 2438 1726 2468 feri
1735 2448 1848 2470 curvam
1869 2441 2055 2480 compagibus
2064 2442 2160 2474 alvum

1446 2481 1527 2503 ontor
1539 2482 1567 2504 it.

1339 2508 1380 2541 Ea
1396 2510 1537 2541 celeritate
1548 2518 1749 2552 contorquetur
1759 2537 1767 2551 ,
1788 2515 1833 2545 cui
1845 2524 1894 2554 par
1904 2516 1982 2547 nulla
1992 2522 2028 2548 ne
2039 2518 2154 2556 cogitari
2165 2519 2282 2559 quidem
2298 2522 2390 2561 poffit.
2402 2523 2466 2556 cic.

1363 2559 1387 2578 1.
1407 2549 1443 2579 de
1455 2550 1518 2579 Nat.
1531 2550 1615 2581 Deor.
1628 2561 1673 2587 24.
1696 2552 1739 2582 De
1749 2553 1867 2584 mundo.

1338 2586 1451 2617 Proram
1462 2588 1594 2618 contorsit
1603 2589 1638 2619 ad
1649 2589 1729 2620 laevas
1741 2591 1840 2621 undas.
1863 2591 1933 2630 Virg.
1945 2601 1971 2629 3.
1987 2593 2051 2624 AEn.
2065 2597 2130 2631 462.

1340 2624 1456 2663 Spicula
1466 2625 1575 2656 lacertis
1592 2634 1789 2665 contorquent.
1814 2629 1885 2668 Virg.
1898 2640 1924 2667 7.
1936 2631 1998 2661 AEn.
2013 2636 2074 2668 ¹⁶5·
2228 2666 2229 2669 Ἰ

1340 2660 1438 2707 Verba.
1479 2664 1538 2708 Cic.
1554 2673 1578 2700 3.
1596 2665 1679 2696 Tusc.
1693 2669 1739 2703 63.
1761 2668 1795 2697 At
1815 2676 1898 2705 quam
1907 2668 2057 2706 rhetorice,
2078 2680 2163 2709 quam
2175 2671 2307 2711 copiose,
2328 2683 2396 2713 quas
2406 2675 2468 2707 sen.

1339 2736 1341 2738 v
1357 2706 1460 2730 tentias
1471 2702 1579 2740 colligit
1588 2704 1605 2740 '!,
1620 2713 1681 2741 quae
1689 2704 1773 2734 verba
1785 2708 1968 2744 contorquet!

1340 2740 1535 2776 contorquere
1547 2741 1576 2769 in
1588 2741 1675 2771 alium
1686 2742 1794 2772 cursum
1803 2751 1914 2779 amnes,
1937 2746 1964 2774 &
1979 2745 2137 2777 defleoere.
2159 2747 2217 2777 Cic.
2231 2758 2254 2778 1.
2268 2749 2304 2779 de
2315 2749 2408 2781 Divin.
2418 2757 2464 2788 38.

1338 2778 1534 2845 antorquere
1555 2778 1677 2817 aliquem
1699 2786 1760 2811 tum
1779 2781 1815 2811 ad
1843 2782 1996 2820 tristitiam,
2017 2789 2078 2814 tum
2096 2785 2130 2814 ad
2148 2785 2285 2818 laetitiam.
2307 2787 2364 2818 cic.
2377 2798 2404 2819 2.
2431 2790 2468 2820 de

1391 2821 1440 2845 rat.
1457 2825 1501 2851 72.

1339 2853 1534 2891 'Contorquere
1545 2876 1553 2889 ,
1574 2854 1630 2884 alio
1646 2855 1799 2893 fignificatn
1811 2879 1819 2893 ,
1841 2856 1880 2887 est
1894 2858 2031 2888 Oratione
2042 2868 2100 2889 non
2110 2860 2183 2890 rec'ta
2194 2883 2202 2896 ,
2222 2860 2270 2890 sed
2282 2863 2404 2893 tortuosa
2414 2865 2468 2900 uti,

1361 2901 1416 2935 quo
1429 2901 1530 2929 genere
1545 2892 1672 2936 solebant
1684 2894 1851 2933 plerumque
1862 2896 1950 2926 Stoici
1965 2896 2024 2926 suas
2035 2903 2186 2928 contexere
2200 2902 2467 2936 argumentationes.

1361 2930 1420 2959 Cic.
1433 2929 1508 2973 2..de
1518 2929 1612 2960 Divin.
1627 2935 1688 2962 106.
1710 2932 1838 2969 Deinde,
1859 2934 1969 2972 inquit,
1991 2938 2260 2972 contorquent&ita
2272 2939 2465 2970 concludunt:

1359 2977 1419 2996 non
1433 2968 1516 3005 igitur
1526 2967 1589 2998 sunt
1598 2969 1658 3005 dii,
1680 2979 1733 3000 nec
1741 2971 1893 3008 significant
1908 2972 2008 3002 futura.
2048 2973 2121 3002 Nam
2131 2973 2198 3004 esset
2215 2977 2290 3005 recta
2306 2978 2395 3006 oratio
2406 3000 2415 3012 ‚
2437 2978 2469 3008 Si

1359 3006 1444 3043 igitur
1455 3005 1565 3035 suntdii
1577 3028 1585 3042 ‚
1606 3007 1759 3045 significant
1767 3009 1868 3039 futura.
1907 3010 1946 3040 Ea
1957 3011 2096 3041 contortio
2108 3013 2241 3043 orationis
2259 3013 2290 3043 in
2310 3025 2469 3053 repugnan-

1360 3046 1432 3073 tium
1443 3044 1623 3075 conclusione
1639 3046 1678 3075 est
1692 3047 1797 3076 usitata.
1822 3047 1981 3078 Turnebus.

1304 3082 1371 3150 (311Ν
1365 3091 1383 3111 Ν
1390 3091 1414 3148 {r
1421 3091 1466 3149 ga
1475 3091 1494 3110 rr
1503 3091 1522 3111 u
1532 3091 1553 3118 3,
1562 3092 1649 3118 3,11111.
1662 3081 1896 3122 [συνεφωμμᾙῶυ]
1908 3086 2005 3116 Partic.
2017 3089 2058 3123 ut,
2071 3087 2207 3119 Contorta
2215 3089 2423 3121 comm-Oica.
2433 3091 2470 3123 de

1374 3130 1388 3148 a
1403 3142 1409 3149 .
1447 3128 1504 3149 eor.
1517 3129 1577 3150 121.

1343 3157 1446 3187 Crinis.
1482 3158 1546 3186 Seri.
1558 3158 1674 3196 Hippoi.
1688 3170 1713 3195 ς.
1736 3159 1776 3189 En
1787 3160 1962 3199 impudicum
1972 3161 2049 3192 crine
2058 3167 2189 3193 contorto
2198 3169 2294 3203 eaput.

1344 3195 1441 3233 Cuspis
1453 3194 1566 3226 lacerto.
1589 3197 1676 3226 Ovid.
1687 3202 1715 3231 8.
1730 3197 1802 3228 Met.
1819 3207 1882 3234 345.

1342 3233 1397 3263 Res
1408 3240 1541 3263 contortae
1551 3256 1558 3269 ,
1580 3234 1712 3265 dicuntur
1724 3235 1864 3275 Perplexae
1876 3237 1902 3266 Sc
1913 3236 2078 3274 perturbatae
2086 3259 2094 3273 ,
2118 3239 2145 3268 δε
2156 3239 2203 3269 sibi
2220 3240 2285 3277 ipsis
2294 3239 2411 3271 minime
2421 3251 2470 3272 co.

1360 3270 1507 3300 haerentes.
1530 3271 1588 3302 Cic.
1603 3282 1626 3302 1.
1639 3273 1674 3302 de
1686 3273 1764 3303 Orat.
1777 3284 1840 3309 250.
1864 3275 1902 3303 An
1912 3282 1979 3304 vero
1991 3274 2009 3303 si
2021 3275 2056 3303 de
2067 3284 2096 3304 re
2106 3276 2171 3314 ipsa,
2182 3277 2198 3306 fi
2210 3278 2246 3307 de
2257 3278 2368 3315 finibus,
2380 3289 2468 3317 quum

1362 3309 1393 3338 in
1404 3319 1460 3338 rem
1469 3309 1632 3346 praesentem
1641 3320 1698 3339 non
1709 3311 1835 3341 venimus
1847 3334 1855 3347 ,
1878 3312 1896 3341 si
1914 3313 1950 3341 de
1967 3311 2070 3342 tabulis
2087 3314 2114 3344 &
2130 3315 2384 3354 praescriptionibus
2401 3327 2470 3349 con.

1342 3383 1344 3385 ,
1362 3347 1490 3376 troversia
1501 3348 1539 3377 est
1548 3370 1555 3383 ,
1578 3355 1718 3378 contortas
1730 3359 1772 3378 res
1787 3371 1794 3384 ,
1818 3351 1844 3379 &
1853 3349 1925 3387 saepe
1935 3349 2065 3381 difficiles
2075 3353 2226 3382 necessario
2235 3354 2427 3392 perdiscimus.

1343 3385 1517 3423 Sophismata
1528 3392 1655 3416 contorta
1666 3388 1692 3416 ὃ(
1703 3386 1836 3418 aculeata.
1859 3387 1916 3418 Cic.
1927 3398 1953 3424 4.
1964 3389 2046 3419 Acad.
2059 3399 2104 3426 75.
2129 3390 2159 3420 V.
2181 3400 2194 3420 s
2204 3400 2220 3420 o
2230 3401 2245 3421 1¹
2254 3401 2275 3421 H
2284 3403 2294 3421 1
2304 3401 2317 3422 s
2326 3403 2347 3421 M
2355 3402 2387 3423 A.

1305 3455 1308 3461 .
1345 3422 1416 3452 Tela
1428 3430 1564 3453 contorta.
1587 3423 1656 3453 Flor.
1669 3433 1693 3458 3.
1706 3435 1733 3460 4.

1306 3460 1330 3490 C
1340 3470 1356 3490 0
1366 3470 1387 3490 Ν
1396 3470 1416 3489 T
1425 3470 1442 3490 o
1451 3471 1466 3489 R
1475 3471 1520 3495 Qu
1530 3471 1545 3490 13
1556 3470 1576 3489 N
1587 3472 1606 3490 n
1618 3471 1635 3490 υ
1645 3471 1658 3491 s
1670 3483 1678 3497 ,
1699 3462 1903 3498 [συςφωπΊίΘι]
1925 3463 2020 3494 Partic.
2060 3463 2122 3494 Cic.
2139 3473 2166 3494 2.
2187 3465 2224 3495 de
2242 3465 2322 3496 Orat.
2333 3476 2379 3504 72.
2412 3469 2471 3506 Qui

1341 3504 1476 3536 ‘tanquam
1488 3498 1697 3528 machinatione
1709 3500 1800 3538 aliqua
1808 3505 1869 3530 tum
1882 3502 1918 3531 ad
1936 3501 2107 3532 severitatem
2119 3524 2127 3538 ,
2148 3510 2209 3532 tum
2224 3502 2260 3532 ad
2281 3505 2470 3538 remiffionem

1345 3537 1431 3566 animi
1443 3558 1451 3571 ,
1473 3543 1534 3566 tum
1547 3536 1582 3565 ad
1595 3537 1731 3566 tristitiam
1742 3559 1749 3572 ,
1770 3545 1830 3567 tum
1842 3539 1877 3569 ad
1888 3539 2013 3569 laetitiam
2027 3541 2065 3569 est
2075 3541 2315 3578 contorquendus.

1311 3572 1358 3603 Co
1368 3584 1440 3604 Ντο
1450 3583 1494 3603 aa·
1503 3584 1518 3602 a
1529 3595 1536 3609 ,
1558 3575 1572 3610 [
1583 3571 1796 3611 συνεςρκμκθμῖωε]
1817 3576 1883 3606 Adv.
1908 3577 1966 3607 Cic.
1983 3588 2006 3606 1.
2022 3577 2182 3608 deinvent.
2195 3587 2241 3608 20.
2265 3579 2322 3610 Hic
2343 3581 2471 3613 conside.

1343 3612 1462 3655 randum
1472 3612 1571 3641 eritne
1579 3612 1646 3649 quid
1657 3613 1816 3650 perturbate
1826 3635 1834 3650 ‚
1855 3623 1892 3644 ne
1902 3616 1970 3652 quid
1981 3622 2109 3645 contorte
2122 3616 2240 3646 dicatur.
2273 3617 2303 3648 V.
2325 3617 2471 3651 Perturba-

1344 3655 1374 3679 te
1393 3659 1420 3678 in
1438 3659 1639 3678 PERTusBo.

1344 3687 1508 3717 Contortius
1525 3686 1704 3718 concludere.
1742 3687 1800 3718 Cic.
1815 3697 1841 3725 3.
1860 3689 1943 3720 Tusc.
1953 3699 1998 3721 22.
2028 3690 2096 3720 Haec
2111 3690 2147 3720 sic
2167 3691 2300 3723 dicuntur
2318 3703 2334 3723 a
2346 3694 2468 3732 Stoicis,

1365 3724 1631 3762 concludunturque
1642 3727 1806 3755 contortius.

1308 3762 1331 3792 C
1341 3773 1357 3792 0
1367 3773 1386 3791 Ν
1396 3772 1416 3791 τ
1425 3772 1441 3791 o
1450 3771 1466 3790 a
1476 3771 1495 3790 T
1506 3763 1522 3790 ῠ
1532 3773 1547 3790 L
1558 3772 1575 3790 11
1584 3772 1596 3791 3
1608 3783 1615 3797 ,
1636 3773 1667 3797 a,
1689 3773 1746 3792 um.
1771 3764 1869 3794 dimin.
1891 3775 1906 3794 a
1921 3765 2083 3795 Contortus.
2112 3765 2170 3796 Cic.
2186 3775 2213 3797 2.
2225 3767 2307 3798 Tusc.
2319 3778 2366 3804 42.
2387 3770 2469 3800 Sitne

1345 3801 1428 3837 igitur
1440 3799 1545 3828 malum
1555 3799 1650 3829 dolere
1659 3822 1667 3835 ,
1689 3810 1789 3837 necne,
1810 3802 1896 3831 Stoici
1907 3804 2029 3833 viderint
2039 3825 2048 3839 ,
2069 3805 2118 3840 qui
2127 3806 2294 3836 contortulis
2303 3807 2469 3842 quibusdam

1347 3848 1378 3868 ac
1390 3838 1504 3866 minutis
1514 3837 1748 3868 conclusiunculis
1758 3860 1766 3873 ,
1787 3849 1841 3870 nec
1856 3842 1891 3870 ad
1906 3840 1998 3870 sensus
2007 3842 2254 3879 permanantibus,
2275 3844 2348 3873 effici
2358 3845 2468 3881 volunt,

1346 3885 1404 3904 non
1423 3874 1476 3904 esse
1488 3874 1592 3904 malum
1609 3875 1745 3905 dolorem.

1308 3912 1331 3943 C
1340 3923 1356 3942 o
1366 3923 1386 3942 N
1398 3922 1416 3941 *r
1427 3922 1443 3941 o
1454 3922 1468 3940 r<
1477 3922 1497 3940 τ
1507 3923 1515 3940 1
1525 3922 1541 3940 ο
1551 3934 1559 3946 ,
1585 3914 1655 3942 onis.
1681 3913 1699 3943 f.
1723 3910 1870 3949 [σ-υςγοφὲ]
1893 3915 1950 3945 Cic.
1963 3915 1999 3945 de
2013 3915 2079 3946 Fato
2089 3938 2097 3952 ,
2116 3920 2159 3947 16.
2181 3918 2273 3953 Maius
2283 3918 2321 3947 est
2335 3918 2410 3948 enim
2420 3919 2471 3949 has

1346 3950 1538 3982 contortiones
1550 3951 1684 3981 orationis
1696 3973 1703 3986 ‚
1725 3961 1807 3988 quam
1816 3953 1953 3991 signorum
1965 3960 2039 3984 ortus
2051 3977 2060 3991 ,
2082 3954 2229 3993 obitusque
2239 3955 2402 4023 perdiscere}2
2413 4004 2428 4023 O
2440 4003 2460 4023 v

2382 142 2453 183 679

2194 703 2274 734 Idem
2291 704 2340 736 lib.
2354 714 2378 743 3.
2388 715 2454 744 734.
