2604 4222
844 1107 933 1137 Litera
942 1106 1063 1136 secunda
1082 1108 1111 1135 in
1127 1107 1227 1136 ordine
1239 1105 1369 1144 alphabeo

863 1146 902 1177 ti.
923 1146 951 1174 in
970 1146 1085 1174 aliarum
1104 1145 1243 1175 literarum
1252 1145 1345 1174 locum
1358 1165 1366 1178 ‚

864 1183 930 1212 teste
948 1183 1067 1219 Quintil.
1082 1182 1129 1211 lib.
1149 1200 1166 1211 ι.
1179 1194 1240 1221 cap.
1254 1194 1279 1218 4.
1303 1182 1366 1210 data

862 1221 900 1250 est
921 1220 1089 1257 aliquando:
1124 1222 1199 1250 unde
1221 1221 1364 1259 proprium

862 1259 981 1295 Byrrhus
1000 1269 1049 1296 pro
1067 1259 1181 1296 Pyrrhus
1196 1282 1202 1293 ,
1227 1261 1252 1289 Gr
1266 1259 1366 1294 Bruges

862 1306 913 1334 pro
924 1296 1042 1333 Fruges.
1070 1299 1095 1325 ὁὶ·
1111 1297 1210 1326 Belena
1221 1307 1271 1334 pro
1286 1296 1367 1325 Hele„

862 1344 912 1363 na:
935 1334 1003 1363 fecit
1020 1343 1130 1371 quoque
1147 1344 1181 1363 ex
1195 1335 1293 1364 Duello
1306 1333 1365 1364 Bel..

862 1371 939 1405 lum,
961 1372 1037 1401 unde
1049 1372 1172 1401 Duellius
1193 1373 1306 1410 quidam
1326 1372 1367 1400 di=

861 1409 1028 1439 cereBellios
1036 1410 1089 1438 ausr
1106 1410 1299 1440 V.Bur1nan.in
1309 1410 1363 1438 loc.

861 1447 882 1477 B
902 1447 982 1477 litera
998 1455 1075 1477 muta
1095 1448 1152 1481 est,
1176 1458 1236 1485 quae
1257 1458 1315 1477 non
1336 1448 1366 1476 in

878 1485 977 1515 sonum
996 1485 1092 1519 suum,
1114 1485 1160 1514 sed
1180 1488 1208 1515 in
1229 1486 1327 1515 sonum
1346 1486 1365 1514 E

878 1523 964 1553 literae
979 1524 1089 1552 finitur:
1113 1524 1182 1560 gerit
1196 1524 1324 1553 virtutem
1339 1525 1366 1553 ὃς

877 1562 1044 1599 potestatem
1064 1563 1185 1590 mediam
1203 1563 1277 1591 inter
1303 1562 1318 1591 P
1339 1564 1365 1591 ἃ,

877 1599 924 1629 Ph.
959 1600 1052 1636 Quare
1069 1610 1119 1628 nos
1132 1600 1167 1628 ob
1178 1600 1317 1629 literarum
1328 1599 1366 1628 af-

875 1637 1028 1672 finitatem,
1043 1637 1183 1667 dictiones
1192 1638 1299 1668 Graecas
1312 1647 1365 1667 tra-

874 1675 1010 1705 ducentes
1022 1698 1029 1710 ,
1050 1685 1253 1713 nonnunquam
1272 1684 1291 1702 v'r
1306 1678 1331 1706 Sc
1345 1681 1363 1707 Φ

873 1714 902 1742 in
915 1713 991 1742 illam
1008 1714 1195 1742 convertimus
1206 1737 1214 1749 ,
1235 1721 1265 1743 ut
1277 1722 1363 1751 qutun

261 1752 336 1789 apud
348 1752 456 1781 Graecos
466 1752 551 1783 1³53&
562 1750 707 1786 scribatur,
728 1749 803 1788 apud
814 1760 864 1780 nos
873 1750 966 1780 Buxus
977 1773 985 1786 ,
1007 1753 1033 1781 ἃ
1045 1752 1121 1789 quod
1136 1752 1176 1780 illi
1194 1751 1271 1788 ἔμφω
1281 1774 1289 1786 ,
1312 1761 1363 1781 nos

261 1789 352 1819 Ambo
365 1789 577 1819 transcribimus.
619 1791 651 1817 At
663 1798 677 1817 e
691 1789 830 1818 contrario
843 1811 850 1823 ,
873 1790 948 1826 quod
963 1789 1003 1818 illi
1015 1793 1090 1826 perfia
1103 1789 1245 1823 scribunt,
1267 1800 1318 1819 nos
1334 1792 1363 1819 in

261 1826 301 1857 Ph
316 1834 537 1861 commutamus,
557 1826 725 1862 ut‘Jpae'xffass&
736 1848 744 1861 ,
761 1826 942 1864 Triumphus.
966 1827 1056 1862 Hujus
1065 1837 1128 1856 cum
1143 1828 1161 1854 V
1174 1827 1288 1857 conson.
1300 1827 1362 1857 usus

261 1865 300 1894 est
311 1866 394 1894 etiam
404 1865 460 1894 fere
472 1864 660 1903 promiscuus;
682 1873 747 1893 narn
763 1871 793 1893 ut
804 1864 890 1894 Graeci
905 1872 955 1903 pro
975 1865 1057 1894 Varro
1073 1866 1168 1894 dixere
1184 1867 1270 1900 Βοὶῤῥων
1281 1888 1289 1900 ,
1311 1876 1363 1903 pro

260 1902 409 1940 Virgilius,
431 1901 557 1938 Βιςγέλιῶ
572 1911 578 1931 z
599 1902 636 1930 ita
653 1902 769 1931 vicissim
791 1902 879 1931 Latini
896 1913 910 1932 a
928 1901 1012 1938 βιοπὶ,
1036 1903 1113 1938 Vita,
1136 1905 1188 1933 Ere.
1220 1904 1360 1933 dixerunt.

260 1940 351 1971 Etiam
362 1941 391 1969 in
401 1940 519 1970 vocibus
530 1940 636 1977 aliquot
648 1939 750 1969 Latinis
760 1940 857 1969 mansit
868 1941 927 1970 haze
936 1940 994 1970 soni
1015 1941 1068 1970 five
1083 1942 1211 1971 vicinitas
1222 1964 1229 1976 ,
1253 1942 1306 1970 live
1321 1942 1364 1970 in=

260 1978 419 2008 differentia
430 1989 437 2015 3
458 1986 489 2008 ut
500 1979 526 2008 ἃ
537 1978 639 2007 Sevum
649 1979 674 2007 δι
685 1978 788 2007 Sebum
799 1979 946 2008 diceretur.
970 1979 1078 2008 Transit
1089 1979 1212 2009 similiter
1226 1980 1245 2009 B
1256 1981 1284 2008 in
1296 1979 1362 2009 alias

260 2023 408 2053 cognatas;
431 2023 479 2052 ut,
502 2026 517 2045 a
532 2015 630 2045 Rubeo
642 2015 750 2054 Rufus,
772 2017 798 2046 ἃ
816 2017 891 2053 quod
904 2017 992 2046 Grzeci
1009 2020 1145 2052 βάσκανον,
1168 2017 1257 2046 Latini
1278 2017 1364 2047 Fasci-

258 2063 327 2083 num
336 2053 466 2083 scribunt.
504 2054 589 2090 Quod
603 2053 788 2088 Graecis-eram,
809 2053 898 2083 Latini
910 2054 994 2090 Bela3
1015 2064 1031 2084 a
1049 2054 1141 2084 Glubo
1159 2055 1190 2085 fit
1207 2055 1326 2092 Gluma,
1348 2066 1363 2085 a

259 2092 357 2121 Scribo
368 2114 376 2126 ,
398 2091 487 2130 scripsi
497 2113 504 2126 ,
526 2092 676 2129 scriptum,
699 2101 714 2120 a
724 2091 813 2127 Jubeo
823 2115 831 2127 ,
852 2092 923 2128 jussi.
964 2093 1069 2122 Harum
1080 2094 1163 2122 etiam
1174 2093 1270 2130 aliquae
1284 2093 1363 2123 vicis=

259 2129 350 2159 simin
369 2130 460 2165 hanc,
483 2137 513 2159 ut
528 2140 541 2158 a
555 2129 714 2167 Poplicula,
736 2126 904 2166 Publicola,⁸
918 2140 934 2160 a
956 2131 1108 2160 Scamnum
1119 2154 1126 2163 .
1148 2131 1326 2167 Scabellum3
1347 2142 1363 2161 a

257 2166 432 2203 Promuscis,
455 2167 613 2202 proboscis,
637 2169 689 2205 &e
731 2167 910 2197 Convertitur
927 2170 1096 2206 quandoque
1116 2170 1134 2198 B
1150 2170 1179 2198 in
1201 2170 1362 2199 Uvocalem

256 2205 406 2242 euphoniae
420 2205 463 2234 vel
475 2204 639 2234 differentiae
650 2205 745 2240 causa,
768 2206 852 2242 idque
865 2208 892 2235 in
914 2207 1024 2236 duobus
1040 2213 1147 2236 tantum
1163 2207 1254 2236 verbis
1267 2230 1274 2243 ,
1294 2208 1362 2237 teste

257 2243 412 2278 Cicerone,
436 2244 535 2272 Aufero
548 2252 598 2281 pro
610 2243 709 2272 Abfero
720 2265 728 2277 ,
749 2243 866 2281 Aufugio
875 2254 925 2281 pro
939 2245 1070 2281 sibfugio:
1094 2245 1306 2282 Quibustamen
1317 2246 1364 2275 ad-

256 2281 371 2318 jungere
386 2281 452 2311 licet
467 2283 585 2310 Autumo
596 2303 604 2316 ,
632 2281 666 2310 ab
685 2278 791 2316 vapciv
808 2284 884 2319 quod
899 2281 978 2317 esset,
1001 2283 1130 2317 Abtumo,
1153 2291 1183 2312 ut
1200 2283 1234 2313 ab
1246 2285 1360 2323 (ὲκτιμῶ,

256 2319 390 2349 Jhstunm.
433 2320 451 2348 B
465 2322 489 2348 ὁὶ
503 2321 523 2348 t)
534 2326 725 2356 permutantur
754 2320 800 2348 Sic
813 2320 1006 2349 indifferenter
1016 2321 1117 2349 dicitur
1135 2321 1225 2351 Bauca
1235 2321 1279 2351 vel
1291 2322 1362 2351 eau-

224 2370 227 2371 ’
259 2366 307 2391 ca,
330 2356 398 2385 Rufo
411 2356 455 2386 vel
469 2356 540 2385 Cuso
552 2379 559 2390 ,
581 2364 611 2385 ut
622 2357 741 2386 ostendit
751 2357 861 2387 Salmas.
873 2358 902 2386 in
912 2358 995 2387 Treb.
1014 2358 1110 2387 Claud.
1129 2369 1189 2396 cap.
1206 2371 1246 2395 ¹4·

238 2393 260 2424 Β
279 2394 457 2431 sequentibus
470 2395 509 2429 C.
528 2394 563 2429 F,
583 2395 618 2424 G.
637 2395 685 2430 M,
702 2395 735 2429 P,
756 2395 795 2429 R,
817 2396 846 2424 in
861 2396 972 2425 easdem
986 2396 1094 2432 transit3
1115 2398 1290 2431 utOccurrO,
1302 2398 1363 2428 Suf-

257 2432 340 2467 ficio,
360 2433 500 2468 Sugrero.
524 2433 690 2467 Summitto‚
711 2433 857 2470 SupputO,
880 2434 1014 2471 Surripio.
1066 2434 1096 2464 ln
1119 2436 1219 2464 mediis
1244 2436 1362 2466 vocibus

257 2469 380 2506 sequitur
390 2471 470 2499 aliam
485 2470 504 2499 B
517 2493 523 2505 ,
546 2478 576 2499 ut
588 2471 669 2499 Obba
682 2481 689 2505 ;
712 2471 830 2508 liquidas
846 2474 912 2500 item
925 2479 1023 2509 praeter
1033 2472 1058 2501 N
1070 2495 1078 2507 ,
1101 2480 1131 2501 ut
1142 2474 1235 2508 Albus,
1259 2474 1360 2509 Imber,

258 2508 360 2537 Orbis:
383 2508 408 2536 N
424 2509 528 2546 quippe
543 2516 610 2538 tunc
627 2509 743 2538 vertitur
761 2509 789 2537 in
809 2509 855 2542 M,
886 2517 917 2538 ut
935 2509 1044 2539 lmbibo
1056 2532 1063 2544 ,
1086 2510 1235 2540 Combibo.
1278 2512 1361 2541 lnitio

257 2555 316 2575 non
336 2547 441 2583 patitur
461 2547 518 2583 post
532 2546 575 2581 se,
598 2546 646 2575 nili
660 2547 680 2575 L
694 2545 770 2578 &R,
792 2553 823 2575 ut
841 2547 977 2583 Blandus,
996 2547 1115 2585 Brutus',
1137 2559 1200 2578 nam
1221 2549 1361 2580 Bdellium

255 2584 400 2621 peregrina
411 2594 466 2612 vox
478 2584 524 2613 est.
563 2585 691 2613 Admittit
703 2586 762 2621 post
772 2584 797 2613 se
810 2586 838 2613 in
855 2585 910 2614 fine
922 2586 940 2615 S
950 2608 957 2620 ,
980 2592 1011 2615 ut
1020 2585 1091 2615 Libs.
1115 2587 1205 2617 Servit
1221 2588 1250 2616 in
1266 2588 1319 2617 dat.
1333 2590 1359 2618 Sc

255 2621 308 2650 abl.
320 2621 390 2659 plur.
404 2622 548 2650 nominum
560 2644 568 2656 ,
591 2624 616 2651 Sc
629 2623 737 2660 imperf.
749 2623 834 2653 indic.
852 2624 1017 2653 verborum:
1040 2625 1107 2654 item
1117 2625 1145 2653 in
1157 2626 1255 2654 futuris
1265 2627 1361 2663 primae

257 2661 284 2689 ἃ
300 2659 427 2688 secundae
438 2681 446 2694 ,
468 2661 493 2689 ἃ
505 2660 532 2688 in
544 2660 732 2690 derivatorum
745 2661 842 2690 formis
854 2662 1012 2691 nonnullis:
1034 2669 1079 2698 ut,
1101 2673 1116 2692 a
1133 2663 1200 2693 P'leo
1211 2685 1219 2698 ‚
1240 2663 1358 2700 Tene03

255 2696 370 2726 Flebilis
382 2719 389 2731 ,
413 2697 557 2726 Tenebrae.
999 2712 1002 2719 ι

236 2733 267 2764 In
279 2735 399 2773 antiquis
408 2737 433 2765 ἃ
443 2735 588 2764 codicibus
599 2735 676 2765 MSS.
695 2737 721 2766 Sc
733 2737 922 2766 monumentis
934 2736 953 2766 B
965 2747 1017 2775 pro
1035 2737 1057 2767 V
1068 2737 1140 2776 saepe
1151 2738 1270 2776 politum
1283 2740 1360 2769 inve-

255 2773 349 2806 nitur.
371 2774 524 2808 &contra3
548 2780 593 2806 ut,
615 2773 712 2809 Albei,
734 2774 832 2807 Atabi.
851 2774 946 2809 Abita,
970 2775 1101 2810 Abienus,
1122 2776 1295 2813 Bfflorinus,
1316 2778 1360 2807 Bi-

255 2811 328 2844 dua,
351 2810 446 2845 Elbia,
469 2811 630 2846 Probincia,
651 2812 770 2847 Serbus,
803 2812 889 2847 Viba,
920 2812 1045 2843 Urvasius
1057 2836 1064 2849 ,
1091 2814 1209 2850 Vrittia’‚
1226 2816 1278 2844 Sec.
1308 2826 1359 2853 pro

254 2848 350 2882 Alvei,
371 2849 465 2883 Amvi,
490 2849 584 2883 Avita,
612 2849 745 2885 Avienus,
779 2850 953 2885 vidiorinus,
976 2851 1081 2887 Vidua,
1105 2852 1225 2889 Helvia,
1250 2853 1360 2882 Provin-

254 2887 315 2921 cia,
336 2887 456 2920 Servus,
480 2886 564 2920 Viva,
587 2887 732 2921 Urbalius,
754 2888 865 2917 Brittiae.
907 2888 936 2917 V.
959 2888 1079 2926 Liplium
1100 2890 1159 2919 Var.
1183 2890 1256 2921 Letst.
1271 2901 1297 2920 2.
1313 2897 1358 2925 28.

256 2924 360 2962 Spanh.
375 2925 409 2953 de
420 2924 601 2954 Usu&Praest.
615 2925 699 2954 Num.
716 2925 775 2954 diss.
790 2936 815 2954 2.
829 2936 856 2963 p.
878 2935 937 2955 120.
952 2928 1027 2957 cons.
1045 2928 1109 2957 Lex.
1124 2927 1211 2958 Pitisc.
1231 2929 1260 2957 in
1277 2929 1359 2960 litera

253 2961 284 2991 B.
324 2962 396 2992 Hinc
408 2969 542 3001 perpetua
554 2963 610 2992 fere
621 2963 649 2991 in
659 2963 806 2993 verborum
817 2965 990 3001 quorundam
1003 2972 1109 3003 prseter.
1124 2967 1150 2995 ἃ
1162 2966 1244 2996 futur.
1262 2968 1360 2996 confu-

252 2999 307 3035 fio,
329 3000 479 3038 praesertim
492 3001 520 3029 in
534 3000 677 3030 Pandet‘tis
696 3001 881 3035 Florentinis,
902 3008 933 3030 ut
950 3003 1000 3032 viri
1018 3004 1093 3033 dorsu
1110 3003 1297 3034 observarunt.
1338 3005 1358 3035 Β

257 3039 340 3066 etiam
353 3048 404 3076 pro
419 3039 438 3068 F
450 3048 466 3067 a
481 3038 620 3068 veteribus
631 3038 750 3076 usurpari
766 3040 794 3068 in
815 3039 1038 3077 inscriptionibus
1053 3042 1222 3071 demonstrat
1242 3043 1356 3073 Guther.

254 3075 290 3104 de
299 3075 355 3110 Jur.
368 3076 444 3106 Man.
460 3086 501 3105 11.
515 3086 559 3112 24.
601 3076 621 3105 Β
635 3087 685 3114 pro
698 3077 727 3106 M
741 3078 891 3115 permutari
905 3087 919 3106 a
932 3077 1033 3108 Latinis
1044 3079 1160 3109 librariis
1171 3081 1359 3111 ostenditSaL

253 3113 318 3143 mas.
329 3114 397 3144 Plin.
409 3115 506 3145 Exere.
521 3125 548 3152 p.
561 3119 624 3149 284.
636 3124 699 3151 923.
711 3117 763 3145 Sco.
787 3115 817 3144 V.
842 3115 919 3153 plura
930 3116 959 3144 in
969 3115 1033 3146 Lex.
1049 3117 1135 3147 Pitisc.
1148 3119 1175 3146 in
1192 3118 1211 3147 B
1224 3119 1284 3148 init.

234 3157 265 3188 B.
286 3158 404 3194 Beatus,
427 3159 556 3195 Bustum,
579 3159 671 3194 Burra,
693 3159 804 3194 Bonus,
827 3160 944 3195 Brutus,
966 3161 1009 3190 vel
1021 3162 1129 3192 Balbus.
1167 3156 1191 3194 Β
1211 3163 1253 3194 vel
1265 3164 1294 3194 B.
1306 3163 1359 3194 Bo-

253 3206 296 3226 nae
306 3198 453 3226 memoriae.
496 3197 524 3227 B.
549 3197 576 3227 A.
602 3198 779 3233 Bixitannis,
800 3198 845 3227 vel
865 3199 969 3227 Bonam
989 3201 1139 3229 aaronem.
1182 3203 1209 3231 Β,
1235 3202 1285 3231 AV.
1307 3202 1360 3231 Bo.

254 3235 454 3272 nisauspiciis,
477 3235 520 3264 vel
535 3235 618 3265 Bonis
629 3236 734 3265 avibus.
774 3236 803 3265 B.
818 3236 847 3265 Β.
870 3236 944 3265 Bene
967 3236 1047 3266 bene.
1088 3238 1118 3267 B.
1133 3238 1162 3268 C.
1191 3240 1284 3269 Bonus
1303 3240 1359 3269 ces-

255 3271 295 3300 sit.
336 3272 364 3301 Β.
379 3272 410 3302 D.
433 3272 541 3302 Bonum
552 3274 657 3302 datum.
697 3274 726 3303 B.
741 3273 799 3303 DD.
821 3273 904 3303 Bonis
915 3274 1028 3304 deabus.
1069 3275 1099 3304 Β.
1113 3276 1167 3305 DE.
1185 3277 1232 3306 SE.
1246 3278 1285 3307 M.
1308 3277 1359 3307 Be-

257 3318 293 3337 ne
303 3308 372 3338 dese
387 3311 490 3339 merita:
501 3310 543 3340 vei
554 3312 665 3341 merito.
705 3311 735 3340 R.
751 3311 778 3341 F.
801 3311 910 3341 Bonum
921 3312 1025 3341 factum
1039 3334 1047 3347 ,
1069 3313 1283 3348 Beneficiarius.
1305 3315 1358 3345 Bo-

254 3354 290 3374 na
298 3346 352 3375 fide
362 3348 405 3376 vel
418 3349 526 3377 fortuna
537 3371 544 3384 ,
568 3348 643 3378 Bona
655 3348 710 3378 filia
720 3349 764 3378 vel
778 3349 902 3384 foemina,
922 3349 964 3378 vel
974 3350 1048 3379 Bene
1057 3350 1129 3380 fecit.
1171 3352 1201 3381 B.
1219 3352 1247 3382 F.
1262 3353 1292 3382 C.
1307 3353 1358 3382 Bo-

255 3392 290 3412 na
299 3383 354 3412 fide
367 3388 548 3415 contractum.
590 3387 619 3417 B.
635 3387 663 3417 F.
678 3387 702 3416 P.
726 3387 809 3416 Bonae
819 3387 883 3416 fidei
895 3387 1033 3425 poss‘ess'or.
1072 3388 1100 3417 B.
1115 3389 1147 3418 G.
1168 3389 1244 3419 Bona
1261 3392 1356 3427 gratia.

257 3419 287 3450 B.
311 3421 343 3450 Η.
367 3422 459 3453 Bonus
477 3424 579 3459 homo,
600 3425 645 3454 vel
668 3425 745 3454 Bona
762 3425 941 3455 haereditaria.
983 3425 1011 3455 Β.
1025 3425 1044 3455 1.
1077 3426 1187 3456 Bonum
1207 3428 1354 3463 judicium.

257 3457 287 3487 Β-
301 3458 319 3489 I·
336 3458 354 3488 l·
374 3458 593 3497 Bonumjudicis
606 3463 755 3499 judicium.
790 3463 818 3492 Β.
834 3463 861 3492 L.
893 3463 969 3492 Bona
979 3462 1041 3499 lex,
1063 3464 1105 3493 vel
1121 3460 1211 3494 Burrae
1232 3465 1356 3496 libertus.

258 3493 288 3525 B.
300 3495 339 3524 M.
359 3495 592 3529 Bonaememoriae
605 3522 612 3535 ,
634 3501 709 3530 Bene
726 3501 864 3536 merenti,
885 3501 960 3530 Bene
971 3508 1097 3536 maneat,
1118 3502 1202 3531 Bonis
1219 3504 1356 3534 manibus.

256 3530 286 3562 B.
301 3532 339 3575 M.
351 3533 381 3562 C.
397 3534 422 3563 F.
445 3535 519 3565 Bene
535 3538 944 3577 merenticuravitfaciendum.
974 3538 1004 3568 B.
1020 3539 1059 3568 M.
1074 3539 1105 3568 D.
1122 3540 1357 3571 Bonaememoriae

256 3570 341 3599 dedit.
362 3571 465 3602 B.M.E.
478 3573 559 3603 Bonae
572 3577 713 3605 memoria·
723 3577 818 3605 erexit.
839 3576 868 3606 B.
876 3577 946 3606 M.F.
960 3576 1035 3606 Bene
1043 3578 1159 3606 merenti
1171 3578 1355 3609 fecit.B.M.P.

255 3606 330 3637 Bene
341 3611 454 3638 merenti
487 3611 562 3641 osuit.
587 3613 774 3643 B.N.Bonum
787 3614 1039 3647 nomen‚velBona
1049 3615 1146 3644 nostra.
1169 3615 1357 3646 BN.M.Bene

256 3645 364 3673 merito.
377 3645 446 3676 Bo.
480 3658 530 3677 ene
541 3651 655 3686 optime.
678 3652 706 3680 B.
723 3652 746 3680 Ρ.
759 3652 835 3682 Bona
846 3652 981 3690 possessio,
994 3652 1103 3682 Bonum
1114 3652 1269 3691 publicum,
1281 3654 1358 3684 Bona

255 3688 385 3721 paterna,
406 3683 488 3714 Bivus
499 3687 595 3722 posuit.
633 3688 662 3717 B.
678 3689 701 3718 l'.
721 3689 750 3718 D.
773 3689 852 3719 Bono
872 3690 988 3728 publico
1014 3690 1119 3720 datum.
1160 3691 1181 3720 B
1208 3691 1244 3727 Q.
1280 3691 1358 3721 Bona

256 3719 365 3762 quaesita
379 3742 387 3755 ,
408 3721 482 3751 Bene
515 3724 623 3753 uiescat.
673 3725 702 3754 Β.
718 3726 749 3755 R.
776 3726 916 3757 Bonorum
937 3730 1035 3757 rector.
1084 3728 1114 3758 Β.
1126 3728 1157 3758 R.
1173 3729 1199 3758 P.
1212 3729 1246 3758 N.
1278 3729 1358 3758 Bono

253 3756 470 3793 Reipublnato.
521 3761 537 3789 Ξ.
551 3762 576 3790 S.
590 3762 621 3790 D.
641 3762 858 3794 Belenosucrum
869 3766 955 3795 dedit.
995 3766 1015 3794 B
1040 3766 1066 3795 S.
1079 3766 1105 3796 F.
1130 3766 1206 3796 Bene
1216 3766 1355 3796 satisfecit.

254 3793 331 3861 1¹35Tt.
353 3794 493 3860 Bonorlqm'
506 3804 586 3827 tutor.
627 3799 657 3828 B.
678 3801 707 3829 V.
729 3801 803 3831 Bene
813 3804 892 3838 vixit,
912 3803 1072 3839 Bonusvir‚
1094 3803 1169 3834 Bene
1179 3804 1251 3835 vale.
1272 3804 1303 3834 B.
1316 3804 1355 3834 X.

279 3841 315 3860 ixi
338 3853 346 3866 ,
389 3842 418 3860 ro
456 3841 514 3863 ixit.

236 3867 258 3900 B
271 3870 305 3898 A!
329 3842 395 3898 iteii1
412 3870 504 3900 BA'r!
526 3872 683 3907 interjectio
692 3875 883 3906 estnvertentis
900 3878 976 3915 apud
993 3877 1118 3909 Plautum
1140 3879 1233 3909 Pseud.
1252 3889 1274 3909 1.
1289 3887 1313 3914 3.
1327 3881 1354 3909 6.

255 3907 282 3935 &
295 3906 362 3935 Alin.
383 3916 404 3935 ι.
424 3917 444 3935 ι.
458 3918 501 3942 ²4-
524 3910 628 3939 Sonum
645 3911 698 3939 effe
720 3914 873 3944 cornicinis
890 3924 926 3945 ex
937 3925 985 3946 ore
998 3916 1102 3947 lituum
1120 3917 1272 3947 eximentis
1287 3917 1358 3947 dicit

255 3943 408 3979 Charisius,
428 3944 512 3976 liba.
527 3956 555 3983 p.
571 3955 635 3984 213.
655 3948 728 3978 Edit.
742 3950 851 3981 Putsch.

1420 1104 1442 1136 B
1451 1117 1469 1134 A
1479 1115 1497 1134 A
1507 1117 1523 1134 c
1535 1127 1543 1140 ,
1565 1102 1650 1141 [Βαὰλ
1665 1103 1772 1142 Suidae]
1791 1107 1831 1137 ait
1841 1108 2006 1146 Augustinus
2015 1130 2023 1145 ,
2041 1113 2110 1139 tom.
2123 1120 2150 1146 4.
2158 1109 2240 1148 super
2249 1110 2315 1147 Jud.
2329 1110 2377 1142 lib.
2392 1114 2417 1150 ὴ.
2430 1111 2571 1149 Quaest.16'
2595 1115 2604 1146 ‘l

1459 1144 1497 1172 est
1511 1144 1621 1172 Nomen
1631 1146 1704 1182 apud
1716 1145 1812 1185 Tyrios
1823 1168 1831 1180 ,
1853 1148 1928 1183 quod
1938 1148 2018 1176 datur
2026 1147 2098 1183 Jovi.
2139 1149 2253 1178 Hieron.
2266 1149 2315 1179 lib.
2331 1160 2354 1179 1.
2366 1151 2395 1179 in
2411 1150 2518 1186 oseam,
2529 1153 2569 1184 Sei
2589 1166 2604 1183 ·.·

1458 1181 1597 1211 miramim
1610 1183 1668 1217 ait,
1689 1193 1751 1212 cum
1764 1184 1936 1215 Zoroastrem
1946 1195 2057 1222 magum
2072 1186 2279 1216 Bactrianorum
2298 1197 2391 1225 regem
2412 1188 2550 1225 superasset
2560 1185 2604 1220 Nx*

1456 1218 1486 1248 in
1506 1226 1611 1249 tantam
1626 1221 1779 1258 perveniffe
1790 1222 1905 1258 gloriam
1915 1244 1924 1259 ,
1945 1231 1975 1252 ut
1985 1231 2092 1261 patrem
2104 1224 2181 1254 suum
2196 1225 2294 1254 Belum
2307 1227 2420 1256 referret
2436 1227 2464 1255 in
2474 1227 2571 1259 deunm
2599 1232 2604 1259 l

1458 1259 1506 1294 qui
1518 1258 1652 1287 Hebraice
1666 1259 1768 1289 dicitur
1782 1259 1850 1294 Bel,
1874 1263 1899 1290 ἃ
1910 1262 1938 1290 in
1951 1262 2045 1290 multis
2060 1263 2206 1299 prophetis
2220 1285 2228 1298 ,
2249 1265 2427 1301 maximeque
2438 1265 2466 1293 in
2480 1265 2573 1303 Daniel„
2585 1266 2604 1299 :J

1458 1295 1492 1324 le.
1536 1296 1618 1325 Hunc
1627 1296 1735 1326 Sidonii
1758 1298 1867 1335 (inquit
1880 1301 1890 1333 )
1911 1301 1937 1329 &
1949 1299 2094 1329 Phoenices
2105 1300 2248 1338 appellant
2259 1301 2333 1337 Baal,
2351 1303 2481 1339 quiidem
2493 1303 2562 1342 litqtr

1458 1333 1551 1363 Belus.
1590 1333 1654 1363 Baal
1666 1342 1757 1365 autem
1766 1335 1937 1372 Graece‘s‘ffl,
1960 1337 2057 1367 Latine
2070 1338 2404 1377 Habensinterpretatur:
2427 1342 2500 1370 unde
2512 1341 2563 1372 Baa

1458 1370 1508 1399 lim
1517 1393 1524 1406 ,
1546 1371 1595 1401 Me
1606 1372 1719 1402 habens.
1754 1373 1924 1404 Vocabulum
1936 1375 2070 1405 Punicum
2083 1377 2121 1405 est
2132 1377 2285 1406 Dominum
2296 1399 2304 1412 ,
2325 1378 2371 1407 vel
2381 1377 2562 1411 Dominanten

1459 1409 1623 1444 significans.
1666 1411 1695 1440 V.
1726 1410 1838 1441 selden.
1853 1413 1888 1442 de
1899 1413 1958 1443 Diis
1970 1414 2043 1451 Syris
2056 1424 2080 1443 2.
2095 1424 2118 1444 1.
2155 1415 2227 1445 Voss‘.
2239 1416 2274 1444 de
2283 1415 2384 1446 Idolol.
2417 1416 2451 1446 Et
2465 1427 2533 1456 prop

1457 1447 1537 1477 usum
1548 1448 1710 1485 poeticum,
1732 1449 1826 1479 Sedul.
1839 1461 1865 1487 4.
1881 1460 1942 1488 147.
1965 1452 2096 1482 Prudent.
2109 1453 2209 1490 Apoth.
2222 1462 2283 1490 393.
2567 1452 2572 1492 l

2566 1500 2573 1517 ἰ

1851 1537 1876 1573 Β
1974 1539 2003 1574 A
2102 1540 2126 1573 Β
2567 1530 2574 1596 ξ
2597 1524 2604 1546 ²

1418 1605 1518 1638 Eun
1529 1617 1566 1638 A,
1594 1607 1684 1637 Plinio
1695 1629 1703 1643 ,
1733 1609 1839 1646 [BaCm‘
1854 1611 1996 1650 Stephano
2007 1633 2015 1648 ,
2037 1613 2132 1643 Africae
2149 1613 2288 1651 oppidum
2307 1613 2363 1650 est,
2386 1614 2422 1645 ad
2443 1597 2581 1754 Atlantem}

2562 1756 2573 1845 l
2601 1822 2604 1828 .

2565 1851 2572 1876 ί-

1458 1652 1592 1675 montem.
1636 1646 1698 1676 Huc
1709 1647 1743 1676 ab
1756 1649 1871 1685 Augusto
1884 1649 1995 1680 colonia
2013 1651 2143 1681 translata
2158 1652 2196 1681 est
2207 1673 2215 1688 ,
2237 1654 2263 1682 &
2282 1663 2298 1683 a
2317 1655 2433 1684 nomine
2448 1655 2561 1686 avuncul

1458 1683 1532 1719 julia
1544 1685 1702 1721 campestris
1713 1686 1857 1723 appellata.
1881 1687 1947 1717 Plin.
1962 1688 2009 1718 lib.
2024 1700 2047 1725 5.
2059 1699 2119 1727 cap.
2134 1700 2157 1719 1.

1418 1712 1493 1751 ΒΑΕ,
1505 1732 1522 1750 A
1534 1732 1579 1751 c'r
1590 1732 1602 1750 r.
1613 1732 1640 1756 s,
1663 1724 1677 1758 [
1694 1724 1842 1760 Βαζακτης]
1864 1725 1957 1755 Unum
1981 1736 2015 1756 ex
2037 1728 2199 1757 nominibus
2215 1727 2325 1758 Bacchi.
2348 1726 2393 1755 Xm*
2413 1724 2437 1757 ff
2455 1729 2555 1768 ἕαζσίζῦ

1458 1760 1533 1796 quod
1543 1760 1580 1789 est
1591 1761 1745 1790 vociferari.
1767 1761 1882 1793 Bacchae
1894 1765 2011 1794 enimin
2022 1765 2113 1795 Liberi
2123 1766 2209 1804 patris
2221 1767 2314 1804 orgiis,
2329 1767 2489 1799 inconditos
2497 1779 2559 1808 quos
2589 1804 2592 1806 ,

1459 1799 1522 1826 dam
1535 1798 1654 1827 ululatus
1667 1799 1795 1828 edebant.

1419 1834 1441 1865 Β
1451 1847 1466 1864 A
1480 1847 1493 1864 B
1504 1847 1526 1879 ’Ξ
1537 1858 1544 1869 ,
1566 1836 1659 1865 Grceca
1671 1837 1897 1882 voxxadmirantis
1907 1861 1915 1873 ,
1937 1839 1981 1869 vel
1993 1840 2160 1879 negligentis
2170 1864 2178 1877 ,
2199 1841 2244 1871 vel
2260 1842 2335 1872 dicta
2344 1842 2456 1873 alterius
2464 1842 2524 1875 laete
2532 1854 2558 1876 ac
2587 1833 2604 1884 ᾗ

1457 1874 1602 1911 ciple-ntis:
1634 1874 1759 1910 [βαζοα]
1780 1886 1830 1914 pro
1846 1887 1897 1914 qua
1916 1877 1993 1916 Papae
2011 1879 2098 1908 Latini
2117 1880 2257 1909 dixerunt.
2296 1881 2383 1910 Plaut.
2398 1881 2491 1912 Pseud.
2511 1892 2533 1913 1.
2545 1892 2572 1920 3»
2591 1888 2604 1918 l.

1460 1920 1520 1947 131.
1543 1911 1641 1947 Babae,
1662 1922 1738 1942 nunc
1748 1915 1862 1944 demum
1873 1915 1940 1944 mihi
1951 1917 2098 1947 animusin
2110 1923 2171 1947 tuto
2190 1919 2228 1947 est
2239 1918 2313 1948 loco.
2351 1919 2439 1949 Stich.
2454 1930 2477 1957 ς.
2491 1931 2515 1958 ς.
2528 1929 2570 1960 ςοι
2588 1928 2604 1960 g.

1457 1949 1525 1978 Pers.
1547 1961 1570 1985 ς.
1584 1960 1608 1979 2.
1622 1960 1667 1984 25.
1690 1952 1715 1980 Sc
1727 1951 1833 1981 Petron.
1851 1962 1911 1990 cap.
1925 1963 1967 1990 ³7-
2569 1959 2572 1990 ἶ

1418 1987 1440 2017 Β
1450 1999 1468 2016 A
1480 1998 1493 2015 ις
1504 1999 1522 2016 A
1534 1998 1552 2016 n
1564 1998 1576 2016 a
1589 1998 1607 2016 N
1618 1998 1630 2017 s
1640 1998 1652 2017 a
1661 1998 1673 2017 s
1685 2011 1693 2023 ,
1706 1989 1801 2027 Populi
1812 1990 1874 2020 sunt
1883 1991 2019 2029 Hispaniae
2031 1993 2176 2029 citerioris,
2186 1994 2215 2023 in
2227 1999 2369 2024 conventu
2381 1995 2568 2035 Carthaginem
2585 1999 2604 2035 ,ξ

1458 2026 1485 2060 si,
1497 2026 1644 2063 quosinter
1651 2026 1848 2057 celeberrimos
1858 2029 2098 2067 stipendiariorum
2109 2032 2228 2062 collocat
2239 2032 2307 2062 Plin.
2320 2033 2369 2062 lib.
2384 2042 2408 2068 3.
2421 2044 2481 2073 cap.
2495 2044 2518 2071 3.
2566 2055 2571 2061 η,
2587 2047 2593 2062 2

1417 2061 1440 2093 Β
1451 2075 1467 2092 A
1478 2074 1492 2091 s
1503 2074 1520 2092 A
1531 2074 1542 2093 s
1552 2086 1560 2098 ,
1584 2065 1675 2106 Homo
1686 2066 1744 2094 noti
1749 2065 1831 2096 ffimae
1839 2067 1969 2097 fatuitatis
1980 2091 1988 2104 ,
2008 2079 2023 2098 a
2034 2068 2071 2099 Ba
2081 2069 2125 2099 vel
2135 2070 2186 2100 Bar
2198 2092 2206 2105 ‚
2227 2080 2297 2100 voce
2306 2072 2480 2102 inarticulata
2488 2059 2571 2111 insani}
2585 2073 2601 2104 =i

1458 2101 1531 2131 tibus
1543 2104 1568 2131 ck
1584 2102 1668 2132 blaelis
1679 2103 1814 2133 familiari.

1418 2137 1440 2169 Β
1451 2150 1468 2168 A
1480 2150 1539 2168 mc
1551 2151 1563 2168 r.
1574 2151 1607 2174 a,
1628 2152 1660 2174 a,
1682 2151 1737 2175 um.
1762 2142 1877 2179 Fatuus;
1906 2143 2019 2180 stultus,
2040 2145 2162 2185 ineptus.
2193 2151 2225 2176 ut
2241 2146 2446 2177 BAnunRus
2458 2170 2466 2185 ‚
2491 2146 2566 2179 Glofli
2589 2148 2598 2190 l,

1459 2178 1551 2208 Ilidor.
1563 2178 1636 2207 conf.
1653 2178 1710 2207 llid.
1723 2179 1799 2217 Orig.
1817 2191 1859 2210 ιο.
1882 2181 1933 2211 Lit.
1945 2182 1975 2212 Β.
2565 2206 2569 2217 ι,

1419 2214 1646 2246 ΒΑκεοΑι.υε
1661 2238 1668 2251 ,
1701 2217 1745 2246 vel
1762 2217 1782 2248 Β
1795 2228 1999 2250 ARAECALus
2012 2243 2019 2255 ,
2036 2220 2082 2251 vel
2102 2221 2297 2252 BAnAEcuL.
2321 2222 2339 2252 i.
2352 2232 2389 2252 m.
2412 2219 2569 2260 Dicaculuni'
2591 2232 2604 2253 a

1457 2254 1969 2295 videturlignificare.Arnob.4.p.141.
1988 2259 2025 2288 Ut
2034 2258 2158 2288 babecali
2169 2260 2358 2290 adolescentes
2369 2261 2566 2301 solentfragml
2589 2261 2604 2293 1³

1457 2292 1539 2330 Trag.
1552 2292 1658 2322 Petron.
1677 2303 1704 2330 p.
1719 2304 1760 2329 14.
1793 2294 1929 2331 Quemvis
1938 2297 2037 2326 existis
2047 2297 2203 2327 babaeculis.
2225 2299 2299 2328 conf.
2311 2299 2348 2327 ibi
2358 2298 2449 2329 Burm.
2462 2309 2518 2338 cap.
2529 2309 2568 2337 375
2587 2303 2604 2329 [ι

1419 2329 1440 2360 Β
1451 2341 1469 2359 A
1481 2341 1493 2358 r<
1502 2340 1515 2359 r.
1524 2341 1539 2358 L
1550 2352 1557 2365 ,
1580 2330 1641 2360 elis.
1665 2331 1774 2360 Nomen
1786 2333 1904 2362 civitatis
1920 2333 2038 2371 Affyriae,
2052 2335 2127 2372 quod
2139 2337 2323 2366 aconsusione
2334 2336 2488 2374 linguarum
2500 2339 2566 2370 accei
2587 2333 2604 2367 ‘¹'

1458 2369 1508 2406 pit.
1530 2368 1705 2398 Transfertur
1719 2370 1830 2407 mystice
1838 2371 1872 2399 ad
1881 2371 2026 2402 Eccleliam
2043 2381 2209 2410 corruptam.
2234 2375 2342 2412 August.
2358 2375 2416 2404 Civ.
2431 2375 2479 2404 Dei
2493 2379 2532 2406 16.
2544 2384 2565 2412 ῃ
2584 2379 2604 2407 ti

1417 2404 1467 2436 BA
1479 2417 1555 2434 sim
1568 2416 1622 2440 us,
1647 2407 1738 2436 Homo
1753 2408 1910 2444 Romanus,
1932 2420 2017 2446 quem
2041 2411 2108 2440 Plin.
2122 2411 2220 2446 lib.19.
2243 2413 2271 2441 in
2290 2423 2409 2451 prooem.
2429 2413 2533 2449 scribit,
2563 2414 2569 2447 l.
2584 2409 2604 2445 'd

1455 2444 1526 2473 freto
1536 2444 1636 2473 Siciliae
1646 2466 1653 2478 ,
1674 2444 1748 2474 sexta
1762 2446 1807 2475 die
1817 2469 1824 2481 ,
1842 2447 2015 2477 adminiculo
2025 2449 2116 2478 herbae
2127 2450 2270 2485 cujusdam
2282 2472 2290 2485 ,
2311 2451 2503 2481 Alexandriam
2513 2444 2570 2490 perl

1456 2481 1573 2512 veniffe:
1597 2483 1672 2520 quod
1686 2485 1711 2512 6:
1724 2485 1889 2521 quibusdam
1900 2485 1959 2515 aliis
1969 2487 2097 2516 accidisse
2111 2496 2328 2521 commemorat,
2349 2490 2463 2518 ibidem.
2564 2485 2566 2521 l

1417 2519 1438 2550 B
1450 2530 1466 2548 A
1479 2531 1492 2548 r.
1503 2530 1520 2548 γ
1531 2530 1572 2549 LA
1582 2530 1593 2550 s
1604 2542 1611 2554 ,
1634 2522 1788 2557 [Βαβύκας]
1812 2523 1905 2552 l’raesul
1917 2525 2104 2554 Antiochenus
2114 2547 2121 2560 ,
2138 2535 2221 2562 quem
2232 2527 2257 2556 Sc
2268 2527 2324 2556 vita
2335 2528 2360 2556 Sc
2373 2527 2496 2557 doetrina
2506 2524 2569 2566 prael'

1456 2558 1647 2587 stantilsimum
1663 2558 1793 2589 Eusebius
1807 2560 1875 2598 saepe
1890 2562 1918 2590 in
1936 2562 2048 2592 historia
2058 2570 2269 2593 commemorat.
2582 2447 2604 2574 Ἰ

1417 2594 1439 2625 Β
1450 2606 1468 2624 A
1479 2607 1493 2623 B
1503 2606 1520 2625 γ
1531 2606 1571 2625 ro
1584 2618 1591 2631 ,
1604 2596 1668 2626 Ter.
1684 2597 1761 2628 Adel.
1773 2609 1794 2632 ς.
1811 2608 1835 2630 7.
1850 2609 1892 2636 17.
1907 2599 2070 2630 Dinumeret
2084 2601 2123 2630 illi
2135 2602 2239 2639 Babylo
2252 2602 2349 2639 viginti
2360 2603 2457 2632 minas.
2482 2603 2564 2639 Quenl
2582 2625 2587 2632 .

1455 2633 1549 2663 locum
1562 2635 1745 2672 interpretans
1756 2636 1919 2672 Turnebus,
1940 2637 2112 2676 Babylonem
2135 2641 2271 2676 (inquit)
2297 2651 2331 2670 ex
2352 2641 2426 2670 urbis
2441 2642 2565 2679 magnitul
2584 2670 2586 2674 ,

1457 2672 1524 2700 dine
1537 2674 1562 2701 St
1573 2673 1673 2709 opibus
1685 2695 1692 2707 ,
1715 2675 1740 2703 ἃ
1754 2673 1971 2711 Babyloniorum
1990 2686 2085 2713 regum
2101 2679 2126 2706 ἃ
2145 2678 2309 2707 Ρεῑῖἰςοτιηῃ
2329 2679 2528 2715 magnificentia
2541 2679 2569 2713 ὢ
2586 2691 2587 2694 ’

1455 2709 1619 2739 liberalitate
1631 2711 1781 2741 Hominem
1792 2713 1909 2742 nimium
1919 2713 2061 2743 liberalem
2076 2717 2100 2744 ἃ
2118 2715 2258 2753 profusum
2270 2725 2363 2750 vocat,
2386 2718 2470 2752 idque
2481 2727 2514 2746 ex
2528 2718 2569 2746 Atz'

1455 2748 1575 2776 ticorum
1586 2748 1790 2778 confitetudine
1801 2772 1808 2784 ,
1830 2752 1875 2786 qui
1889 2751 2054 2788 Babylonios
2069 2753 2209 2782 interdum
2225 2754 2356 2783 Barbaros
2369 2754 2520 2790 vocabant,
2539 2754 2563 2784 it.
2591 2773 2594 2783 v

1455 2786 1493 2814 est
1506 2786 1604 2814 medos
1616 2787 1640 2815 ἃ
1653 2786 1750 2815 Persas.
1785 2789 1916 2825 Antiquus
1926 2790 2060 2826 interpres
2070 2791 2156 2819 verbo
2169 2792 2222 2820 hoc
2235 2792 2372 2829 transigit,
2396 2802 2447 2821 nec
2458 2793 2516 2821 satis
2525 2795 2567 2821 exl
2589 2790 2604 2835 1.

1463 2823 1548 2852 πῐίεᾶε.
1591 2824 1705 2859 [Immo
1719 2825 1865 2860 Prodigum
1882 2827 2168 2865 nimisinterpretatur
2180 2852 2186 2864 ,
2208 2837 2324 2859 uterant
2336 2830 2496 2867 Babylonii,
2509 2838 2567 2868 pro}
2586 2850 2590 2855 ·

1476 2867 1539 2890 ante
1551 2860 1639 2890 Bentl.
1659 2862 1706 2891 nili
1719 2864 1793 2899 quod
1806 2863 1865 2897 llle,
1878 2866 1952 2894 recffio
1963 2866 2035 2899 casu,
2051 2866 2130 2904 legit,
2152 2868 2422 2904 quemadmodum&
2435 2867 2567 2903 ,Itu*enali:l
2583 2879 2588 2883 ·

1455 2899 1548 2928 Schol.
1562 2899 1596 2927 ad
1612 2900 1666 2929 Sat.
1684 2909 1707 2935 3.
1718 2911 1780 2930 221.
1803 2908 1884 2939 atque
1897 2903 1984 2939 ipsum
1998 2904 2068 2933 adeo
2080 2906 2218 2934 Donatum
2236 2905 2328 2942 legisse
2343 2912 2464 2943 apparet.
2501 2905 2567 2941 Nan}

1454 2936 1604 2974 Eugraplu'i
1621 2938 1777 2968 Comment.
1806 2939 1851 2968 hic
1874 2940 2070 2971 deliderantur.
2111 2944 2241 2972 Ceterum
2262 2953 2324 2972 cum
2346 2954 2401 2972 non
2423 2942 2567 2974 diffimuleir
2588 2953 2590 2955 “

1454 2984 1555 3011 aquam
1564 2975 1611 3004 sibi
1621 2976 1722 3005 haerere
1735 2976 1760 3005 h.
1772 2976 1790 3006 l.
1817 2977 1951 3014 Domum,
1963 2979 2100 3017 planeque
2113 2981 2232 3017 inlblens
2245 2981 2274 3010 sit
2285 2981 2305 3011 B
2316 2981 2454 3019 :bylonem
2466 2991 2512 3019 pro
2522 2978 2567 3011 Bal

1454 3012 1569 3050 bylonio
1580 3015 1666 3051 poni,
1690 3014 1706 3043 s1
1716 3016 1836 3044 maxime
1846 3017 1982 3046 constaret
1993 3019 2028 3046 de
2039 3019 2138 3048 ceteris
2151 3021 2238 3060 :fnon
2250 3019 2348 3048 dubito
2359 3042 2365 3053 ,
2388 3020 2453 3056 quin
2467 2994 2567 3056 vetusttl
2584 3039 2590 3046 „

1453 3061 1545 3079 errore
1563 3051 1641 3081 locus
1653 3052 1816 3090 depravatus
1830 3053 1877 3088 sit,
1907 3064 1959 3083 nec
1979 3055 2053 3084 aliud
2069 3058 2158 3094 aptius
2180 3057 2207 3085 in
2228 3064 2350 3086 mentem
2367 3058 2461 3092 venit,
2489 3056 2567 3096 quanti
2584 3072 2587 3078 ’

1453 3088 1582 3126 scriplisse
1593 3089 1766 3120 Terentium.
1809 3091 1973 3121 Dinumeret
1984 3092 2022 3122 ilii
2039 3094 2145 3131 pupulo
2160 3104 2212 3124 xx.
2227 3096 2324 3124 minas.
2365 3095 2427 3125 Sive
2444 3095 2498 3131 jam
2515 3090 2567 3128 hoel*

1455 3126 1641 3156 blandimenti
1655 3130 1769 3157 nomine
1780 3128 1947 3167 Ctesiphon,
1970 3131 2021 3160 sive
2032 3131 2174 3161 lEscliinns
2186 3132 2363 3169 intelligatur.
2561 3135 2567 3158 l*
2600 3138 2604 3159 ἰ

1415 3162 1462 3195 BA
1473 3165 1514 3194 μῦ
1524 3176 1563 3194 ιο
1574 3172 1592 3193 Ν
1602 3187 1609 3199 ,
1632 3167 1704 3196 onis.
1728 3166 1887 3202 [Βνζυλὼν]
1909 3168 2118 3206 Mesopotamire
2132 3170 2195 3199 urbs
2207 3171 2260 3204 est,
2281 3171 2489 3199 Clmldnicarum
2505 3168 2563 3210 gen-f
2595 3173 2604 3195 fl

1453 3203 1523 3231 tium
1549 3211 1652 3239 caput,
1677 3213 1736 3241 quae
1756 3203 1889 3233 summam
1910 3206 2062 3236 claritatem
2084 3208 2209 3237 obtinuit
2225 3208 2252 3236 in
2269 3213 2328 3236 toto
2352 3208 2434 3237 orbe:
2462 3212 2565 3257 propteq
2588 3200 2604 3235 ἱ

1453 3250 1536 3277 quam
1556 3242 1661 3277 reliqua
1686 3251 1749 3279 pars
1776 3242 1984 3280 Mesopotamiae
2012 3245 2174 3281 Ass‘yrirrque
2196 3244 2349 3283 Babylonia
2368 3244 2501 3283 appellata
2521 3243 2558 3273 est
2595 3250 2604 3276 1

2594 3277 2604 3357 l

2596 3361 2604 3384 1

2597 3398 2604 3422 Ι

2597 3428 2604 3448 J

1452 3278 1529 3308 Muri
1548 3279 1683 3308 ambitum
1710 3279 1812 3309 habent
1836 3286 2025 3310 trecentorum
2052 3285 2077 3312 ἃ
2098 3284 2239 3320 octoginta
2261 3285 2382 3321 quinque
2406 3283 2558 3312 stadiorum:

1452 3326 1571 3354 quorum
1588 3317 1721 3351 altitudo.
1744 3318 1830 3354 pedes
1851 3319 1982 3348 ducenti:
2016 3320 2133 3350 latitudo
2147 3343 2155 3355 ,
2177 3322 2386 3358 quinquageni:
2410 3322 2436 3349 in
2455 3318 2558 3357 singulos

1453 3354 1557 3391 pedes,
1580 3356 1665 3384 ternis
1677 3356 1770 3392 digitis
1783 3356 1908 3385 mensura
1919 3356 2055 3394 ampliore
2069 3381 2076 3391 ,
2097 3368 2177 3395 quam
2191 3359 2286 3387 nostra.
2329 3359 2377 3387 via
2393 3360 2419 3387 in
2434 3356 2558 3387 moenibus

1452 3392 1516 3429 ipfis
1531 3392 1671 3428 tamlata,
1689 3401 1720 3422 ut
1731 3394 1869 3430 quadriga>
1890 3393 1936 3422 {ibi
1956 3396 2073 3424 invicem
2092 3405 2270 3425 occurrentes
2284 3419 2290 3424 .
2313 3396 2392 3425 facile
2415 3382 2563 3450 pertransiret

1474 3429 1570 3459 ossent.
1609 3431 1869 3468 Quapropterinter
1878 3430 1981 3469 septem
1994 3434 2068 3462 orbis
2078 3434 2207 3463 miracula
2220 3442 2386 3463 numeratur.
2444 3434 2558 3462 Hancur-
2596 3454 2599 3455 ν

1452 3440 1518 3496 bem
1539 3468 1697 3498 Semiramis
1717 3468 1853 3498 condidit.
1888 3471 1988 3499 Aue'tor
2004 3470 2071 3500 Plin.
2084 3471 2130 3501 lib.
2144 3477 2168 3499 6.
2183 3482 2242 3508 cap.
2254 3477 2298 3500 26.
2321 3474 2345 3501 δι
2360 3456 2562 3504 Strabolib.25-l
2595 3455 2604 3534 ἲ

2559 3351 2562 3368 l

1453 3505 1484 3533 V.
1509 3505 1574 3534 Lex.
1588 3506 1672 3535 Pitisc.
1721 3506 1778 3535 Cic.
1798 3516 1820 3535 1.
1835 3507 1970 3537 deDivin.
1983 3517 2028 3544 47.
2060 3510 2133 3539 Nam
2144 3509 2286 3547 Babylone
2298 3509 2464 3547 paucispost
2475 3506 2562 3545 diebusl
2592 3531 2596 3540 .

1451 3542 1607 3573 Alexander
1622 3545 1660 3573 est
1670 3550 1804 3574 mortuus.
2560 3552 2561 3565 ¹

1451 3581 1523 3610 Acus
1533 3581 1681 3618 Babylonis
1691 3604 1698 3616 ,
1739 3582 1768 3611 V.
1792 3592 1809 3610 A
1820 3590 1837 3610 c
1846 3592 1864 3610 u
1874 3591 1894 3611 s.
2559 3597 2562 3623 3

1452 3618 1531 3656 Opes
1541 3618 1698 3656 Babylonis.
1720 3620 1786 3649 Stat.
1802 3629 1825 3655 3.
1838 3619 1910 3656 Sylv.
1923 3629 1949 3649 2.
1963 3630 2022 3658 1³7·
2560 3632 2561 3643 ¹
2600 3642 2604 3648 ·

1452 3657 1571 3692 Antiqua
1580 3655 1714 3695 Babylon.
1737 3658 1802 3687 Stat.
1817 3667 1840 3693 3.
1854 3656 1925 3694 Sylv.
1942 3668 1967 3687 2.
1993 3667 2054 3696 137.
2598 3661 2604 3698 ξ’

1452 3694 1585 3730 Superba.
1608 3694 1710 3724 Lucan.
1722 3695 1767 3724 lib.
1786 3705 1807 3724 1.
1822 3705 1862 3724 10.
2560 3695 2565 3734 ’Ἰ
2599 3705 2604 3738 l

1453 3729 1611 3768 Babylona,
1633 3733 1720 3762 accus.
1734 3733 1853 3770 Propert.
1871 3740 1895 3767 ς.
1911 3742 1951 3761 Π.
1967 3741 2011 3762 21.
2560 3753 2566 3767 Ὶι

1453 3768 1497 3797 Est
1517 3770 1542 3798 &-
1563 3769 1686 3807 Babylon
1699 3792 1707 3802 .
1728 3770 1838 3807 ffigypti
1859 3770 2000 3799 castellum
2013 3792 2020 3805 ,
2045 3774 2077 3800 ut
2090 3771 2128 3801 ait
2142 3771 2257 3802 Straboe
2288 3777 2385 3803 natura
2411 3771 2541 3802 munitum
2550 3777 2561 3810 ‚i
2579 3744 2604 3832 ἲ

1472 3816 1487 3834 a
1502 3805 1662 3843 Babyloniis
1675 3808 1740 3836 illuc
1763 3808 2009 3844 commigrantibus
2029 3810 2183 3839 conditum.
2227 3809 2287 3839 Una
2308 3810 2365 3839 illic
2380 3821 2395 3840 e
2412 3810 2494 3839 tribus
2511 3811 2561 3845 erat

1471 3843 1628 3879 legionibus
1642 3856 1702 3882 quae
1717 3845 1863 3883 AEgyptum
1875 3845 2083 3880 custodiebant,
2108 3856 2138 3877 ut
2149 3848 2223 3876 idem
2236 3848 2334 3877 Strabo
2344 3850 2437 3877 auelor
2445 3847 2481 3876 est
2508 3845 2560 3874 th
2601 3850 2604 3871 ²

1471 3880 1584 3910 lemaeus
1603 3883 1674 3911 hanc
1694 3893 1803 3920 quoque
1820 3882 2001 3920 Babyloniam
2018 3891 2115 3919 vocat,
2147 3885 2231 3914 hodie
2252 3895 2317 3914 vero
2340 3886 2449 3914 Caii-um
2469 3882 2508 3913 vel
2524 3869 2560 3935 ill-¹
2602 3888 2604 3904 i

1470 3919 1576 3950 eairum
1594 3920 1754 3958 appellant,
1774 3929 1835 3959 qua:
1852 3928 1911 3949 non
1930 3921 2074 3952 castellum
2094 3923 2149 3960 est,
2170 3923 2218 3953 sed
2234 3923 2297 3953 urbs
2308 3924 2430 3954 maxima
2446 3917 2560 3985 comple:
2594 3934 2604 3944 ⁴·
