2600 4177
485 136 515 174 C
605 139 640 175 O
731 139 767 174 N

111 215 327 250 Difficultatibus
337 219 433 250 multis
444 219 630 250 conflictatus.
651 219 711 251 Liv.
720 220 768 250 lib.
781 230 824 255 40.
838 230 897 257 cap.
913 228 959 251 22.

113 255 231 285 fortuna
245 258 433 287 florentiffima
448 258 498 292 illi,
509 267 560 288 nos
571 259 682 287 duriore
692 258 845 288 conflictati
855 260 992 288 videmur.
1013 257 1072 288 Cic.
1085 267 1127 287 io.
1141 257 1193 286 Att.
1205 265 1232 291 4.

114 293 338 331 Tempestatibus
354 296 538 325 conflictatus.
578 295 668 325 Tacit.
687 297 716 325 in
736 295 798 325 Vita
823 298 910 332 Agric.
933 306 993 334 cap.
1007 306 1052 325 22.
1064 306 1106 334 pr.
1140 295 1236 337 Quan-

135 341 217 367 quam
229 333 418 362 conflictatum
427 332 501 362 saevis
512 333 720 370 tempestatibus
731 334 883 364 exercitum
895 356 903 369 ,
926 334 1054 363 lacessere
1068 343 1125 362 non
1135 334 1198 362 auli.

114 368 298 399 Conflictatus
306 379 370 401 cum
378 368 470 407 aliqua
487 379 525 400 re.
547 377 577 400 ut
592 392 601 406 ,
624 371 696 400 Cum
715 372 827 401 adversa
845 373 957 402 fortuna
973 372 1158 402 conflictatus.
1179 369 1239 399 Ne—

82 411 393 480 Cofri‘ivsgscqigmio,
414 445 485 474 onis.
505 444 524 474 f.
548 442 724 483 [ου’γκςεσις]
746 446 785 476 est
805 447 895 481 (utait
903 447 1028 477 Donatus
1043 446 1078 476 ad
1088 445 1153 476 Ter.
1166 444 1237 475 And.

118 490 143 510 1.
159 491 182 511 1.
196 492 240 519 93.
255 483 268 519 )
287 482 390 513 Tactus
401 492 550 520 corporum
562 484 683 514 invicem
696 507 704 520 ,
726 486 752 515 ἃ
763 484 878 514 collisio.
1140 486 1146 493 ¹

117 518 218 550 Totius
228 521 367 550 exercitus
377 520 584 551 conflictatione
594 528 772 561 oppugnatus
781 521 892 561 serpens
902 522 1036 552 inusitatae
1046 520 1238 552 immanitatis.

137 557 208 588 Geli.
222 558 272 587 lib.
284 561 309 587 6.
328 567 389 595 cap.
402 568 426 594 3.

78 593 411 624 CoNrcha-Araix
423 618 430 631 ,
451 597 513 626 icis.
534 596 553 626 f.
585 597 704 628 Tertull.
733 597 797 628 adv.
825 597 914 627 Marc.
924 606 949 627 2.
966 607 1009 633 14.
1038 598 1174 635 AEgyptus
1191 596 1241 624 ho-

117 632 194 670 spitis
204 632 303 670 populi
311 634 507 664 conflictatriX.

80 668 105 699 C
114 680 130 699 ο
139 679 158 699 Ν
168 681 181 700 11
189 682 205 699 L
214 681 230 699 ο
245 693 253 706 ,
274 668 406 707 [sparatus]
427 676 483 703 are.
503 671 590 702 Simul
602 670 669 703 flare
680 695 688 709 ,
709 672 786 710 quod
799 682 815 702 a
826 674 917 703 ventis
928 673 986 704 fieri
996 673 1134 708 videmus,
1155 679 1243 709 quum

118 709 243 737 maximo
255 709 362 745 inipetu
377 710 504 747 perflant.

117 744 139 775 ὅ
157 745 284 775 Conflare
296 749 405 784 proprie
418 755 487 786 puto
504 747 609 778 Flando
625 747 815 778 commiscere.
837 748 872 777 H.
889 748 928 778 St.

116 783 245 814 Conflare
258 806 267 820 ,
289 785 411 816 Sufflare.
453 785 522 816 Plin.
539 785 587 815 lib.
603 796 646 822 35.
659 795 719 825 cap.
734 796 777 816 ιι.
800 786 932 817 Philiscus
945 785 1089 816 officinam
1100 784 1194 824 pinxit
1202 784 1244 822 pi-

139 823 222 851 ctoris
237 843 246 857 ,
268 823 364 860 ignem
378 824 518 853 conflante
529 833 628 862 puer0.

116 859 244 890 Conflare
254 862 367 899 proprie
379 862 500 892 dicimus
511 884 518 897 ,
541 861 689 892 Metallum
703 860 882 898 liquefacere.
903 862 968 892 Sen.
982 861 1074 892 Theb.
1090 870 1154 899 344.

209 898 339 935 Templis
351 900 420 930 deos
433 900 543 930 obruite
553 921 562 935 ,
581 899 735 929 maculatos
747 899 828 929 Lares

210 937 356 973 Conflate‚
379 939 432 968 &e.
517 938 534 968 i.
549 947 574 967 e.
596 937 704 967 Statuas
714 937 833 967 deorum
845 938 955 968 fundite
967 937 1064 976 &igni
1077 936 1242 967 consumite.

117 973 260 1004 Coronam
270 985 383 1005 auream
398 976 528 1006 conflare.
549 975 625 1006 Suet.
637 975 717 1005 Galb.
735 985 797 1013 cap.
812 985 854 1005 ια.

116 1011 239 1041 Lancem
258 1013 389 1043 conflare.
431 1013 582 1044 Marcellus
601 1014 632 1042 in
648 1014 667 1043 l.
693 1013 712 1042 fi
730 1013 798 1043 duo.
821 1014 855 1043 D.
874 1013 971 1053 depos.
995 1013 1081 1051 Quod
1096 1012 1114 1041 si
1133 1012 1245 1043 lancem

136 1051 321 1082 coni-laverint
334 1073 342 1086 ,
363 1058 411 1081 aut
421 1052 536 1082 conflati
548 1051 582 1081 ab
592 1051 687 1089 aliquo
698 1051 766 1089 paffi
776 1051 897 1088 fuerint,
918 1053 970 1082 διο.

116 1087 226 1118 Statuas
235 1096 386 1125 argenteas.
398 1090 473 1120 Suet.
489 1090 599 1127 August.
611 1099 722 1128 cap.52.
739 1090 888 1127 Argenteas
895 1091 993 1120 statuas
1003 1088 1073 1118 olim
1085 1088 1133 1118 fibi
1146 1088 1246 1126 positas

139 1126 274 1156 conflavit
285 1137 385 1158 omnes
397 1150 405 1163 ,
427 1138 462 1158 ex
473 1128 574 1166 quibus
582 1137 677 1157 aureas
688 1129 809 1157 cortinas
820 1128 942 1166 Apollini
956 1127 1080 1158 Palatino
1091 1126 1244 1158 dedicavit.

118 1163 186 1193 Vasa
197 1174 280 1194 aurea
292 1165 462 1196 assiduissimi
473 1165 543 1195 usus.
565 1166 641 1195 Suet.
651 1166 681 1194 in
694 1165 814 1202 Augusto
825 1175 885 1205 cap.
899 1176 944 1204 71.

118 1201 241 1231 Conflari
253 1225 262 1238 ,
283 1203 430 1234 Fabricari.
453 1204 525 1241 Virg.
542 1213 566 1233 1.
580 1203 681 1241 Georg.
696 1209 759 1239 508.

212 1240 245 1270 Et
253 1251 342 1271 curvae
352 1243 473 1279 rigidum
488 1241 572 1271 falces
584 1241 743 1271 conflantur
754 1242 783 1270 in
799 1240 901 1271 ensem.

116 1277 256 1315 Conflare,
268 1289 318 1317 per
328 1280 549 1310 translationem.
562 1285 602 1314 ut,
614 1279 745 1309 Conflare
757 1289 792 1308 :es
803 1279 938 1315 alienum,
949 1280 967 1310 i.
979 1289 1004 1310 e.
1016 1278 1190 1309 Contrahere
1199 1277 1248 1308 de-

137 1316 239 1351 bitum,
261 1319 287 1347 &
297 1318 387 1347 facere
397 1318 424 1347 se
437 1318 596 1347 debitorem
606 1317 704 1347 alienae
714 1318 850 1355 pecuniae.
873 1318 1015 1348 Sallustius
1023 1317 1092 1348 Bell.
1107 1316 1189 1347 Catil.
1199 1325 1244 1351 25.

136 1354 251 1392 Quique
262 1355 387 1386 alienum
396 1365 432 1386 aes
442 1356 546 1393 grande
556 1355 724 1387 conflaverat
735 1378 744 1391 ,
772 1365 828 1392 quo
847 1356 984 1394 flagitium
1000 1362 1048 1387 aut
1057 1355 1165 1386 facinus
1176 1354 1249 1384 redi—

136 1400 235 1422 meret.

116 1429 227 1461 Bellum
236 1431 366 1461 conflare.
407 1431 465 1461 Cic.
483 1443 507 1468 ς.
519 1432 595 1462 Fam.
608 1440 635 1461 2.
658 1431 716 1468 Qui
733 1431 831 1461 urbem
841 1432 994 1462 incendere
1006 1453 1014 1468 ,
1035 1431 1207 1469 magistratus
1217 1439 1249 1460 ac

137 1469 274 1499 Senatum
289 1469 425 1500 trucidare
437 1492 446 1505 ,
466 1470 572 1499 bellum
584 1470 739 1499 maximum
750 1470 870 1499 conflare
883 1470 1042 1500 voluissent.

94 1522 97 1523 ⁷
116 1506 228 1537 Bellum
239 1514 348 1544 natum,
359 1506 522 1544 conflatum,
536 1508 691 1546 susceptum
702 1517 788 1546 opera
797 1508 915 1544 alicujus
923 1509 971 1539 est.
982 1506 1248 1545 Cic.2.Philipp.70.

117 1544 291 1574 Discordiam
303 1545 434 1575 conflare.
455 1546 476 1576 F
479 1546 530 1576 lor.
544 1557 567 1576 1.
581 1557 627 1582 24.
643 1555 666 1576 1.

115 1582 277 1613 Exercitum
287 1583 420 1614 conflare.
458 1584 563 1615 Patere.
574 1594 600 1614 2.
613 1594 658 1622 74.
666 1593 694 1615 2.
716 1583 758 1614 Ad
767 1593 843 1613 arma
852 1585 987 1615 conciens
999 1604 1008 1620 ,
1029 1592 1165 1621 magnum
1173 1591 1251 1613 exer-

140 1622 229 1650 citum
246 1621 440 1651 conflaverat(

119 1657 302 1689 Familiaritas
315 1660 436 1690 conflata
448 1659 496 1690 est.
536 1659 601 1690 Ter.
616 1660 688 1691 Eun.
702 1671 726 1697 ς.
742 1670 769 1690 2.
784 1668 830 1696 35.

312 1714 350 1720 —
358 1697 428 1737 saepe
439 1708 474 1728 ex
486 1699 647 1735 hujusmodi
657 1708 687 1728 re
697 1699 828 1736 quapiam
841 1699 869 1728 ἃ.

198 1735 240 1766 Ex
251 1736 325 1766 malo
338 1737 480 1775 principio
489 1759 497 1772 ,
519 1746 621 1775 magna
631 1736 803 1768 familiaritas

199 1774 327 1804 Conflata
338 1775 386 1804 est.
1177 1809 1184 1814 ·
1199 1809 1205 1817 ἱ

116 1809 258 1842 Invidiam
268 1812 351 1842 alicui
361 1812 492 1843 conflare.
532 1812 591 1843 Cic.
606 1823 631 1844 1.
641 1813 672 1842 in
682 1813 765 1844 Catil.
778 1821 822 1849 23.
847 1810 1050 1850 Quamobrem,
1071 1815 1103 1841 ut
1115 1810 1186 1849 saepe
1196 1818 1253 1848 jam

136 1850 197 1879 dixi
211 1872 220 1886 ,
242 1850 432 1889 proficiscere:
454 1850 516 1881 acsi
530 1852 600 1880 mihi
618 1850 736 1881 inimico
746 1874 755 1888 ,
776 1858 808 1881 ut
819 1851 969 1889 praedicas,
992 1858 1043 1880 tuo
1066 1850 1189 1879 conflare
1210 1850 1253 1879 vis

138 1889 276 1919 invidiam
287 1911 296 1926 ,
313 1891 389 1919 recta
399 1898 484 1928 perge
493 1889 523 1918 in
533 1889 662 1920 exilium.
1020 1925 1027 1931 ·
1213 1924 1219 1930 .

117 1925 228 1957 Invidia
237 1927 342 1965 aliquid
350 1927 472 1958 conflare
484 1927 596 1958 dicitur.
638 1927 696 1958 Cic.
717 1937 769 1966 pro
785 1926 899 1957 Cluent.
913 1937 940 1962 ι).
963 1925 1148 1963 Faciamque,
1169 1930 1201 1954 ut
1211 1934 1252 1968 .¹¹‘¹'

138 1964 269 2003 telligatis
279 1967 310 1995 in
320 1966 437 1996 totailla
446 1965 544 2002 causa,
565 1966 634 2004 quid
646 1975 690 1996 res
707 1965 766 2004 ipsa
785 1965 895 2001 tulerit,
917 1964 987 2002 quid
1004 1972 1080 1994 error
1093 1963 1251 2000 affinxerit,

139 2004 207 2040 quid
223 2003 331 2034 invidia
342 2003 480 2034 conflarit.
922 2040 927 2046 ⁸
1039 2040 1045 2046 ¹

117 2039 269 2077 Judicium.
311 2042 370 2072 Liv.
386 2051 409 2078 3.
425 2045 469 2078 3⁶.
482 2048 551 2072 extr.
576 2042 612 2072 de
620 2041 795 2072 Decemviris
806 2063 814 2078 ,
835 2040 947 2078 Judicia
967 2039 1047 2070 domi
1067 2038 1251 2076 conflabant,

138 2079 359 2115 pronuntiabant
372 2080 403 2110 in
417 2080 489 2110 foro.
1203 2116 1208 2121 θ
1234 2116 1239 2122 .

118 2117 229 2149 Malum
239 2119 274 2148 ab
284 2118 378 2156 aliquo
389 2118 543 2148 conflatum
557 2118 584 2148 ἀ
604 2118 770 2156 perfectum.
821 2116 879 2146 Cic.
913 2125 944 2146 ro
962 2115 1076 2146 Cluent.
1098 2121 1142 2150 18.
1173 2115 1253 2145 Nihrl

139 2156 206 2185 mali
217 2156 330 2193 timuit,
350 2157 429 2194 quod
446 2166 505 2186 nori
515 2161 608 2185 totum
622 2166 639 2186 a
649 2164 738 2186 matre
749 2154 816 2184 esset
826 2165 880 2184 con
904 2161 981 2184 atum
992 2155 1018 2184 δι
1030 2153 1196 2198 perfeetum.
1218 2192 1223 2198 .

118 2193 305 2224 Mendacium
314 2217 323 2231 ,
342 2195 474 2225 Coitione
484 2196 510 2224 ἃ
526 2193 662 2224 consensu
672 2193 825 2224 multorum
837 2193 973 2222 adornare
983 2192 1172 2235 mendacium.
1192 2191 1252 2222 Cic.

160 2242 190 2261 ro
200 2232 414 2270 Rosc.Com.48.
427 2233 508 2263 Unde
517 2232 572 2261 hoc
580 2239 671 2262 totum
685 2232 801 2262 duchm
811 2232 836 2261 &
846 2230 1002 2260 conflatum
1011 2230 1194 2259 mendacrum
1202 2230 1252 2260 est.

119 2241 272 2308 Ntizgotium
282 2270 367 2301 alicui
378 2292 387 2307 ,
408 2271 426 2301 i.
438 2281 463 2301 e.
486 2270 614 2308 Aliquem
621 2270 749 2300 molestia
760 2270 912 2307 laboreque
926 2267 1035 2298 afficere
1047 2290 1056 2301 ,
1077 2274 1109 2312 ut
1120 2268 1254 2305 interpre-

138 2314 212 2338 tatur
226 2308 313 2340 Valla.
353 2309 413 2339 Cic.
424 2320 451 2344 4.
461 2308 538 2339 Verr.
554 2317 616 2346 135.
651 2308 738 2346 Quod
751 2308 852 2345 cuique
869 2307 978 2345 negotii
987 2306 1104 2336 conflari
1117 2305 1230 2336 volebat
1242 2327 1252 2342 ,

141 2346 220 2376 nuilo
230 2347 327 2377 labore
336 2347 466 2377 faciebat.
1126 2356 1127 2359 ¹

120 2385 296 2416 Novitatem.
316 2385 424 2416 Lucret.
441 2384 491 2414 lib.
509 2395 536 2421 4.
550 2392 615 2422 927.

214 2423 270 2453 Sed
279 2424 380 2461 quibus
395 2424 455 2453 haec
466 2422 549 2453 rebus
563 2422 673 2452 novitas
683 2419 821 2452 conflatur
835 2443 843 2457 ,
862 2422 915 2451 διε.

119 2461 281 2493 Pecuniam.
321 2461 381 2491 Cic.
394 2471 446 2500 pro
459 2462 534 2490 Sext.
547 2464 593 2491 66.
616 2460 688 2498 Quae
697 2461 768 2490 ratio
781 2465 829 2489 aut
838 2459 998 2490 auferendae
1007 2480 1017 2495 ,
1036 2464 1086 2490 aut
1099 2457 1254 2489 conflandae

139 2501 267 2537 pecuniae
286 2509 345 2529 non
361 2499 574 2538 reperiebatur?

119 2537 278 2568 Periculum
294 2538 387 2567 alicui.
427 2537 486 2567 Cic.
498 2547 549 2575 pro
561 2536 589 2566 P.
605 2535 681 2567 Sulla
697 2545 739 2572 13.
768 2535 826 2573 Qui
844 2534 989 2565 vobiscum
1005 2535 1036 2564 in
1056 2534 1172 2564 consilio
1186 2535 1254 2578 ‘sues

140 2582 225 2611 runt,
247 2576 295 2613 qui
307 2575 452 2606 vobiscum
460 2574 509 2605 illa
519 2581 693 2613 cognorunt,
715 2574 815 2611 quibus
824 2573 886 2612 ipsis
895 2572 1054 2612 periculum
1066 2579 1127 2603 tum
1137 2573 1254 2604 conflari

139 2613 289 2652 putabatur
299 2636 308 2649 ,
329 2614 377 2651 qui
387 2614 524 2644 Autronio
533 2623 593 2642 non
600 2610 758 2648 affuerunt,
785 2613 838 2642 διο.

121 2651 193 2682 Rem
206 2653 232 2682 &
246 2652 366 2681 divitias.
389 2651 497 2682 Lucret.
515 2651 563 2680 lib.
577 2660 602 2685 3.
621 2660 666 2686 70.

200 2690 343 2728 Sanguine
352 2689 428 2719 civili
437 2699 495 2719 rem
506 2689 632 2720 conflant
642 2711 651 2725 ,
672 2687 839 2726 divitiasque

202 2728 413 2767 Conduplicant
426 2728 509 2758 avidi.
992 2760 998 2766 ,

119 2765 305 2797 Seditionem.
346 2767 405 2796 Cic.
416 2776 467 2804 pro
476 2766 586 2796 Cluent.
598 2775 643 2800 99.
664 2764 791 2794 Maxime
802 2764 862 2801 ejus
874 2772 960 2803 opera
978 2771 1065 2802 quum
1077 2761 1204 2801 Quaestor
1213 2762 1254 2794 es·

140 2804 197 2840 set,
219 2805 248 2834 in
260 2805 385 2834 exercitu
396 2804 564 2834 seditionem
578 2802 633 2833 effe
645 2801 805 2833 conflatam.
1231 2840 1238 2846 ι

120 2842 291 2873 Societatem
307 2853 371 2872 cum
384 2842 488 2880 ailquo.
527 2842 588 2872 Cic.
602 2842 638 2871 de
647 2841 741 2878 Arusp.
755 2840 837 2878 Resp.
850 2849 896 2877 4²·
926 2840 1053 2871 Nefarias
1070 2849 1136 2870 cum
1155 2838 1253 2870 multis

139 2880 275 2910 scelerum
286 2881 432 2919 pactiones
444 2903 452 2916 ,
472 2879 673 2916 societatesque
687 2878 829 2909 conflavit.

121 2918 327 2958 Suspicionem.
349 2920 451 2949 Auctor
460 2919 496 2948 ad
507 2918 608 2948 Heren.
621 2918 670 2947 lib.
685 2927 711 2947 2.
723 2922 749 2951 8.

86 2956 111 2987 C
119 2967 136 2987 o
145 2967 165 2987 N
174 2969 188 2987 r
196 2967 271 2987 LAN
279 2967 292 2987 s
302 2979 310 2993 ,
331 2958 412 2987 antis.
430 2957 528 2987 Partic.
559 2956 630 2986 Plin.
654 2965 697 2993 35.
716 2965 729 2985 1
737 2964 760 2985 1.
791 2953 924 2985 Philiscus
942 2953 1087 2984 officinam
1103 2949 1198 2992 pinxit
1211 2954 1254 3002 pi-

125 2996 228 3032 ctoris,
253 2996 347 3033 ignem
359 3001 447 3034 pue'ro
468 2994 618 3025 conflante.

37 3049 40 3052 -
86 3032 110 3064 C
118 3043 135 3062 o
146 3043 166 3063 N
174 3045 187 3063 ιτ
197 3045 212 3063 1.
221 3044 242 3063 A
251 3043 271 3062 T
281 3044 298 3063 υ
308 3043 331 3069 s,
351 3043 368 3063 a
378 3056 386 3068 ,
406 3044 465 3063 um.
488 3039 519 3063 ut
528 3055 537 3069 ,
559 3032 704 3062 Conflatus
714 3040 758 3060 ex.
781 3030 840 3060 Cic.
853 3040 905 3068 pro
918 3029 1010 3060 Coelio
1023 3038 1067 3059 12.
1090 3030 1190 3066 Neque
1200 3040 1252 3068 ego

121 3070 202 3103 fuisse
212 3081 337 3109 unquam
348 3071 403 3102 tale
415 3072 569 3101 monstrum
578 3071 608 3100 in
617 3071 696 3100 terris
707 3068 797 3099 ullum
806 3075 876 3106 puto
885 3090 893 3104 ,
915 3077 950 3097 ex
967 3068 1112 3098 contrariis
1132 3069 1255 3098 divertis-

143 3120 177 3142 ue
185 3111 257 3141 inter
269 3110 296 3140 se
309 3109 499 3149 pugnantibus
509 3115 614 3139 naturae
626 3108 722 3137 studiis
734 3129 741 3143 ,
761 3106 1016 3145 cupiditatibusque
1026 3106 1186 3136 conflatum.
1210 3108 1253 3136 De

121 3160 123 3162 ’
140 3150 243 3180 ‘arilina
249 3149 381 3187 loquitur.
393 3146 471 3179 Idem
483 3158 507 3178 2.
523 3148 560 3177 de
568 3147 633 3177 Nat.
647 3146 772 3175 Deorum
786 3154 847 3174 100.
860 3144 952 3182 ipsum
963 3151 1057 3174 autem
1069 3152 1144 3174 mare
1155 3145 1190 3174 sic
1199 3151 1253 3175 ter-

122 3198 182 3218 rain
193 3194 327 3227 appetens
336 3187 465 3217 litoribus
473 3187 573 3222 cludit,
594 3190 626 3215 ut
642 3194 696 3214 una
704 3192 740 3213 ex
750 3183 857 3213 duabus
867 3183 972 3226 naturis
983 3182 1104 3226 conflata
1114 3183 1250 3214 videatur.

124 3225 279 3256 consensus
287 3225 443 3264 aliquorum
455 3225 613 3263 conspirans
623 3224 650 3253 ἃ
657 3231 738 3261 paene
747 3221 894 3251 conflatus.
917 3220 974 3249 Cio.
988 3231 1039 3258 pro
1050 3220 1138 3258 Ligar.
1150 3230 1193 3256 35-

104 3298 106 3300 ,
124 3265 238 3296 Crimen
248 3263 410 3294 conflatum.
451 3263 509 3293 Cic.
525 3264 554 3292 in
567 3262 658 3292 Partit.
677 3269 739 3290 121.
761 3261 782 3289 A
793 3269 841 3289 reo
852 3265 946 3288 autem
955 3258 1067 3296 querela
1077 3259 1192 3289 conflati
1203 3260 1253 3289 cri-

143 3304 229 3333 minis
241 3325 248 3338 ,
270 3301 453 3332 colletftarum
466 3301 672 3339 suspicionum,
695 3300 721 3329 δι
733 3297 897 3328 accusatoris
911 3296 1034 3333 insidiae,
1055 3298 1082 3328 ἃ
1098 3297 1167 3328 item
1177 3307 1253 3328 com-

143 3351 230 3371 mune
242 3340 397 3379 periculum
405 3340 569 3378 proferetur.

124 3379 236 3417 Egestas
246 3378 366 3408 conflata
375 3379 416 3408 rei
427 3377 579 3407 familiaris.
601 3375 673 3407 Flor.
685 3385 711 3412 4.
726 3386 753 3411 4.
769 3383 808 3418 ι..
943 3411 948 3417 .
1080 3411 1087 3418 .
1110 3412 1116 3418 .

125 3411 277 3448 E‘xercitus.
320 3417 379 3446 Cic,
392 3426 443 3454 pro
454 3416 531 3445 Sulla
545 3424 586 3451 33.
610 3415 708 3451 Quum
716 3420 855 3443 exercitus
869 3411 1045 3450 perditorum
1064 3420 1167 3442 eivium
1178 3411 1254 3442 clan-

144 3456 252 3486 destino
266 3455 369 3485 scelere
380 3453 516 3485 conflatus
525 3475 533 3490 ‚
553 3452 773 3484 crudelissimum
787 3460 820 3481 ac
836 3449 1064 3481 luctuosissimum
1075 3450 1194 3480 exitium
1202 3461 1253 3489 pa-

143 3495 202 3524 triae
214 3504 276 3523 com
300 3493 404 3523 araffet.

124 3532 199 3571 Ignis
213 3542 266 3562 con
290 3539 349 3562 atus
358 3540 461 3561 amore.
483 3528 591 3560 Lucret.
606 3539 629 3559 1.
645 3537 712 3566 474.
817 3563 823 3569 ·
889 3563 895 3571 .
1019 3562 1026 3570 .
1079 3561 1086 3570 Β
1225 3564 1232 3572 ⁸

124 3571 238 3607 Injiiria.
280 3570 338 3601 Cic.
351 3580 401 3608 pro
414 3568 490 3599 Rosc.
504 3571 594 3598 Amet.
610 3577 633 3596 1.
652 3567 762 3596 Omnes
779 3573 853 3594 enim
867 3565 907 3599 lii,
919 3571 989 3601 quos
999 3561 1101 3593 videtis
1112 3563 1205 3609 adesse
1222 3575 1254 3595 in

144 3610 198 3640 hac
208 3609 286 3639 causa
295 3631 303 3645 ,
323 3608 455 3644 injuriam
462 3617 537 3636 novo
547 3605 648 3635 scelere
659 3604 810 3634 conflatam
821 3609 920 3640 putant
932 3609 1062 3639 oportere
1071 3602 1204 3647 defendi..

126 3647 230 3680 Manus
241 3647 436 3685 improborum
447 3645 576 3674 conflata.
614 3643 673 3673 Cic.
690 3653 714 3672 1.
727 3643 757 3670 in
766 3639 846 3684 Catil.
859 3651 904 3676 25.
927 3640 1032 3670 Nactus
1040 3649 1069 3684 es
1081 3650 1116 3684 ex
1125 3641 1254 3679 perditis,

144 3694 230 3723 atque
238 3686 272 3714 ab
282 3686 428 3714 omninon
439 3684 525 3713 modo
536 3684 667 3717 fortuna,
688 3689 785 3710 verum
804 3686 889 3708 etiam
906 3678 953 3716 spe
972 3677 1130 3714 derelic'tis,
1152 3679 1256 3710 confla.

146 3731 204 3755 tam
214 3723 406 3761 improborum
422 3732 549 3752 manum.

127 3763 208 3795 Mors
222 3761 342 3791 conflata
352 3761 466 3790 insidiis.
500 3760 604 3789 Patere.
618 3767 644 3787 2.
655 3767 682 3793 4.
692 3759 719 3787 6.
741 3756 795 3789 Seu
807 3755 940 3789 fatalem,
962 3753 1110 3799 utplures,
1130 3754 1177 3785 seu
1187 3765 1255 3786 con-

147 3801 241 3831 flatam
257 3799 364 3828 insidiis
375 3821 383 3833 ,
404 3798 529 3835 utaliqui
540 3796 694 3835 prodidere
705 3795 865 3828 memoriae,
887 3798 1007 3821 mortem
1019 3790 1110 3829 obiit,
1127 3794 1180 3823 διο.

128 3838 291 3876 Tempestas
304 3836 441 3866 confiacta
450 3836 550 3866 ventis.
571 3835 638 3864 Stat.
652 3844 678 3868 9.
692 3832 784 3876 Theb.
801 3841 862 3875 523.
1046 3866 1052 3874 .
1145 3869 1150 3875 ¹

129 3877 224 3908 Testes
237 3875 370 3912 conflati,
390 3874 408 3904 i.
420 3884 444 3903 e.
465 3873 623 3903 Subornati.
664 3870 785 3907 Quintil.
797 3871 845 3899 lib.
862 3880 886 3903 ς.
901 3877 963 3911 cap.
977 3875 1001 3912 ⁷:
1024 3868 1092 3913 Sine
1103 3867 1172 3898 odio
1188 3877 1257 3898 con-

149 3915 229 3946 flatos
243 3912 344 3947 testes,
362 3912 554 3945 lineinvidia,
576 3911 632 3940 sine
643 3909 747 3947 gratia,
767 3909 823 3937 sine
836 3916 956 3945 pecunia
972 3905 1061 3935 videri
1077 3906 1216 3951 volumus
1237 3945 1243 3950 ·

130 3952 280 3984 Tumultus
291 3950 476 3987 gladiatorum
495 3948 641 3979 conflatus.
683 3946 740 3976 Cic.
754 3956 805 3983 pro
816 3945 891 3975 Sulla
908 3955 948 3988 ¹5:
977 3943 1029 3974 Ille
1043 3944 1167 3988 ambitus
1183 3945 1257 3980 Judi-

149 3993 225 4021 cium
235 3989 334 4019 tollere
344 4011 352 4023 ,
374 3997 406 4017 ac
421 3987 572 4018 disturbare
586 3987 709 4025 primum
726 3984 848 4014 conflato
867 3982 956 4014 voluit
974 3981 1159 4020 gladiatorum
1171 3992 1203 4013 ac
1215 3983 1258 4013 su-

150 4030 299 4068 git'ivorum
311 4027 443 4057 tumultu.

1306 1844 1561 1883 CONfLuiiNs,
1582 1848 1664 1878 entis.
1686 1849 1785 1879 Partic.

1743 135 1772 170 C
1871 135 1907 172 O
2004 136 2039 172 N
2385 147 2458 188 639

1300 213 1525 246 CoanATiM
1537 239 1546 253 ,
1569 216 1634 247 Adv.
1655 216 1687 247 in
1703 217 1787 248 Closs.
1800 218 1893 248 isidor.
1907 219 2056 256 exponitur
2071 218 2230 257 Copulatim
2247 243 2255 256 ,
2275 226 2419 253 contexto.

1293 254 1343 282 Co
1353 263 1373 282 N
1383 265 1395 281 ιτ
1407 265 1422 282 L
1433 265 1450 283 A
1463 264 1482 283 T
1494 266 1502 284 i
1512 265 1539 290 o,
1562 257 1633 285 onis.
1656 256 1674 284 f.
1697 255 1841 291 [χάνώστς]
1862 265 1913 294 pro
1923 257 2092 286 Constatura.
2115 259 2178 287 Sen.
2197 268 2220 292 3.
2233 259 2294 287 Nat.
2306 260 2457 297 Quaest.29.

1330 301 1371 356 pr.
1398 292 1430 320 Et
1442 292 1487 321 illa
1502 303 1562 326 quie
1573 294 1601 322 in
1616 294 1786 323 conflatione
1797 294 1896 323 nostris
1906 294 2026 332 placent.
2038 295 2094 324 huc
2103 296 2292 325 transferenda
2304 305 2381 334 puto.
2405 299 2458 328 Alii

1344 336 1429 361 euunt
1438 330 1668 367 Conilngratione.
1691 332 1747 361 Sed
1758 331 1876 361 Tertull.
1890 333 1976 362 utitur
1990 332 2018 361 in
2027 340 2086 369 cap.
2103 341 2129 368 3.
2149 333 2185 362 de
2197 333 2308 371 Fugain
2322 335 2458 367 persecut.

1333 366 1411 394 Fidei
1424 368 1492 395 ustio
1507 370 1531 397 ἃ
1542 369 1673 398 conflatio
1684 370 1887 399 administratur
1906 379 1940 399 ex
1954 370 2005 399 Dei
2017 370 2170 400 voluntate.

1295 402 1344 432 Co
1354 412 1373 431 N
1383 414 1396 431 ιι
1406 415 1422 432 L
1432 408 1448 433 Ᾰ
1458 415 1477 433 T
1486 416 1502 434 o
1513 416 1527 434 a
1539 428 1546 440 ,
1570 408 1633 437 oris.
1657 417 1694 437 m.
1717 407 1776 437 Vet.
1789 407 1872 437 Glois.
1885 407 2028 437 Conflator
2038 430 2045 443 ,
2060 405 2189 444 χωιώτῆσ.

1296 440 1601 472 CONrLAToizium
1614 467 1621 479 ,
1644 445 1661 473 i.
1684 455 1712 474 n.
1738 445 1818 483 Vulg.
1838 445 1953 484 lnterpr.
1975 446 2054 476 Prov.
2073 454 2118 483 27.
2131 455 2177 482 21,
2201 445 2233 476 Et
2246 445 2329 477 Gloss.
2349 447 2459 480 Fornax

1337 479 1533 509 conflatorium
1543 502 1551 515 ,
1566 481 1733 517 zuratn‘estov.
2377 485 2381 490 '

1297 515 1320 545 C
1331 526 1347 544 o
1358 525 1452 559 3⁹*st
1462 527 1481 545 T
1492 522 1507 546 ῡ
1520 528 1563 547 ΒΛ
1573 540 1581 554 ,
1605 529 1635 547 τε.
1655 519 1675 549 f.
1698 520 1857 556 [χάνοοσις]
1879 520 1946 550 Plin.
1967 520 2016 550 lib.
2029 531 2055 559 7.
2070 531 2131 559 cap.
2150 525 2193 558 5⁶-
2216 522 2368 560 Argentum
2383 524 2462 554 inve.

1335 562 1377 582 nit
1389 555 1582 585 Erichthonius
1594 557 1781 587 Atheniensis:
1805 566 1836 588 ut
1848 557 1912 594 alii,
1934 557 2050 589 AEacus:
2074 560 2139 589 Auri
2159 559 2271 589 metalla
2286 562 2312 590 &
2323 562 2462 592 conflatu.

1335 601 1394 634 ram
1412 592 1539 627 Cadmus:
1549 593 1668 623 Phoenix
1684 596 1719 624 ad
1739 596 1883 633 Pangaeiim
1901 603 2036 627 montem.
2078 597 2213 627 Firmicus
2230 597 2277 628 lib.
2290 602 2317 628 6.
2337 608 2400 637 cap.
2414 609 2459 637 31.

1337 628 1395 665 Qui
1412 631 1545 667 pecunias
1558 631 1684 669 publicas
1694 654 1703 666 ,
1725 635 1940 663 conflaturarum
1957 635 2122 665 adulterinis
2135 636 2255 665 artificiis
2267 637 2421 667 imitentur.

1299 666 1323 696 C
1332 675 1377 696 oN
1388 677 1401 695 i²
1412 678 1428 696 i.
1438 678 1456 696 A
1465 670 1526 697 τῑι.
1538 678 1565 698 is
1575 691 1583 703 ,
1604 678 1629 698 e.
1652 670 1712 706 Adj.
1737 671 1895 701 Conflando
1912 672 2009 702 facins.
2032 673 2162 703 Prudent.
2174 674 2204 703 in
2217 673 2347 704 Romano
2358 685 2385 706 v.
2396 685 2462 714 ²3⁹·

1417 705 1497 734 Fabri
1508 707 1625 735 deorum
1635 729 1643 742 ,
1665 708 1710 737 vel
1723 716 1850 745 parentes
1863 710 2011 740 numinum
2023 721 2032 747 ;

1420 743 1478 779 Qui
1489 744 1506 772 si
1519 745 1637 773 caminis
1646 745 1803 776 institissent
1812 747 1920 781 segnius
1929 769 1937 783 ,

1417 780 1483 810 Non
1494 780 1562 811 esset
1577 781 1649 811 ullus
1659 783 1768 821 Jupiter
1776 784 1934 814 conflatilis.
2029 785 2064 816 Et
2073 785 2188 817 Hieron.
2201 785 2286 825 Epist.
2302 796 2364 825 130.
2385 788 2464 820 Scul-

1337 817 1408 855 ptile
1418 825 1500 855 atque
1510 819 1661 849 conflatile.
1684 822 1759 850 conf.
1782 822 1890 859 Vulgat.
1909 822 2000 853 Exod.
2014 832 2058 860 32.
2072 836 2098 860 4.
2112 826 2139 855 ἃ
2157 826 2236 854 Dent.
2257 835 2299 855 11.
2316 835 2360 856 η.

1300 854 1323 886 C
1333 865 1349 884 o
1359 865 1379 884 N
1388 866 1401 884 r
1411 867 1427 884 L
1435 860 1451 885 ὂ
1461 867 1476 885 a
1487 867 1500 885 u
1510 867 1527 886 o
1537 879 1544 892 ,
1566 860 1622 887 ere.
1644 859 1785 895 Augustin.
1801 860 1972 890 Confeffion.
1985 872 2010 896 4.
2024 873 2051 897 ⁴·
2070 872 2111 900 pr.
2145 863 2378 901 Coinparaveram
2397 866 2466 895 ami.

1338 903 1412 960 cun:1
1415 893 1545 961 sqcisetate
1553 895 1707 926 studiorum
1717 898 1802 927 nimis
1810 907 1904 928 carum
1914 920 1923 934 ,
1944 908 2073 930 coaevum
2083 900 2188 931 mihi&
2197 901 2403 934 conflorentem
2415 903 2468 933 flo-

1339 941 1392 961 rea
1415 941 1459 961 oe
1472 939 1580 963 centiae.

1300 969 1501 1006 CONFLuo,
1522 971 1569 1006 xi,
1591 980 1678 1007 xum,
1698 971 1820 1009 [offrith
1844 972 2004 1010 conedam]
2025 975 2081 1004 ere.
2104 975 2193 1005 Simul
2214 976 2307 1007 fluere.
2330 977 2400 1009 Plin.
2411 978 2463 1010 lib.

1343 1016 1386 1042 13.
1399 1017 1459 1045 cap.
1468 1018 1513 1038 22.
1535 1008 1568 1038 Et
1580 1009 1609 1038 in
1619 1009 1676 1047 ipsa
1689 1017 1826 1040 excavant
1835 1011 1929 1041 radice
1938 1034 1947 1048 ‚
1968 1022 2023 1050 quo
2036 1012 2133 1043 succus
2147 1014 2281 1045 confluat.

1339 1044 1481 1083 Conjungi
1494 1048 1520 1076 ἂ
1532 1046 1684 1078 confluere.
1724 1049 1784 1078 Cic.
1798 1052 1824 1079 6.
1845 1049 1919 1079 Verr.
1935 1059 1994 1087 ¹17·
2017 1050 2114 1080 Portus
2128 1051 2213 1081 habet
2231 1062 2319 1090 prope
2338 1054 2367 1082 in
2382 1054 2469 1085 aedifi.

1359 1084 1471 1113 catione
1480 1084 1648 1122 aspectuque
1660 1086 1735 1116 urbis
1744 1086 1866 1117 inclusos
1876 1109 1884 1122 ,
1906 1088 1953 1124 qui
1963 1098 2050 1126 quum
2061 1089 2181 1119 diversos
2190 1090 2264 1121 inter
2273 1090 2299 1121 se
2316 1092 2408 1123 aditus
2422 1093 2470 1124 ha-

1360 1121 1467 1157 beant,
1488 1123 1517 1151 in
1527 1124 1604 1152 exitu
1619 1125 1830 1162 conjunguntur
1845 1125 2038 1156 &confinium

1338 1158 1443 1189 Pontus
1452 1160 1570 1190 confluit
1580 1161 1609 1190 in
1619 1162 1716 1192 orbem
1729 1173 1855 1194 curvum.
1877 1163 1972 1194 Tibul.
1986 1164 2035 1194 lib.
2048 1174 2076 1201 4.
2089 1173 2114 1194 1.
2124 1173 2170 1195 πο.

1340 1197 1430 1226 Undae
1440 1199 1596 1229 confluunt.
1620 1200 1726 1230 Lucret.
1740 1200 1789 1231 lib.
1803 1211 1827 1231 1.
1842 1209 1905 1238 375.

1340 1235 1492 1266 Confluere
1503 1259 1512 1272 ,
1534 1247 1584 1275 per
1598 1238 1822 1274 translationem,
1842 1249 1895 1278 pro
1910 1238 2078 1269 convenire.
2115 1239 2176 1269 Cic.
2189 1239 2225 1269 de
2236 1239 2306 1270 clar.
2320 1241 2468 1280 Orat.258.

1362 1273 1566 1304 Confluxerunt
1583 1276 1660 1305 enim
1672 1278 1698 1306 &
1710 1277 1831 1308 Athenas
1843 1300 1851 1314 ,
1873 1279 1900 1307 δι
1918 1278 1949 1306 in
1969 1277 2042 1307 hanc
2056 1277 2155 1307 urbem
2171 1278 2252 1308 multi
2265 1280 2411 1317 inquinate
2430 1283 2473 1312 lo-

1364 1318 1484 1348 quentes
1496 1323 1531 1342 ex
1539 1313 1652 1344 diversis
1664 1314 1742 1345 locis.

1340 1348 1511 1380 Confluebat
1520 1351 1555 1380 ad
1566 1361 1632 1382 euin
1647 1362 1765 1391 magnus
1778 1363 1919 1384 numerus.
1942 1352 2009 1384 Caes.
2023 1361 2050 1391 7.
2062 1352 2132 1383 Bell.
2150 1353 2221 1383 Gall.
2232 1364 2278 1391 44.

1340 1387 1491 1419 Confluere
1501 1389 1537 1419 ad
1547 1389 1639 1427 aliqua
1647 1391 1743 1421 studia.
1785 1392 1845 1422 Cic.
1858 1402 1883 1422 2.
1901 1391 1985 1422 Tusc.
2000 1395 2027 1422 6.
2051 1391 2139 1428 Quod
2149 1392 2260 1422 accidet
2266 1393 2351 1424 etiam
2361 1395 2470 1434 nostris,

1362 1426 1382 1455 si
1390 1426 1426 1455 ad
1440 1426 1500 1457 haec
1512 1428 1601 1457 studia
1612 1428 1705 1466 plures
1716 1430 1914 1460 confluxerint.

1342 1463 1437 1494 Causae
1448 1466 1483 1495 ad
1494 1475 1545 1495 nos
1556 1465 1696 1504 pleraeque
1709 1467 1868 1503 confluunt,
1878 1467 1969 1497 Nobis
1980 1467 2180 1498 obtruduntur.
2192 1467 2251 1498 Cic.
2263 1479 2314 1507 pro
2322 1469 2413 1501 Plane.
2425 1477 2472 1508 84.

1343 1501 1488 1533 Cruciatus
1498 1504 1651 1540 confluere,
1662 1505 1735 1535 dixit
1746 1506 1834 1536 Plaut.
1854 1505 1924 1537 Afin.
1936 1515 1963 1536 2.
1974 1515 2001 1535 2.
2017 1511 2064 1542 48.
2127 1521 2165 1528 —
2177 1512 2210 1536 ut
2219 1516 2270 1537 nos
2279 1508 2406 1540 dicamur
2415 1510 2474 1540 duo

1443 1541 1581 1572 Omnium
1592 1543 1744 1581 dignissimi
1759 1544 1814 1575 effe
1823 1567 1831 1580 ,
1854 1554 1910 1581 quo
1919 1544 2059 1575 cruciatus
2069 1543 2223 1574 confluant.

1342 1578 1432 1614 Laus,
1457 1580 1566 1615 honor,
1588 1581 1709 1619 dignitas
1718 1581 1839 1613 confluit
1847 1583 1882 1612 ad
1891 1582 2023 1620 aliquem.
2057 1582 2117 1613 Cic.
2135 1593 2159 1612 ι.
2180 1583 2216 1613 de
2229 1582 2337 1614 Invent.
2352 1594 2377 1621 ς.
2399 1585 2475 1616 Hinc

1363 1618 1399 1646 ad
1412 1617 1486 1655 ipsos
1496 1619 1544 1656 qui
1554 1628 1617 1649 eam
1628 1620 1724 1658 adepti
1739 1620 1820 1657 sunt,
1840 1620 1902 1651 laus
1913 1643 1921 1656 ‚
1943 1621 2051 1654 honor,
2075 1620 2196 1658 dignitas
2211 1621 2338 1652 confluit.

1342 1655 1460 1685 Sentina
1471 1655 1554 1695 Reip.
1568 1657 1690 1688 confiuit
1701 1658 1804 1696 aliquo.
1842 1659 1903 1688 Cic.
1916 1659 1946 1688 in
1958 1658 2066 1689 Sallust.
2081 1662 2124 1688 16.
2147 1658 2207 1688 Nisi
2217 1659 2289 1690 forte
2304 1660 2335 1689 in
2350 1666 2421 1692 cate
2431 1671 2476 1692 ca-

1363 1693 1415 1722 stra
1426 1694 1572 1730 coniecisti
1580 1717 1590 1731 ,
1613 1705 1669 1733 quo
1679 1698 1772 1726 omnis
1784 1696 1892 1727 sentina
1903 1696 1984 1735 Reip.
1995 1696 2179 1727 confluxerat.

1343 1731 1471 1762 Solertia.
1511 1733 1652 1764 Huclicet
1661 1743 1697 1764 ex
1707 1741 1767 1764 toto
1777 1734 1889 1765 solertia
1900 1735 2026 1765 confluat
2040 1735 2117 1764 orbe.
2138 1735 2223 1766 Ovid.
2234 1745 2260 1772 9.
2271 1735 2340 1767 Met.
2351 1744 2417 1775 740.

1345 1768 1454 1807 Vulgus
1463 1771 1593 1801 confluit.
1633 1772 1730 1810 Nepos
1742 1782 1768 1810 7.
1785 1776 1810 1802 6.
1829 1783 1853 1804 ι.
1875 1773 1966 1803 Tanta
1981 1772 2035 1802 fuit
2047 1773 2176 1803 omnium
2191 1775 2349 1812 expectatio
2368 1775 2477 1806 visendi

1365 1807 1517 1838 Alcibiadis
1527 1831 1536 1845 ,
1558 1816 1590 1839 ut
1601 1810 1637 1839 ad
1647 1810 1706 1846 ejus
1717 1811 1859 1841 triremem
1869 1811 1968 1849 vulgus
1981 1810 2137 1841 conflueret
2147 1833 2156 1847 ,
2171 1812 2223 1841 διε.

1808 1849 1947 1885 [coppim]
1969 1848 2029 1879 Cic.
2045 1859 2087 1880 10.
2102 1849 2177 1879 Fam.
2191 1859 2235 1886 34.
2252 1859 2293 1887 pr.
2316 1850 2388 1881 Cum
2398 1861 2477 1882 exer-

1345 1884 1404 1913 citu
1415 1894 1479 1914 meo
1489 1885 1524 1915 ab
1535 1886 1698 1917 confluente
1712 1887 1852 1918 Rhodano
1862 1887 1948 1918 castra
1962 1887 2050 1918 movi.
2091 1887 2133 1918 Al.
2156 1887 2299 1920 Rhodani.
2339 1889 2478 1921 Victorius

1347 1922 1498 1952 delendam
1507 1929 1588 1961 putat
1602 1934 1628 1954 v.
1642 1924 1792 1959 Rhodano.

1344 1960 1457 1990 Auxilia
1464 1961 1648 1993 confluentia.
1670 1962 1769 1994 Vellei.
1785 1972 1828 2000 ςς.
1843 1972 1870 1993 2.

1345 1998 1503 2028 Multitudo
1515 2000 1672 2031 confluens.
1712 2001 1788 2032 Suet.
1800 2001 1867 2032 Caes.
1880 2004 1924 2032 16.
1946 1998 2165 2032 multitudinem
2175 2011 2298 2041 quoque,
2321 2003 2408 2035 biduo
2418 2005 2479 2043 post

1366 2036 1465 2075 sponte
1483 2039 1509 2068 Sc
1520 2038 1595 2069 ultro
1612 2039 1807 2070 confluentem
1818 2062 1826 2073 .
1846 2038 2029 2078 compescuit.

1306 2074 1355 2104 Co
1364 2084 1384 2104 Ν
1395 2085 1408 2104 ir
1418 2086 1434 2104 L
1443 2086 1484 2105 uu
1493 2086 1535 2106 Ns
1547 2099 1555 2112 ,
1579 2078 1660 2108 entis.
1683 2087 1720 2107 m.
1742 2075 1892 2115 [ὅμέρῥοίὴ
1910 2075 2015 2113 talibas]
2034 2077 2073 2108 est
2088 2077 2190 2108 Alveus
2202 2079 2233 2108 in
2248 2088 2334 2118 quem
2353 2080 2410 2110 duo
2427 2081 2480 2111 flu-

1344 2113 1423 2143 mina
1433 2116 1618 2145 conveniunt.
1659 2115 1727 2145 Plin.
1745 2116 1794 2146 lib.
1809 2120 1835 2145 6.
1848 2126 1909 2154 cap.
1922 2119 1966 2145 26.
1991 2116 2092 2146 Cetero
2112 2116 2231 2147 circuitu
2250 2118 2280 2147 in
2297 2117 2481 2150 solitudinem

1347 2151 1441 2188 rediit,
1463 2152 1594 2183 exhausta
1606 2153 1751 2188 vicinitate
1761 2153 1908 2190 Seleuciae,
1922 2154 1959 2183 ob
1968 2154 1999 2183 id
2008 2155 2131 2184 conditae
2142 2165 2158 2185 a
2167 2155 2300 2185 Nicatore
2311 2157 2384 2187 intra
2394 2167 2483 2188 nona-

1346 2189 1480 2226 gesimum
1491 2190 1615 2229 lapidem
1627 2213 1635 2226 ,
1659 2192 1860 2222 inconfiuente
1871 2191 2019 2230 Euphratis
2032 2192 2101 2222 foffa
2122 2193 2253 2232 perducti
2274 2200 2359 2233 atque
2376 2195 2479 2234 Tigris.

1348 2228 1379 2256 V.
1403 2227 1469 2258 Caes.
1483 2241 1509 2265 4.
1527 2229 1593 2259 Bell.
1608 2229 1678 2260 Gall.
1696 2240 1738 2267 ις.
1762 2232 1789 2261 &
1803 2230 1896 2260 Tacit.
1908 2240 1935 2260 2.
1952 2230 2022 2260 Hist.
2037 2240 2085 2267 41.

1306 2264 1434 2295 CoNrL
1444 2276 1463 2295 υ
1473 2276 1487 2296 a
1498 2277 1516 2295 N
1529 2276 1592 2297 ras
1603 2289 1612 2303 ,
1633 2267 1701 2298 ium.
1723 2268 1763 2313 pl.
1782 2268 1872 2298 Idem.
1895 2267 1965 2298 Plin.
1984 2272 2011 2299 6.
2030 2278 2076 2307 ²7.
2104 2268 2150 2299 Est
2166 2270 2323 2301 etiamnum
2338 2271 2478 2310 oppidum

1347 2304 1558 2342 mesopotamiae
1568 2306 1598 2335 in
1608 2307 1668 2343 ripa
1675 2306 1768 2344 Tigris
1779 2307 1854 2336 circa
1867 2306 2046 2337 confluentes
2055 2329 2064 2343 ,
2084 2307 2161 2346 quod
2178 2316 2280 2338 vocant
2293 2309 2423 2348 Digham.

1346 2342 1391 2372 Est
1400 2345 1426 2372 δι
1437 2343 1620 2374 Confluentes
1632 2368 1640 2380 ,
1662 2344 1766 2375 Civitas
1775 2354 1855 2375 vetus
1865 2345 2013 2381 Rhenana,
2033 2345 2102 2375 inde
2111 2346 2186 2376 dicta
2197 2347 2275 2383 quod
2283 2347 2319 2376 ad
2329 2357 2392 2378 eam
2404 2348 2481 2379 Rhe..

1366 2390 1419 2410 rius
1432 2382 1457 2410 δι
1471 2381 1588 2412 Mosella
1598 2382 1755 2413 confluunt.
1786 2383 1818 2413 V.
1840 2382 1917 2413 Suet.
1936 2383 2022 2421 Calig.
2036 2392 2098 2422 cap.
2109 2390 2136 2418 8.
2164 2384 2253 2423 Supra
2266 2385 2458 2417 Confluentes.

1366 2419 1421 2448 Ubi
1432 2419 1491 2448 Ber.
1504 2427 1601 2455 notat,
1623 2421 1671 2450 ubi
1680 2421 1737 2451 duo
1747 2420 1865 2451 fiumina
1877 2421 2027 2452 confluunt
2049 2431 2082 2451 ea
2096 2421 2159 2451 loca
2171 2421 2352 2453 Confluentes
2371 2427 2476 2456 vocari.

1367 2457 1401 2486 Et
1412 2457 1509 2493 addit,
1530 2457 1700 2496 Lugdunum
1724 2460 1754 2488 in
1775 2458 1865 2488 Gallia
1879 2459 1964 2489 estad
1983 2457 2167 2490 Confluentes
2183 2460 2304 2498 positum
2317 2482 2325 2496 ,
2346 2463 2395 2492 ubi
2413 2464 2480 2495 Arai·

1366 2495 1507 2525 Rhodano
1517 2497 1724 2527 commiscetur.
1764 2497 1840 2527 Hinc
1855 2497 1983 2534 quaedam
1998 2497 2063 2528 urbs
2085 2496 2273 2529 Confluentia.
2296 2499 2333 2530 H.
2344 2500 2385 2531 St.
2422 2501 2479 2532 De.

1367 2533 1536 2564 siderabatur
1545 2535 1624 2565 locus
1635 2536 1710 2565 Suet.
1727 2541 1843 2572 totaque
1852 2535 1941 2565 dictio
1955 2536 1985 2564 in
1997 2535 2086 2574 Lugd.

1310 2571 1333 2601 C
1343 2581 1360 2600 o
1369 2582 1389 2600 Ν
1399 2583 1412 2601 F
1422 2583 1438 2600 L
1447 2583 1466 2601 u
1476 2582 1490 2601 iz
1498 2583 1518 2602 Ν
1526 2582 1546 2601 T
1554 2583 1591 2602 IA
1601 2595 1610 2609 ,
1632 2584 1662 2603 ae.
1683 2574 1704 2603 f.
1726 2574 1854 2603 Macrob.
1867 2582 1893 2610 7.
1906 2574 2016 2604 Saturn.
2030 2584 2093 2612 cap.
2109 2584 2136 2610 4.
2159 2574 2228 2605 Haec
2242 2575 2281 2606 est
2300 2586 2365 2615 ergo
2376 2578 2480 2616 triplex

1346 2610 1429 2639 causa
1438 2610 1484 2640 vel
1494 2611 1625 2649 podagra:
1637 2633 1645 2648 ,
1666 2610 1712 2642 vel
1719 2611 1870 2648 cuiuslibet
1878 2622 1914 2642 ex
1923 2612 2096 2643 confluentia
2106 2612 2207 2643 morbi.
2240 2614 2260 2644 i.
2274 2624 2298 2644 e.
2323 2615 2479 2648 Multitudo

1347 2648 1507 2717 gibuinssgssgn
1513 2649 1651 2680 fortitudo
1660 2649 1779 2680 membri
1789 2660 1806 2680 a
1813 2649 1840 2680 se
1849 2649 2013 2689 repellentis
2024 2672 2033 2687 ,
2055 2652 2082 2682 ἃ.
2094 2652 2256 2690 recipientis
2268 2651 2422 2686 infirmitas.
2445 2656 2478 2687 V.

1309 2725 1333 2755 C
1343 2735 1360 2754 0
1369 2735 1389 2753 N
1397 2735 1411 2754 r
1422 2736 1437 2754 L
1447 2735 1466 2754 u
1475 2734 1520 2755 er
1531 2735 1550 2755 u
1558 2735 1576 2755 o
1588 2748 1596 2761 ‚
1615 2726 1671 2756 fite.
1694 2726 1775 2765 Apul.
1788 2736 1800 2756 1
1808 2736 1831 2756 r.
1842 2725 1912 2757 Met.
1925 2737 1953 2765 p.
1966 2732 2030 2764 253.
2050 2726 2123 2758 Palla
2138 2728 2174 2758 ad
2189 2728 2303 2759 ultimas
2317 2739 2378 2761 oras
2388 2731 2481 2763 nodu-

1331 2764 1335 2768 '
1350 2764 1383 2793 lis
1393 2763 1564 2793 fimbriarum
1574 2765 1713 2794 decoriter
1723 2765 1942 2795 confiuCtuabat.

1311 2800 1334 2831 C
1342 2811 1360 2831 o
1368 2811 1410 2831 Νε
1421 2812 1438 2831 1.
1447 2812 1466 2831 υ
1474 2811 1492 2832 c
1502 2811 1522 2831 τ
1533 2812 1577 2832 uo
1585 2812 1602 2831 R
1612 2825 1620 2839 ,
1642 2801 1822 2839 [xvpaoeivomu
1833 2804 1848 2839 ]
1867 2805 1915 2835 ari.
1938 2803 2173 2841 impersonaliter,
2184 2804 2249 2835 Sen.
2260 2804 2372 2844 Medea,
2381 2816 2477 2845 *2943-

1701 2856 1739 2862 -—
1745 2841 1821 2871 haud
1829 2842 1909 2871 aliter
1918 2848 1996 2872 metu

1444 2877 1657 2909 Confluetuatur
1668 2888 1675 2909 ε
1697 2879 1737 2909 ira
1745 2880 1879 2918 pietatem
1889 2880 1968 2918 fugat
1978 2901 1986 2916 ,

1442 2916 1569 2955 Iramque
1579 2918 1677 2955 pietas.
1761 2918 1793 2948 In
1800 2919 1956 2948 emendatis
1966 2917 2051 2948 codd.
2064 2918 2102 2947 est
2123 2918 2222 2949 Meum
2230 2929 2278 2949 cor
2288 2919 2447 2951 fluctuatur.

1311 2954 1335 2985 C
1344 2964 1362 2984 o
1372 2964 1392 2984 Ν
1400 2965 1413 2983 r
1422 2965 1438 2983 L
1448 2958 1466 2983 ῦ
1476 2965 1494 2984 c
1505 2965 1519 2984 iz
1528 2965 1551 2990 s,
1571 2955 1645 2985 Loca
1654 2955 1725 2992 sunt,
1738 2956 1767 2985 in
1778 2966 1838 2993 quae
1848 2957 1899 2986 rivi
1908 2956 2005 2986 diversi
2018 2956 2173 2987 confluunt.
2185 2954 2278 2987 Livius
2291 2959 2478 2996 Andromeda,

1350 2992 1500 3030 Confiuges
1511 2993 1558 3023 ubi
1572 3000 1716 3024 conventu
1727 3003 1860 3033 campum
1868 3001 1960 3024 totum
1969 2994 2154 3032 inhumigant.
2186 2996 2288 3025 Auctor
2297 2996 2416 3027 Nonius.

1312 3032 1359 3061 Co
1371 3041 1389 3060 Ν
1401 3042 1414 3060 a
1424 3042 1439 3060 L
1450 3041 1469 3060 u
1479 3041 1497 3060 c
1506 3042 1588 3066 ron,
1609 3032 1628 3062 i.
1651 3041 1679 3063 n.
1701 3032 1791 3062 Idem.
1814 3032 1925 3063 Salmas.
1947 3032 2046 3063 Solino
2055 3031 2172 3062 restituit
2183 3043 2278 3071 cap.9.
2300 3034 2425 3073 Rupium
2435 3044 2480 3065 ca.

1348 3070 1462 3099 vamina
1472 3090 1481 3106 ,
1502 3078 1563 3106 quae
1574 3071 1711 3100 fluetuum
1724 3069 1873 3109 conflugiis
1882 3080 1960 3102 nunc
1971 3070 2053 3101 adesa
2064 3070 2136 3101 sunt.
2157 3072 2240 3110 vulgo
2254 3072 2354 3111 legitur
2373 3072 2478 3104 Confli-

1349 3108 1410 3145 giis.
1432 3106 1464 3138 V.
1485 3107 1597 3138 Salmas.
1611 3109 1683 3139 adh.
1694 3108 1713 3138 1.
1725 3119 1754 3146 p.
1770 3119 1831 3145 109.

1310 3145 1568 3176 CoNPLuviuM
1585 3169 1593 3182 ,
1615 3147 1633 3177 i.
1656 3157 1684 3177 n.
1704 3146 1793 3178 Ideni.
1815 3148 1933 3177 Severus
1946 3144 2061 3177 inJEtn.
2073 3154 2175 3184 v.325.

1429 3184 1530 3214 Donec
1541 3184 1685 3216 confluvio
1702 3185 1835 3215 revolutis
1844 3186 1953 3216 aestibus
1965 3186 2056 3215 amnis

1428 3221 1532 3258 Exsilit,
1542 3224 1594 3253 &c-
1675 3223 1750 3254 conf.
1773 3223 1847 3254 Varr.
1860 3224 1936 3262 apud
1948 3224 2022 3253 Non.
2037 3233 2079 3259 15.
2094 3231 2138 3254 10.
2153 3224 2181 3254 &
2195 3222 2284 3255 Pitise.
2297 3222 2365 3256 Lex.

1309 3259 1360 3289 Co
1370 3269 1391 3289 N
1401 3271 1414 3289 F
1424 3271 1519 3291 tuus
1529 3283 1537 3298 ,
1558 3271 1574 3291 a
1584 3283 1593 3297 ,
1613 3270 1672 3291 um.
1695 3261 1825 3292 Prudent.
1847 3262 2006 3292 Catliemer.
2028 3271 2052 3298 ς.
2064 3264 2111 3299 76.

1616 3315 1654 3320 -—
1663 3300 1739 3329 unda
1745 3299 1896 3330 revolvitur

1429 3336 1462 3367 In
1472 3336 1559 3367 semet
1568 3337 1696 3367 revolans
1705 3338 1813 3376 gurgite
1823 3338 1948 3368 confluo.

1311 3373 1659 3411 CONFociLLATro,
1679 3377 1750 3405 onis.
1771 3375 1792 3406 f.
1813 3374 2058 3414 apudFii-micum.
2403 3412 2407 3414 Α

1311 3411 1388 3442 CON
1398 3424 1412 3442 ιτ
1421 3415 1437 3443 ὅ
1447 3423 1464 3442 D
1473 3424 1483 3442 1
1493 3423 1510 3442 o
1520 3435 1528 3449 ,
1550 3414 1616 3449 edi,
1637 3413 1727 3443 offum
1738 3434 1747 3449 ,
1769 3412 1918 3450 [alagona]
1936 3415 1993 3443 Ere.
2014 3411 2093 3443 Idem
2105 3412 2167 3443 fere
2181 3414 2260 3451 quod
2273 3412 2381 3446 Fodere
2397 3414 2479 3454 signi.

1348 3450 1421 3480 sicat.
1427 3451 1495 3481 Cato
1504 3461 1566 3489 cap.
1574 3461 1584 3481 1
1590 3452 1824 3487 29.Confodiatu'r
1834 3453 1943 3482 minute
1951 3453 2062 3488 terra‚&
2070 3459 2183 3482 amurca
2189 3453 2475 3493 beneconspergatut.

1348 3486 1471 3519 Hortum
1480 3489 1645 3520 confodere.
1669 3490 1754 3519 Plaut.
1767 3489 1828 3520 Aul.
1839 3499 1865 3520 2.
1883 3500 1909 3520 2.
1922 3493 1967 3520 66.

1349 3526 1452 3557 Vincas
1464 3528 1626 3557 confodere.
1654 3527 1723 3558 Plin.
1741 3536 1783 3564 ¹7.
1795 3537 1841 3558 20.
1853 3538 1896 3567 pr.
1919 3527 2042 3558 Confodi
2052 3526 2153 3563 jubent
2159 3527 2257 3559 mense
2267 3528 2364 3568 Aprili.

1351 3566 1394 3594 Aci
1405 3564 1458 3594 alia
1469 3566 1553 3595 etiam
1565 3566 1728 3596 transfertur
1739 3575 1746 3602 3
1768 3573 1800 3595 ut
1813 3588 1821 3600 ,

1349 3603 1512 3633 Confodere
1523 3609 1606 3640 atque
1616 3604 1860 3642 comprehendere
1870 3603 2000 3642 aliquem.
2022 3602 2084 3633 Cic.
2094 3612 2147 3641 pro
2161 3602 2189 3633 P.
2202 3603 2296 3641 Sulla,
2318 3613 2363 3642 33..

1352 3641 1512 3671 Confodere
1521 3643 1546 3670 ἃ
1558 3641 1686 3671 lacerare.
1709 3642 1784 3672 Suet.
1797 3643 1827 3671 in
1839 3643 1959 3679 Augusto
1970 3664 1978 3678 ,
1998 3652 2058 3679 cap.
2071 3651 2116 3677 9¹·
2139 3641 2306 3680 Lecticaque
2318 3645 2389 3681 ejus,
2399 3644 2477 3683 vquast

1372 3679 1412 3708 ibi
1423 3679 1527 3708 cubans
1537 3679 1704 3709 remansisset
1713 3702 1721 3714 ,
1742 3680 1877 3710 concursu
1888 3678 2009 3710 hostium
2020 3676 2144 3710 confoffa
2152 3684 2234 3718 atque
2241 3679 2363 3713 lacerata
2370 3684 2417 3714 est.

1352 3717 1451 3747 Hostes
1465 3717 1643 3747 confodiunt.
1668 3717 1754 3747 Valer.
1766 3722 1792 3747 6.
1806 3719 1908 3756 Argon.
1921 3724 1986 3754 4¹8-

1353 3755 1484 3793 ,Iugulum
1499 3755 1625 3791 alicujus.
1649 3755 1751 3785 Lucan.
1765 3755 1812 3785 lib.
1827 3766 1851 3793 3.
1882 3767 1928 3792 44.
2184 3789 2187 3793 ι

1352 3793 1514 3823 Confociere
1523 3792 1643 3829 aliquem
1652 3793 1823 3823 vulneribus.
1888 3794 1923 3824 iv.
1936 3800 1982 3827 '2⁴.
1994 3802 2019 3829 7.
2042 3793 2081 3823 Ut
2089 3799 2176 3831 quum
2184 3794 2215 3823 in
2225 3801 2438 3832 p‘raete'reontem
2446 3794 2478 3824 fi-

1370 3842 1407 3861 ne
1421 3830 1531 3860 armatis
1540 3839 1632 3868 regem
1645 3832 1766 3869 impetus
1775 3832 1853 3862 fieret
1863 3853 1871 3868 ,
1893 3829 2093 3862 confoderetur
2100 3831 2209 3870 aliquot
2218 3834 2296 3871 prius
2303 3833 2473 3869 vulneribus,

1375 3879 1457 3907 quam
1465 3868 1586 3898 succurri
1597 3869 1694 3907 posset.

1315 3909 1338 3939 C
1347 3919 1363 3938 o
1371 3918 1392 3938 N
1402 3919 1416 3937 F
1423 3917 1440 3936 o
1448 3916 1460 3936 s
1467 3916 1480 3936 s
1488 3916 1506 3935 u
1514 3916 1538 3942 S,
1558 3917 1584 3942 a,
1604 3917 1663 3936 um.
1685 3903 1932 3944 [algammcgssfissav]
1954 3907 2014 3943 Adi.
2027 3906 2201 3939 Vulneratus.
2214 3908 2288 3946 Virg.
2300 3917 2327 3945 9.
2336 3908 2398 3939 ΖΕΝ.
2409 3917 2475 3944 44⁴.

1432 3944 1507 3974 Tum
1517 3944 1597 3982 super
1607 3945 1765 3976 exanimem
1776 3945 1832 3976 sese
1842 3946 1962 3984 projecit
1972 3946 2095 3976 amicum

1432 3982 1579 4013 confossus
1592 4005 1600 4020 ,
1619 3985 1671 4014 ἃς,

2386 4017 2480 4058 Equus
