2667 4145
249 106 296 139 60
749 100 775 134 A
872 101 904 134 D
1000 101 1015 135 1

284 183 360 213 Vires
375 184 403 211 in
419 193 447 211 re
458 183 547 219 aliqua
558 204 565 216 7
588 181 663 211 Vires
676 180 711 210 ad
723 190 784 210 eam
803 190 860 210 rem
876 180 1102 213 accommodare,
1124 177 1276 219 adi-ungere
1287 200 1294 211 7
1316 178 1402 216 appli-

303 231 383 253 care7
411 221 485 256 quod
503 220 540 249 est
551 219 653 248 Adniti.
686 218 804 255 Quintil.
821 218 867 247 lib.
883 229 907 253 ς.
941 218 1092 247 Plurimum
1111 215 1241 244 adhibere
1260 216 1361 245 virium
1371 217 1400 244 in

302 258 391 286 studio
406 257 554 286 literarum.

283 295 427 324 Virtutem.
459 295 489 323 V.
506 294 583 331 supra
597 294 763 322 Gravitatem
776 292 914 333 adhibere.

283 332 376 362 Usum.
400 333 457 361 Cic.
489 332 586 360 Studio
598 331 721 359 adhibito
733 333 759 360 ἃ
772 331 827 358 ulu-

286 370 398 399 Vocem.
432 370 461 398 V.
477 369 557 407 supra
568 369 733 397 Memoriam
747 367 886 395 adhibere.

286 407 402 436 Vincula
413 407 503 435 alicui.
535 406 617 435 Ovid.
631 415 654 441 3.
671 405 736 434 Fast.
750 412 813 438 293.
854 439 860 443 Ι
1022 439 1028 444 ⁹

365 445 425 474 Nec
437 444 490 472 line
501 444 526 472 vi
537 444 662 472 tradent:
684 441 784 470 adhibe
795 447 824 467 tu
835 436 945 467 vmcula
956 444 1051 475 capt1s.

286 481 387 510 Vinum
400 482 515 518 aegrotis.
544 481 577 510 Id
588 480 641 514 est,
656 480 734 508 Dare.
757 478 818 517 Cic:
828 485 852 511 3.
875 475 909 503 de
921 475 983 504 Nat.
996 476 1078 505 Deor.
1091 479 1134 512 69.
1166 476 1202 506 Ut
1211 477 1307 505 vinum
1317 486 1401 513 zegro-

304 520 339 548 tis
349 520 411 556 quia
421 518 530 557 prodest
539 528 598 546 raro
607 539 615 551 7
637 522 719 545 nocet
728 514 868 551 saepillnne
878 534 886 547 7
906 513 1005 543 melius
1016 515 1053 543 est
1065 524 1123 542 non
1134 515 1264 544 adhibere
1274 515 1400 549 omnino,

306 567 387 594 quam
403 557 447 594 spe
459 556 550 585 dubiae
562 554 652 583 salutis
663 554 691 581 in
702 559 823 589 apertam
836 551 988 588 perniciem
1004 552 1149 581 incurrere.

285 594 399 624 Vultum
414 594 514 629 aliquo.
550 593 581 621 Id
593 592 647 625 est,
667 590 842 618 Convertere.
873 589 956 618 ovid.
969 599 994 618 2.
1012 590 1100 619 Amor.
1118 599 1160 626 13.
1176 600 1219 626 ις.

364 632 428 661 Huc
439 631 538 660 adhibe
552 628 659 661 vultus7
681 629 707 656 ok
718 627 747 655 in
759 636 814 655 una
827 636 909 664 parce
923 627 1048 657 duobus:

401 669 473 698 Nam
484 668 567 696 vitam
580 665 699 693 domina:
710 671 740 692 tu
751 664 828 693 dabis
838 686 846 699 7
866 664 914 693 illa
925 664 1002 693 mihi.

306 707 417 736 adverte
427 728 434 740 7
455 714 528 734 meas
539 712 634 740 preces
648 702 782 730 auditura.

250 745 342 774 Annr
352 747 457 772 afrus
467 765 474 777 7
496 741 590 770 Partic.
607 746 639 768 ut
650 739 781 768 Adhibito
790 739 952 777 Interpret‘e.
981 740 1056 769 Curt.
1069 745 1095 773 8.
1116 749 1157 769 12.
1178 750 1203 775 9.
1227 742 1253 770 δε
1267 751 1308 769 10.
1329 749 1352 777 3.
1372 744 1396 770 6.

286 782 359 811 conf.
373 790 398 817 7.
419 790 460 808 11.
475 784 500 808 6.
520 779 594 807 Suet.
612 777 697 814 Calig.
712 787 738 806 2.
777 777 863 806 Nullo
878 777 1004 806 adhibito
1018 778 1112 806 modo.

249 822 322 849 Anu
333 830 341 847 1
352 827 471 851 31‘r107
493 816 563 845 onis.
584 816 603 844 f.
625 815 740 845 Marcel.
756 815 835 853 Emp.
848 824 912 858 [cap.
928 825 969 850 ις.
1008 815 1151 844 Adhibitio
1163 815 1377 844 cucurbitarum.

248 860 324 887 Anu
336 865 369 884 1N
381 864 458 887 Nro7
479 855 535 888 ῑνί,
555 857 645 887 itum7
667 854 910 890 [πῦσὶςῑμετιζω]
929 856 978 881 ire.
1001 863 1035 882 ex
1047 853 1104 887 Ad,
1127 854 1152 882 ἃ
1164 852 1286 887 llinni07
1309 853 1398 890 Equo-

283 903 343 923 rum
355 892 391 921 est
401 915 408 926 7
429 892 475 929 qui
486 892 608 929 equabus
618 891 785 920 adhinniunt
794 913 802 923 7
822 890 855 919 Id
866 891 903 919 est
913 913 920 924 7
941 891 982 919 Ad
993 901 1037 919 eas
1048 891 1188 924 hinniunt,
1203 890 1334 919 videlicet
1343 891 1399 919 coi-

282 938 342 960 tum
353 936 532 968 appetentes:
555 929 621 966 quin
633 930 659 958 Sc
671 938 747 965 equae
757 928 871 957 vicissim
884 928 1023 956 interdum
1033 928 1109 964 equis
1125 928 1301 956 adhinniunt.
1329 928 1398 957 Plin.

280 969 328 998 lib.
344 977 386 1003 35.
407 978 466 1005 cap.
484 978 524 996 10.
563 967 680 1004 Nanque
697 966 802 995 ambitu
820 966 933 994 femulos
949 966 1095 1002 przevulere
1114 965 1251 999 sentiens7
1282 966 1398 1003 singulo-

280 1016 342 1036 rum
356 1006 476 1044 picturas
492 1005 613 1034 inductis
624 1005 701 1041 equis
719 1004 846 1033 ostendit.
875 1003 979 1041 Apellis
995 1009 1104 1032 tantum
1123 1013 1194 1041 equo
1207 1003 1396 1033 adhinnivere.

282 1044 365 1074 Ovid.
382 1043 429 1072 lib.
447 1053 468 1072 1.
486 1043 521 1072 de
533 1045 595 1071 Arte
608 1043 666 1071 Am.
681 1047 744 1076 280.

359 1081 486 1111 Foemina
499 1080 644 1118 cornipedi
657 1079 762 1117 semper
775 1078 904 1108 adhinnit
917 1087 998 1115 equo.

279 1120 358 1151 Idem
370 1129 395 1148 2.
412 1119 447 1147 de
461 1118 539 1148 Rem.
557 1119 647 1147 Amor.
660 1121 723 1153 634.
792 1153 797 1158 q

360 1157 448 1186 Fortis
461 1166 547 1193 equus
561 1155 621 1184 visae
636 1155 742 1192 semper
755 1153 883 1183 aduinnit
896 1162 983 1190 equae.

278 1194 432 1225 Adhinnire
453 1195 488 1223 ad
505 1194 658 1222 orationem
681 1193 814 1227 alicujus7
845 1201 894 1228 per
912 1188 1121 1220 translationem
1139 1191 1254 1221 dictum.
1290 1191 1349 1221 Cic.
1367 1193 1395 1221 in

297 1233 386 1263 Pison.
407 1236 451 1268 69.
495 1232 590 1268 ltaque
612 1230 780 1259 admissarius
799 1229 863 1264 iste7
893 1228 1055 1265 simulatque
1072 1229 1178 1258 audivit
1196 1240 1212 1259 a
1230 1229 1396 1268 Philosopho

296 1270 470 1308 voluptatem
479 1275 624 1307 tantopere
635 1268 738 1297 laudari
748 1289 756 1303 7
777 1266 847 1295 nihil
858 1266 1012 1304 expiscatus
1023 1266 1076 1295 est:
1100 1266 1135 1295 sic
1147 1267 1207 1297 suos
1218 1267 1308 1297 sensus
1318 1268 1395 1297 volu-

296 1310 401 1347 ptarios
412 1318 509 1337 omnes
523 1307 647 1336 incitavit
659 1327 666 1341 7
688 1306 723 1334 sic
733 1305 768 1334 ad
779 1304 852 1333 illius
864 1304 935 1333 hanc
947 1304 1103 1333 orationem
1115 1304 1253 1334 adhinniit
1263 1328 1271 1340 7
1292 1312 1323 1335 ut
1337 1316 1394 1335 non

297 1347 454 1384 magistrum
465 1346 571 1374 virtutis
581 1366 589 1379 7
615 1343 662 1372 sed
674 1343 818 1372 authorem
830 1342 953 1380 libidinis
963 1352 978 1370 a
992 1341 1018 1370 se
1033 1341 1113 1371 illum
1128 1343 1274 1372 inventum
1285 1344 1396 1373 arbitra-

296 1391 379 1414 retur.
417 1384 478 1413 Hoc
491 1383 528 1412 est
539 1405 547 1418 7
568 1382 605 1411 Ea
619 1392 647 1410 re
658 1382 751 1411 audita
763 1381 799 1409 ita
811 1380 907 1409 exariit
921 1380 950 1408 in
960 1379 1132 1417 voluptatem
1141 1401 1149 1416 7
1170 1388 1202 1409 ut
1212 1403 1219 1416 7
1236 1382 1287 1411 &c.

240 1424 261 1453 A
269 1434 287 1452 D
296 1433 316 1452 H
325 1432 342 1451 o
351 1432 376 1451 c.
407 1421 439 1449 V.
457 1431 474 1449 A
484 1431 513 1450 n.

240 1461 262 1491 A
270 1472 288 1490 D
298 1470 318 1490 Η
327 1470 343 1489 o
352 1470 369 1488 R
378 1469 393 1488 R
403 1469 416 1488 1⁷.
424 1469 435 1488 s
444 1469 460 1488 c
468 1468 484 1487 o
495 1481 502 1493 7
523 1457 661 1487 adhorrui.
684 1452 860 1492 [ὲπιΦφὲτῖω]
889 1455 971 1485 Ovid.
982 1455 1017 1484 ad
1031 1454 1136 1484 Liviam
1151 1465 1214 1485 221.

355 1496 414 1535 lpse
428 1502 504 1534 pater
515 1496 591 1524 flavis
603 1495 760 1532 Tyberinus
777 1493 919 1522 adhorruit
931 1493 1021 1522 undis.
1098 1493 1161 1522 Hoc·
1172 1494 1209 1522 est
1219 1516 1226 1528 7
1247 1492 1333 1523 Valde
1348 1504 1393 1523 ve-

275 1535 474 1572 hementerque
494 1533 606 1562 horruit.
647 1532 697 1561 Vel
714 1532 756 1562 Ad
774 1531 901 1569 peditum
922 1533 947 1560 ὁὶ
966 1531 1091 1568 equitum
1109 1531 1259 1561 clamorem
1277 1531 1391 1561 horruit.

275 1573 326 1602 Vel
335 1595 343 1609 7
371 1572 522 1602 Exterritus
533 1572 571 1600 est
581 1571 616 1600 ad
627 1570 777 1599 clamorem
787 1569 814 1599 «Sc
824 1569 968 1606 planctum
979 1568 1134 1597 funebrem.
1155 1569 1189 1598 al.
1206 1569 1354 1599 Inhorruit.

237 1610 285 1641 An
294 1621 314 1640 H
323 1621 340 1640 o
351 1622 364 1639 a
374 1620 392 1639 >r
401 1621 442 1639 or<
451 1632 460 1644 7
495 1611 635 1646 [ὲγν-ελευω
649 1627 657 1636 .
688 1611 842 1643 περικκλὲω
853 1627 861 1639 ‚
890 1607 1031 1642 orengam]
1065 1607 1113 1636 firi.
1161 1607 1240 1638 Idem
1257 1607 1390 1645 fignificat

273 1648 350 1686 quod
363 1648 481 1677 Hortari.
511 1647 574 1676 Ter.
589 1647 688 1676 Heaut.
704 1656 727 1675 1.
744 1655 766 1674 1.
785 1650 810 1679 8.

349 1686 435 1722 Quod
448 1685 517 1714 mihi
529 1685 622 1714 videre
636 1690 733 1722 praeter
747 1688 855 1712 aetatem
868 1688 945 1711 tuam

347 1723 448 1753 Facere
457 1745 465 1758 7
488 1725 514 1753 Sc
525 1729 622 1761 praeter
637 1731 718 1759 quam
731 1731 773 1750 res
787 1729 814 1750 te
827 1720 988 1749 adhortatur
1000 1726 1056 1758 tua.

270 1761 408 1792 Adhortor
418 1762 453 1790 ad
464 1771 521 1790 rem
532 1760 659 1797 aliquam.
683 1759 741 1788 Cic.
776 1758 813 1788 Ut
830 1759 864 1787 ad
880 1758 1086 1788 defendendam
1100 1757 1238 1797 Rempub.
1251 1764 1279 1788 te
1290 1758 1388 1788 adhor-

289 1805 368 1829 tarer.
396 1799 474 1829 Idem
489 1809 508 1827 1.
525 1798 581 1827 Off.
622 1798 747 1828 Maxime
761 1806 797 1826 ne
810 1795 898 1834 poffet
909 1796 1057 1834 aliquando
1069 1797 1103 1825 ad
1114 1796 1218 1826 bellum
1228 1797 1388 1826 faciendum

289 1836 368 1867 locus
380 1836 436 1875 ipse
451 1836 596 1866 adhortari.
635 1836 666 1865 ld
680 1836 734 1871 est,
755 1835 928 1869 Admonere,
949 1841 997 1863 aut
1010 1835 1136 1864 Incitare.

269 1874 414 1904 Adhortari
425 1874 486 1903 sese.
519 1873 607 1903 Catul.
625 1879 667 1909 58.
683 1873 761 1911 Epig.
780 1872 814 1901 de
826 1872 1008 1909 Berecynthia
1024 1874 1050 1902 Sc
1067 1873 1128 1910 Aty7

349 1913 432 1943 Ferus
445 1912 498 1941 sese
512 1912 568 1949 ipse
580 1911 740 1942 adhortatus
750 1933 758 1946 7
784 1910 911 1948 rapidum
928 1911 1025 1940 incitat
1037 1911 1169 1941 animum.

288 1949 345 1979 Leo
359 1950 412 1980 sese
426 1951 460 1979 ad
473 1951 541 1979 iram
555 1959 664 1979 acuens.
702 1949 756 1979 Sed
771 1948 803 1978 V.
822 1947 851 1977 Is.
866 1947 936 1977 voff.

232 1986 279 2017 AD
288 1997 307 2016 H
317 1998 414 2017 ORTA
423 1998 442 2016 T
451 1999 459 2016 1
469 1998 486 2016 o
496 2010 503 2023 7
533 1988 593 2016 onis
624 1988 642 2016 f.
673 1986 883 2024 [ἐγκέλσβσμμ]
912 1985 971 2023 lpse
984 1987 1061 2015 adius
1074 1985 1247 2016 adhortandi.
1285 1985 1316 2015 Id
1337 1986 1383 2021 est,

268 2025 402 2055 Hortatiov
433 2025 490 2055 Cic.
505 2035 529 2054 2.
547 2025 582 2054 de
599 2025 675 2055 Orat.
691 2035 733 2054 11.
775 2023 879 2053 Omiffa
897 2023 986 2053 nostra
1000 2024 1211 2059 adhortatione,
1239 2022 1274 2053 ad
1287 2033 1385 2053 eorum

1078 665 1142 695 Hoc
1151 665 1188 694 est
1197 687 1205 701 7
1226 665 1290 694 Huc
1301 665 1398 694 oculos

1278 1909 1312 1939 Id
1329 1910 1384 1946 est,

267 2073 336 2100 quos
345 2063 539 2102 proposuimus
549 2085 557 2099 7
577 2063 731 2092 sermonem
741 2084 749 2097 7
771 2061 1041 2099 disputationemque
1053 2063 1205 2091 veniamus.

230 2100 305 2131 Ani-1
315 2111 488 2131 ORTATL'S
498 2123 506 2136 7
529 2104 567 2130 us.
589 2111 626 2130 m.
659 2101 746 2130 Idem.
762 2099 841 2137 Apul.
855 2099 934 2137 Apol.
949 2110 976 2137 p.
991 2105 1052 2133 228.
1088 2100 1155 2130 Meo
1170 2100 1325 2129 adhortatu.

228 2138 250 2167 A
258 2149 276 2167 D
286 2148 305 2167 1-1
314 2149 331 2168 o
340 2149 355 2167 R
364 2149 384 2167 T
392 2143 408 2168 Ᾰ
416 2150 437 2168 M
445 2149 458 2168 a
467 2149 486 2167 N
496 2161 504 2173 7
525 2140 588 2168 inis.
610 2148 637 2168 n.
657 2139 744 2168 Idem.
760 2137 840 2175 Apul.
852 2149 878 2173 4.
890 2137 962 2166 Flor.
1001 2138 1067 2167 Non
1076 2138 1164 2168 multa
1173 2138 1241 2167 mihi
1251 2139 1326 2176 apud
1334 2145 1384 2167 vos

264 2176 456 2206 adhortamina
469 2176 629 2214 suppetunt.

236 2213 257 2242 A
266 2224 284 2243 D
294 2224 312 2242 H
323 2225 339 2242 o
349 2225 363 2243 R
372 2219 415 2243 τᾸ
424 2224 492 2243 Tor.
502 2237 510 2249 7
541 2214 735 2251 [numeru]
756 2213 813 2249 Qui
825 2212 992 2242 adhortatur.
1016 2212 1072 2243 Liv.
1093 2222 1119 2251 7.
1160 2213 1259 2243 Utrum
1275 2214 1322 2250 qui
1338 2223 1383 2242 au-

265 2252 384 2281 diendus
395 2253 530 2281 duntaxat
541 2251 702 2289 magnificus
715 2251 874 2280 adhortator
890 2250 939 2286 lit,
959 2251 1049 2280 verbis
1066 2257 1175 2280 tantum
1192 2252 1270 2281 ferox
1280 2274 1288 2287 7
1316 2261 1382 2289 ope-

262 2299 324 2318 rum
335 2290 495 2319 militarium
507 2300 604 2328 expers
616 2299 622 2319 :
645 2299 680 2319 an
691 2290 737 2326 qui
747 2310 755 2324 7
774 2292 825 2318 &a

225 2326 373 2364 Annuc,
412 2330 516 2364 [μέχθι
539 2327 623 2363 rm,
653 2324 765 2362 wgaof'm
794 2322 879 2361 ἐιοέπ]
914 2326 983 2356 Adv.
1003 2326 1156 2364 temporis,
1188 2326 1262 2356 idem
1283 2326 1381 2363 fignifi-

262 2372 306 2394 cat
318 2366 394 2403 quod
404 2365 497 2403 Usque
512 2365 603 2395 adhuc
613 2387 620 2400 7
641 2364 774 2394 hactenus
784 2386 791 2400 7
814 2364 849 2393 ad
860 2364 913 2393 hoc
926 2371 1045 2401 tempus.
1086 2364 1277 2403 Compositum
1286 2365 1324 2393 est
1334 2374 1380 2393 au-

261 2410 319 2431 tem
335 2413 369 2432 ex
387 2403 429 2432 Ad
458 2403 554 2440 (quod
571 2410 628 2432 tam
648 2403 677 2431 in
696 2402 897 2440 compositione
918 2411 1000 2439 quam
1023 2402 1196 2440 appositione
1212 2403 1379 2440 quandoque

260 2440 393 2477 fignificat
404 2441 518 2478 Usque)
539 2440 706 2471 &adverbio
721 2440 800 2470 Huc:
831 2440 903 2477 quasi
919 2447 949 2469 tu
962 2440 1037 2469 dicas
1053 2439 1144 2477 Usque
1156 2440 1211 2469 huc
1221 2463 1229 2475 7
1249 2440 1293 2469 vel
1304 2441 1380 2470 Huc-

259 2488 365 2515 usque,
393 2479 422 2507 id
436 2479 490 2513 est,
520 2479 613 2515 Usque
632 2479 667 2507 ad
685 2478 747 2507 hoc.
784 2477 869 2507 Plaut.
889 2477 1004 2507 Trucul.
1026 2488 1052 2513 4.
1072 2487 1094 2513 3.
1116 2488 1160 2508 20.
1200 2478 1379 2508 Conveniunt

260 2516 352 2545 adhuc
371 2517 512 2552 utriusque
529 2517 618 2546 verba.
652 2516 709 2545 Cic.
728 2526 752 2552 7.
776 2516 829 2544 Att.
849 2525 891 2545 12.
932 2515 1022 2545 Unam
1041 2516 1132 2545 adhuc
1154 2526 1169 2545 a
1187 2522 1215 2545 te
1235 2516 1378 2554 epistolam

258 2563 429 2621 acceperagn.
458 2554 491 2583 Et
505 2558 530 2583 6.
548 2554 622 2584 Fam.
637 2564 679 2590 14.
716 2553 774 2591 Ego
788 2560 882 2582 tamen
899 2552 995 2583 Caesari
1006 2563 1057 2591 pro
1068 2560 1112 2590 te,
1134 2553 1203 2583 sicut
1212 2555 1303 2584 adhuc
1312 2554 1376 2589 feci,

270 2602 287 2620 u
341 2602 381 2621 rea
402 2602 429 2621 o.

259 2602 357 2659 Acpffuc
367 2652 375 2665 7
395 2639 445 2668 pro
456 2629 563 2666 Etiam,
583 2630 628 2659 vel
641 2629 780 2658 Praeterea.
804 2628 922 2665 Quintil.
953 2628 997 2657 Est
1006 2628 1097 2658 adhuc
1110 2629 1163 2658 alia
1172 2630 1200 2658 in
1211 2628 1377 2667 responden-

278 2667 316 2696 do
336 2667 429 2705 figura.
467 2667 525 2696 Cic.
541 2668 570 2696 in
584 2666 668 2696 Laelio
684 2676 726 2703 32.
772 2666 873 2696 Ortum
892 2666 1005 2704 quidem
1029 2668 1157 2696 amicitiae
1177 2668 1295 2703 videtis,
1326 2668 1377 2697 nisi

278 2705 346 2742 quid
359 2705 451 2734 adhuc
464 2705 535 2734 forte
549 2705 640 2734 vultis.

259 2743 374 2779 Adhuc,
403 2742 651 2772 Continuationem
669 2743 802 2780 temporis
820 2742 952 2778 denotat,
983 2743 1059 2780 quod
1076 2742 1180 2772 Gallica
1198 2742 1293 2780 lingua
1309 2742 1376 2772 dici-

277 2791 340 2810 mus
362 2787 458 2810 vincare.
489 2780 553 2810 Ter.
574 2780 682 2809 Phorm.
704 2789 728 2815 3.
750 2790 772 2809 1.
793 2790 835 2816 15.
875 2781 973 2810 Adhuc
991 2781 1139 2818 tranquilla
1152 2790 1194 2809 res
1211 2781 1256 2810 est.
1287 2780 1373 2810 Plaut.

276 2818 372 2848 Pseud.
386 2830 412 2854 4.
427 2827 452 2855 7.
465 2828 511 2855 77.
589 2835 626 2839 -
635 2818 694 2847 tun'
706 2817 789 2846 hodie

338 2856 378 2885 Ex
392 2857 510 2892 Sicyone
522 2855 577 2884 huc
588 2855 733 2893 pervenisti
743 2856 756 2883 ἶ)
786 2864 814 2884 H.
830 2854 886 2884 alto
899 2855 991 2884 adhuc
1005 2855 1127 2884 meridie.

277 2894 360 2923 Ovid.
379 2898 419 2923 16.
436 2894 518 2932 Epist.
531 2898 595 2929 263.
671 2892 814 2921 —Adhuc
828 2899 875 2921 tua
888 2892 977 2922 messis
990 2894 1019 2922 in
1034 2893 1117 2922 herba
1132 2893 1177 2922 est.

259 2932 356 2962 Adhuc
367 2931 510 2966 locorum7
532 2941 581 2969 pro
594 2930 707 2965 Adhuc,
728 2940 791 2959 nam
812 2930 975 2964 (locorum)
996 2938 1107 2960 ornatus
1119 2929 1315 2960 causatzmtum
1325 2941 1374 2969 po-

277 2971 369 3005 nitur,
396 2970 495 2999 eadem
506 2969 591 3006 figura
603 2978 657 3005 qua
674 2968 792 2997 dicimus
806 2967 914 3004 Ubique
933 2968 1058 2997 locorum
1069 2991 1077 3003 7
1108 2970 1133 2998 Se
1154 2969 1296 3005 Nusquam
1310 2980 1375 3006 gen-

277 3008 358 3038 tium.
389 3007 475 3036 Plaut.
493 3007 572 3045 Capt.
587 3016 609 3035 2.
627 3015 651 3042 3.
664 3015 708 3043 25.
749 3005 786 3034 Ut
806 3005 897 3034 adhuc
911 3005 1037 3035 Iocorum
1055 3007 1127 3042 feci,
1158 3007 1256 3036 faciam
1270 3007 1375 3036 sedulo.

279 3046 351 3075 conf-
365 3045 406 3076 Ad
416 3045 445 3074 id
456 3045 544 3075 locor.
555 3054 585 3074 m
600 3054 655 3073 AD.

662 3144 691 3179 A
786 3144 819 3178 D
917 3143 933 3179 Ῑ

223 3230 271 3259 AD
281 3240 289 3257 1
300 3238 442 3265 ABARAE,
463 3230 609 3268 AEthiopiae
619 3229 716 3268 populi
727 3228 797 3258 sunt.
819 3228 887 3258 Plin.
901 3228 949 3258 lib.
961 3231 986 3257 6.
1000 3238 1059 3266 cap.
1074 3238 1116 3265 30.
1153 3229 1262 3259 Deinde
1277 3236 1373 3259 contra

261 3266 379 3296 Meroen
390 3268 528 3305 Megabari
540 3290 547 3303 7
569 3278 638 3305 quos
650 3267 733 3305 aliqui
744 3267 888 3296 Adiabaras
904 3267 1089 3295 nominavere.

225 3305 246 3335 A
254 3314 271 3333 D
281 3315 289 3332 1
299 3314 317 3332 A
327 3314 341 3333 1¹-
350 3315 363 3333 ε
372 3314 391 3333 N
402 3315 421 3333 A
431 3327 438 3340 7
459 3305 502 3334 vel
525 3307 543 3335 A
553 3316 569 3333 o
579 3317 587 3334 1
596 3315 616 3334 A
625 3316 639 3333 u
648 3315 662 3334 Ε
671 3316 690 3334 N
699 3315 713 3334 F.
724 3327 732 3341 7
759 3305 846 3342 Regio
862 3304 1003 3333 orientalis
1019 3313 1106 3342 prope
1124 3299 1303 3341 Babyloniam
1314 3327 1321 3339 7
1342 3311 1374 3334 ut

261 3342 360 3370 author
379 3343 417 3371 est
433 3343 528 3372 Strabo
542 3343 589 3372 lib.
606 3346 646 3372 16.
676 3343 744 3372 Plin.
759 3343 806 3372 lib.
822 3354 845 3379 5.
861 3352 920 3379 cup.
936 3352 975 3371 12.
1013 3342 1169 3376 Adiabene,
1191 3342 1290 3379 Assyria
1309 3349 1372 3372 ante

263 3379 343 3408 dicta.
381 3380 536 3417 Stephanus
555 3381 674 3410 ostendit
692 3381 811 3410 mediam
829 3380 906 3410 fiiill‘e
927 3380 998 3408 inter
1021 3379 1188 3417 Euphratem
1211 3381 1236 3408 Sc
1255 3379 1369 3417 Tigrim.

260 3416 342 3446 Unde
355 3419 380 3447 Sc
392 3418 504 3447 Mesene
514 3418 544 3446 sit
555 3419 636 3447 dic‘ta.
671 3418 790 3448 Volater.
812 3418 847 3447 sic
862 3419 962 3447 dictam
978 3423 1056 3454 putat
1070 3413 1113 3443 κνὲ
1132 3416 1159 3443 ιὲ
1177 3418 1209 3449 μὴ
1224 3412 1371 3452 :Ale-:mem

263 3455 291 3482 id
310 3455 365 3489 est,
397 3465 411 3483 a
428 3465 486 3483 non
507 3456 693 3492 permeando7
724 3456 799 3485 cuod
817 3456 854 3485 ibi
879 3455 1029 3493 Euphrates
1052 3455 1082 3483 lit
1100 3454 1215 3483 minime
1229 3455 1298 3483 vado
1312 3465 1372 3492 per-

263 3492 397 3521 meabilis.
448 3492 570 3528 Quidam
588 3493 652 3521 hinc
667 3468 833 3523 vocabulum
852 3494 971 3522 inditum
995 3499 1093 3530 putant
1110 3492 1267 3527 Adiabene7
1296 3493 1372 3530 quod

260 3529 297 3557 ob
313 3530 494 3566 frequentiam
509 3531 711 3560 occurrentium
724 3532 871 3560 fluminum
894 3530 997 3560 transiri
1017 3530 1097 3559 facile
1111 3539 1167 3558 non
1186 3529 1274 3566 possit.
1316 3530 1372 3560 Sed

263 3567 352 3596 verius
369 3568 527 3596 Ammianus
541 3577 555 3595 a
573 3567 656 3596 Dixrbzi
674 3569 700 3597 fl.
721 3569 822 3598 dictam
837 3568 990 3598 contendit.
1031 3567 1060 3595 V.
1084 3567 1179 3596 cellar.

226 3605 246 3634 A
255 3614 273 3632 1)
284 3614 290 3631 1
302 3614 318 3632 Α
329 3615 342 3643 1}
353 3615 365 3632 r.
375 3615 392 3633 N
402 3616 409 3633 1
420 3614 436 3632 c.
447 3615 463 3633 υ
472 3614 484 3633 s
495 3626 502 3639 7
524 3605 583 3639 Adj-
604 3604 740 3642 trequens
753 3607 779 3635 in
792 3607 1011 3641 Cognominibus
1022 3604 1197 3643 Imperatoris
1207 3604 1297 3633 Severi
1307 3626 1314 3639 7
1336 3605 1372 3634 de

262 3651 316 3678 quo
328 3643 425 3670 Sextus
443 3642 529 3671 Rufus
544 3652 603 3678 cap.
616 3650 659 3671 21.
700 3644 771 3672 Huic
791 3645 957 3680 cognomina
974 3653 1007 3672 ex
1024 3643 1146 3672 victoriis
1166 3642 1274 3678 quaesita
1291 3641 1370 3677 sunt7

261 3689 323 3707 nam
339 3680 490 3715 l’.:rrhicus7
512 3680 693 3708 Adiabenicus
706 3682 731 3709 δ’(
742 3680 869 3711 Arabicus
881 3682 918 3710 est
929 3681 1148 3718 cognomimtus.
1165 3680 1236 3709 adde
1248 3678 1372 3717 Inscript.

261 3716 368 3745 Gruteri
384 3727 409 3754 p.
427 3727 448 3745 1.
466 3727 504 3745 11.
523 3720 602 3746 &22.
619 3719 669 3746 &u

224 3754 288 3787 An]
301 3764 358 3795 “¹².''
375 3766 410 3787 υ,
433 3755 458 3782 ui
471 3777 478 3788 7
506 3751 638 3789 [mv-rimu
652 3754 695 3787 cur]
722 3757 775 3783 Ere.
815 3755 896 3790 Juxta
911 3756 957 3786 vel
977 3766 1063 3794 prope
1079 3757 1176 3792 jacere.
1210 3753 1267 3784 Liv.
1281 3764 1306 3784 2.
1325 3765 1369 3791 49.

258 3791 384 3820 Thulcus
398 3802 460 3827 ager
476 3791 601 3820 Romano
614 3791 728 3824 adiacet.

259 3829 394 3861 Adiacens
406 3826 490 3857 insula
502 3829 602 3858 dicitur
612 3850 619 3863 7
644 3839 704 3865 qua·
715 3829 752 3857 est
762 3829 810 3857 Pro
821 3840 848 3857 ne
858 3830 928 3858 :vdes
938 3852 946 3864 7
968 3841 1024 3859 non
1037 3838 1128 3860 tamen
1143 3832 1292 3865 conjunna
1303 3839 1370 3858 con-

258 3867 345 3895 textui
358 3866 543 3895 :edificiorum
573 3866 589 3894 l.
604 3876 643 3899 ις.
661 3869 679 3902 §-
696 3877 735 3901 14.
759 3866 789 3895 1).
808 3840 842 3895 dc
857 3868 958 3896 (Iamno
973 3869 1084 3898 infecto.
1128 3869 1196 3897 Item
1211 3869 1278 3906 quid
1294 3868 1368 3897 dice-

257 3913 318 3933 mus
333 3903 351 3932 fi
366 3903 452 3933 insula
465 3904 591 3939 adjacens
606 3903 703 3941 domui
716 3905 814 3933 vitium
828 3905 930 3933 iaciat?
1310 3927 1326 3942 τ,

1869 98 1895 132 Α
1993 99 2025 132 D
2124 98 2139 132 1

1456 180 1478 208 A
1486 189 1503 207 n
1515 189 1522 206 1
1533 188 1548 206 A
1557 188 1577 207 N
1586 188 1602 207 o
1612 181 1627 206 ἓ
1638 187 1655 205 τ
1667 188 1683 205 A
1694 199 1701 211 7
1724 173 1907 213 [dzloem'nw]
1928 178 1990 207 sunt
2000 200 2008 213 7
2030 178 2100 214 Qua?
2110 178 2199 208 verbis
2209 185 2311 216 aperta,
2330 178 2456 208 occultos
2466 179 2556 208 sensus
2567 179 2613 209 ha-

1495 215 1580 244 bent:
1605 215 1726 252 mystica.
1750 215 1853 244 Author
1866 216 1984 252 Quintil.
2002 215 2048 245 lib.
2062 223 2086 250 8.
2108 226 2167 253 cap.
2181 226 2205 245 2.

1458 253 1479 283 A
1489 264 1504 282 o
1516 265 1522 281 1
1535 264 1552 281 A
1562 263 1580 281 N
1590 262 1608 281 'r
1618 263 1634 281 υ
1645 264 1663 280 M
1676 275 1683 286 7
1705 253 1722 281 i.
1745 262 1771 280 n.
1792 249 1946 287 [de-Num]
1974 254 2081 287 Herba7
2104 254 2176 282 diota
2189 253 2221 282 ab
2234 265 2251 279 οι
2263 254 2289 282 Sc
2304 249 2383 278 ὧωάνω
2394 271 2400 282 ,

1498 292 1556 324 eius
1571 300 1640 327 aqua
1658 289 1796 327 perfusum
1820 300 1877 318 non
1896 291 2041 325 madefiat.
2070 291 2140 320 {icco
2157 290 2263 328 semper
2281 289 2374 319 limile.
2415 290 2504 327 Vulgo
2524 291 2614 329 Capil-

1497 328 1539 357 lus
1560 328 1672 356 Veneris
1688 328 1798 356 dicitur.
1836 327 1881 356 Sic
1899 329 1973 357 enim
1986 329 2067 358 vertit
2078 329 2252 357 Theodorus.
2284 327 2352 356 Plin.
2367 337 2410 357 22.
2433 337 2484 357 21:
2509 337 2552 365 27.
2573 338 2613 365 13.

1497 367 1522 395 &
1536 371 1579 399 28.
1601 375 1641 393 11.
1674 365 1752 401 Apul.
1773 365 1807 392 de
1820 365 1901 394 Herb.
1916 375 1975 404 cap.
1986 376 2031 403 47.
2051 377 2093 401 51.
2112 368 2138 396 ἃ
2150 375 2193 402 97.
2234 364 2399 395 Matthiolus
2416 366 2532 395 eandem
2550 376 2615 395 cum

1495 403 1663 439 Paronychia
1678 403 1808 436 relinquit

1459 441 1480 470 A
1489 451 1505 469 o
1514 452 1522 468 1
1532 451 1550 468 A
1561 451 1572 468 r
1582 450 1599 467 u
1610 450 1626 468 o
1637 450 1667 467 ai
1678 450 1695 467 A
1708 462 1715 473 7
1738 440 1862 476 Qualitas
1873 450 1963 469 rerum
1975 463 1982 476 7
2005 451 2053 477 per
2065 450 2145 477 quam
2159 437 2348 469 indifferentes
2358 439 2502 469 hibentur.
2542 440 2613 470 Item

1495 479 1523 507 in
1542 484 1667 506 neutram
1688 484 1794 514 partem
1812 478 1967 507 Inclinatio.
1999 479 2056 508 Cic.
2070 491 2094 509 4-
2107 477 2188 506 Acad.
2227 477 2341 506 Aristoni
2355 477 2492 506 summum
2507 477 2613 507 bonurn

1495 516 1534 582 gst
1546 537 1553 548 7
1581 516 1609 543 in
1622 515 1663 543 his
1681 515 1763 544 rebus
1782 522 1908 545 neutram
1926 517 1956 544 in
1973 522 2079 554 partem
2095 515 2200 544 moveri
2212 537 2219 549 7
2249 524 2308 552 qua*
2324 515 2490 552 Adiaphoria
2502 515 2535 544 ab
2554 515 2612 554 ipso

1517 560 1604 582 icitur.

1458 591 1479 620 A
1488 602 1505 619 r>
1515 602 1523 618 1
1535 601 1551 618 A
1563 600 1575 617 r
1584 599 1602 618 H
1612 599 1629 618 o
1637 599 1653 617 R
1661 599 1678 617 o
1688 599 1708 617 N
1718 611 1725 623 7
1747 589 1804 619 Cic.
1826 591 1907 620 vertit
1919 588 2092 620 Indifferens.
2114 589 2162 618 lib.
2178 598 2202 625 3.
2218 590 2252 619 de
2263 590 2322 619 Fin.
2340 594 2382 619 16.
2409 590 2430 620 A
2441 590 2541 620 Graecis
2551 595 2611 627 tum

1496 623 1630 662 ἀΔζρῖφορω
1642 645 1648 654 ‚
1669 632 1729 655 tum
1743 629 1807 661 μέσα
1822 636 1956 657 vocantur
1966 650 1974 662 7
1996 638 2055 664 qua‘
2068 628 2095 656 in
2108 627 2201 656 medio
2213 627 2275 657 sunt
2311 628 2382 657 Gell.
2396 638 2419 656 2.
2434 638 2460 665 7.
2606 628 2608 630 ’

1458 666 1479 695 Α
1488 676 1503 694 n
1515 677 1521 693 1
1532 676 1549 693 A
1559 675 1577 693 'r
1585 675 1601 693 o
1610 674 1624 692 r.
1635 675 1643 691 1
1653 674 1671 693 x
1681 686 1688 698 7
1711 666 1726 700 [
1736 659 1903 701 Azlgss-nffi]
1932 665 2066 695 Meneclii
2084 665 2228 699 cuiusdam
2241 665 2352 694 Galatiae
2366 665 2522 695 Tetrarchae⁴
2538 665 2610 696 filius

1493 704 1562 735 fuit7
1593 702 1639 739 qui
1657 711 1721 730 curn
1739 702 1812 740 apud
1832 703 1994 733 Heracleam
2014 703 2154 732 Ponticum
2167 725 2174 738 7
2206 702 2345 732 coloniam
2364 703 2553 732 Romanorum
2576 714 2610 733 eo

1494 740 1599 769 millum
1609 761 1617 774 7
1638 741 1720 768 nocte
1732 750 1786 769 una
1797 740 1866 776 juffu
1878 741 1989 770 Antonii
2000 740 2145 777 jugulasset
2155 763 2163 776 7
2186 741 2271 778 paulo
2283 741 2342 778 post
2355 742 2383 769 in
2395 741 2490 778 praelio
2500 742 2610 770 Actiaco

1493 788 1589 844 lcaptus
1599 777 1655 843 7d&
1665 777 1693 843 ἰὲι
1703 778 1844 844 tlriumpho
1857 779 2062 808 circumcinetus
2072 801 2080 815 7
2102 788 2157 808 una
2166 788 2230 807 cum
2240 777 2297 807 filio
2305 778 2445 816 jugulatus
2456 779 2502 808 est.
2524 779 2613 808 Strab-

1505 816 1540 844 ib.
1558 825 1597 844 12.
1633 824 1669 843 uo
1691 838 1697 843 .
1719 825 1779 844 occ.
2165 843 2167 846 ,

1455 853 1476 882 A
1486 864 1503 882 D
1513 864 1519 881 1
1531 863 1549 881 A
1557 863 1575 881 T
1584 863 1599 881 r.
1608 863 1622 881 E
1630 862 1643 880 Ρ
1651 862 1663 881 s
1672 863 1680 880 1
1690 862 1709 881 A
1720 875 1727 888 7
1750 863 1779 882 ae.
1800 853 1818 883 f.
1841 847 2048 890 [oizlgagffila‘x]
2076 853 2253 892 Impudentia
2265 876 2273 889 7
2294 853 2444 883 Pertinacia
2455 853 2539 882 animi
2550 854 2611 891 rigi-

1494 891 1587 920 dioris.
1628 889 1705 919 Nihil
1723 891 1808 928 magis
1827 892 1855 920 in
1872 898 1969 920 natura
1980 891 2026 920 sua
2041 892 2152 921 laudare
2169 892 2213 927 se,
2235 901 2267 921 ac
2278 892 2411 929 probare,
2439 901 2521 926 quam
2538 892 2610 921 adia-

1494 928 1620 967 trepfiam
1630 950 1638 962 7
1660 928 1770 957 dicebat
1781 928 1904 966 Caligula
1917 929 1991 966 apud
2003 929 2077 959 Suet.
2093 940 2152 967 cap.
2166 939 2209 966 29.

1456 967 1478 996 A
1486 977 1504 996 D
1514 977 1548 995 υ)
1557 976 1571 995 E
1579 976 1590 995 s
1598 988 1606 1001 7
1621 965 1684 995 Teli
1694 975 1779 1003 genus
1791 966 1843 995 esse
1852 974 1930 1004 putat
1941 967 2113 1005 Sipontinus7
2125 968 2246 1005 citatque
2255 967 2350 996 locum
2359 967 2461 1004 Virg.7.
2472 966 2534 997 ΖΕΗ.
2546 976 2608 1005 730.

1647 1019 1685 1024 ·——
1695 1010 1795 1033 teretes
1807 1004 1869 1033 sunt
1879 1005 1975 1034 adides
1986 1005 2039 1034 illis

1569 1040 1655 1076 Tela,
1677 1042 1727 1071 &a
1803 1042 1858 1072 Sed
1868 1042 1906 1071 ibi
1919 1042 2026 1072 Aclides
2038 1042 2196 1080 legendum.
2221 1042 2252 1072 V.
2274 1052 2388 1072 ACLIS.

1455 1078 1659 1114 Aanc>r107
1681 1080 1927 1115 AnJEemvus,
1948 1082 2161 1117 ADJrc'rus7
2180 1082 2220 1110 us.
2253 1080 2282 1110 V.
2302 1089 2463 1115 Aojrcro.

1454 1119 1588 1151 Anfco7
1610 1117 1672 1154 Egi,
1692 1118 1804 1153 aetum,
1834 1114 1954 1153 [inviam7
1980 1115 2134 1154 ἀνοιγυέζω,
2155 1118 2293 1154 βιάζοὶιιαᾳ]
2324 1128 2378 1148 ere.
2410 1118 2441 1146 Vi
2455 1117 2607 1155 impellere,

1491 1155 1559 1184 ficut
1568 1154 1705 1184 Feriendo
1720 1155 1855 1193 adigimus
1867 1165 1997 1185 cuneum.
2030 1155 2098 1184 Plin.
2115 1155 2163 1185 lib.
2178 1160 2219 1186 16.
2236 1166 2295 1194 cap.
2311 1167 2351 1185 10.
2389 1156 2423 1185 In
2434 1155 2518 1193 ipsam
2531 1156 2609 1185 arbo-

1490 1202 1547 1221 rem
1559 1192 1652 1222 clavus
1662 1193 1763 1222 ferreus
1774 1194 1906 1231 adigatur.
1935 1194 2012 1223 Idem
2025 1192 2073 1222 lib.
2091 1203 2132 1230 17.
2149 1204 2209 1231 cap.
2225 1203 2266 1231 17.
2304 1195 2331 1223 Si
2341 1194 2455 1223 vastiore
2464 1204 2541 1223 ramo
2552 1194 2609 1232 pali

1489 1230 1576 1259 modo
1588 1237 1707 1260 exacuto
1721 1231 1844 1268 adigatur
1855 1231 1909 1261 alte
1920 1254 1928 1267 7
1949 1231 2050 1268 exiguo
2061 1230 2141 1269 super
2156 1238 2255 1261 terram
2267 1231 2363 1261 relicto
2374 1233 2473 1269 capite.

1489 1269 1587 1305 Adigas
1597 1290 1605 1303 7
1626 1268 1655 1297 id
1667 1268 1704 1298 est
1713 1291 1720 1304 7
1742 1269 1812 1299 Dare
1824 1279 1914 1306 cogas.
1934 1269 2037 1299 Festus.
2078 1269 2188 1305 [Locus
2200 1277 2345 1307 corruptus
2356 1271 2382 1299 &
2392 1271 2465 1299 varie
2475 1275 2605 1300 tentatus.

1506 1306 1664 1335 Verisimilis
1676 1308 1833 1342 conjet‘Tura
1844 1307 1942 1345 Scalig.
1964 1307 2045 1336 Adire
2057 1316 2147 1344 cogas.

1487 1341 1620 1381 Adigere7
1641 1344 1734 1381 Usque
1747 1344 1781 1373 ad
1795 1344 1898 1382 aliquid
1914 1355 2010 1382 agere7
2032 1344 2084 1373 five
2100 1346 2195 1380 iacere.
2227 1343 2321 1374 Caesar.
2336 1353 2360 1381 3.
2381 1344 2449 1374 Bell.
2467 1344 2547 1374 Civil.
2561 1355 2605 1380 5¹·

1505 1382 1652 1419 Pompeius
1669 1381 1808 1412 tumulum
1830 1383 1969 1420 quendam
1985 1383 2150 1420 occupavit,
2179 1382 2226 1420 qui
2246 1388 2355 1411 tantum
2372 1382 2465 1412 aberat
2482 1393 2497 1412 a
2513 1383 2606 1412 nostro

1505 1419 1614 1448 castello
1625 1441 1632 1454 7
1662 1426 1693 1448 ut
1707 1419 1795 1449 telum
1812 1426 2018 1450 tormentumve
2033 1420 2142 1450 missum
2161 1420 2234 1457 adigi
2251 1430 2309 1449 non
2321 1419 2416 1458 posset.
2452 1422 2469 1456 [
2478 1420 2609 1458 Castigati

1506 1457 1595 1486 Codd.
1607 1457 1741 1487 exhibent
1758 1460 1859 1495 Adjici,
1884 1459 1969 1496 idque
1986 1457 2082 1487 Caesari
2100 1459 2254 1488 admodum
2273 1458 2416 1488 familiare.
2445 1458 2477 1488 V.
2499 1458 2530 1487 in
2548 1468 2610 1488 AD-

2427 253 2502 289 quod
2513 253 2614 283 folium

1505 1504 1609 1527 nero.

1484 1533 1600 1570 Adigere
1611 1543 1702 1563 naves.
1734 1532 1797 1563 Hoc
1806 1533 1861 1570 est,
1881 1535 1985 1571 Agere,
2006 1533 2163 1564 admovere.
2193 1532 2281 1563 Tacit.
2295 1543 2322 1563 2.
2335 1533 2405 1563 Ann.
2417 1542 2444 1571 7.

1483 1570 1600 1600 Vulnus.
1627 1571 1717 1601 Tacit.
1729 1575 1754 1601 6.
1767 1572 1836 1601 Ann.
1848 1581 1892 1609 35.
1921 1572 1952 1601 V.
1968 1581 2035 1602 mox
2051 1582 2096 1601 AD
2106 1581 2125 1600 A
2134 1581 2206 1601 c‘ru
2215 1581 2234 1601 s.

1483 1608 1581 1638 Ensem
1593 1609 1621 1637 in
1634 1611 1741 1647 pectus.
1761 1609 1844 1639 Ovid.
1857 1621 1880 1645 5.
1895 1609 1965 1639 Met.
1977 1620 2021 1647 70.
2063 1609 2097 1639 Et
2110 1610 2139 1638 in
2151 1610 2243 1639 media
2254 1609 2414 1648 praecordia.
2433 1609 2481 1641 Sil.
2493 1608 2543 1640 lib.
2555 1617 2581 1648 7.

1480 1646 1609 1684 Aliquem
1620 1647 1655 1676 ad
1667 1646 1776 1677 umbras
1788 1647 1915 1677 infernas.
1942 1647 2015 1685 Virg.
2027 1659 2052 1683 4.
2070 1648 2132 1678 AEn.
2145 1657 2190 1683 24.
2208 1649 2261 1677 ἃς.

1561 1684 1616 1714 Sed
1629 1685 1698 1714 mihi
1712 1685 1756 1714 vel
1769 1684 1851 1714 tellus
1863 1692 1960 1723 optem
1974 1686 2050 1723 prius
2064 1687 2119 1715 ima
2133 1685 2263 1722 dehiscat,

1562 1721 1612 1751 Vel
1626 1729 1702 1760 pater
1713 1723 1890 1761 omnipotens
1905 1723 1997 1760 adigat
2011 1734 2055 1753 me
2069 1722 2187 1753 fulmine
2200 1724 2235 1752 ad
2248 1723 2369 1759 umbras,

1559 1759 1695 1790 Pallentes
1709 1761 1818 1790 umbras
1832 1760 1912 1790 Erebi
1922 1783 1929 1797 7
1951 1762 2118 1799 noctemque
2132 1761 2308 1798 profundam,

1561 1798 1629 1827 Ante
1641 1821 1649 1834 7
1670 1799 1761 1836 pudor
1771 1821 1779 1833 7
1800 1808 1882 1836 quam
1893 1805 1921 1827 te
1931 1799 2033 1828 violem
2043 1821 2051 1835 7
2072 1805 2120 1829 aut
2130 1806 2177 1828 tua
2188 1800 2248 1835 jura
2264 1799 2406 1829 resolvam.

1479 1834 1584 1873 Adigo,
1606 1845 1671 1865 cum
1681 1836 1826 1866 infinitivo.
1853 1836 1927 1874 Virg.
1940 1840 1967 1866 6.
1982 1837 2118 1874 AEn.695.

1637 1890 1674 1895 —
1683 1880 1730 1903 tua
1743 1884 1788 1904 me
1802 1874 1909 1912 genitor
1918 1896 1926 1909 7
1947 1880 1995 1903 tua
2008 1875 2088 1904 tristis
2102 1875 2193 1913 imago

1519 1947 1525 1953 ⁶
1556 1910 1662 1949 Saepius
1673 1921 1837 1947 occurrens,
1858 1912 1917 1941 haec
1930 1911 2026 1942 limina
2038 1913 2152 1942 tendere
2165 1913 2264 1951 adegit.

1498 1957 1557 1977 mre
1573 1959 1618 1979 me
1631 1949 1760 1987 impulit,
1781 1950 1881 1987 coegit.

1477 1985 1593 2023 Adigere
1604 2010 1611 2022 7
1633 1997 1682 2025 per
1697 1988 1905 2026 metaphoram,
1927 1988 2074 2019 Concitare
2085 2011 2093 2024 7
2113 1988 2268 2026 Impellere.
2298 1988 2363 2019 Ter.
2381 1987 2459 2019 Adel.
2475 1998 2498 2017 1.
2514 1998 2540 2017 2.
2555 1997 2598 2024 31.

1557 2024 1601 2054 Tu
1613 2025 1698 2054 homo
1712 2026 1805 2063 adiges
1817 2035 1862 2055 me
1875 2026 1911 2055 ad
1923 2026 2064 2055 insaniam.
2139 2027 2219 2057 Idem
2234 2027 2304 2057 Eun.
2317 2037 2343 2056 2.
2357 2037 2379 2056 1.
2398 2037 2440 2062 13-
2503 2026 2598 2056 Noctu

1495 2067 1522 2089 te
1535 2063 1647 2103 adigerit
1658 2063 1767 2092 horsum
1778 2063 1921 2093 insomnia.
1962 2063 2113 2100 [Ridicule
2124 2065 2196 2102 quasi
2207 2065 2242 2094 de
2252 2064 2491 2094 somnambulone.
2515 2064 2599 2094 forte

1495 2099 1601 2137 Adiget.
1643 2101 1728 2137 Quod
1746 2108 1903 2139 opportune
1919 2102 2001 2131 video
2013 2103 2096 2132 codd.
2110 2103 2187 2133 MSS.
2206 2104 2368 2132 auctoritate
2383 2104 2410 2132 Sc
2422 2102 2464 2132 Cl.
2478 2102 2596 2137 Bentleii

1498 2137 1601 2180 iudicio
1617 2139 1799 2176 comprobari.
1814 2170 1820 2176 ‚

1475 2173 1591 2212 Adigere
1603 2177 1763 2207 arbitrium:
1786 2176 1848 2212 vel7
1869 2177 1984 2214 Adigere
2001 2176 2153 2213 arbitrum,
2173 2177 2331 2208 locutiones
2349 2177 2413 2208 sunt
2429 2188 2445 2207 a
2459 2176 2597 2207 veteribus

1494 2213 1596 2243 usitatae
1606 2237 1614 2246 7
1635 2225 1686 2252 pro
1697 2216 1781 2253 Agere
1794 2216 1829 2245 ad
1841 2215 1982 2244 arbitrium
1992 2237 2000 2250 7
2021 2226 2072 2258 pro
2082 2239 2090 2251 7
2111 2226 2190 2253 agere
2200 2217 2246 2252 in,
2267 2217 2311 2245 vel
2321 2217 2354 2245 ad
2365 2215 2516 2252 Judicium.
2540 2214 2598 2244 Cic·

1493 2260 1544 2288 pro
1556 2252 1633 2281 Rosc.
1646 2252 1725 2282 Com.
1737 2262 1781 2290 25.

1494 2290 1563 2326 geris
1581 2291 1617 2327 Q.
1636 2290 1784 2326 Roscium7
1806 2301 1905 2329 quaero.
1945 2291 2023 2321 Idem
2039 2301 2061 2327 3.
2082 2291 2139 2321 Off.
2156 2295 2200 2321 66.
2238 2292 2515 2330 ItaqueCalpurnius
2531 2301 2596 2320 cum

1493 2327 1642 2358 demolitus
1659 2328 1741 2363 effet7
1774 2328 1997 2366 cognovissetque
2023 2329 2155 2358 Clodium
2180 2330 2252 2359 aedes
2278 2330 2372 2367 postea
2397 2329 2594 2367 proscripsiffe7

1494 2374 1575 2401 quam
1589 2366 1656 2395 esset
1671 2367 1704 2395 ab
1722 2367 1851 2404 Augurib.
1869 2366 1996 2395 demoliri
2006 2367 2107 2403 jussus,
2129 2366 2268 2396 Arbitrum
2279 2368 2358 2397 illum
2369 2367 2478 2404 adegit,
2509 2367 2595 2404 Quic-

1493 2403 1560 2439 quid
1572 2404 1620 2433 fibi
1630 2404 1702 2434 Dare
1717 2405 1806 2434 facere
1820 2410 1960 2443 oporteret
1979 2414 2013 2434 ex
2024 2405 2079 2434 fide
2094 2404 2174 2434 bona.
2208 2405 2238 2434 V.
2261 2412 2320 2435 not.
2333 2406 2388 2435 VV.
2407 2405 2468 2435 DD.
2485 2405 2520 2435 ad
2535 2405 2590 2435 loc.

1491 2448 1583 2470 utrum
1605 2463 1612 2469 .
1886 2461 1889 2462 .

1472 2452 1772 2515 Adigereqsacramento
1782 2502 1790 2514 7
1811 2480 1855 2510 vel
1872 2479 2049 2518 jurejurando
2059 2502 2067 2513 7
2089 2480 2142 2509 sive
2155 2479 2190 2509 ad
2205 2480 2397 2517 jusjurandum
2408 2504 2416 2517 7
2446 2481 2547 2511 dicitur
2563 2480 2590 2511 Is

1492 2517 1537 2553 qui
1551 2519 1694 2555 conceptis
1711 2518 1799 2547 verbis
1811 2517 1895 2548 alium
1907 2520 1996 2554 jurare
2010 2519 2092 2555 cogit.
2129 2518 2169 2547 Ex
2183 2518 2294 2548 Budaeo.
2325 2519 2390 2548 Caes.
2402 2529 2425 2556 7.
2443 2519 2510 2549 Bell.
2522 2519 2592 2548 Gall.

1492 2558 1536 2590 67.
1573 2554 1687 2585 Probata
1701 2566 1728 2585 re
1739 2579 1746 2590 7
1767 2564 1849 2593 atque
1865 2556 1995 2585 omnibus
2012 2556 2046 2584 ad
2062 2556 2254 2591 jusjurandum
2271 2557 2382 2587 adactis.
2412 2557 2470 2587 Liv.
2482 2568 2509 2594 4.
2523 2555 2593 2586 Bell.

1490 2591 1558 2621 Pun.
1597 2593 1756 2631 Citatosque
1770 2594 1888 2630 fingulos
1899 2595 2078 2630 jurejurando
2093 2594 2209 2631 adigam.

1470 2628 1648 2660 Sacramento
1659 2631 1775 2667 alicujus
1787 2632 1895 2673 adigere
1907 2632 2039 2669 legiones.
2067 2632 2156 2661 Tacit.
2172 2642 2194 2661 1.
2211 2632 2278 2661 Hist.
2292 2641 2333 2669 37.

1470 2667 1804 2709 Adigerejusiurandum7
1826 2671 1881 2699 line
1893 2670 2093 2708 praepositione.
2120 2669 2177 2699 Liv.
2194 2681 2216 2706 ς.
2236 2670 2339 2699 Decad.
2355 2669 2402 2699 lib.
2417 2679 2441 2707 3.
2481 2670 2522 2702 Ita
2535 2670 2592 2707 jus-

1488 2707 1637 2740 jurandum
1656 2707 1810 2743 adigebant.
1857 2707 2002 2745 Loquendi
2023 2717 2109 2744 genus
2129 2707 2166 2736 est
2186 2718 2243 2737 non
2268 2708 2493 2745 improbandum.
2523 2718 2588 2738 nam

1489 2744 1564 2779 apud
1580 2751 1685 2774 veteres
1705 2745 1734 2773 in
1751 2745 1839 2774 verbis
1859 2745 2017 2782 compositis
2037 2755 2095 2773 non
2115 2745 2219 2775 solebat
2235 2746 2390 2784 przepolitio
2407 2747 2504 2784 repeti.
2544 2746 2590 2775 Sic

1489 2780 1556 2810 Hor.
1574 2792 1597 2811 1.
1616 2782 1697 2820 Epist.
1713 2788 1754 2817 18.
1770 2786 1810 2812 16.
1847 2783 2021 2821 Propugnare
2037 2784 2117 2819 nugis
2134 2784 2214 2814 dixit.
2256 2784 2335 2819 [Nili
2353 2784 2588 2822 distinguendum

1494 2823 1631 2855 Propugnat
1643 2841 1649 2852 7
1668 2822 1736 2856 nugis
1751 2828 1863 2847 armatus
1875 2842 1880 2852 7
1900 2821 2032 2859 quicquid
2045 2822 2070 2850 Sc
2083 2820 2217 2850 LumbIno
2228 2822 2345 2850 videtur.

2342 1912 2374 1943 Id
2393 1912 2449 1949 est,
2478 1912 2542 1942 Huc
2553 1922 2600 1942 ve-

1468 2855 1585 2893 Adigere
1601 2858 1628 2886 in
1645 2858 1726 2887 verba
1738 2880 1746 2893 7
1774 2858 1878 2894 Cogere
1894 2860 2053 2896 quempiam
2070 2866 2101 2888 ut
2118 2859 2147 2887 in
2167 2860 2256 2888 nostra
2272 2859 2352 2888 verba
2370 2859 2450 2895 juret.
2481 2858 2546 2888 Caes.
2560 2868 2586 2888 2.
2622 2892 2627 2899 N

1487 2894 1555 2923 Bell.
1570 2895 1648 2924 Civil.
1666 2901 1707 2929 18.
1748 2896 1918 2926 Provinciam
1931 2906 2044 2926 omnem
2060 2897 2089 2925 in
2104 2896 2149 2925 sua
2161 2898 2187 2926 Sc
2205 2897 2329 2934 Pompeji
2345 2896 2427 2926 verba
2439 2906 2488 2935 per
2503 2897 2590 2933 jusju-

1489 2933 1605 2962 randum
1618 2933 1753 2972 adigebat.

1467 2970 1546 3007 Adigi
1562 2971 1740 3007 jurejurando
1759 2972 1787 3000 in
1804 2971 1885 3001 verba
1903 2972 2035 3009 principis
2046 2994 2053 3005 7
2081 2971 2118 3001 est
2134 2971 2209 3009 quod
2227 2981 2302 3001 nunc
2319 2972 2437 3007 dicitur,
2464 2971 2589 3001 Praestare

1485 3008 1672 3043 juramentum
1696 3009 1844 3039 fidelitatis.
1886 3009 1926 3039 Ex
1952 3010 2064 3039 Budaeo.
2110 3009 2140 3038 V.
2169 3020 2326 3044 JURARF..
2357 3012 2382 3039 ἃ
2404 3010 2474 3039 infra
2507 3019 2588 3039 Ann-

1487 3056 1504 3073 o
1516 3055 1529 3074 a
1540 3056 1557 3074 N
1570 3057 1591 3076 s.

1466 3082 1597 3119 Adigere7
1616 3094 1666 3122 pro
1680 3085 1780 3122 Agere3
1802 3090 1833 3113 ut
1842 3084 1956 3122 Adigere
1968 3094 2042 3114 oves.
2071 3083 2156 3114 I'laut.
2174 3084 2273 3114 Bacch.
2288 3095 2311 3119 ς.
2326 3094 2349 3114 2.
2369 3094 2393 3121 3.

1466 3121 1593 3151 Adaxint.
1624 3122 1655 3151 ld
1666 3123 1720 3155 est.
1742 3123 1897 3159 Adegerint.
1918 3121 1984 3151 Fest.
2001 3122 2096 3159 Pomp.
2138 3123 2203 3158 Quo
2222 3123 2256 3152 de
2271 3123 2300 3152 V.
2317 3122 2397 3160 supra
2416 3132 2463 3151 Ar>
2474 3131 2567 3152 Asso.

1429 3161 1618 3224 Ari-forus,
1650 3160 1744 3189 partic,
1759 3160 1791 3189 ab
1808 3160 1912 3197 Adigo,
1941 3160 2106 3196 [knu759fl57
2133 3161 2263 3196 βιασθεὶς]
2292 3160 2325 3190 Vi
2343 3159 2484 3199 impulsus.
2514 3159 2582 3189 Plin‘.

1479 3200 1574 3226 1³.16.
1594 3207 1624 3226 ca
1647 3209 1712 3233 .40.
2127 3226 2130 3227 .

1464 3234 1584 3264 Adaeus
1594 3257 1602 3271 7
1623 3207 1742 3270 linistis,
1763 3234 1867 3264 Nonio.
1942 3234 2013 3271 Virg.
2027 3244 2052 3270 9.
2068 3235 2130 3265 AEn.
2143 3244 2206 3273 431.

1623 3288 1659 3293 ·—
1669 3272 1714 3301 sed
1730 3272 1833 3301 viribus
1846 3272 1914 3301 ensis
1926 3273 2038 3301 adaclus

1543 3309 1675 3339 Transadi
1699 3311 1718 3339 it
1732 3311 1826 3339 costas.

1465 3345 1583 3376 Adaeus
1595 3357 1659 3376 cum
1677 3322 1776 3377 dativa
1809 3346 1876 3376 Plin.
1897 3345 1943 3376 lib.
1958 3356 2002 3381 25-
2020 3357 2079 3385 cup.
2093 3357 2116 3377 2.
2144 3345 2232 3377 'Dixit
2250 3347 2443 3385 Democritus,
2465 3349 2583 3378 credidit
2626 3367 2631 3374 ι

1484 3384 1509 3413 T
1512 3384 1688 3422 heophrustus
1699 3408 1706 3420 7
1728 3385 1780 3414 esse
1794 3384 1906 3414 herbam
1917 3406 1924 3419 7
1946 3386 2024 3421 cujus
2042 3387 2171 3415 contactu
2187 3386 2268 3415 illatae
2285 3385 2318 3414 ab
2330 3386 2394 3416 alite
2413 3396 2495 3424 quarn
2511 3394 2582 3416 retu-

1484 3421 1565 3451 limus
1576 3445 1583 3457 7
1605 3423 1715 3452 exiliret.
1724 3432 1828 3452 cuneus
1840 3433 1854 3451 a
1866 3422 2016 3459 pastoribus
2029 3423 2116 3452 arbori
2131 3423 2249 3453 adachis.

1465 3459 1583 3488 Adaic'lus
1609 3469 1673 3490 cum
1694 3461 1865 3495 accusativo,
1896 3460 2087 3497 prwpolitione
2110 3461 2308 3490 intercedente.
2346 3461 2467 3499 Propert.
2488 3462 2534 3492 lib.
2555 3471 2582 3499 3.

1485 3496 1558 3533 Eleg.
1573 3507 1616 3526 22.
1730 3499 1760 3528 ln
1775 3498 1872 3527 faciem
1888 3507 1974 3534 prorae
1989 3499 2070 3534 pinus
2084 3499 2178 3528 adacta
2193 3508 2280 3527 novae.

1464 3532 1582 3565 Adac'lus
1598 3535 1678 3573 jugo7
1698 3535 1812 3573 legibus.
1843 3535 1908 3564 Stat.
1924 3545 1948 3572 7.
1964 3535 2053 3565 Theb.
2071 3546 2132 3570 512.

1706 3573 1830 3602 —limes
1845 3572 1912 3601 mihi
1927 3574 2055 3602 carminis
2068 3574 2123 3602 esto

1543 3609 1705 3648 OEdipodae
1717 3610 1828 3640 confusa
1839 3610 1954 3639 domus:
1977 3610 2164 3647 qnamloltala
2176 3610 2303 3640 nondum

1542 3647 1641 3682 Signa,
1664 3658 1715 3677 nec
1730 3650 1840 3678 Arctoos
1854 3647 1936 3677 aulim
1952 3647 2055 3685 sperare
2070 3647 2233 3685 triumphos7

1543 3684 1642 3721 Bisque
1657 3686 1720 3723 iugo
1734 3686 1878 3719 Rhenum,
1899 3684 1940 3714 bis
1953 3685 2080 3715 adaelum
2093 3686 2198 3724 legibus
2214 3686 2318 3715 Istrum.

1483 3718 1577 3750 Istrum
1593 3723 1677 3757 dicit7
1699 3734 1749 3761 pro
1761 3723 1849 3752 Rheni
1863 3724 1888 3752 Sc
1899 3722 1955 3751 lstri
1967 3724 2075 3753 accolis.

1464 3756 1565 3787 Adana
1576 3759 1649 3788 intus
1662 3761 1702 3789 vis
1715 3761 1818 3789 mortis.
1847 3760 1952 3789 Lucret.
1971 3760 2016 3789 lib.
2032 3771 2053 3796 3.
2076 3770 2136 3798 172.

1462 3793 1606 3825 Pmnarum
1618 3807 1696 3833 grave
1709 3798 1739 3827 sut
1750 3797 1871 3827 solvendi
1884 3804 1993 3835 tempus
2004 3799 2141 3828 adactum.
2172 3797 2279 3827 Lucret.
2296 3796 2341 3827 lib.
2357 3807 2380 3831 ς.
2399 3795 2476 3834 12934.

1462 3830 1567 3861 Vulnus
1578 3834 1640 3863 alte.
1671 3836 1742 3873 Virg.
1759 3846 1798 3864 10.
1817 3835 1878 3865 AEn.
1893 3841 1954 3869 850.
1994 3836 2024 3864 ld
2040 3837 2094 3870 est,
2116 3836 2253 3866 Profundc
2265 3835 2431 3872 impressum.

1424 3868 1622 3912 Anac-*rim
1655 3873 1804 3908 [βιασμὸε]
1833 3871 1867 3901 ab
1889 3873 1974 3908 Adigo
1992 3895 1999 3907 7
2032 3873 2089 3910 lpse
2109 3876 2184 3903 actus
2209 3874 2347 3909 adigendi.
2388 3872 2444 3902 Liv.
2463 3881 2506 3902 22.
2528 3878 2571 3910 38.

1461 3906 1483 3935 A
1501 3908 1616 3938 tribunis
1631 3910 1666 3938 ad
1682 3910 1834 3947 legitimam
1849 3910 2023 3946 jurisjurandi
2041 3912 2215 3942 adattionem
2233 3911 2401 3941 translatum.

2385 3949 2570 3983 ADACTUQ

2403 3685 2533 3716 Rhenum
2551 3688 2577 3718 ἀ

1819 2252 1889 2290 Quae
1900 2263 1964 2282 cum
1973 2254 2011 2282 ita
2020 2256 2085 2289 lint,
2107 2264 2155 2283 cur
2166 2263 2224 2283 non
2235 2254 2377 2283 arbitrium
2388 2263 2439 2291 pro
2448 2253 2523 2282 socio
2533 2253 2598 2282 ade·
2645 2259 2650 2266 ²
