<?xml version="1.0" encoding="UTF-8"?>
<!DOCTYPE html PUBLIC "-//W3C//DTD XHTML 1.0 Transitional//EN"
    "http://www.w3.org/TR/xhtml1/DTD/xhtml1-transitional.dtd">
<html xmlns="http://www.w3.org/1999/xhtml" xml:lang="en" lang="en">
 <head>
  <title>
</title>
<meta http-equiv="Content-Type" content="text/html;charset=utf-8" />
  <meta name='ocr-system' content='tesseract 3.04.00' />
  <meta name='ocr-capabilities' content='ocr_page ocr_carea ocr_par ocr_line ocrx_word'/>
</head>
<body>
  <div class='ocr_page' id='page_1' title='image "./robertistephanil01esti_0109.png"; bbox 0 0 2641 4187; ppageno 0'>
   <div class='ocr_carea' id='block_1_1' title="bbox 457 135 738 177">
    <p class='ocr_par' dir='ltr' id='par_1_1' title="bbox 457 135 738 177">
     <span class='ocr_line' id='line_1_1' title="bbox 457 135 738 177; baseline -0.004 -1"><span class='ocrx_word' id='word_1_1' title='bbox 457 137 485 177; x_wconf 87' lang='lat' dir='ltr'>A</span> <span class='ocrx_word' id='word_1_2' title='bbox 582 135 613 174; x_wconf 71' lang='lat' dir='ltr'>C:</span> <span class='ocrx_word' id='word_1_3' title='bbox 708 135 738 176; x_wconf 85' lang='grc' dir='ltr'>Ε,</span> 
     </span>
    </p>
   </div>
   <div class='ocr_carea' id='block_1_2' title="bbox 84 216 1196 293">
    <p class='ocr_par' dir='ltr' id='par_1_2' title="bbox 84 216 1196 293">
     <span class='ocr_line' id='line_1_2' title="bbox 84 216 1196 255; baseline -0.007 -4"><span class='ocrx_word' id='word_1_4' title='bbox 84 221 257 255; x_wconf 65' lang='lat' dir='ltr'>habentibus.</span> <span class='ocrx_word' id='word_1_5' title='bbox 287 218 422 249; x_wconf 85' lang='lat' dir='ltr'>Columel.</span> <span class='ocrx_word' id='word_1_6' title='bbox 439 218 486 248; x_wconf 91' lang='lat' dir='ltr'>lib.</span> <span class='ocrx_word' id='word_1_7' title='bbox 499 227 523 253; x_wconf 87' lang='lat'>3.</span> <span class='ocrx_word' id='word_1_8' title='bbox 540 226 598 253; x_wconf 86' lang='lat' dir='ltr'>cap.</span> <span class='ocrx_word' id='word_1_9' title='bbox 614 225 657 245; x_wconf 90' lang='lat'>21.</span> <span class='ocrx_word' id='word_1_10' title='bbox 698 216 735 245; x_wconf 90' lang='lat' dir='ltr'>Ut</span> <span class='ocrx_word' id='word_1_11' title='bbox 749 222 796 245; x_wconf 89' lang='lat' dir='ltr'>aut</span> <span class='ocrx_word' id='word_1_12' title='bbox 812 216 900 245; x_wconf 86' lang='lat' dir='ltr'>serum</span> <span class='ocrx_word' id='word_1_13' title='bbox 917 216 1037 245; x_wconf 68' lang='lat' dir='ltr'>fructum</span> <span class='ocrx_word' id='word_1_14' title='bbox 1051 225 1114 244; x_wconf 84' lang='lat' dir='ltr'>cum</span> <span class='ocrx_word' id='word_1_15' title='bbox 1127 225 1196 253; x_wconf 52' lang='lat' dir='ltr'>praa,</span> 
     </span>
     <span class='ocr_line' id='line_1_3' title="bbox 85 254 687 293; baseline -0.01 -5"><span class='ocrx_word' id='word_1_16' title='bbox 85 268 151 291; x_wconf 83' lang='lat' dir='ltr'>coce</span> <span class='ocrx_word' id='word_1_17' title='bbox 165 259 268 288; x_wconf 83' lang='lat' dir='ltr'>elevet:</span> <span class='ocrx_word' id='word_1_18' title='bbox 290 267 349 293; x_wconf 83' lang='lat' dir='ltr'>quae</span> <span class='ocrx_word' id='word_1_19' title='bbox 362 266 404 285; x_wconf 88' lang='lat' dir='ltr'>res</span> <span class='ocrx_word' id='word_1_20' title='bbox 416 265 481 284; x_wconf 70' lang='lat' dir='ltr'>mox</span> <span class='ocrx_word' id='word_1_21' title='bbox 495 263 603 283; x_wconf 79' lang='lat' dir='ltr'>acorem</span> <span class='ocrx_word' id='word_1_22' title='bbox 614 254 687 283; x_wconf 83' lang='lat' dir='ltr'>facit.</span> 
     </span>
    </p>
   </div>
   <div class='ocr_carea' id='block_1_3' title="bbox 83 287 1190 369">
    <p class='ocr_par' dir='ltr' id='par_1_3' title="bbox 83 287 1190 369">
     <span class='ocr_line' id='line_1_4' title="bbox 83 287 792 331; baseline -0.007 -6"><span class='ocrx_word' id='word_1_23' title='bbox 83 296 300 331; x_wconf 72' lang='lat' dir='ltr'>Jucundusacor</span> <span class='ocrx_word' id='word_1_24' title='bbox 314 295 341 322; x_wconf 91' lang='lat' dir='ltr'>in</span> <span class='ocrx_word' id='word_1_25' title='bbox 354 294 431 323; x_wconf 82' lang='lat' dir='ltr'>cibis.</span> <span class='ocrx_word' id='word_1_26' title='bbox 461 291 578 328; x_wconf 79' lang='lat' dir='ltr'>Quintil.</span> <span class='ocrx_word' id='word_1_27' title='bbox 594 287 679 326; x_wconf 80' lang='lat' dir='ltr'>lib.&#39;9.</span> <span class='ocrx_word' id='word_1_28' title='bbox 695 300 754 328; x_wconf 85' lang='lat' dir='ltr'>cap.</span> <span class='ocrx_word' id='word_1_29' title='bbox 770 300 792 325; x_wconf 90' lang='lat'>3.</span> 
     </span>
     <span class='ocr_line' id='line_1_5' title="bbox 84 326 1190 369; baseline -0.007 -6"><span class='ocrx_word' id='word_1_30' title='bbox 84 333 237 367; x_wconf 81' lang='lat' dir='ltr'>Periculum</span> <span class='ocrx_word' id='word_1_31' title='bbox 256 333 342 361; x_wconf 84' lang='lat' dir='ltr'>acoris</span> <span class='ocrx_word' id='word_1_32' title='bbox 359 331 490 369; x_wconf 62' lang='lat' dir='ltr'>praestare.</span> <span class='ocrx_word' id='word_1_33' title='bbox 529 329 560 358; x_wconf 87' lang='lat' dir='ltr'>ld</span> <span class='ocrx_word' id='word_1_34' title='bbox 571 328 625 363; x_wconf 83' lang='lat' dir='ltr'>est,</span> <span class='ocrx_word' id='word_1_35' title='bbox 651 329 716 357; x_wconf 87' lang='lat' dir='ltr'>vino</span> <span class='ocrx_word' id='word_1_36' title='bbox 735 329 849 357; x_wconf 85' lang='lat' dir='ltr'>vendito</span> <span class='ocrx_word' id='word_1_37' title='bbox 861 350 868 362; x_wconf 72' lang='grc'><em>,</em></span> <span class='ocrx_word' id='word_1_38' title='bbox 891 329 982 358; x_wconf 83' lang='lat' dir='ltr'>Acoris</span> <span class='ocrx_word' id='word_1_39' title='bbox 996 326 1151 366; x_wconf 88' lang='lat' dir='ltr'>periculum</span> <span class='ocrx_word' id='word_1_40' title='bbox 1163 326 1190 355; x_wconf 87' lang='lat' dir='ltr'>in</span> 
     </span>
    </p>
   </div>
   <div class='ocr_carea' id='block_1_4' title="bbox 47 366 1195 743">
    <p class='ocr_par' dir='ltr' id='par_1_4' title="bbox 47 366 1195 743">
     <span class='ocr_line' id='line_1_6' title="bbox 103 366 927 408; baseline -0.006 -9"><span class='ocrx_word' id='word_1_41' title='bbox 103 370 129 399; x_wconf 86' lang='lat' dir='ltr'>sc</span> <span class='ocrx_word' id='word_1_42' title='bbox 141 372 267 408; x_wconf 87' lang='lat' dir='ltr'>recipere.</span> <span class='ocrx_word' id='word_1_43' title='bbox 291 369 308 398; x_wconf 94' lang='grc'>1.</span> <span class='ocrx_word' id='word_1_44' title='bbox 322 369 338 398; x_wconf 88' lang='grc'>11</span> <span class='ocrx_word' id='word_1_45' title='bbox 354 369 414 406; x_wconf 89' lang='lat' dir='ltr'>quis</span> <span class='ocrx_word' id='word_1_46' title='bbox 425 368 494 397; x_wconf 90' lang='lat' dir='ltr'>vina.</span> <span class='ocrx_word' id='word_1_47' title='bbox 519 366 552 396; x_wconf 91' lang='lat' dir='ltr'>D.</span> <span class='ocrx_word' id='word_1_48' title='bbox 568 366 603 394; x_wconf 86' lang='lat' dir='ltr'>de</span> <span class='ocrx_word' id='word_1_49' title='bbox 615 376 671 403; x_wconf 87' lang='lat' dir='ltr'>per.</span> <span class='ocrx_word' id='word_1_50' title='bbox 685 367 710 395; x_wconf 84' lang='lat'>&amp;</span> <span class='ocrx_word' id='word_1_51' title='bbox 723 375 793 394; x_wconf 87' lang='lat' dir='ltr'>corn.</span> <span class='ocrx_word' id='word_1_52' title='bbox 808 366 853 394; x_wconf 87' lang='lat' dir='ltr'>rei.</span> <span class='ocrx_word' id='word_1_53' title='bbox 866 376 927 395; x_wconf 90' lang='lat' dir='ltr'>ven.</span> 
     </span>
     <span class='ocr_line' id='line_1_7' title="bbox 48 403 623 440; baseline -0.01 -3"><span class='ocrx_word' id='word_1_54' title='bbox 48 410 204 440; x_wconf 69' lang='lat' dir='ltr'>Aemus.</span> <span class='ocrx_word' id='word_1_55' title='bbox 221 410 417 436; x_wconf 60' lang='lat' dir='ltr'>Acronus.</span> <span class='ocrx_word' id='word_1_56' title='bbox 449 405 477 433; x_wconf 94' lang='lat' dir='ltr'>V.</span> <span class='ocrx_word' id='word_1_57' title='bbox 494 403 623 432; x_wconf 84' lang='lat' dir='ltr'>suoloco.</span> 
     </span>
     <span class='ocr_line' id='line_1_8' title="bbox 47 439 1192 479; baseline -0.008 -5"><span class='ocrx_word' id='word_1_58' title='bbox 47 447 163 476; x_wconf 70' lang='lat' dir='ltr'>Acarii</span> <span class='ocrx_word' id='word_1_59' title='bbox 173 456 189 473; x_wconf 74' lang='grc' dir='ltr'>Α</span> <span class='ocrx_word' id='word_1_60' title='bbox 199 456 230 472; x_wconf 75' lang='lat' dir='ltr'>ri</span> <span class='ocrx_word' id='word_1_61' title='bbox 259 443 423 479; x_wconf 60' lang='grc' dir='ltr'>[ἀκέφαλοι]</span> <span class='ocrx_word' id='word_1_62' title='bbox 451 443 518 471; x_wconf 77' lang='lat' dir='ltr'>dicti</span> <span class='ocrx_word' id='word_1_63' title='bbox 534 441 595 470; x_wconf 79' lang='lat' dir='ltr'>sunt</span> <span class='ocrx_word' id='word_1_64' title='bbox 614 439 726 477; x_wconf 86' lang='lat' dir='ltr'>quidam</span> <span class='ocrx_word' id='word_1_65' title='bbox 741 440 855 477; x_wconf 80' lang='lat' dir='ltr'>perversi</span> <span class='ocrx_word' id='word_1_66' title='bbox 878 441 1013 477; x_wconf 78' lang='lat' dir='ltr'>dogmatis</span> <span class='ocrx_word' id='word_1_67' title='bbox 1030 439 1173 468; x_wconf 64' lang='lat' dir='ltr'>sectatores</span> <span class='ocrx_word' id='word_1_68' title='bbox 1184 459 1192 471; x_wconf 71' lang='lat'>,</span> 
     </span>
     <span class='ocr_line' id='line_1_9' title="bbox 52 476 1193 518; baseline -0.007 -7"><span class='ocrx_word' id='word_1_69' title='bbox 52 480 56 482; x_wconf 60' lang='grc'>’</span> <span class='ocrx_word' id='word_1_70' title='bbox 104 483 128 511; x_wconf 85' lang='grc'>111</span> <span class='ocrx_word' id='word_1_71' title='bbox 144 482 274 511; x_wconf 69' lang='lat' dir='ltr'>haereseos</span> <span class='ocrx_word' id='word_1_72' title='bbox 296 482 348 510; x_wconf 62' lang='lat' dir='ltr'>suae</span> <span class='ocrx_word' id='word_1_73' title='bbox 365 481 506 518; x_wconf 86' lang='lat' dir='ltr'>proprium</span> <span class='ocrx_word' id='word_1_74' title='bbox 523 479 666 507; x_wconf 78' lang='lat' dir='ltr'>authorem</span> <span class='ocrx_word' id='word_1_75' title='bbox 684 487 741 506; x_wconf 89' lang='lat' dir='ltr'>non</span> <span class='ocrx_word' id='word_1_76' title='bbox 760 477 916 506; x_wconf 82' lang='lat' dir='ltr'>habebant:</span> <span class='ocrx_word' id='word_1_77' title='bbox 947 477 1022 506; x_wconf 86' lang='lat' dir='ltr'>unde</span> <span class='ocrx_word' id='word_1_78' title='bbox 1042 476 1069 505; x_wconf 91' lang='lat' dir='ltr'>id</span> <span class='ocrx_word' id='word_1_79' title='bbox 1090 484 1193 503; x_wconf 84' lang='lat' dir='ltr'>nomen</span> 
     </span>
     <span class='ocr_line' id='line_1_10' title="bbox 95 515 1176 556; baseline -0.006 -8"><span class='ocrx_word' id='word_1_80' title='bbox 95 520 183 553; x_wconf 75' lang='lat' dir='ltr'>orriri,</span> <span class='ocrx_word' id='word_1_81' title='bbox 204 520 274 556; x_wconf 80' lang='lat' dir='ltr'>quali</span> <span class='ocrx_word' id='word_1_82' title='bbox 286 519 350 548; x_wconf 88' lang='lat' dir='ltr'>Sine</span> <span class='ocrx_word' id='word_1_83' title='bbox 365 519 463 555; x_wconf 87' lang='lat' dir='ltr'>capite.</span> <span class='ocrx_word' id='word_1_84' title='bbox 500 517 619 545; x_wconf 73' lang='lat' dir='ltr'>Alciatus</span> <span class='ocrx_word' id='word_1_85' title='bbox 632 525 665 544; x_wconf 76' lang='lat' dir='ltr'>ex</span> <span class='ocrx_word' id='word_1_86' title='bbox 679 515 771 544; x_wconf 88' lang='lat' dir='ltr'>Suida.</span> <span class='ocrx_word' id='word_1_87' title='bbox 1171 549 1176 554; x_wconf 97' lang='lat'>.</span> 
     </span>
     <span class='ocr_line' id='line_1_11' title="bbox 83 550 1194 594; baseline -0.007 -8"><span class='ocrx_word' id='word_1_88' title='bbox 83 557 211 594; x_wconf 76' lang='lat' dir='ltr'>Acephali</span> <span class='ocrx_word' id='word_1_89' title='bbox 231 556 400 589; x_wconf 75' lang='lat' dir='ltr'>szicerdotes,</span> <span class='ocrx_word' id='word_1_90' title='bbox 427 555 473 592; x_wconf 86' lang='lat' dir='ltr'>qui</span> <span class='ocrx_word' id='word_1_91' title='bbox 487 553 534 583; x_wconf 84' lang='lat' dir='ltr'>sub</span> <span class='ocrx_word' id='word_1_92' title='bbox 550 554 652 583; x_wconf 87' lang='lat' dir='ltr'>nullius</span> <span class='ocrx_word' id='word_1_93' title='bbox 670 553 790 590; x_wconf 81' lang='lat' dir='ltr'>episcopi</span> <span class='ocrx_word' id='word_1_94' title='bbox 812 551 955 589; x_wconf 69' lang='lat' dir='ltr'>disciplina</span> <span class='ocrx_word' id='word_1_95' title='bbox 965 552 1008 580; x_wconf 88' lang='lat' dir='ltr'>vel</span> <span class='ocrx_word' id='word_1_96' title='bbox 1021 550 1194 589; x_wconf 84' lang='lat' dir='ltr'>providentia</span> 
     </span>
     <span class='ocr_line' id='line_1_12' title="bbox 101 590 1162 631; baseline -0.007 -8"><span class='ocrx_word' id='word_1_97' title='bbox 101 595 302 631; x_wconf 70' lang='lat' dir='ltr'>gubernantur,</span> <span class='ocrx_word' id='word_1_98' title='bbox 322 593 398 622; x_wconf 85' lang='lat' dir='ltr'>velut</span> <span class='ocrx_word' id='word_1_99' title='bbox 409 592 462 621; x_wconf 84' lang='lat' dir='ltr'>sirie</span> <span class='ocrx_word' id='word_1_100' title='bbox 475 593 572 629; x_wconf 84' lang='lat' dir='ltr'>capite.</span> <span class='ocrx_word' id='word_1_101' title='bbox 605 590 669 620; x_wconf 67' lang='lat' dir='ltr'>Cael.</span> <span class='ocrx_word' id='word_1_102' title='bbox 685 590 731 620; x_wconf 90' lang='lat' dir='ltr'>lib.</span> <span class='ocrx_word' id='word_1_103' title='bbox 748 600 770 627; x_wconf 88' lang='lat'>3.</span> <span class='ocrx_word' id='word_1_104' title='bbox 787 590 959 631; x_wconf 25' lang='lat' dir='ltr'>Anti-q&#39;Lect.</span> <span class='ocrx_word' id='word_1_105' title='bbox 977 599 1036 626; x_wconf 86' lang='lat' dir='ltr'>cap.</span> <span class='ocrx_word' id='word_1_106' title='bbox 1052 598 1092 617; x_wconf 90' lang='lat'>12.</span> <span class='ocrx_word' id='word_1_107' title='bbox 1157 626 1162 631; x_wconf 56' lang='lat'>,</span> 
     </span>
     <span class='ocr_line' id='line_1_13' title="bbox 82 624 1192 669; baseline -0.006 -8"><span class='ocrx_word' id='word_1_108' title='bbox 82 632 329 669; x_wconf 76' lang='lat' dir='ltr'>Acephaliversus.</span> <span class='ocrx_word' id='word_1_109' title='bbox 350 641 363 659; x_wconf 85' lang='lat' dir='ltr'>a</span> <span class='ocrx_word' id='word_1_110' title='bbox 380 631 452 659; x_wconf 89' lang='lat' dir='ltr'>brevi</span> <span class='ocrx_word' id='word_1_111' title='bbox 466 629 565 667; x_wconf 68' lang='lat' dir='ltr'>syllaba</span> <span class='ocrx_word' id='word_1_112' title='bbox 577 630 759 667; x_wconf 81' lang='lat' dir='ltr'>incipientes,</span> <span class='ocrx_word' id='word_1_113' title='bbox 780 630 851 664; x_wconf 70' lang='lat' dir='ltr'>quali</span> <span class='ocrx_word' id='word_1_114' title='bbox 866 628 919 656; x_wconf 83' lang='lat' dir='ltr'>line</span> <span class='ocrx_word' id='word_1_115' title='bbox 931 628 1028 664; x_wconf 75' lang='lat' dir='ltr'>capite.</span> <span class='ocrx_word' id='word_1_116' title='bbox 1061 625 1125 655; x_wconf 74' lang='lat' dir='ltr'>Cael.</span> <span class='ocrx_word' id='word_1_117' title='bbox 1145 624 1192 654; x_wconf 89' lang='lat' dir='ltr'>lib.</span> 
     </span>
     <span class='ocr_line' id='line_1_14' title="bbox 103 667 661 707; baseline -0.004 -9"><span class='ocrx_word' id='word_1_118' title='bbox 103 680 127 699; x_wconf 89' lang='lat'>2.</span> <span class='ocrx_word' id='word_1_119' title='bbox 144 679 203 707; x_wconf 79' lang='lat' dir='ltr'>cap.</span> <span class='ocrx_word' id='word_1_120' title='bbox 218 679 259 704; x_wconf 77' lang='lat'>35·</span> <span class='ocrx_word' id='word_1_121' title='bbox 283 670 308 698; x_wconf 68' lang='lat' dir='ltr'>Sc</span> <span class='ocrx_word' id='word_1_122' title='bbox 319 667 482 698; x_wconf 72' lang='lat' dir='ltr'>Hermolaus</span> <span class='ocrx_word' id='word_1_123' title='bbox 495 668 523 697; x_wconf 87' lang='lat' dir='ltr'>in</span> <span class='ocrx_word' id='word_1_124' title='bbox 536 667 661 697; x_wconf 82' lang='lat' dir='ltr'>Plinium.</span> 
     </span>
     <span class='ocr_line' id='line_1_15' title="bbox 83 700 1195 743; baseline -0.008 -6"><span class='ocrx_word' id='word_1_125' title='bbox 83 709 173 736; x_wconf 58' lang='lat' dir='ltr'>Mae&amp;</span> <span class='ocrx_word' id='word_1_126' title='bbox 185 712 338 742; x_wconf 58' lang='grc' dir='ltr'>οικεΦαλΘν,</span> <span class='ocrx_word' id='word_1_127' title='bbox 360 705 539 743; x_wconf 73' lang='lat' dir='ltr'>Imperfectus</span> <span class='ocrx_word' id='word_1_128' title='bbox 548 705 653 743; x_wconf 70' lang='lat' dir='ltr'>serm0,</span> <span class='ocrx_word' id='word_1_129' title='bbox 670 702 715 733; x_wconf 91' lang='lat' dir='ltr'>vel</span> <span class='ocrx_word' id='word_1_130' title='bbox 725 701 817 732; x_wconf 79' lang='lat' dir='ltr'>fabula</span> <span class='ocrx_word' id='word_1_131' title='bbox 829 701 953 731; x_wconf 90' lang='lat' dir='ltr'>nondum</span> <span class='ocrx_word' id='word_1_132' title='bbox 964 701 1103 736; x_wconf 85' lang='lat' dir='ltr'>absoluta⁷</span> <span class='ocrx_word' id='word_1_133' title='bbox 1121 700 1195 738; x_wconf 83' lang='lat' dir='ltr'>apud</span> 
     </span>
    </p>
   </div>
   <div class='ocr_carea' id='block_1_5' title="bbox 47 743 1196 817">
    <p class='ocr_par' dir='ltr' id='par_1_5' title="bbox 47 743 1196 817">
     <span class='ocr_line' id='line_1_16' title="bbox 100 743 497 777; baseline 0 -5"><span class='ocrx_word' id='word_1_134' title='bbox 100 744 250 773; x_wconf 82' lang='lat' dir='ltr'>Platonem.</span> <span class='ocrx_word' id='word_1_135' title='bbox 279 743 296 772; x_wconf 92' lang='grc'>1.</span> <span class='ocrx_word' id='word_1_136' title='bbox 311 748 336 772; x_wconf 91' lang='lat'>6.</span> <span class='ocrx_word' id='word_1_137' title='bbox 367 744 402 772; x_wconf 89' lang='lat' dir='ltr'>de</span> <span class='ocrx_word' id='word_1_138' title='bbox 416 743 497 777; x_wconf 64' lang='lat' dir='ltr'>leeib.</span> 
     </span>
     <span class='ocr_line' id='line_1_17' title="bbox 47 772 1196 817; baseline -0.002 -5"><span class='ocrx_word' id='word_1_139' title='bbox 47 782 155 816; x_wconf 53' lang='lat' dir='ltr'>Aemi,</span> <span class='ocrx_word' id='word_1_140' title='bbox 177 782 270 811; x_wconf 68' lang='lat' dir='ltr'>aceris.</span> <span class='ocrx_word' id='word_1_141' title='bbox 300 791 327 810; x_wconf 86' lang='lat' dir='ltr'>n.</span> <span class='ocrx_word' id='word_1_142' title='bbox 358 772 568 817; x_wconf 46' lang='lat' dir='ltr'>[cvauffiQq</span> <span class='ocrx_word' id='word_1_143' title='bbox 600 779 683 808; x_wconf 81' lang='lat' dir='ltr'>Arbor</span> <span class='ocrx_word' id='word_1_144' title='bbox 700 777 734 806; x_wconf 89' lang='lat' dir='ltr'>de</span> <span class='ocrx_word' id='word_1_145' title='bbox 753 787 804 814; x_wconf 77' lang='lat' dir='ltr'>qua</span> <span class='ocrx_word' id='word_1_146' title='bbox 824 777 926 806; x_wconf 79' lang='lat' dir='ltr'>Plinius</span> <span class='ocrx_word' id='word_1_147' title='bbox 947 777 994 806; x_wconf 86' lang='lat' dir='ltr'>lib.</span> <span class='ocrx_word' id='word_1_148' title='bbox 1013 781 1055 806; x_wconf 88' lang='lat'>16.</span> <span class='ocrx_word' id='word_1_149' title='bbox 1076 787 1135 814; x_wconf 82' lang='lat' dir='ltr'>cap.</span> <span class='ocrx_word' id='word_1_150' title='bbox 1154 786 1196 810; x_wconf 86' lang='lat'>15-</span> 
     </span>
    </p>
   </div>
   <div class='ocr_carea' id='block_1_6' title="bbox 52 813 1199 856">
    <p class='ocr_par' dir='ltr' id='par_1_6' title="bbox 52 813 1199 856">
     <span class='ocr_line' id='line_1_18' title="bbox 52 813 1199 856; baseline -0.003 -8"><span class='ocrx_word' id='word_1_151' title='bbox 52 816 54 818; x_wconf 66' lang='grc'>’</span> <span class='ocrx_word' id='word_1_152' title='bbox 81 820 150 849; x_wconf 79' lang='lat' dir='ltr'>Acer</span> <span class='ocrx_word' id='word_1_153' title='bbox 168 819 233 848; x_wconf 67' lang='lat' dir='ltr'>tiliae</span> <span class='ocrx_word' id='word_1_154' title='bbox 247 820 302 848; x_wconf 78' lang='lat' dir='ltr'>fere</span> <span class='ocrx_word' id='word_1_155' title='bbox 316 818 525 856; x_wconf 76' lang='lat' dir='ltr'>amplitudinis,</span> <span class='ocrx_word' id='word_1_156' title='bbox 557 826 673 855; x_wconf 85' lang='lat' dir='ltr'>operum</span> <span class='ocrx_word' id='word_1_157' title='bbox 688 815 823 852; x_wconf 74' lang='lat' dir='ltr'>elegantia</span> <span class='ocrx_word' id='word_1_158' title='bbox 841 826 872 845; x_wconf 84' lang='lat' dir='ltr'>ac</span> <span class='ocrx_word' id='word_1_159' title='bbox 889 815 1036 844; x_wconf 81' lang='lat' dir='ltr'>subtilitate</span> <span class='ocrx_word' id='word_1_160' title='bbox 1054 815 1137 844; x_wconf 84' lang='lat' dir='ltr'>cedro</span> <span class='ocrx_word' id='word_1_161' title='bbox 1158 813 1199 845; x_wconf 53' lang='lat' dir='ltr'>ses</span> 
     </span>
    </p>
   </div>
   <div class='ocr_carea' id='block_1_7' title="bbox 46 855 1197 1118">
    <p class='ocr_par' dir='ltr' id='par_1_7' title="bbox 82 855 1023 971">
     <span class='ocr_line' id='line_1_19' title="bbox 82 855 742 892; baseline -0.005 -7"><span class='ocrx_word' id='word_1_162' title='bbox 82 857 224 892; x_wconf 81' lang='lat' dir='ltr'>cundum,</span> <span class='ocrx_word' id='word_1_163' title='bbox 244 858 294 885; x_wconf 65' lang='lat' dir='ltr'>Sec.</span> <span class='ocrx_word' id='word_1_164' title='bbox 335 857 418 886; x_wconf 89' lang='lat' dir='ltr'>Ovid.</span> <span class='ocrx_word' id='word_1_165' title='bbox 435 856 481 886; x_wconf 92' lang='lat' dir='ltr'>lib.</span> <span class='ocrx_word' id='word_1_166' title='bbox 498 865 520 890; x_wconf 77' lang='lat' dir='ltr'>i.</span> <span class='ocrx_word' id='word_1_167' title='bbox 539 855 626 884; x_wconf 89' lang='lat' dir='ltr'>Amor.</span> <span class='ocrx_word' id='word_1_168' title='bbox 644 865 683 883; x_wconf 95' lang='lat'>11.</span> <span class='ocrx_word' id='word_1_169' title='bbox 698 856 742 883; x_wconf 90' lang='lat'>26.</span> 
     </span>
     <span class='ocr_line' id='line_1_20' title="bbox 157 889 821 930; baseline -0.006 -7"><span class='ocrx_word' id='word_1_170' title='bbox 157 894 330 930; x_wconf 85' lang='lat' dir='ltr'>Subscribarn</span> <span class='ocrx_word' id='word_1_171' title='bbox 341 917 349 927; x_wconf 77' lang='lat'>,</span> <span class='ocrx_word' id='word_1_172' title='bbox 370 894 467 923; x_wconf 87' lang='lat' dir='ltr'>Veneri</span> <span class='ocrx_word' id='word_1_173' title='bbox 480 893 547 922; x_wconf 80' lang='lat' dir='ltr'>fidas</span> <span class='ocrx_word' id='word_1_174' title='bbox 560 892 610 921; x_wconf 89' lang='lat' dir='ltr'>tibi</span> <span class='ocrx_word' id='word_1_175' title='bbox 621 891 693 921; x_wconf 84' lang='lat' dir='ltr'>Naso</span> <span class='ocrx_word' id='word_1_176' title='bbox 707 889 821 926; x_wconf 81' lang='lat' dir='ltr'>tabellas</span> 
     </span>
     <span class='ocr_line' id='line_1_21' title="bbox 195 929 1023 971; baseline -0.005 -11"><span class='ocrx_word' id='word_1_177' title='bbox 195 932 326 961; x_wconf 83' lang='lat' dir='ltr'>Dedicat:</span> <span class='ocrx_word' id='word_1_178' title='bbox 349 938 376 965; x_wconf 84' lang='lat' dir='ltr'>at</span> <span class='ocrx_word' id='word_1_179' title='bbox 389 941 476 971; x_wconf 86' lang='lat' dir='ltr'>nuper</span> <span class='ocrx_word' id='word_1_180' title='bbox 489 930 543 959; x_wconf 88' lang='lat' dir='ltr'>vile</span> <span class='ocrx_word' id='word_1_181' title='bbox 557 929 641 965; x_wconf 81' lang='lat' dir='ltr'>fuistis</span> <span class='ocrx_word' id='word_1_182' title='bbox 656 939 725 958; x_wconf 89' lang='lat' dir='ltr'>acer.</span> <span class='ocrx_word' id='word_1_183' title='bbox 863 965 868 971; x_wconf 43' lang='grc'><em>·</em></span> <span class='ocrx_word' id='word_1_184' title='bbox 1017 966 1023 971; x_wconf 90' lang='lat'>.</span> 
     </span>
    </p>

    <p class='ocr_par' dir='ltr' id='par_1_8' title="bbox 82 965 1197 1080">
     <span class='ocr_line' id='line_1_22' title="bbox 82 965 1194 1009; baseline -0.005 -10"><span class='ocrx_word' id='word_1_185' title='bbox 82 969 124 999; x_wconf 85' lang='lat' dir='ltr'>De</span> <span class='ocrx_word' id='word_1_186' title='bbox 137 969 188 998; x_wconf 89' lang='lat' dir='ltr'>hac</span> <span class='ocrx_word' id='word_1_187' title='bbox 200 969 300 998; x_wconf 84' lang='lat' dir='ltr'>Arbore</span> <span class='ocrx_word' id='word_1_188' title='bbox 316 969 417 998; x_wconf 84' lang='lat' dir='ltr'>Plinius</span> <span class='ocrx_word' id='word_1_189' title='bbox 434 976 531 1009; x_wconf 66' lang='lat' dir='ltr'>praeter</span> <span class='ocrx_word' id='word_1_190' title='bbox 546 968 575 996; x_wconf 91' lang='lat' dir='ltr'>id</span> <span class='ocrx_word' id='word_1_191' title='bbox 586 989 593 1002; x_wconf 88' lang='lat'>‚</span> <span class='ocrx_word' id='word_1_192' title='bbox 624 967 699 1005; x_wconf 87' lang='lat' dir='ltr'>quod</span> <span class='ocrx_word' id='word_1_193' title='bbox 717 965 796 1003; x_wconf 84' lang='lat' dir='ltr'>supra</span> <span class='ocrx_word' id='word_1_194' title='bbox 812 965 899 999; x_wconf 82' lang='lat' dir='ltr'>dixit,</span> <span class='ocrx_word' id='word_1_195' title='bbox 928 965 988 994; x_wconf 90' lang='lat' dir='ltr'>eod.</span> <span class='ocrx_word' id='word_1_196' title='bbox 1005 965 1052 994; x_wconf 91' lang='lat' dir='ltr'>lib.</span> <span class='ocrx_word' id='word_1_197' title='bbox 1075 973 1134 1007; x_wconf 88' lang='lat' dir='ltr'>cap.</span> <span class='ocrx_word' id='word_1_198' title='bbox 1148 971 1194 1000; x_wconf 73' lang='lat'>43.</span> 
     </span>
     <span class='ocr_line' id='line_1_23' title="bbox 100 1003 1197 1042; baseline -0.005 -6"><span class='ocrx_word' id='word_1_199' title='bbox 100 1006 132 1036; x_wconf 85' lang='lat' dir='ltr'>In</span> <span class='ocrx_word' id='word_1_200' title='bbox 149 1007 263 1042; x_wconf 75' lang='lat' dir='ltr'>laminas</span> <span class='ocrx_word' id='word_1_201' title='bbox 280 1007 404 1042; x_wconf 80' lang='lat' dir='ltr'>secantur</span> <span class='ocrx_word' id='word_1_202' title='bbox 418 1007 501 1036; x_wconf 87' lang='lat' dir='ltr'>aceris</span> <span class='ocrx_word' id='word_1_203' title='bbox 519 1015 626 1042; x_wconf 70' lang='lat' dir='ltr'>genera.</span> <span class='ocrx_word' id='word_1_204' title='bbox 666 1004 707 1040; x_wconf 59' lang='lat' dir='ltr'>Ex</span> <span class='ocrx_word' id='word_1_205' title='bbox 718 1013 773 1040; x_wconf 91' lang='lat' dir='ltr'>quo</span> <span class='ocrx_word' id='word_1_206' title='bbox 788 1013 888 1040; x_wconf 81' lang='lat' dir='ltr'>genere</span> <span class='ocrx_word' id='word_1_207' title='bbox 903 1003 979 1033; x_wconf 81' lang='lat' dir='ltr'>fuiise</span> <span class='ocrx_word' id='word_1_208' title='bbox 994 1003 1147 1041; x_wconf 72' lang='lat' dir='ltr'>scriptorius</span> <span class='ocrx_word' id='word_1_209' title='bbox 1158 1008 1197 1033; x_wconf 70' lang='lat' dir='ltr'>ta-,</span> 
     </span>
     <span class='ocr_line' id='line_1_24' title="bbox 101 1044 553 1080; baseline -0.004 -7"><span class='ocrx_word' id='word_1_210' title='bbox 101 1044 178 1074; x_wconf 87' lang='lat' dir='ltr'>bulas</span> <span class='ocrx_word' id='word_1_211' title='bbox 188 1067 196 1080; x_wconf 87' lang='lat'>‚</span> <span class='ocrx_word' id='word_1_212' title='bbox 217 1045 301 1077; x_wconf 86' lang='lat' dir='ltr'>modo</span> <span class='ocrx_word' id='word_1_213' title='bbox 319 1045 399 1078; x_wconf 81' lang='lat' dir='ltr'>Ovid.</span> <span class='ocrx_word' id='word_1_214' title='bbox 413 1044 553 1073; x_wconf 85' lang='lat' dir='ltr'>indicavit.</span> 
     </span>
    </p>

    <p class='ocr_par' dir='ltr' id='par_1_9' title="bbox 46 1076 1196 1118">
     <span class='ocr_line' id='line_1_25' title="bbox 46 1076 1196 1118; baseline -0.003 -9"><span class='ocrx_word' id='word_1_215' title='bbox 46 1082 90 1112; x_wconf 77' lang='lat' dir='ltr'>Ac</span> <span class='ocrx_word' id='word_1_216' title='bbox 100 1092 113 1111; x_wconf 73' lang='lat'>1³.</span> <span class='ocrx_word' id='word_1_217' title='bbox 122 1092 166 1111; x_wconf 75' lang='lat' dir='ltr'>RN</span> <span class='ocrx_word' id='word_1_218' title='bbox 177 1092 214 1112; x_wconf 76' lang='lat' dir='ltr'>us</span> <span class='ocrx_word' id='word_1_219' title='bbox 223 1104 231 1118; x_wconf 81' lang='lat'><em>‚</em></span> <span class='ocrx_word' id='word_1_220' title='bbox 252 1092 267 1111; x_wconf 79' lang='lat' dir='ltr'>a</span> <span class='ocrx_word' id='word_1_221' title='bbox 276 1104 284 1118; x_wconf 84' lang='lat'><strong>‚</strong></span> <span class='ocrx_word' id='word_1_222' title='bbox 304 1092 361 1117; x_wconf 56' lang='lat' dir='ltr'>um,⁵</span> <span class='ocrx_word' id='word_1_223' title='bbox 383 1078 611 1118; x_wconf 44' lang='grc' dir='ltr'>[σφενὲὶίμηγςῷυ]</span> <span class='ocrx_word' id='word_1_224' title='bbox 633 1078 719 1116; x_wconf 81' lang='lat' dir='ltr'>Quod</span> <span class='ocrx_word' id='word_1_225' title='bbox 730 1078 768 1115; x_wconf 73' lang='lat' dir='ltr'>est</span> <span class='ocrx_word' id='word_1_226' title='bbox 782 1087 817 1107; x_wconf 86' lang='lat' dir='ltr'>ex</span> <span class='ocrx_word' id='word_1_227' title='bbox 828 1087 906 1114; x_wconf 82' lang='lat' dir='ltr'>acere</span> <span class='ocrx_word' id='word_1_228' title='bbox 917 1077 1012 1115; x_wconf 80' lang='lat' dir='ltr'>arbore</span> <span class='ocrx_word' id='word_1_229' title='bbox 1022 1087 1028 1115; x_wconf 73' lang='grc' dir='ltr'>ς</span> <span class='ocrx_word' id='word_1_230' title='bbox 1050 1083 1082 1107; x_wconf 87' lang='lat' dir='ltr'>ut</span> <span class='ocrx_word' id='word_1_231' title='bbox 1092 1076 1196 1107; x_wconf 86' lang='lat' dir='ltr'>Trabes</span> 
     </span>
    </p>
   </div>
   <div class='ocr_carea' id='block_1_8' title="bbox 28 1120 1197 4016">
    <p class='ocr_par' dir='ltr' id='par_1_10' title="bbox 28 1120 1197 1494">
     <span class='ocr_line' id='line_1_26' title="bbox 81 1120 493 1157; baseline -0.005 -8"><span class='ocrx_word' id='word_1_232' title='bbox 81 1129 195 1155; x_wconf 60' lang='lat' dir='ltr'>acernae.</span> <span class='ocrx_word' id='word_1_233' title='bbox 233 1120 303 1157; x_wconf 82' lang='lat' dir='ltr'>Virg.</span> <span class='ocrx_word' id='word_1_234' title='bbox 319 1120 380 1149; x_wconf 67' lang='grc' dir='ltr'><strong>ΖΕΗ.</strong></span> <span class='ocrx_word' id='word_1_235' title='bbox 392 1129 417 1153; x_wconf 63' lang='lat' dir='ltr'>2x</span> <span class='ocrx_word' id='word_1_236' title='bbox 434 1128 493 1148; x_wconf 88' lang='lat'>112.</span> 
     </span>
     <span class='ocr_line' id='line_1_27' title="bbox 156 1153 919 1196; baseline -0.007 -9"><span class='ocrx_word' id='word_1_237' title='bbox 156 1157 294 1196; x_wconf 69' lang='lat' dir='ltr'>Praecipue</span> <span class='ocrx_word' id='word_1_238' title='bbox 309 1167 372 1186; x_wconf 90' lang='lat' dir='ltr'>cum</span> <span class='ocrx_word' id='word_1_239' title='bbox 385 1158 441 1193; x_wconf 88' lang='lat' dir='ltr'>jam</span> <span class='ocrx_word' id='word_1_240' title='bbox 454 1156 499 1186; x_wconf 85' lang='lat' dir='ltr'>hic</span> <span class='ocrx_word' id='word_1_241' title='bbox 514 1154 636 1184; x_wconf 83' lang='lat' dir='ltr'>trabibus</span> <span class='ocrx_word' id='word_1_242' title='bbox 651 1159 798 1183; x_wconf 82' lang='lat' dir='ltr'>contextus</span> <span class='ocrx_word' id='word_1_243' title='bbox 813 1153 919 1182; x_wconf 80' lang='lat' dir='ltr'>acernis</span> 
     </span>
     <span class='ocr_line' id='line_1_28' title="bbox 157 1196 359 1225; baseline -0.01 0"><span class='ocrx_word' id='word_1_244' title='bbox 157 1196 245 1225; x_wconf 84' lang='lat' dir='ltr'>Staret</span> <span class='ocrx_word' id='word_1_245' title='bbox 265 1205 280 1224; x_wconf 89' lang='lat' dir='ltr'>e</span> <span class='ocrx_word' id='word_1_246' title='bbox 300 1205 359 1223; x_wconf 90' lang='lat' dir='ltr'>uus.</span> 
     </span>
     <span class='ocr_line' id='line_1_29' title="bbox 83 1204 1162 1271; baseline -0.006 -9"><span class='ocrx_word' id='word_1_247' title='bbox 83 1232 186 1262; x_wconf 89' lang='lat' dir='ltr'>Acerna</span> <span class='ocrx_word' id='word_1_248' title='bbox 197 1204 298 1261; x_wconf 49' lang='lat' dir='ltr'>menses}</span> <span class='ocrx_word' id='word_1_249' title='bbox 325 1230 444 1262; x_wconf 81' lang='lat' dir='ltr'>Martial.</span> <span class='ocrx_word' id='word_1_250' title='bbox 460 1230 507 1265; x_wconf 73' lang='lat' dir='ltr'>lib.</span> <span class='ocrx_word' id='word_1_251' title='bbox 525 1240 566 1266; x_wconf 73' lang='lat'>14.</span> <span class='ocrx_word' id='word_1_252' title='bbox 582 1240 626 1266; x_wconf 90' lang='lat'>90.</span> <span class='ocrx_word' id='word_1_253' title='bbox 649 1231 675 1259; x_wconf 79' lang='lat' dir='ltr'>Sc</span> <span class='ocrx_word' id='word_1_254' title='bbox 689 1228 756 1258; x_wconf 88' lang='lat' dir='ltr'>Hor.</span> <span class='ocrx_word' id='word_1_255' title='bbox 770 1238 795 1258; x_wconf 93' lang='lat'>2.</span> <span class='ocrx_word' id='word_1_256' title='bbox 811 1228 865 1257; x_wconf 79' lang='lat' dir='ltr'>Sat.</span> <span class='ocrx_word' id='word_1_257' title='bbox 878 1233 903 1261; x_wconf 83' lang='lat'>8.</span> <span class='ocrx_word' id='word_1_258' title='bbox 925 1238 967 1271; x_wconf 60' lang='lat'>10.</span> <span class='ocrx_word' id='word_1_259' title='bbox 1158 1265 1162 1270; x_wconf 32' lang='grc' dir='ltr'>ι</span> 
     </span>
     <span class='ocr_line' id='line_1_30' title="bbox 44 1265 1194 1306; baseline -0.003 -8"><span class='ocrx_word' id='word_1_260' title='bbox 44 1269 112 1304; x_wconf 76' lang='lat' dir='ltr'>Aca</span> <span class='ocrx_word' id='word_1_261' title='bbox 122 1279 136 1298; x_wconf 74' lang='lat' dir='ltr'>a</span> <span class='ocrx_word' id='word_1_262' title='bbox 145 1292 153 1306; x_wconf 82' lang='lat'>,</span> <span class='ocrx_word' id='word_1_263' title='bbox 173 1270 240 1300; x_wconf 87' lang='lat' dir='ltr'>acris</span> <span class='ocrx_word' id='word_1_264' title='bbox 255 1271 280 1299; x_wconf 74' lang='lat' dir='ltr'>Sc</span> <span class='ocrx_word' id='word_1_265' title='bbox 294 1279 363 1305; x_wconf 50' lang='lat' dir='ltr'>acre²</span> <span class='ocrx_word' id='word_1_266' title='bbox 389 1270 492 1305; x_wconf 57' lang='lat' dir='ltr'>[o‘bxpv‘sc</span> <span class='ocrx_word' id='word_1_267' title='bbox 503 1288 510 1298; x_wconf 95' lang='lat'><em>,</em></span> <span class='ocrx_word' id='word_1_268' title='bbox 532 1270 580 1300; x_wconf 75' lang='grc' dir='ltr'>ὀξὺς</span> <span class='ocrx_word' id='word_1_269' title='bbox 591 1288 598 1299; x_wconf 89' lang='grc'><em>,</em></span> <span class='ocrx_word' id='word_1_270' title='bbox 618 1267 737 1302; x_wconf 50' lang='lat' dir='ltr'>kuffiso]</span> <span class='ocrx_word' id='word_1_271' title='bbox 763 1266 878 1296; x_wconf 69' lang='lat' dir='ltr'>Lectum</span> <span class='ocrx_word' id='word_1_272' title='bbox 888 1266 925 1295; x_wconf 87' lang='lat' dir='ltr'>est</span> <span class='ocrx_word' id='word_1_273' title='bbox 940 1266 986 1295; x_wconf 87' lang='lat' dir='ltr'>hic</span> <span class='ocrx_word' id='word_1_274' title='bbox 997 1267 1022 1295; x_wconf 68' lang='grc' dir='ltr'>δε</span> <span class='ocrx_word' id='word_1_275' title='bbox 1034 1265 1093 1295; x_wconf 83' lang='lat' dir='ltr'>haec</span> <span class='ocrx_word' id='word_1_276' title='bbox 1103 1265 1194 1294; x_wconf 86' lang='lat' dir='ltr'>Acris:</span> 
     </span>
     <span class='ocr_line' id='line_1_31' title="bbox 83 1303 1197 1345; baseline -0.005 -8"><span class='ocrx_word' id='word_1_277' title='bbox 83 1314 113 1336; x_wconf 88' lang='lat' dir='ltr'>ut</span> <span class='ocrx_word' id='word_1_278' title='bbox 125 1308 198 1337; x_wconf 87' lang='lat' dir='ltr'>Acris</span> <span class='ocrx_word' id='word_1_279' title='bbox 216 1308 343 1343; x_wconf 78' lang='lat' dir='ltr'>somnus,</span> <span class='ocrx_word' id='word_1_280' title='bbox 365 1306 439 1345; x_wconf 86' lang='lat' dir='ltr'>apud</span> <span class='ocrx_word' id='word_1_281' title='bbox 452 1306 570 1336; x_wconf 86' lang='lat' dir='ltr'>Ennium</span> <span class='ocrx_word' id='word_1_282' title='bbox 583 1327 590 1339; x_wconf 78' lang='lat'>,</span> <span class='ocrx_word' id='word_1_283' title='bbox 611 1305 677 1334; x_wconf 81' lang='lat' dir='ltr'>teste</span> <span class='ocrx_word' id='word_1_284' title='bbox 694 1304 829 1333; x_wconf 81' lang='lat' dir='ltr'>Prisciano</span> <span class='ocrx_word' id='word_1_285' title='bbox 854 1303 872 1334; x_wconf 91' lang='lat' dir='ltr'>l.</span> <span class='ocrx_word' id='word_1_286' title='bbox 886 1306 913 1338; x_wconf 61' lang='grc' dir='ltr'>ᾳ*</span> <span class='ocrx_word' id='word_1_287' title='bbox 928 1304 946 1333; x_wconf 88' lang='lat' dir='ltr'>f.</span> <span class='ocrx_word' id='word_1_288' title='bbox 959 1314 1003 1339; x_wconf 87' lang='lat'>42.</span> <span class='ocrx_word' id='word_1_289' title='bbox 1033 1303 1103 1332; x_wconf 91' lang='lat' dir='ltr'>Aldi.</span> <span class='ocrx_word' id='word_1_290' title='bbox 1135 1303 1197 1332; x_wconf 91' lang='lat' dir='ltr'>Pro-</span> 
     </span>
     <span class='ocr_line' id='line_1_32' title="bbox 80 1342 1196 1383; baseline -0.004 -10"><span class='ocrx_word' id='word_1_291' title='bbox 80 1344 139 1382; x_wconf 90' lang='lat' dir='ltr'>prie</span> <span class='ocrx_word' id='word_1_292' title='bbox 150 1345 244 1383; x_wconf 81' lang='lat' dir='ltr'>Sapori</span> <span class='ocrx_word' id='word_1_293' title='bbox 253 1345 384 1374; x_wconf 86' lang='lat' dir='ltr'>convenit</span> <span class='ocrx_word' id='word_1_294' title='bbox 393 1367 400 1380; x_wconf 88' lang='lat'><strong>‚</strong></span> <span class='ocrx_word' id='word_1_295' title='bbox 417 1346 442 1379; x_wconf 72' lang='lat' dir='ltr'>S&lt;</span> <span class='ocrx_word' id='word_1_296' title='bbox 454 1354 502 1382; x_wconf 89' lang='lat' dir='ltr'>pro</span> <span class='ocrx_word' id='word_1_297' title='bbox 517 1343 589 1376; x_wconf 75' lang='lat' dir='ltr'>forti</span> <span class='ocrx_word' id='word_1_298' title='bbox 600 1353 631 1372; x_wconf 87' lang='lat' dir='ltr'>ac</span> <span class='ocrx_word' id='word_1_299' title='bbox 642 1342 799 1372; x_wconf 85' lang='lat' dir='ltr'>vehementi</span> <span class='ocrx_word' id='word_1_300' title='bbox 810 1342 906 1379; x_wconf 76' lang='lat' dir='ltr'>saepius</span> <span class='ocrx_word' id='word_1_301' title='bbox 916 1342 1065 1379; x_wconf 80' lang='lat' dir='ltr'>accipitur:</span> <span class='ocrx_word' id='word_1_302' title='bbox 1087 1347 1119 1370; x_wconf 90' lang='lat' dir='ltr'>ut</span> <span class='ocrx_word' id='word_1_303' title='bbox 1128 1342 1196 1369; x_wconf 86' lang='lat' dir='ltr'>Aere</span> 
     </span>
     <span class='ocr_line' id='line_1_33' title="bbox 80 1379 1195 1418; baseline -0.004 -6"><span class='ocrx_word' id='word_1_304' title='bbox 80 1389 197 1412; x_wconf 90' lang='lat' dir='ltr'>acetum.</span> <span class='ocrx_word' id='word_1_305' title='bbox 208 1382 423 1418; x_wconf 86' lang='lat' dir='ltr'>Columel.lib.3.</span> <span class='ocrx_word' id='word_1_306' title='bbox 438 1384 463 1412; x_wconf 64' lang='lat' dir='ltr'>S&lt;</span> <span class='ocrx_word' id='word_1_307' title='bbox 477 1391 610 1418; x_wconf 74' lang='lat' dir='ltr'>12.c.ip.5.</span> <span class='ocrx_word' id='word_1_308' title='bbox 625 1380 728 1410; x_wconf 84' lang='lat' dir='ltr'>Radice</span> <span class='ocrx_word' id='word_1_309' title='bbox 739 1387 818 1410; x_wconf 87' lang='lat' dir='ltr'>tenus</span> <span class='ocrx_word' id='word_1_310' title='bbox 829 1380 913 1409; x_wconf 83' lang='lat' dir='ltr'>vitem</span> <span class='ocrx_word' id='word_1_311' title='bbox 924 1380 1075 1417; x_wconf 68' lang='lat' dir='ltr'>praeciditQ</span> <span class='ocrx_word' id='word_1_312' title='bbox 1087 1379 1195 1416; x_wconf 80' lang='lat' dir='ltr'>plagam</span> 
     </span>
     <span class='ocr_line' id='line_1_34' title="bbox 80 1417 1192 1458; baseline -0.004 -9"><span class='ocrx_word' id='word_1_313' title='bbox 80 1421 135 1449; x_wconf 84' lang='lat' dir='ltr'>acri</span> <span class='ocrx_word' id='word_1_314' title='bbox 146 1427 223 1450; x_wconf 85' lang='lat' dir='ltr'>aceto</span> <span class='ocrx_word' id='word_1_315' title='bbox 232 1422 333 1458; x_wconf 89' lang='lat' dir='ltr'>pariter</span> <span class='ocrx_word' id='word_1_316' title='bbox 344 1430 375 1450; x_wconf 90' lang='lat' dir='ltr'>ac</span> <span class='ocrx_word' id='word_1_317' title='bbox 384 1420 453 1450; x_wconf 91' lang='lat' dir='ltr'>lotio</span> <span class='ocrx_word' id='word_1_318' title='bbox 466 1419 592 1457; x_wconf 82' lang='lat' dir='ltr'>permista</span> <span class='ocrx_word' id='word_1_319' title='bbox 602 1426 672 1447; x_wconf 81' lang='lat' dir='ltr'>terra</span> <span class='ocrx_word' id='word_1_320' title='bbox 682 1418 762 1447; x_wconf 90' lang='lat' dir='ltr'>linito</span> <span class='ocrx_word' id='word_1_321' title='bbox 771 1440 778 1454; x_wconf 89' lang='lat'>,</span> <span class='ocrx_word' id='word_1_322' title='bbox 794 1418 946 1454; x_wconf 84' lang='lat' dir='ltr'>eademque</span> <span class='ocrx_word' id='word_1_323' title='bbox 958 1418 1064 1454; x_wconf 80' lang='lat' dir='ltr'>radices</span> <span class='ocrx_word' id='word_1_324' title='bbox 1074 1417 1192 1454; x_wconf 79' lang='lat' dir='ltr'>irrigato.</span> 
     </span>
     <span class='ocr_line' id='line_1_35' title="bbox 28 1456 746 1494; baseline -0.001 -7"><span class='ocrx_word' id='word_1_325' title='bbox 28 1456 30 1461; x_wconf 63' lang='lat'><strong>⁴</strong></span> <span class='ocrx_word' id='word_1_326' title='bbox 81 1458 148 1487; x_wconf 86' lang='lat' dir='ltr'>Acer</span> <span class='ocrx_word' id='word_1_327' title='bbox 158 1459 183 1488; x_wconf 72' lang='grc' dir='ltr'><strong>ἃ</strong></span> <span class='ocrx_word' id='word_1_328' title='bbox 195 1459 289 1488; x_wconf 90' lang='lat' dir='ltr'>acidus</span> <span class='ocrx_word' id='word_1_329' title='bbox 301 1458 405 1488; x_wconf 84' lang='lat' dir='ltr'>succus.</span> <span class='ocrx_word' id='word_1_330' title='bbox 430 1458 532 1487; x_wconf 86' lang='lat' dir='ltr'>VitruV.</span> <span class='ocrx_word' id='word_1_331' title='bbox 547 1456 594 1486; x_wconf 89' lang='lat' dir='ltr'>lib.</span> <span class='ocrx_word' id='word_1_332' title='bbox 607 1462 631 1490; x_wconf 81' lang='lat'>8.</span> <span class='ocrx_word' id='word_1_333' title='bbox 647 1466 707 1494; x_wconf 89' lang='lat' dir='ltr'>cap.</span> <span class='ocrx_word' id='word_1_334' title='bbox 722 1466 746 1493; x_wconf 90' lang='lat'>3.</span> 
     </span>
    </p>

    <p class='ocr_par' dir='ltr' id='par_1_11' title="bbox 82 1495 1060 1536">
     <span class='ocr_line' id='line_1_36' title="bbox 82 1495 1060 1536; baseline -0.004 -11"><span class='ocrx_word' id='word_1_335' title='bbox 82 1496 148 1529; x_wconf 81' lang='lat' dir='ltr'>Acer</span> <span class='ocrx_word' id='word_1_336' title='bbox 159 1495 326 1526; x_wconf 59' lang='lat' dir='ltr'>&amp;sublimis</span> <span class='ocrx_word' id='word_1_337' title='bbox 351 1496 416 1526; x_wconf 91' lang='lat' dir='ltr'>Hor.</span> <span class='ocrx_word' id='word_1_338' title='bbox 430 1506 455 1525; x_wconf 92' lang='lat'>2.</span> <span class='ocrx_word' id='word_1_339' title='bbox 472 1495 554 1533; x_wconf 80' lang='lat' dir='ltr'>Epist.</span> <span class='ocrx_word' id='word_1_340' title='bbox 570 1504 593 1523; x_wconf 91' lang='lat'>1.</span> <span class='ocrx_word' id='word_1_341' title='bbox 613 1498 673 1529; x_wconf 77' lang='lat'>165.</span> <span class='ocrx_word' id='word_1_342' title='bbox 982 1530 987 1536; x_wconf 36' lang='lat'><strong>¹</strong></span> <span class='ocrx_word' id='word_1_343' title='bbox 1056 1530 1060 1536; x_wconf 40' lang='grc' dir='ltr'>Ι</span> 
     </span>
    </p>

    <p class='ocr_par' dir='ltr' id='par_1_12' title="bbox 80 1529 1174 1568">
     <span class='ocr_line' id='line_1_37' title="bbox 80 1529 1174 1568; baseline -0.004 -6"><span class='ocrx_word' id='word_1_344' title='bbox 80 1536 148 1562; x_wconf 81' lang='lat' dir='ltr'>Acer</span> <span class='ocrx_word' id='word_1_345' title='bbox 159 1534 232 1564; x_wconf 87' lang='lat' dir='ltr'>bello</span> <span class='ocrx_word' id='word_1_346' title='bbox 244 1533 433 1564; x_wconf 85' lang='lat' dir='ltr'>accendendo.</span> <span class='ocrx_word' id='word_1_347' title='bbox 467 1533 529 1564; x_wconf 85' lang='lat' dir='ltr'>Hoc</span> <span class='ocrx_word' id='word_1_348' title='bbox 540 1533 595 1568; x_wconf 83' lang='lat' dir='ltr'>est,</span> <span class='ocrx_word' id='word_1_349' title='bbox 616 1532 657 1562; x_wconf 90' lang='lat' dir='ltr'>Ad</span> <span class='ocrx_word' id='word_1_350' title='bbox 669 1530 890 1561; x_wconf 83' lang='lat' dir='ltr'>accendendum.</span> <span class='ocrx_word' id='word_1_351' title='bbox 920 1530 1009 1560; x_wconf 86' lang='lat' dir='ltr'>Tacit.</span> <span class='ocrx_word' id='word_1_352' title='bbox 1026 1529 1093 1559; x_wconf 87' lang='lat' dir='ltr'>Hist.</span> <span class='ocrx_word' id='word_1_353' title='bbox 1107 1540 1132 1565; x_wconf 87' lang='lat'>4.</span> <span class='ocrx_word' id='word_1_354' title='bbox 1151 1539 1174 1558; x_wconf 92' lang='lat'>1.</span> 
     </span>
    </p>

    <p class='ocr_par' dir='ltr' id='par_1_13' title="bbox 79 1568 1195 1685">
     <span class='ocr_line' id='line_1_38' title="bbox 79 1568 1195 1602; baseline -0.004 -2"><span class='ocrx_word' id='word_1_355' title='bbox 79 1571 120 1600; x_wconf 83' lang='lat' dir='ltr'>Ad</span> <span class='ocrx_word' id='word_1_356' title='bbox 141 1571 333 1601; x_wconf 83' lang='lat' dir='ltr'>somniandum</span> <span class='ocrx_word' id='word_1_357' title='bbox 351 1581 421 1600; x_wconf 83' lang='lat' dir='ltr'>acer.</span> <span class='ocrx_word' id='word_1_358' title='bbox 459 1570 517 1601; x_wconf 85' lang='lat' dir='ltr'>Cic.</span> <span class='ocrx_word' id='word_1_359' title='bbox 537 1570 584 1599; x_wconf 89' lang='lat' dir='ltr'>lib.</span> <span class='ocrx_word' id='word_1_360' title='bbox 604 1581 626 1599; x_wconf 93' lang='lat'>1.</span> <span class='ocrx_word' id='word_1_361' title='bbox 650 1570 685 1599; x_wconf 88' lang='lat' dir='ltr'>de</span> <span class='ocrx_word' id='word_1_362' title='bbox 707 1569 798 1598; x_wconf 91' lang='lat' dir='ltr'>Divin.</span> <span class='ocrx_word' id='word_1_363' title='bbox 820 1573 863 1598; x_wconf 89' lang='lat'>61.</span> <span class='ocrx_word' id='word_1_364' title='bbox 913 1568 988 1598; x_wconf 89' lang='lat' dir='ltr'>Tum</span> <span class='ocrx_word' id='word_1_365' title='bbox 1007 1568 1135 1602; x_wconf 82' lang='lat' dir='ltr'>eveniet,</span> <span class='ocrx_word' id='word_1_366' title='bbox 1165 1572 1195 1596; x_wconf 88' lang='lat' dir='ltr'>ut</span> 
     </span>
     <span class='ocr_line' id='line_1_39' title="bbox 100 1605 1194 1647; baseline -0.004 -9"><span class='ocrx_word' id='word_1_367' title='bbox 100 1609 146 1643; x_wconf 69' lang='lat' dir='ltr'>illa</span> <span class='ocrx_word' id='word_1_368' title='bbox 156 1610 233 1638; x_wconf 88' lang='lat' dir='ltr'>tertia</span> <span class='ocrx_word' id='word_1_369' title='bbox 244 1620 305 1647; x_wconf 84' lang='lat' dir='ltr'>pars</span> <span class='ocrx_word' id='word_1_370' title='bbox 316 1610 428 1638; x_wconf 86' lang='lat' dir='ltr'>rationis</span> <span class='ocrx_word' id='word_1_371' title='bbox 439 1610 465 1639; x_wconf 73' lang='lat' dir='ltr'>St</span> <span class='ocrx_word' id='word_1_372' title='bbox 476 1609 576 1638; x_wconf 89' lang='lat' dir='ltr'>mentis</span> <span class='ocrx_word' id='word_1_373' title='bbox 591 1607 700 1637; x_wconf 86' lang='lat' dir='ltr'>eluceat</span> <span class='ocrx_word' id='word_1_374' title='bbox 709 1629 716 1642; x_wconf 81' lang='lat'><em>‚</em></span> <span class='ocrx_word' id='word_1_375' title='bbox 738 1608 765 1636; x_wconf 69' lang='grc' dir='ltr'>δι</span> <span class='ocrx_word' id='word_1_376' title='bbox 775 1606 802 1636; x_wconf 88' lang='lat' dir='ltr'>se</span> <span class='ocrx_word' id='word_1_377' title='bbox 815 1614 941 1644; x_wconf 78' lang='lat' dir='ltr'>vegetam</span> <span class='ocrx_word' id='word_1_378' title='bbox 950 1607 986 1635; x_wconf 89' lang='lat' dir='ltr'>ad</span> <span class='ocrx_word' id='word_1_379' title='bbox 999 1605 1194 1635; x_wconf 88' lang='lat' dir='ltr'>somniandum</span> 
     </span>
     <span class='ocr_line' id='line_1_40' title="bbox 99 1647 384 1685; baseline 0.004 -10"><span class='ocrx_word' id='word_1_380' title='bbox 99 1656 243 1684; x_wconf 88' lang='lat' dir='ltr'>acremque</span> <span class='ocrx_word' id='word_1_381' title='bbox 257 1647 384 1685; x_wconf 61' lang='lat' dir='ltr'>praebeat.</span> 
     </span>
    </p>

    <p class='ocr_par' dir='ltr' id='par_1_14' title="bbox 80 1684 542 1722">
     <span class='ocr_line' id='line_1_41' title="bbox 80 1684 542 1722; baseline -0.004 -8"><span class='ocrx_word' id='word_1_382' title='bbox 80 1685 169 1714; x_wconf 82' lang='lat' dir='ltr'>Armis</span> <span class='ocrx_word' id='word_1_383' title='bbox 183 1690 264 1714; x_wconf 51' lang='lat' dir='ltr'>acer(</span> <span class='ocrx_word' id='word_1_384' title='bbox 281 1685 351 1722; x_wconf 87' lang='lat' dir='ltr'>Virg.</span> <span class='ocrx_word' id='word_1_385' title='bbox 365 1695 390 1721; x_wconf 90' lang='lat'>9.</span> <span class='ocrx_word' id='word_1_386' title='bbox 405 1684 466 1715; x_wconf 81' lang='lat' dir='ltr'>AEn.</span> <span class='ocrx_word' id='word_1_387' title='bbox 482 1687 542 1721; x_wconf 79' lang='lat'>176.</span> 
     </span>
    </p>

    <p class='ocr_par' dir='ltr' id='par_1_15' title="bbox 80 1719 947 1760">
     <span class='ocr_line' id='line_1_42' title="bbox 80 1719 947 1760; baseline -0.002 -10"><span class='ocrx_word' id='word_1_388' title='bbox 80 1721 164 1751; x_wconf 79' lang='lat' dir='ltr'>Cursu</span> <span class='ocrx_word' id='word_1_389' title='bbox 178 1732 272 1759; x_wconf 85' lang='lat' dir='ltr'>equus.</span> <span class='ocrx_word' id='word_1_390' title='bbox 301 1723 373 1760; x_wconf 86' lang='lat' dir='ltr'>Virg.</span> <span class='ocrx_word' id='word_1_391' title='bbox 390 1732 413 1759; x_wconf 90' lang='lat'>3.</span> <span class='ocrx_word' id='word_1_392' title='bbox 430 1723 528 1759; x_wconf 81' lang='lat' dir='ltr'>Georg.</span> <span class='ocrx_word' id='word_1_393' title='bbox 546 1731 606 1756; x_wconf 75' lang='lat'>119.</span> <span class='ocrx_word' id='word_1_394' title='bbox 638 1720 669 1751; x_wconf 91' lang='lat' dir='ltr'>V.</span> <span class='ocrx_word' id='word_1_395' title='bbox 685 1720 755 1749; x_wconf 81' lang='lat' dir='ltr'>infra</span> <span class='ocrx_word' id='word_1_396' title='bbox 769 1719 862 1756; x_wconf 86' lang='lat' dir='ltr'>Equus</span> <span class='ocrx_word' id='word_1_397' title='bbox 877 1729 947 1756; x_wconf 69' lang='lat' dir='ltr'>acer.</span> 
     </span>
    </p>

    <p class='ocr_par' dir='ltr' id='par_1_16' title="bbox 30 1754 1194 1873">
     <span class='ocr_line' id='line_1_43' title="bbox 47 1754 1190 1798; baseline -0.003 -10"><span class='ocrx_word' id='word_1_398' title='bbox 47 1782 50 1785; x_wconf 59' lang='grc'>,</span> <span class='ocrx_word' id='word_1_399' title='bbox 77 1760 146 1789; x_wconf 83' lang='lat' dir='ltr'>Acer</span> <span class='ocrx_word' id='word_1_400' title='bbox 157 1760 261 1789; x_wconf 81' lang='lat' dir='ltr'>niilitiae</span> <span class='ocrx_word' id='word_1_401' title='bbox 272 1760 453 1798; x_wconf 74' lang='lat' dir='ltr'>Vespasianus.</span> <span class='ocrx_word' id='word_1_402' title='bbox 474 1759 563 1789; x_wconf 78' lang='lat' dir='ltr'>Tacit.</span> <span class='ocrx_word' id='word_1_403' title='bbox 593 1758 702 1788; x_wconf 75' lang='lat' dir='ltr'>Militiae</span> <span class='ocrx_word' id='word_1_404' title='bbox 714 1764 793 1796; x_wconf 76' lang='lat' dir='ltr'>putat</span> <span class='ocrx_word' id='word_1_405' title='bbox 804 1758 953 1787; x_wconf 73' lang='lat' dir='ltr'>Rhenanus</span> <span class='ocrx_word' id='word_1_406' title='bbox 965 1757 1117 1797; x_wconf 82' lang='lat' dir='ltr'>genitivum</span> <span class='ocrx_word' id='word_1_407' title='bbox 1127 1754 1190 1784; x_wconf 81' lang='lat' dir='ltr'>effe.</span> 
     </span>
     <span class='ocr_line' id='line_1_44' title="bbox 30 1793 1194 1835; baseline -0.005 -8"><span class='ocrx_word' id='word_1_408' title='bbox 30 1819 31 1827; x_wconf 44' lang='grc'>1</span> <span class='ocrx_word' id='word_1_409' title='bbox 78 1797 111 1832; x_wconf 79' lang='lat' dir='ltr'>In</span> <span class='ocrx_word' id='word_1_410' title='bbox 126 1797 205 1827; x_wconf 78' lang='lat' dir='ltr'>rebus</span> <span class='ocrx_word' id='word_1_411' title='bbox 217 1798 342 1835; x_wconf 81' lang='lat' dir='ltr'>gerendis</span> <span class='ocrx_word' id='word_1_412' title='bbox 353 1808 422 1827; x_wconf 84' lang='lat' dir='ltr'>acer.</span> <span class='ocrx_word' id='word_1_413' title='bbox 455 1798 512 1826; x_wconf 87' lang='lat' dir='ltr'>Cic.</span> <span class='ocrx_word' id='word_1_414' title='bbox 526 1803 551 1831; x_wconf 85' lang='lat'>8.</span> <span class='ocrx_word' id='word_1_415' title='bbox 568 1796 641 1827; x_wconf 81' lang='lat' dir='ltr'>Fam.</span> <span class='ocrx_word' id='word_1_416' title='bbox 659 1807 700 1832; x_wconf 76' lang='lat'>15.</span> <span class='ocrx_word' id='word_1_417' title='bbox 738 1796 861 1833; x_wconf 84' lang='lat' dir='ltr'>Ecquem</span> <span class='ocrx_word' id='word_1_418' title='bbox 877 1804 970 1825; x_wconf 81' lang='lat' dir='ltr'>autem</span> <span class='ocrx_word' id='word_1_419' title='bbox 982 1795 1084 1825; x_wconf 67' lang='lat' dir='ltr'>Caesare</span> <span class='ocrx_word' id='word_1_420' title='bbox 1103 1793 1194 1829; x_wconf 80' lang='lat' dir='ltr'>nostro</span> 
     </span>
     <span class='ocr_line' id='line_1_45' title="bbox 58 1833 870 1873; baseline -0.005 -8"><span class='ocrx_word' id='word_1_421' title='bbox 58 1859 60 1865; x_wconf 76' lang='grc'>,</span> <span class='ocrx_word' id='word_1_422' title='bbox 97 1836 229 1864; x_wconf 88' lang='lat' dir='ltr'>acriorem</span> <span class='ocrx_word' id='word_1_423' title='bbox 243 1836 271 1864; x_wconf 88' lang='lat' dir='ltr'>in</span> <span class='ocrx_word' id='word_1_424' title='bbox 286 1836 365 1870; x_wconf 86' lang='lat' dir='ltr'>rebus</span> <span class='ocrx_word' id='word_1_425' title='bbox 379 1836 505 1873; x_wconf 81' lang='lat' dir='ltr'>gerendis</span> <span class='ocrx_word' id='word_1_426' title='bbox 517 1842 564 1866; x_wconf 84' lang='lat' dir='ltr'>aut</span> <span class='ocrx_word' id='word_1_427' title='bbox 577 1833 662 1872; x_wconf 85' lang='lat' dir='ltr'>legisti</span> <span class='ocrx_word' id='word_1_428' title='bbox 672 1857 679 1869; x_wconf 63' lang='lat'>7</span> <span class='ocrx_word' id='word_1_429' title='bbox 701 1841 748 1863; x_wconf 86' lang='lat' dir='ltr'>aut</span> <span class='ocrx_word' id='word_1_430' title='bbox 757 1834 847 1862; x_wconf 87' lang='lat' dir='ltr'>vidisti</span> <span class='ocrx_word' id='word_1_431' title='bbox 857 1835 870 1862; x_wconf 64' lang='grc' dir='ltr'>ἵ)</span> 
     </span>
    </p>

    <p class='ocr_par' dir='ltr' id='par_1_17' title="bbox 77 1872 879 1947">
     <span class='ocr_line' id='line_1_46' title="bbox 77 1872 879 1909; baseline -0.002 -7"><span class='ocrx_word' id='word_1_432' title='bbox 77 1872 110 1908; x_wconf 80' lang='lat' dir='ltr'>In</span> <span class='ocrx_word' id='word_1_433' title='bbox 122 1872 202 1902; x_wconf 87' lang='lat' dir='ltr'>rebus</span> <span class='ocrx_word' id='word_1_434' title='bbox 222 1873 395 1904; x_wconf 85' lang='lat' dir='ltr'>inveniendis</span> <span class='ocrx_word' id='word_1_435' title='bbox 410 1876 436 1903; x_wconf 67' lang='grc' dir='ltr'>ἃ</span> <span class='ocrx_word' id='word_1_436' title='bbox 454 1873 618 1908; x_wconf 83' lang='lat' dir='ltr'>iudicandis.</span> <span class='ocrx_word' id='word_1_437' title='bbox 650 1872 707 1901; x_wconf 92' lang='lat' dir='ltr'>Cic.</span> <span class='ocrx_word' id='word_1_438' title='bbox 726 1872 802 1901; x_wconf 87' lang='lat' dir='ltr'>Orat.</span> <span class='ocrx_word' id='word_1_439' title='bbox 819 1881 879 1909; x_wconf 88' lang='lat'>172.</span> 
     </span>
     <span class='ocr_line' id='line_1_47' title="bbox 96 1910 825 1947; baseline -0.001 -8"><span class='ocrx_word' id='word_1_440' title='bbox 96 1911 270 1940; x_wconf 87' lang='lat' dir='ltr'>inveniendis</span> <span class='ocrx_word' id='word_1_441' title='bbox 282 1911 324 1941; x_wconf 85' lang='lat' dir='ltr'>vel</span> <span class='ocrx_word' id='word_1_442' title='bbox 336 1911 491 1947; x_wconf 83' lang='lat' dir='ltr'>judicandis</span> <span class='ocrx_word' id='word_1_443' title='bbox 502 1911 588 1940; x_wconf 84' lang='lat' dir='ltr'>acrior</span> <span class='ocrx_word' id='word_1_444' title='bbox 600 1910 741 1940; x_wconf 83' lang='lat' dir='ltr'>Aristotele</span> <span class='ocrx_word' id='word_1_445' title='bbox 751 1910 825 1938; x_wconf 77' lang='lat' dir='ltr'>fuit?</span> 
     </span>
    </p>

    <p class='ocr_par' dir='ltr' id='par_1_18' title="bbox 77 1948 854 1986">
     <span class='ocr_line' id='line_1_48' title="bbox 77 1948 854 1986; baseline -0.001 -9"><span class='ocrx_word' id='word_1_446' title='bbox 77 1948 192 1983; x_wconf 77' lang='lat' dir='ltr'>Acetum</span> <span class='ocrx_word' id='word_1_447' title='bbox 203 1958 272 1978; x_wconf 82' lang='lat' dir='ltr'>acre.</span> <span class='ocrx_word' id='word_1_448' title='bbox 300 1949 366 1984; x_wconf 82' lang='lat' dir='ltr'>Hor.</span> <span class='ocrx_word' id='word_1_449' title='bbox 381 1959 406 1984; x_wconf 74' lang='lat'>2.</span> <span class='ocrx_word' id='word_1_450' title='bbox 422 1949 476 1978; x_wconf 85' lang='lat' dir='ltr'>Sat.</span> <span class='ocrx_word' id='word_1_451' title='bbox 491 1958 514 1986; x_wconf 91' lang='lat'>3.</span> <span class='ocrx_word' id='word_1_452' title='bbox 534 1958 595 1985; x_wconf 87' lang='lat'>117.</span> <span class='ocrx_word' id='word_1_453' title='bbox 746 1965 783 1969; x_wconf 91' lang='lat'>—-</span> <span class='ocrx_word' id='word_1_454' title='bbox 793 1957 854 1976; x_wconf 88' lang='lat' dir='ltr'>acre</span> 
     </span>
    </p>

    <p class='ocr_par' dir='ltr' id='par_1_19' title="bbox 156 1986 367 2016">
     <span class='ocr_line' id='line_1_49' title="bbox 156 1986 367 2016; baseline 0.005 -1"><span class='ocrx_word' id='word_1_455' title='bbox 156 1986 235 2015; x_wconf 91' lang='lat' dir='ltr'>Potet</span> <span class='ocrx_word' id='word_1_456' title='bbox 251 1994 367 2016; x_wconf 85' lang='lat' dir='ltr'>acetum.</span> 
     </span>
    </p>

    <p class='ocr_par' dir='ltr' id='par_1_20' title="bbox 77 2022 1194 2100">
     <span class='ocr_line' id='line_1_50' title="bbox 77 2022 1194 2061; baseline 0 -9"><span class='ocrx_word' id='word_1_457' title='bbox 77 2023 247 2058; x_wconf 81' lang='lat' dir='ltr'>Acerrimum</span> <span class='ocrx_word' id='word_1_458' title='bbox 258 2031 375 2060; x_wconf 71' lang='lat' dir='ltr'>acetum.</span> <span class='ocrx_word' id='word_1_459' title='bbox 413 2024 517 2054; x_wconf 83' lang='lat' dir='ltr'>Gallice</span> <span class='ocrx_word' id='word_1_460' title='bbox 528 2047 536 2060; x_wconf 80' lang='lat'>‚</span> <span class='ocrx_word' id='word_1_461' title='bbox 559 2025 619 2050; x_wconf 78' lang='lat' dir='ltr'>Bien</span> <span class='ocrx_word' id='word_1_462' title='bbox 635 2023 695 2057; x_wconf 72' lang='lat' dir='ltr'>fort.</span> <span class='ocrx_word' id='word_1_463' title='bbox 725 2022 794 2052; x_wconf 89' lang='lat' dir='ltr'>Cels.</span> <span class='ocrx_word' id='word_1_464' title='bbox 811 2022 858 2052; x_wconf 93' lang='lat' dir='ltr'>lib.</span> <span class='ocrx_word' id='word_1_465' title='bbox 873 2034 898 2059; x_wconf 90' lang='lat'>4.</span> <span class='ocrx_word' id='word_1_466' title='bbox 914 2032 974 2061; x_wconf 85' lang='lat' dir='ltr'>cap.</span> <span class='ocrx_word' id='word_1_467' title='bbox 987 2033 1014 2059; x_wconf 90' lang='lat'>4.</span> <span class='ocrx_word' id='word_1_468' title='bbox 1059 2022 1194 2061; x_wconf 83' lang='lat' dir='ltr'>Asclepia-</span> 
     </span>
     <span class='ocr_line' id='line_1_51' title="bbox 96 2061 837 2100; baseline -0.001 -10"><span class='ocrx_word' id='word_1_469' title='bbox 96 2061 144 2091; x_wconf 86' lang='lat' dir='ltr'>des</span> <span class='ocrx_word' id='word_1_470' title='bbox 158 2068 267 2091; x_wconf 83' lang='lat' dir='ltr'>acetum</span> <span class='ocrx_word' id='word_1_471' title='bbox 279 2064 317 2092; x_wconf 85' lang='lat' dir='ltr'>ait</span> <span class='ocrx_word' id='word_1_472' title='bbox 329 2072 410 2100; x_wconf 79' lang='lat' dir='ltr'>quam</span> <span class='ocrx_word' id='word_1_473' title='bbox 424 2063 586 2093; x_wconf 89' lang='lat' dir='ltr'>acerrimum</span> <span class='ocrx_word' id='word_1_474' title='bbox 598 2061 650 2090; x_wconf 81' lang='lat' dir='ltr'>effe</span> <span class='ocrx_word' id='word_1_475' title='bbox 662 2061 837 2091; x_wconf 86' lang='lat' dir='ltr'>sorbendum.</span> 
     </span>
    </p>

    <p class='ocr_par' dir='ltr' id='par_1_21' title="bbox 77 2098 1193 2251">
     <span class='ocr_line' id='line_1_52' title="bbox 77 2098 1193 2137; baseline -0.001 -9"><span class='ocrx_word' id='word_1_476' title='bbox 77 2099 266 2137; x_wconf 82' lang='lat' dir='ltr'>Aciesingenii</span> <span class='ocrx_word' id='word_1_477' title='bbox 280 2101 356 2130; x_wconf 84' lang='lat' dir='ltr'>acris.</span> <span class='ocrx_word' id='word_1_478' title='bbox 379 2100 436 2130; x_wconf 91' lang='lat' dir='ltr'>Cic.</span> <span class='ocrx_word' id='word_1_479' title='bbox 451 2110 475 2137; x_wconf 88' lang='lat'>3.</span> <span class='ocrx_word' id='word_1_480' title='bbox 492 2101 527 2129; x_wconf 90' lang='lat' dir='ltr'>de</span> <span class='ocrx_word' id='word_1_481' title='bbox 537 2100 613 2129; x_wconf 85' lang='lat' dir='ltr'>Orat.</span> <span class='ocrx_word' id='word_1_482' title='bbox 629 2109 689 2134; x_wconf 88' lang='lat'>124.</span> <span class='ocrx_word' id='word_1_483' title='bbox 729 2100 800 2128; x_wconf 83' lang='lat' dir='ltr'>Nam</span> <span class='ocrx_word' id='word_1_484' title='bbox 811 2108 901 2136; x_wconf 89' lang='lat' dir='ltr'>neque</span> <span class='ocrx_word' id='word_1_485' title='bbox 913 2104 968 2127; x_wconf 82' lang='lat' dir='ltr'>tam</span> <span class='ocrx_word' id='word_1_486' title='bbox 985 2098 1023 2127; x_wconf 89' lang='grc'>011</span> <span class='ocrx_word' id='word_1_487' title='bbox 1036 2098 1105 2127; x_wconf 85' lang='lat' dir='ltr'>acris</span> <span class='ocrx_word' id='word_1_488' title='bbox 1121 2098 1193 2127; x_wconf 86' lang='lat' dir='ltr'>acies</span> 
     </span>
     <span class='ocr_line' id='line_1_53' title="bbox 96 2136 1193 2175; baseline -0.002 -9"><span class='ocrx_word' id='word_1_489' title='bbox 96 2137 126 2166; x_wconf 91' lang='lat' dir='ltr'>in</span> <span class='ocrx_word' id='word_1_490' title='bbox 135 2139 237 2167; x_wconf 87' lang='lat' dir='ltr'>naturis</span> <span class='ocrx_word' id='word_1_491' title='bbox 254 2138 399 2167; x_wconf 88' lang='lat' dir='ltr'>hominum</span> <span class='ocrx_word' id='word_1_492' title='bbox 416 2139 441 2168; x_wconf 76' lang='lat' dir='ltr'>Sc</span> <span class='ocrx_word' id='word_1_493' title='bbox 456 2138 574 2175; x_wconf 84' lang='lat' dir='ltr'>ingeniis</span> <span class='ocrx_word' id='word_1_494' title='bbox 585 2145 616 2166; x_wconf 89' lang='lat' dir='ltr'>ut</span> <span class='ocrx_word' id='word_1_495' title='bbox 630 2147 672 2166; x_wconf 89' lang='lat' dir='ltr'>res</span> <span class='ocrx_word' id='word_1_496' title='bbox 685 2144 774 2166; x_wconf 83' lang='lat' dir='ltr'>tantas</span> <span class='ocrx_word' id='word_1_497' title='bbox 787 2137 930 2173; x_wconf 85' lang='lat' dir='ltr'>quisquam</span> <span class='ocrx_word' id='word_1_498' title='bbox 940 2159 948 2171; x_wconf 81' lang='lat'>,</span> <span class='ocrx_word' id='word_1_499' title='bbox 968 2136 1017 2165; x_wconf 84' lang='lat' dir='ltr'>nisi</span> <span class='ocrx_word' id='word_1_500' title='bbox 1031 2136 1193 2165; x_wconf 77' lang='lat' dir='ltr'>monstratas</span> 
     </span>
     <span class='ocr_line' id='line_1_54' title="bbox 96 2174 1193 2214; baseline -0.001 -10"><span class='ocrx_word' id='word_1_501' title='bbox 96 2175 177 2212; x_wconf 82' lang='lat' dir='ltr'>possit</span> <span class='ocrx_word' id='word_1_502' title='bbox 187 2176 295 2205; x_wconf 89' lang='lat' dir='ltr'>videre:</span> <span class='ocrx_word' id='word_1_503' title='bbox 322 2186 413 2214; x_wconf 89' lang='lat' dir='ltr'>neque</span> <span class='ocrx_word' id='word_1_504' title='bbox 425 2182 500 2205; x_wconf 83' lang='lat' dir='ltr'>tanta</span> <span class='ocrx_word' id='word_1_505' title='bbox 513 2183 607 2205; x_wconf 85' lang='lat' dir='ltr'>tamen</span> <span class='ocrx_word' id='word_1_506' title='bbox 622 2176 650 2204; x_wconf 89' lang='lat' dir='ltr'>in</span> <span class='ocrx_word' id='word_1_507' title='bbox 662 2175 742 2209; x_wconf 75' lang='lat' dir='ltr'>rebus</span> <span class='ocrx_word' id='word_1_508' title='bbox 754 2174 903 2204; x_wconf 77' lang='lat' dir='ltr'>obscuritas</span> <span class='ocrx_word' id='word_1_509' title='bbox 913 2197 921 2210; x_wconf 85' lang='lat'>‚</span> <span class='ocrx_word' id='word_1_510' title='bbox 948 2180 980 2203; x_wconf 86' lang='lat' dir='ltr'>ut</span> <span class='ocrx_word' id='word_1_511' title='bbox 990 2183 1034 2211; x_wconf 79' lang='lat' dir='ltr'>eas</span> <span class='ocrx_word' id='word_1_512' title='bbox 1045 2184 1103 2204; x_wconf 87' lang='lat' dir='ltr'>non</span> <span class='ocrx_word' id='word_1_513' title='bbox 1114 2175 1193 2212; x_wconf 90' lang='lat' dir='ltr'>peni-</span> 
     </span>
     <span class='ocr_line' id='line_1_55' title="bbox 95 2212 794 2251; baseline -0.001 -9"><span class='ocrx_word' id='word_1_514' title='bbox 95 2219 139 2242; x_wconf 89' lang='lat' dir='ltr'>tus</span> <span class='ocrx_word' id='word_1_515' title='bbox 150 2213 204 2242; x_wconf 85' lang='lat' dir='ltr'>acri</span> <span class='ocrx_word' id='word_1_516' title='bbox 214 2214 254 2242; x_wconf 92' lang='lat' dir='ltr'>vir</span> <span class='ocrx_word' id='word_1_517' title='bbox 266 2215 378 2251; x_wconf 87' lang='lat' dir='ltr'>ingenio</span> <span class='ocrx_word' id='word_1_518' title='bbox 389 2220 484 2244; x_wconf 89' lang='lat' dir='ltr'>cernat</span> <span class='ocrx_word' id='word_1_519' title='bbox 493 2236 501 2250; x_wconf 77' lang='grc'>,</span> <span class='ocrx_word' id='word_1_520' title='bbox 522 2214 540 2242; x_wconf 88' lang='lat' dir='ltr'>si</span> <span class='ocrx_word' id='word_1_521' title='bbox 554 2213 640 2242; x_wconf 90' lang='lat' dir='ltr'>modo</span> <span class='ocrx_word' id='word_1_522' title='bbox 652 2212 794 2251; x_wconf 70' lang='lat' dir='ltr'>aspexerit.</span> 
     </span>
    </p>

    <p class='ocr_par' dir='ltr' id='par_1_22' title="bbox 76 2250 692 2286">
     <span class='ocr_line' id='line_1_56' title="bbox 76 2250 692 2286; baseline 0.003 -7"><span class='ocrx_word' id='word_1_523' title='bbox 76 2250 247 2285; x_wconf 81' lang='lat' dir='ltr'>Adversarius</span> <span class='ocrx_word' id='word_1_524' title='bbox 258 2252 413 2281; x_wconf 83' lang='lat' dir='ltr'>acerrimus.</span> <span class='ocrx_word' id='word_1_525' title='bbox 444 2251 501 2281; x_wconf 91' lang='lat' dir='ltr'>Cic.</span> <span class='ocrx_word' id='word_1_526' title='bbox 515 2253 568 2281; x_wconf 89' lang='lat' dir='ltr'>Att.</span> <span class='ocrx_word' id='word_1_527' title='bbox 584 2250 631 2286; x_wconf 82' lang='lat' dir='ltr'>lib.</span> <span class='ocrx_word' id='word_1_528' title='bbox 649 2261 692 2281; x_wconf 86' lang='lat'>10.</span> 
     </span>
    </p>

    <p class='ocr_par' dir='ltr' id='par_1_23' title="bbox 76 2288 558 2326">
     <span class='ocr_line' id='line_1_57' title="bbox 76 2288 558 2326; baseline 0.002 -9"><span class='ocrx_word' id='word_1_529' title='bbox 76 2288 150 2318; x_wconf 79' lang='lat' dir='ltr'>AEtas</span> <span class='ocrx_word' id='word_1_530' title='bbox 163 2289 239 2323; x_wconf 88' lang='lat' dir='ltr'>acris.</span> <span class='ocrx_word' id='word_1_531' title='bbox 271 2289 354 2319; x_wconf 90' lang='lat' dir='ltr'>Ovid.</span> <span class='ocrx_word' id='word_1_532' title='bbox 370 2299 394 2326; x_wconf 91' lang='lat'>3.</span> <span class='ocrx_word' id='word_1_533' title='bbox 410 2289 480 2319; x_wconf 85' lang='lat' dir='ltr'>Met.</span> <span class='ocrx_word' id='word_1_534' title='bbox 497 2300 558 2326; x_wconf 85' lang='lat'>540.</span> 
     </span>
    </p>

    <p class='ocr_par' dir='ltr' id='par_1_24' title="bbox 77 2324 1191 2403">
     <span class='ocr_line' id='line_1_58' title="bbox 77 2324 1191 2364; baseline -0.001 -9"><span class='ocrx_word' id='word_1_535' title='bbox 77 2327 186 2356; x_wconf 85' lang='lat' dir='ltr'>Amator</span> <span class='ocrx_word' id='word_1_536' title='bbox 197 2336 274 2363; x_wconf 85' lang='lat' dir='ltr'>acer⁷</span> <span class='ocrx_word' id='word_1_537' title='bbox 295 2327 351 2364; x_wconf 78' lang='lat' dir='ltr'>Qui</span> <span class='ocrx_word' id='word_1_538' title='bbox 361 2334 434 2356; x_wconf 86' lang='lat' dir='ltr'>amat</span> <span class='ocrx_word' id='word_1_539' title='bbox 443 2327 644 2357; x_wconf 84' lang='lat' dir='ltr'>vehementius.</span> <span class='ocrx_word' id='word_1_540' title='bbox 674 2326 732 2356; x_wconf 89' lang='lat' dir='ltr'>Cic.</span> <span class='ocrx_word' id='word_1_541' title='bbox 743 2326 796 2356; x_wconf 89' lang='lat' dir='ltr'>Att.</span> <span class='ocrx_word' id='word_1_542' title='bbox 812 2325 859 2354; x_wconf 92' lang='lat' dir='ltr'>lib.</span> <span class='ocrx_word' id='word_1_543' title='bbox 875 2334 898 2354; x_wconf 88' lang='lat'>1.</span> <span class='ocrx_word' id='word_1_544' title='bbox 915 2334 956 2354; x_wconf 92' lang='lat'>10.</span> <span class='ocrx_word' id='word_1_545' title='bbox 987 2324 1191 2355; x_wconf 88' lang='lat' dir='ltr'>Bibliothecam</span> 
     </span>
     <span class='ocr_line' id='line_1_59' title="bbox 93 2363 1142 2403; baseline -0.001 -9"><span class='ocrx_word' id='word_1_546' title='bbox 93 2370 170 2393; x_wconf 79' lang='lat' dir='ltr'>tuam</span> <span class='ocrx_word' id='word_1_547' title='bbox 181 2374 246 2394; x_wconf 88' lang='lat' dir='ltr'>cave</span> <span class='ocrx_word' id='word_1_548' title='bbox 257 2366 384 2403; x_wconf 88' lang='lat' dir='ltr'>cuiquam</span> <span class='ocrx_word' id='word_1_549' title='bbox 397 2365 449 2394; x_wconf 87' lang='lat' dir='ltr'>des</span> <span class='ocrx_word' id='word_1_550' title='bbox 464 2365 567 2394; x_wconf 89' lang='lat' dir='ltr'>ondeas</span> <span class='ocrx_word' id='word_1_551' title='bbox 576 2387 584 2400; x_wconf 83' lang='lat'>,</span> <span class='ocrx_word' id='word_1_552' title='bbox 605 2365 719 2402; x_wconf 79' lang='lat' dir='ltr'>quanvis</span> <span class='ocrx_word' id='word_1_553' title='bbox 731 2373 822 2398; x_wconf 86' lang='lat' dir='ltr'>acrem</span> <span class='ocrx_word' id='word_1_554' title='bbox 836 2368 986 2392; x_wconf 78' lang='lat' dir='ltr'>amatorem</span> <span class='ocrx_word' id='word_1_555' title='bbox 996 2363 1142 2399; x_wconf 82' lang='lat' dir='ltr'>inveneriS.</span> 
     </span>
    </p>

    <p class='ocr_par' dir='ltr' id='par_1_25' title="bbox 75 2401 542 2439">
     <span class='ocr_line' id='line_1_60' title="bbox 75 2401 542 2439; baseline 0.002 -8"><span class='ocrx_word' id='word_1_556' title='bbox 75 2401 200 2432; x_wconf 80' lang='lat' dir='ltr'>Ambitus</span> <span class='ocrx_word' id='word_1_557' title='bbox 211 2403 306 2436; x_wconf 86' lang='lat' dir='ltr'>acrior.</span> <span class='ocrx_word' id='word_1_558' title='bbox 333 2403 422 2433; x_wconf 73' lang='lat' dir='ltr'>Tacit.</span> <span class='ocrx_word' id='word_1_559' title='bbox 450 2403 485 2432; x_wconf 89' lang='lat' dir='ltr'>ib.</span> <span class='ocrx_word' id='word_1_560' title='bbox 501 2413 542 2439; x_wconf 88' lang='lat'>14.</span> 
     </span>
    </p>

    <p class='ocr_par' dir='ltr' id='par_1_26' title="bbox 75 2438 1190 2515">
     <span class='ocr_line' id='line_1_61' title="bbox 75 2438 1190 2479; baseline -0.001 -10"><span class='ocrx_word' id='word_1_561' title='bbox 75 2440 157 2469; x_wconf 79' lang='lat' dir='ltr'>Amor</span> <span class='ocrx_word' id='word_1_562' title='bbox 174 2449 243 2469; x_wconf 89' lang='lat' dir='ltr'>acer.</span> <span class='ocrx_word' id='word_1_563' title='bbox 274 2441 331 2470; x_wconf 90' lang='lat' dir='ltr'>Cic.</span> <span class='ocrx_word' id='word_1_564' title='bbox 351 2451 402 2479; x_wconf 92' lang='lat' dir='ltr'>pro</span> <span class='ocrx_word' id='word_1_565' title='bbox 420 2441 534 2476; x_wconf 74' lang='lat' dir='ltr'>Archia,</span> <span class='ocrx_word' id='word_1_566' title='bbox 560 2440 596 2469; x_wconf 87' lang='lat' dir='ltr'>Et</span> <span class='ocrx_word' id='word_1_567' title='bbox 611 2439 646 2469; x_wconf 86' lang='lat' dir='ltr'>de</span> <span class='ocrx_word' id='word_1_568' title='bbox 663 2449 726 2468; x_wconf 90' lang='lat' dir='ltr'>meo</span> <span class='ocrx_word' id='word_1_569' title='bbox 745 2439 866 2477; x_wconf 85' lang='lat' dir='ltr'>quodam</span> <span class='ocrx_word' id='word_1_570' title='bbox 883 2447 975 2473; x_wconf 82' lang='lat' dir='ltr'>amore</span> <span class='ocrx_word' id='word_1_571' title='bbox 995 2438 1087 2476; x_wconf 87' lang='lat' dir='ltr'>gloriae</span> <span class='ocrx_word' id='word_1_572' title='bbox 1108 2439 1190 2470; x_wconf 86' lang='lat' dir='ltr'>nimis</span> 
     </span>
     <span class='ocr_line' id='line_1_62' title="bbox 94 2477 965 2515; baseline -0.001 -9"><span class='ocrx_word' id='word_1_573' title='bbox 94 2478 149 2506; x_wconf 89' lang='lat' dir='ltr'>acri</span> <span class='ocrx_word' id='word_1_574' title='bbox 161 2477 286 2515; x_wconf 71' lang='lat' dir='ltr'>fortass&#39;e,</span> <span class='ocrx_word' id='word_1_575' title='bbox 306 2484 486 2508; x_wconf 81' lang='lat' dir='ltr'>veruntamen</span> <span class='ocrx_word' id='word_1_576' title='bbox 498 2478 622 2507; x_wconf 89' lang='lat' dir='ltr'>honesto.</span> <span class='ocrx_word' id='word_1_577' title='bbox 651 2477 745 2507; x_wconf 88' lang='lat' dir='ltr'>Tibul.</span> <span class='ocrx_word' id='word_1_578' title='bbox 762 2477 809 2506; x_wconf 86' lang='lat' dir='ltr'>lib.</span> <span class='ocrx_word' id='word_1_579' title='bbox 822 2487 846 2506; x_wconf 94' lang='lat'>2.</span> <span class='ocrx_word' id='word_1_580' title='bbox 863 2488 886 2512; x_wconf 83' lang='grc' dir='ltr'>ς.</span> <span class='ocrx_word' id='word_1_581' title='bbox 907 2486 965 2512; x_wconf 85' lang='lat'>113-</span> 
     </span>
    </p>

    <p class='ocr_par' dir='ltr' id='par_1_27' title="bbox 56 2513 1191 2629">
     <span class='ocr_line' id='line_1_63' title="bbox 56 2513 1191 2554; baseline 0 -10"><span class='ocrx_word' id='word_1_582' title='bbox 56 2527 57 2530; x_wconf 48' lang='lat'>¹</span> <span class='ocrx_word' id='word_1_583' title='bbox 74 2515 280 2548; x_wconf 85' lang='lat' dir='ltr'>Animadversor</span> <span class='ocrx_word' id='word_1_584' title='bbox 291 2526 353 2546; x_wconf 84' lang='lat' dir='ltr'>acer</span> <span class='ocrx_word' id='word_1_585' title='bbox 365 2517 391 2546; x_wconf 63' lang='grc' dir='ltr'>ὃς</span> <span class='ocrx_word' id='word_1_586' title='bbox 405 2517 523 2554; x_wconf 86' lang='lat' dir='ltr'>diligens</span> <span class='ocrx_word' id='word_1_587' title='bbox 540 2517 679 2545; x_wconf 89' lang='lat' dir='ltr'>vitiorum.</span> <span class='ocrx_word' id='word_1_588' title='bbox 709 2515 766 2544; x_wconf 85' lang='lat' dir='ltr'>Cic.</span> <span class='ocrx_word' id='word_1_589' title='bbox 784 2525 806 2544; x_wconf 93' lang='lat'>1.</span> <span class='ocrx_word' id='word_1_590' title='bbox 824 2514 880 2544; x_wconf 81' lang='lat' dir='ltr'>Off.</span> <span class='ocrx_word' id='word_1_591' title='bbox 918 2515 962 2544; x_wconf 86' lang='lat' dir='ltr'>Sic</span> <span class='ocrx_word' id='word_1_592' title='bbox 977 2522 1028 2542; x_wconf 90' lang='lat' dir='ltr'>nos</span> <span class='ocrx_word' id='word_1_593' title='bbox 1046 2513 1062 2542; x_wconf 87' lang='lat' dir='ltr'>fi</span> <span class='ocrx_word' id='word_1_594' title='bbox 1075 2523 1149 2544; x_wconf 87' lang='lat' dir='ltr'>acres</span> <span class='ocrx_word' id='word_1_595' title='bbox 1158 2524 1191 2544; x_wconf 91' lang='lat' dir='ltr'>ac</span> 
     </span>
     <span class='ocr_line' id='line_1_64' title="bbox 93 2552 1190 2591; baseline -0.001 -9"><span class='ocrx_word' id='word_1_596' title='bbox 93 2553 238 2591; x_wconf 80' lang='lat' dir='ltr'>diligentes</span> <span class='ocrx_word' id='word_1_597' title='bbox 250 2554 302 2583; x_wconf 80' lang='lat' dir='ltr'>ess&#39;e</span> <span class='ocrx_word' id='word_1_598' title='bbox 314 2555 442 2590; x_wconf 78' lang='lat' dir='ltr'>volumus</span> <span class='ocrx_word' id='word_1_599' title='bbox 452 2553 683 2589; x_wconf 74' lang='lat' dir='ltr'>animadversores</span> <span class='ocrx_word' id='word_1_600' title='bbox 693 2554 823 2582; x_wconf 91' lang='lat' dir='ltr'>vitiorum</span> <span class='ocrx_word' id='word_1_601' title='bbox 834 2563 840 2582; x_wconf 88' lang='lat'>:</span> <span class='ocrx_word' id='word_1_602' title='bbox 865 2562 964 2590; x_wconf 81' lang='lat' dir='ltr'>magna</span> <span class='ocrx_word' id='word_1_603' title='bbox 974 2552 1044 2589; x_wconf 78' lang='lat' dir='ltr'>saepe</span> <span class='ocrx_word' id='word_1_604' title='bbox 1055 2561 1090 2582; x_wconf 88' lang='lat' dir='ltr'>ex</span> <span class='ocrx_word' id='word_1_605' title='bbox 1099 2553 1190 2590; x_wconf 88' lang='lat' dir='ltr'>parvis</span> 
     </span>
     <span class='ocr_line' id='line_1_65' title="bbox 90 2591 1014 2629; baseline 0.002 -10"><span class='ocrx_word' id='word_1_606' title='bbox 90 2591 285 2629; x_wconf 69' lang='lat' dir='ltr'>intelligemus.</span> <span class='ocrx_word' id='word_1_607' title='bbox 1010 2594 1014 2596; x_wconf 69' lang='grc'><strong><em>’</em></strong></span> 
     </span>
    </p>

    <p class='ocr_par' dir='ltr' id='par_1_28' title="bbox 74 2629 1039 2706">
     <span class='ocr_line' id='line_1_66' title="bbox 74 2629 921 2668; baseline 0.007 -10"><span class='ocrx_word' id='word_1_608' title='bbox 74 2629 187 2658; x_wconf 87' lang='lat' dir='ltr'>Animus</span> <span class='ocrx_word' id='word_1_609' title='bbox 196 2639 266 2659; x_wconf 87' lang='lat' dir='ltr'>acer.</span> <span class='ocrx_word' id='word_1_610' title='bbox 295 2629 351 2660; x_wconf 92' lang='lat' dir='ltr'>Cic.</span> <span class='ocrx_word' id='word_1_611' title='bbox 366 2640 416 2668; x_wconf 86' lang='lat' dir='ltr'>pro</span> <span class='ocrx_word' id='word_1_612' title='bbox 428 2629 528 2660; x_wconf 86' lang='lat' dir='ltr'>Milon.</span> <span class='ocrx_word' id='word_1_613' title='bbox 918 2662 921 2664; x_wconf 82' lang='grc'><strong>.</strong></span> 
     </span>
     <span class='ocr_line' id='line_1_67' title="bbox 94 2665 1039 2706; baseline -0.003 -10"><span class='ocrx_word' id='word_1_614' title='bbox 94 2666 256 2703; x_wconf 75' lang='lat' dir='ltr'>desiluisset,</span> <span class='ocrx_word' id='word_1_615' title='bbox 274 2667 356 2706; x_wconf 84' lang='lat' dir='ltr'>seque</span> <span class='ocrx_word' id='word_1_616' title='bbox 367 2669 422 2697; x_wconf 83' lang='lat' dir='ltr'>acri</span> <span class='ocrx_word' id='word_1_617' title='bbox 432 2668 526 2697; x_wconf 85' lang='lat' dir='ltr'>animo</span> <span class='ocrx_word' id='word_1_618' title='bbox 539 2668 719 2703; x_wconf 82' lang='lat' dir='ltr'>defenderet,</span> <span class='ocrx_word' id='word_1_619' title='bbox 741 2668 793 2698; x_wconf 69' lang='lat' dir='ltr'>Sec.</span> <span class='ocrx_word' id='word_1_620' title='bbox 834 2666 865 2695; x_wconf 91' lang='lat' dir='ltr'>ld</span> <span class='ocrx_word' id='word_1_621' title='bbox 880 2666 934 2701; x_wconf 88' lang='lat' dir='ltr'>est,</span> <span class='ocrx_word' id='word_1_622' title='bbox 956 2665 1039 2695; x_wconf 66' lang='lat' dir='ltr'>Porti.</span> 
     </span>
    </p>

    <p class='ocr_par' dir='ltr' id='par_1_29' title="bbox 58 2702 1190 3047">
     <span class='ocr_line' id='line_1_68' title="bbox 58 2702 1189 2744; baseline -0.001 -11"><span class='ocrx_word' id='word_1_623' title='bbox 58 2709 61 2710; x_wconf 51' lang='lat'><em>⁷</em></span> <span class='ocrx_word' id='word_1_624' title='bbox 76 2705 188 2734; x_wconf 87' lang='lat' dir='ltr'>Animus</span> <span class='ocrx_word' id='word_1_625' title='bbox 206 2715 267 2734; x_wconf 81' lang='lat' dir='ltr'>acer</span> <span class='ocrx_word' id='word_1_626' title='bbox 282 2708 307 2735; x_wconf 67' lang='lat' dir='ltr'>Sc</span> <span class='ocrx_word' id='word_1_627' title='bbox 322 2705 448 2744; x_wconf 82' lang='lat' dir='ltr'>praesens.</span> <span class='ocrx_word' id='word_1_628' title='bbox 479 2705 536 2735; x_wconf 92' lang='lat' dir='ltr'>Cic.</span> <span class='ocrx_word' id='word_1_629' title='bbox 551 2715 576 2734; x_wconf 91' lang='lat'>2.</span> <span class='ocrx_word' id='word_1_630' title='bbox 594 2705 628 2734; x_wconf 89' lang='lat' dir='ltr'>de</span> <span class='ocrx_word' id='word_1_631' title='bbox 648 2705 723 2734; x_wconf 84' lang='lat' dir='ltr'>Orat.</span> <span class='ocrx_word' id='word_1_632' title='bbox 737 2711 781 2740; x_wconf 80' lang='lat'>84.</span> <span class='ocrx_word' id='word_1_633' title='bbox 822 2705 936 2734; x_wconf 86' lang='lat' dir='ltr'>Animus</span> <span class='ocrx_word' id='word_1_634' title='bbox 947 2713 1009 2740; x_wconf 77' lang='lat' dir='ltr'>acer</span> <span class='ocrx_word' id='word_1_635' title='bbox 1026 2704 1052 2739; x_wconf 67' lang='grc' dir='ltr'>ἃ</span> <span class='ocrx_word' id='word_1_636' title='bbox 1062 2702 1189 2741; x_wconf 63' lang='lat' dir='ltr'>praesens,</span> 
     </span>
     <span class='ocr_line' id='line_1_69' title="bbox 95 2742 850 2781; baseline 0 -10"><span class='ocrx_word' id='word_1_637' title='bbox 95 2744 121 2772; x_wconf 75' lang='lat' dir='ltr'>Sc</span> <span class='ocrx_word' id='word_1_638' title='bbox 132 2749 227 2772; x_wconf 85' lang='lat' dir='ltr'>acutus</span> <span class='ocrx_word' id='word_1_639' title='bbox 236 2743 312 2773; x_wconf 87' lang='lat' dir='ltr'>idem</span> <span class='ocrx_word' id='word_1_640' title='bbox 323 2752 404 2781; x_wconf 87' lang='lat' dir='ltr'>atque</span> <span class='ocrx_word' id='word_1_641' title='bbox 414 2743 536 2773; x_wconf 87' lang='lat' dir='ltr'>versutus</span> <span class='ocrx_word' id='word_1_642' title='bbox 547 2743 664 2773; x_wconf 55' lang='lat' dir='ltr'>invieffos</span> <span class='ocrx_word' id='word_1_643' title='bbox 674 2743 747 2773; x_wconf 88' lang='lat' dir='ltr'>viros</span> <span class='ocrx_word' id='word_1_644' title='bbox 757 2742 850 2772; x_wconf 88' lang='lat' dir='ltr'>efficit.</span> 
     </span>
     <span class='ocr_line' id='line_1_70' title="bbox 78 2780 477 2818; baseline 0.003 -9"><span class='ocrx_word' id='word_1_645' title='bbox 78 2780 149 2818; x_wconf 80' lang='lat' dir='ltr'>Apri.</span> <span class='ocrx_word' id='word_1_646' title='bbox 176 2780 258 2810; x_wconf 85' lang='lat' dir='ltr'>Ovid.</span> <span class='ocrx_word' id='word_1_647' title='bbox 274 2791 315 2810; x_wconf 88' lang='lat'>10.</span> <span class='ocrx_word' id='word_1_648' title='bbox 331 2781 400 2811; x_wconf 86' lang='lat' dir='ltr'>Met.</span> <span class='ocrx_word' id='word_1_649' title='bbox 417 2791 477 2817; x_wconf 79' lang='lat'>550.</span> 
     </span>
     <span class='ocr_line' id='line_1_71' title="bbox 153 2817 870 2856; baseline 0 -9"><span class='ocrx_word' id='word_1_650' title='bbox 153 2817 269 2848; x_wconf 84' lang='lat' dir='ltr'>Fulmen</span> <span class='ocrx_word' id='word_1_651' title='bbox 281 2819 384 2849; x_wconf 86' lang='lat' dir='ltr'>habent</span> <span class='ocrx_word' id='word_1_652' title='bbox 397 2829 471 2849; x_wconf 86' lang='lat' dir='ltr'>acres</span> <span class='ocrx_word' id='word_1_653' title='bbox 485 2821 514 2848; x_wconf 89' lang='lat' dir='ltr'>in</span> <span class='ocrx_word' id='word_1_654' title='bbox 528 2819 643 2848; x_wconf 82' lang='lat' dir='ltr'>aduncis</span> <span class='ocrx_word' id='word_1_655' title='bbox 658 2818 788 2848; x_wconf 87' lang='lat' dir='ltr'>dentibus</span> <span class='ocrx_word' id='word_1_656' title='bbox 803 2818 870 2856; x_wconf 89' lang='lat' dir='ltr'>apri.</span> 
     </span>
     <span class='ocr_line' id='line_1_72' title="bbox 77 2856 981 2894; baseline 0.003 -10"><span class='ocrx_word' id='word_1_657' title='bbox 77 2856 168 2885; x_wconf 85' lang='lat' dir='ltr'>Arcus.</span> <span class='ocrx_word' id='word_1_658' title='bbox 198 2856 268 2893; x_wconf 88' lang='lat' dir='ltr'>Virg.</span> <span class='ocrx_word' id='word_1_659' title='bbox 282 2866 307 2894; x_wconf 91' lang='lat'>7.</span> <span class='ocrx_word' id='word_1_660' title='bbox 325 2857 387 2887; x_wconf 82' lang='lat' dir='ltr'>AEn.</span> <span class='ocrx_word' id='word_1_661' title='bbox 401 2863 462 2893; x_wconf 86' lang='lat'>164.</span> <span class='ocrx_word' id='word_1_662' title='bbox 974 2875 981 2887; x_wconf 64' lang='grc' dir='ltr'><em>ι</em></span> 
     </span>
     <span class='ocr_line' id='line_1_73' title="bbox 154 2887 1190 2931; baseline -0.001 -9"><span class='ocrx_word' id='word_1_663' title='bbox 154 2894 208 2923; x_wconf 81' lang='lat' dir='ltr'>Aut</span> <span class='ocrx_word' id='word_1_664' title='bbox 220 2895 305 2924; x_wconf 89' lang='lat' dir='ltr'>acreis</span> <span class='ocrx_word' id='word_1_665' title='bbox 316 2896 437 2924; x_wconf 89' lang='lat' dir='ltr'>tendunt</span> <span class='ocrx_word' id='word_1_666' title='bbox 449 2905 536 2924; x_wconf 88' lang='lat' dir='ltr'>arcus.</span> <span class='ocrx_word' id='word_1_667' title='bbox 613 2894 707 2924; x_wconf 89' lang='lat' dir='ltr'>Fortes</span> <span class='ocrx_word' id='word_1_668' title='bbox 718 2916 726 2929; x_wconf 94' lang='lat'>‚</span> <span class='ocrx_word' id='word_1_669' title='bbox 746 2894 837 2931; x_wconf 87' lang='lat' dir='ltr'>inquit</span> <span class='ocrx_word' id='word_1_670' title='bbox 845 2915 853 2928; x_wconf 78' lang='grc'><em>,</em></span> <span class='ocrx_word' id='word_1_671' title='bbox 874 2892 999 2922; x_wconf 79' lang='lat' dir='ltr'>Servius:</span> <span class='ocrx_word' id='word_1_672' title='bbox 1030 2893 1056 2921; x_wconf 70' lang='grc' dir='ltr'>ἃ</span> <span class='ocrx_word' id='word_1_673' title='bbox 1068 2892 1106 2927; x_wconf 83' lang='grc'>011</span> <span class='ocrx_word' id='word_1_674' title='bbox 1118 2887 1190 2922; x_wconf 57' lang='lat' dir='ltr'>ma&amp;-</span> 
     </span>
     <span class='ocr_line' id='line_1_74' title="bbox 88 2928 1189 2969; baseline -0.005 -5"><span class='ocrx_word' id='word_1_675' title='bbox 88 2941 172 2969; x_wconf 65' lang='grc' dir='ltr'>χςνιστς</span> <span class='ocrx_word' id='word_1_676' title='bbox 182 2951 189 2963; x_wconf 68' lang='grc'><strong><em>,</em></strong></span> <span class='ocrx_word' id='word_1_677' title='bbox 208 2942 272 2961; x_wconf 87' lang='lat' dir='ltr'>nam</span> <span class='ocrx_word' id='word_1_678' title='bbox 282 2933 437 2962; x_wconf 81' lang='lat' dir='ltr'>Acrimonia</span> <span class='ocrx_word' id='word_1_679' title='bbox 448 2933 549 2962; x_wconf 88' lang='lat' dir='ltr'>mentis</span> <span class='ocrx_word' id='word_1_680' title='bbox 560 2932 606 2961; x_wconf 89' lang='lat' dir='ltr'>est.</span> <span class='ocrx_word' id='word_1_681' title='bbox 648 2932 712 2969; x_wconf 82' lang='lat' dir='ltr'>[Ex</span> <span class='ocrx_word' id='word_1_682' title='bbox 724 2932 824 2969; x_wconf 89' lang='lat' dir='ltr'>quibus</span> <span class='ocrx_word' id='word_1_683' title='bbox 841 2931 930 2960; x_wconf 89' lang='lat' dir='ltr'>verbis</span> <span class='ocrx_word' id='word_1_684' title='bbox 944 2936 1074 2967; x_wconf 85' lang='lat' dir='ltr'>apparet,</span> <span class='ocrx_word' id='word_1_685' title='bbox 1100 2928 1189 2967; x_wconf 89' lang='lat' dir='ltr'>ipsum</span> 
     </span>
     <span class='ocr_line' id='line_1_75' title="bbox 93 2967 1188 3006; baseline -0.003 -7"><span class='ocrx_word' id='word_1_686' title='bbox 93 2968 245 3006; x_wconf 86' lang='lat' dir='ltr'>Epitheton</span> <span class='ocrx_word' id='word_1_687' title='bbox 258 2970 294 2999; x_wconf 86' lang='lat' dir='ltr'>ad</span> <span class='ocrx_word' id='word_1_688' title='bbox 306 2970 449 3005; x_wconf 73' lang='lat' dir='ltr'>homines,</span> <span class='ocrx_word' id='word_1_689' title='bbox 471 2980 529 2999; x_wconf 92' lang='lat' dir='ltr'>non</span> <span class='ocrx_word' id='word_1_690' title='bbox 544 2971 579 2999; x_wconf 80' lang='lat' dir='ltr'>ad</span> <span class='ocrx_word' id='word_1_691' title='bbox 595 2971 679 2999; x_wconf 70' lang='lat' dir='ltr'>Arcus</span> <span class='ocrx_word' id='word_1_692' title='bbox 690 2969 817 2999; x_wconf 86' lang='lat' dir='ltr'>retuliss&#39;e.</span> <span class='ocrx_word' id='word_1_693' title='bbox 859 2969 946 3006; x_wconf 86' lang='lat' dir='ltr'>quue</span> <span class='ocrx_word' id='word_1_694' title='bbox 961 2967 1057 3006; x_wconf 85' lang='lat' dir='ltr'>probe.</span> <span class='ocrx_word' id='word_1_695' title='bbox 1093 2967 1188 2997; x_wconf 88' lang='lat' dir='ltr'>Fortes</span> 
     </span>
     <span class='ocr_line' id='line_1_76' title="bbox 92 3006 940 3047; baseline 0 -12"><span class='ocrx_word' id='word_1_696' title='bbox 92 3007 169 3036; x_wconf 90' lang='lat' dir='ltr'>enim</span> <span class='ocrx_word' id='word_1_697' title='bbox 179 3006 317 3045; x_wconf 89' lang='lat' dir='ltr'>pollentes</span> <span class='ocrx_word' id='word_1_698' title='bbox 327 3008 429 3037; x_wconf 89' lang='lat' dir='ltr'>viribus</span> <span class='ocrx_word' id='word_1_699' title='bbox 441 3009 563 3047; x_wconf 85' lang='lat' dir='ltr'>corporis</span> <span class='ocrx_word' id='word_1_700' title='bbox 574 3007 714 3046; x_wconf 89' lang='lat' dir='ltr'>intelligit.</span> <span class='ocrx_word' id='word_1_701' title='bbox 747 3007 779 3036; x_wconf 91' lang='lat' dir='ltr'>V.</span> <span class='ocrx_word' id='word_1_702' title='bbox 802 3018 814 3036; x_wconf 74' lang='lat' dir='ltr'>r</span> <span class='ocrx_word' id='word_1_703' title='bbox 823 3017 840 3036; x_wconf 94' lang='lat' dir='ltr'>o</span> <span class='ocrx_word' id='word_1_704' title='bbox 848 3017 866 3035; x_wconf 78' lang='lat' dir='ltr'>R</span> <span class='ocrx_word' id='word_1_705' title='bbox 874 3016 893 3035; x_wconf 87' lang='lat' dir='ltr'>T</span> <span class='ocrx_word' id='word_1_706' title='bbox 902 3016 940 3036; x_wconf 90' lang='lat' dir='ltr'>1s.</span> 
     </span>
    </p>

    <p class='ocr_par' dir='ltr' id='par_1_30' title="bbox 73 3044 434 3084">
     <span class='ocr_line' id='line_1_77' title="bbox 73 3044 434 3084; baseline 0.008 -11"><span class='ocrx_word' id='word_1_707' title='bbox 73 3044 168 3074; x_wconf 82' lang='lat' dir='ltr'>Ardor.</span> <span class='ocrx_word' id='word_1_708' title='bbox 190 3044 286 3079; x_wconf 76' lang='lat' dir='ltr'>Claud.</span> <span class='ocrx_word' id='word_1_709' title='bbox 299 3045 396 3084; x_wconf 86' lang='lat' dir='ltr'>Paneg.</span> <span class='ocrx_word' id='word_1_710' title='bbox 409 3057 434 3082; x_wconf 92' lang='lat'>4.</span> 
     </span>
    </p>

    <p class='ocr_par' dir='ltr' id='par_1_31' title="bbox 73 3082 598 3123">
     <span class='ocr_line' id='line_1_78' title="bbox 73 3082 598 3123; baseline 0.004 -12"><span class='ocrx_word' id='word_1_711' title='bbox 73 3082 158 3112; x_wconf 84' lang='lat' dir='ltr'>Astus.</span> <span class='ocrx_word' id='word_1_712' title='bbox 184 3082 271 3113; x_wconf 85' lang='lat' dir='ltr'>Valet.</span> <span class='ocrx_word' id='word_1_713' title='bbox 281 3082 370 3113; x_wconf 82' lang='lat' dir='ltr'>Flacc.</span> <span class='ocrx_word' id='word_1_714' title='bbox 382 3094 406 3113; x_wconf 92' lang='lat'>2.</span> <span class='ocrx_word' id='word_1_715' title='bbox 423 3084 522 3123; x_wconf 84' lang='lat' dir='ltr'>Argon.</span> <span class='ocrx_word' id='word_1_716' title='bbox 537 3094 598 3120; x_wconf 72' lang='lat'>555.</span> 
     </span>
    </p>

    <p class='ocr_par' dir='ltr' id='par_1_32' title="bbox 72 3119 771 3159">
     <span class='ocr_line' id='line_1_79' title="bbox 72 3119 771 3159; baseline 0.001 -11"><span class='ocrx_word' id='word_1_717' title='bbox 72 3119 180 3149; x_wconf 87' lang='lat' dir='ltr'>Bellum</span> <span class='ocrx_word' id='word_1_718' title='bbox 190 3130 249 3149; x_wconf 86' lang='lat' dir='ltr'>acre</span> <span class='ocrx_word' id='word_1_719' title='bbox 262 3122 288 3151; x_wconf 82' lang='lat'>&amp;</span> <span class='ocrx_word' id='word_1_720' title='bbox 298 3131 437 3159; x_wconf 82' lang='lat' dir='ltr'>magnum.</span> <span class='ocrx_word' id='word_1_721' title='bbox 468 3122 525 3151; x_wconf 88' lang='lat' dir='ltr'>Cic.</span> <span class='ocrx_word' id='word_1_722' title='bbox 539 3131 589 3159; x_wconf 87' lang='lat' dir='ltr'>pro</span> <span class='ocrx_word' id='word_1_723' title='bbox 601 3121 684 3156; x_wconf 79' lang='lat' dir='ltr'>Corn.</span> <span class='ocrx_word' id='word_1_724' title='bbox 696 3120 771 3150; x_wconf 82' lang='lat' dir='ltr'>Balb.</span> 
     </span>
    </p>

    <p class='ocr_par' dir='ltr' id='par_1_33' title="bbox 72 3157 962 3197">
     <span class='ocr_line' id='line_1_80' title="bbox 72 3157 962 3197; baseline 0 -11"><span class='ocrx_word' id='word_1_725' title='bbox 72 3157 148 3187; x_wconf 83' lang='lat' dir='ltr'>Bella</span> <span class='ocrx_word' id='word_1_726' title='bbox 160 3159 271 3188; x_wconf 79' lang='lat' dir='ltr'>acriora.</span> <span class='ocrx_word' id='word_1_727' title='bbox 300 3159 434 3196; x_wconf 89' lang='lat' dir='ltr'>Pompon.</span> <span class='ocrx_word' id='word_1_728' title='bbox 450 3159 468 3188; x_wconf 91' lang='lat' dir='ltr'>l.</span> <span class='ocrx_word' id='word_1_729' title='bbox 482 3169 507 3189; x_wconf 89' lang='lat'>2.</span> <span class='ocrx_word' id='word_1_730' title='bbox 525 3160 546 3197; x_wconf 85' lang='lat'>§.</span> <span class='ocrx_word' id='word_1_731' title='bbox 568 3158 684 3197; x_wconf 86' lang='lat' dir='ltr'>Populo.</span> <span class='ocrx_word' id='word_1_732' title='bbox 705 3159 739 3189; x_wconf 93' lang='lat' dir='ltr'>D.</span> <span class='ocrx_word' id='word_1_733' title='bbox 755 3158 790 3188; x_wconf 89' lang='lat' dir='ltr'>de</span> <span class='ocrx_word' id='word_1_734' title='bbox 801 3158 899 3195; x_wconf 79' lang='lat' dir='ltr'>origin.</span> <span class='ocrx_word' id='word_1_735' title='bbox 910 3157 962 3193; x_wconf 79' lang='lat' dir='ltr'>jur.</span> 
     </span>
    </p>

    <p class='ocr_par' dir='ltr' id='par_1_34' title="bbox 73 3194 500 3233">
     <span class='ocr_line' id='line_1_81' title="bbox 73 3194 500 3233; baseline 0.005 -9"><span class='ocrx_word' id='word_1_736' title='bbox 73 3194 178 3225; x_wconf 66' lang='lat' dir='ltr'>Caedes.</span> <span class='ocrx_word' id='word_1_737' title='bbox 200 3196 283 3226; x_wconf 91' lang='lat' dir='ltr'>Ovid.</span> <span class='ocrx_word' id='word_1_738' title='bbox 298 3207 339 3226; x_wconf 90' lang='lat'>11.</span> <span class='ocrx_word' id='word_1_739' title='bbox 355 3197 500 3233; x_wconf 71' lang='lat' dir='ltr'>il&#39;let.&#39;402.</span> 
     </span>
    </p>

    <p class='ocr_par' dir='ltr' id='par_1_35' title="bbox 73 3232 451 3272">
     <span class='ocr_line' id='line_1_82' title="bbox 73 3232 451 3272; baseline 0.005 -10"><span class='ocrx_word' id='word_1_740' title='bbox 73 3232 163 3263; x_wconf 88' lang='lat' dir='ltr'>Canis.</span> <span class='ocrx_word' id='word_1_741' title='bbox 186 3233 253 3263; x_wconf 92' lang='lat' dir='ltr'>Hor.</span> <span class='ocrx_word' id='word_1_742' title='bbox 268 3234 356 3272; x_wconf 84' lang='lat' dir='ltr'>Epod.</span> <span class='ocrx_word' id='word_1_743' title='bbox 371 3245 412 3264; x_wconf 90' lang='lat'>12.</span> <span class='ocrx_word' id='word_1_744' title='bbox 426 3238 451 3264; x_wconf 91' lang='lat'>6.</span> 
     </span>
    </p>

    <p class='ocr_par' dir='ltr' id='par_1_36' title="bbox 73 3270 595 3310">
     <span class='ocr_line' id='line_1_83' title="bbox 73 3270 595 3310; baseline 0.004 -11"><span class='ocrx_word' id='word_1_745' title='bbox 73 3270 154 3300; x_wconf 85' lang='lat' dir='ltr'>Canis</span> <span class='ocrx_word' id='word_1_746' title='bbox 164 3272 282 3301; x_wconf 88' lang='lat' dir='ltr'>naribus.</span> <span class='ocrx_word' id='word_1_747' title='bbox 311 3272 393 3302; x_wconf 89' lang='lat' dir='ltr'>Ovid.</span> <span class='ocrx_word' id='word_1_748' title='bbox 408 3282 432 3310; x_wconf 95' lang='lat'>7.</span> <span class='ocrx_word' id='word_1_749' title='bbox 450 3272 518 3301; x_wconf 85' lang='lat' dir='ltr'>Met.</span> <span class='ocrx_word' id='word_1_750' title='bbox 532 3275 595 3306; x_wconf 86' lang='lat'>806.</span> 
     </span>
    </p>

    <p class='ocr_par' dir='ltr' id='par_1_37' title="bbox 73 3305 1191 3462">
     <span class='ocr_line' id='line_1_84' title="bbox 73 3305 1189 3346; baseline -0.002 -9"><span class='ocrx_word' id='word_1_751' title='bbox 73 3307 151 3344; x_wconf 88' lang='lat' dir='ltr'>Cibi,</span> <span class='ocrx_word' id='word_1_752' title='bbox 173 3309 229 3346; x_wconf 84' lang='lat' dir='ltr'>Qui</span> <span class='ocrx_word' id='word_1_753' title='bbox 241 3310 419 3339; x_wconf 80' lang='lat' dir='ltr'>acrimoniam</span> <span class='ocrx_word' id='word_1_754' title='bbox 431 3311 457 3340; x_wconf 71' lang='lat' dir='ltr'>«Sc</span> <span class='ocrx_word' id='word_1_755' title='bbox 470 3310 705 3340; x_wconf 83' lang='lat' dir='ltr'>vehementiorem</span> <span class='ocrx_word' id='word_1_756' title='bbox 714 3309 771 3338; x_wconf 91' lang='lat' dir='ltr'>vim</span> <span class='ocrx_word' id='word_1_757' title='bbox 782 3308 903 3342; x_wconf 81' lang='lat' dir='ltr'>habent,</span> <span class='ocrx_word' id='word_1_758' title='bbox 925 3308 951 3337; x_wconf 72' lang='grc' dir='ltr'>δι</span> <span class='ocrx_word' id='word_1_759' title='bbox 960 3305 1033 3344; x_wconf 88' lang='lat' dir='ltr'>quasi</span> <span class='ocrx_word' id='word_1_760' title='bbox 1043 3306 1189 3335; x_wconf 87' lang='lat' dir='ltr'>mordaces</span> 
     </span>
     <span class='ocr_line' id='line_1_85' title="bbox 89 3343 1191 3386; baseline -0.004 -10"><span class='ocrx_word' id='word_1_761' title='bbox 89 3345 167 3376; x_wconf 89' lang='lat' dir='ltr'>sunt:</span> <span class='ocrx_word' id='word_1_762' title='bbox 189 3356 221 3377; x_wconf 91' lang='lat' dir='ltr'>ut</span> <span class='ocrx_word' id='word_1_763' title='bbox 230 3348 339 3386; x_wconf 83' lang='lat' dir='ltr'>Sinapi,</span> <span class='ocrx_word' id='word_1_764' title='bbox 361 3347 441 3384; x_wconf 85' lang='lat' dir='ltr'>allia,</span> <span class='ocrx_word' id='word_1_765' title='bbox 462 3357 546 3386; x_wconf 73' lang='lat' dir='ltr'>caepe.</span> <span class='ocrx_word' id='word_1_766' title='bbox 578 3347 646 3377; x_wconf 87' lang='lat' dir='ltr'>Plin.</span> <span class='ocrx_word' id='word_1_767' title='bbox 657 3347 705 3377; x_wconf 89' lang='lat' dir='ltr'>lib.</span> <span class='ocrx_word' id='word_1_768' title='bbox 721 3357 762 3376; x_wconf 92' lang='lat'>11.</span> <span class='ocrx_word' id='word_1_769' title='bbox 779 3356 839 3384; x_wconf 86' lang='lat' dir='ltr'>cap.</span> <span class='ocrx_word' id='word_1_770' title='bbox 854 3355 895 3382; x_wconf 81' lang='lat'>53·</span> <span class='ocrx_word' id='word_1_771' title='bbox 938 3343 1094 3375; x_wconf 87' lang='lat' dir='ltr'>Difficulter</span> <span class='ocrx_word' id='word_1_772' title='bbox 1110 3343 1191 3382; x_wconf 88' lang='lat' dir='ltr'>perfi-</span> 
     </span>
     <span class='ocr_line' id='line_1_86' title="bbox 90 3383 1190 3423; baseline -0.003 -10"><span class='ocrx_word' id='word_1_773' title='bbox 90 3384 200 3418; x_wconf 82' lang='lat' dir='ltr'>ciuntur</span> <span class='ocrx_word' id='word_1_774' title='bbox 211 3386 305 3415; x_wconf 89' lang='lat' dir='ltr'>omnia</span> <span class='ocrx_word' id='word_1_775' title='bbox 317 3386 348 3414; x_wconf 87' lang='lat' dir='ltr'>in</span> <span class='ocrx_word' id='word_1_776' title='bbox 357 3386 425 3415; x_wconf 88' lang='lat' dir='ltr'>cibis</span> <span class='ocrx_word' id='word_1_777' title='bbox 436 3386 514 3415; x_wconf 88' lang='lat' dir='ltr'>acria.</span> <span class='ocrx_word' id='word_1_778' title='bbox 556 3386 771 3423; x_wconf 88' lang='lat' dir='ltr'>[Opponuntur</span> <span class='ocrx_word' id='word_1_779' title='bbox 787 3384 830 3414; x_wconf 87' lang='lat' dir='ltr'>his</span> <span class='ocrx_word' id='word_1_780' title='bbox 843 3383 939 3414; x_wconf 85' lang='lat' dir='ltr'>Lenes.</span> <span class='ocrx_word' id='word_1_781' title='bbox 977 3383 1129 3419; x_wconf 87' lang='lat' dir='ltr'>Utrumque</span> <span class='ocrx_word' id='word_1_782' title='bbox 1144 3392 1190 3419; x_wconf 81' lang='lat' dir='ltr'>ge-</span> 
     </span>
     <span class='ocr_line' id='line_1_87' title="bbox 91 3422 1125 3462; baseline -0.003 -9"><span class='ocrx_word' id='word_1_783' title='bbox 91 3431 143 3453; x_wconf 84' lang='lat' dir='ltr'>nus</span> <span class='ocrx_word' id='word_1_784' title='bbox 152 3423 283 3460; x_wconf 72' lang='lat' dir='ltr'>peculiari</span> <span class='ocrx_word' id='word_1_785' title='bbox 294 3424 383 3461; x_wconf 79' lang='lat' dir='ltr'>capite</span> <span class='ocrx_word' id='word_1_786' title='bbox 394 3424 563 3462; x_wconf 85' lang='lat' dir='ltr'>persequitur</span> <span class='ocrx_word' id='word_1_787' title='bbox 573 3423 667 3453; x_wconf 89' lang='lat' dir='ltr'>Celsus</span> <span class='ocrx_word' id='word_1_788' title='bbox 679 3422 697 3452; x_wconf 91' lang='grc'>1.</span> <span class='ocrx_word' id='word_1_789' title='bbox 709 3433 734 3452; x_wconf 92' lang='lat'>2.</span> <span class='ocrx_word' id='word_1_790' title='bbox 748 3431 793 3451; x_wconf 88' lang='lat'>22.</span> <span class='ocrx_word' id='word_1_791' title='bbox 1120 3457 1125 3462; x_wconf 96' lang='lat'>.</span> 
     </span>
    </p>

    <p class='ocr_par' dir='ltr' id='par_1_38' title="bbox 74 3456 1189 3572">
     <span class='ocr_line' id='line_1_88' title="bbox 74 3456 1189 3500; baseline -0.003 -12"><span class='ocrx_word' id='word_1_792' title='bbox 74 3458 210 3497; x_wconf 80' lang='lat' dir='ltr'>Cogitatio</span> <span class='ocrx_word' id='word_1_793' title='bbox 225 3462 355 3490; x_wconf 82' lang='lat' dir='ltr'>acerrima</span> <span class='ocrx_word' id='word_1_794' title='bbox 364 3468 445 3499; x_wconf 87' lang='lat' dir='ltr'>atque</span> <span class='ocrx_word' id='word_1_795' title='bbox 456 3461 643 3495; x_wconf 76' lang='lat' dir='ltr'>attentissima.</span> <span class='ocrx_word' id='word_1_796' title='bbox 674 3461 731 3490; x_wconf 87' lang='lat' dir='ltr'>Cic.</span> <span class='ocrx_word' id='word_1_797' title='bbox 747 3469 770 3496; x_wconf 88' lang='lat'>3.</span> <span class='ocrx_word' id='word_1_798' title='bbox 788 3461 823 3489; x_wconf 89' lang='lat' dir='ltr'>de</span> <span class='ocrx_word' id='word_1_799' title='bbox 839 3460 915 3489; x_wconf 87' lang='lat' dir='ltr'>Orat.</span> <span class='ocrx_word' id='word_1_800' title='bbox 931 3468 972 3496; x_wconf 88' lang='lat'>17.</span> <span class='ocrx_word' id='word_1_801' title='bbox 1008 3457 1106 3500; x_wconf 77' lang='lat' dir='ltr'>Omne⁴</span> <span class='ocrx_word' id='word_1_802' title='bbox 1117 3456 1189 3500; x_wconf 83' lang='lat' dir='ltr'>illud</span> 
     </span>
     <span class='ocr_line' id='line_1_89' title="bbox 91 3495 1189 3565; baseline -0.005 -34"><span class='ocrx_word' id='word_1_803' title='bbox 91 3499 394 3565; x_wconf 53' lang='lat' dir='ltr'>‘emP}⁸.¹4¹l¹.e¹¹&#39;di³¹m¹m</span> <span class='ocrx_word' id='word_1_804' title='bbox 403 3522 412 3536; x_wconf 82' lang='lat'>‚</span> <span class='ocrx_word' id='word_1_805' title='bbox 439 3499 561 3529; x_wconf 81' lang='lat' dir='ltr'>Crass&#39;um</span> <span class='ocrx_word' id='word_1_806' title='bbox 573 3500 603 3528; x_wconf 91' lang='lat' dir='ltr'>in</span> <span class='ocrx_word' id='word_1_807' title='bbox 619 3499 750 3528; x_wconf 84' lang='lat' dir='ltr'>acerrima</span> <span class='ocrx_word' id='word_1_808' title='bbox 763 3504 846 3535; x_wconf 87' lang='lat' dir='ltr'>atque</span> <span class='ocrx_word' id='word_1_809' title='bbox 857 3495 1032 3527; x_wconf 74' lang='lat' dir='ltr'>attentifl&#39;ima</span> <span class='ocrx_word' id='word_1_810' title='bbox 1046 3502 1189 3532; x_wconf 48' lang='lat' dir='ltr'>cogitatio.-</span> 
     </span>
     <span class='ocr_line' id='line_1_90' title="bbox 91 3544 259 3572; baseline 0.018 -9"><span class='ocrx_word' id='word_1_811' title='bbox 91 3544 172 3572; x_wconf 88' lang='lat' dir='ltr'>nepo</span> <span class='ocrx_word' id='word_1_812' title='bbox 185 3547 212 3565; x_wconf 92' lang='lat' dir='ltr'>ui</span> <span class='ocrx_word' id='word_1_813' title='bbox 236 3546 259 3566; x_wconf 96' lang='lat' dir='ltr'>e.</span> 
     </span>
    </p>

    <p class='ocr_par' dir='ltr' id='par_1_39' title="bbox 73 3571 506 3610">
     <span class='ocr_line' id='line_1_91' title="bbox 73 3571 506 3610; baseline 0.007 -9"><span class='ocrx_word' id='word_1_814' title='bbox 73 3571 173 3602; x_wconf 85' lang='lat' dir='ltr'>Co&#39;i&#39;tio.</span> <span class='ocrx_word' id='word_1_815' title='bbox 209 3573 272 3603; x_wconf 88' lang='lat' dir='ltr'>Ter.</span> <span class='ocrx_word' id='word_1_816' title='bbox 287 3573 367 3603; x_wconf 90' lang='lat' dir='ltr'>Phor.</span> <span class='ocrx_word' id='word_1_817' title='bbox 379 3585 404 3604; x_wconf 83' lang='lat'>2.</span> <span class='ocrx_word' id='word_1_818' title='bbox 419 3585 444 3604; x_wconf 90' lang='lat'>2.</span> <span class='ocrx_word' id='word_1_819' title='bbox 463 3584 506 3610; x_wconf 70' lang='lat'>32.</span> 
     </span>
    </p>

    <p class='ocr_par' dir='ltr' id='par_1_40' title="bbox 151 3610 792 3642">
     <span class='ocr_line' id='line_1_92' title="bbox 151 3610 792 3642; baseline 0.002 -3"><span class='ocrx_word' id='word_1_820' title='bbox 151 3610 238 3641; x_wconf 88' lang='lat' dir='ltr'>Prima</span> <span class='ocrx_word' id='word_1_821' title='bbox 251 3613 359 3641; x_wconf 85' lang='lat' dir='ltr'>co&#39;i&#39;tiost</span> <span class='ocrx_word' id='word_1_822' title='bbox 373 3613 512 3642; x_wconf 83' lang='lat' dir='ltr'>acerrima.</span> <span class='ocrx_word' id='word_1_823' title='bbox 541 3612 559 3640; x_wconf 86' lang='lat' dir='ltr'>i.</span> <span class='ocrx_word' id='word_1_824' title='bbox 573 3621 597 3640; x_wconf 86' lang='lat' dir='ltr'>e.</span> <span class='ocrx_word' id='word_1_825' title='bbox 620 3610 792 3641; x_wconf 82' lang='lat' dir='ltr'>difficillima.</span> 
     </span>
    </p>

    <p class='ocr_par' dir='ltr' id='par_1_41' title="bbox 71 3646 607 3688">
     <span class='ocr_line' id='line_1_93' title="bbox 71 3646 607 3688; baseline 0.004 -12"><span class='ocrx_word' id='word_1_826' title='bbox 71 3646 190 3677; x_wconf 85' lang='lat' dir='ltr'>Consilia</span> <span class='ocrx_word' id='word_1_827' title='bbox 200 3650 310 3683; x_wconf 83' lang='lat' dir='ltr'>acriora.</span> <span class='ocrx_word' id='word_1_828' title='bbox 340 3650 428 3685; x_wconf 85' lang='lat' dir='ltr'>Tacit.</span> <span class='ocrx_word' id='word_1_829' title='bbox 444 3650 492 3688; x_wconf 84' lang='lat' dir='ltr'>lib.</span> <span class='ocrx_word' id='word_1_830' title='bbox 507 3660 517 3678; x_wconf 93' lang='lat'>1</span> <span class='ocrx_word' id='word_1_831' title='bbox 527 3660 549 3678; x_wconf 94' lang='lat'>1.</span> <span class='ocrx_word' id='word_1_832' title='bbox 562 3660 607 3686; x_wconf 77' lang='lat'>29.</span> 
     </span>
    </p>

    <p class='ocr_par' dir='ltr' id='par_1_42' title="bbox 71 3684 518 3724">
     <span class='ocr_line' id='line_1_94' title="bbox 71 3684 518 3724; baseline 0.007 -10"><span class='ocrx_word' id='word_1_833' title='bbox 71 3684 127 3714; x_wconf 85' lang='lat' dir='ltr'>Cor</span> <span class='ocrx_word' id='word_1_834' title='bbox 137 3695 206 3716; x_wconf 85' lang='lat' dir='ltr'>acre.</span> <span class='ocrx_word' id='word_1_835' title='bbox 234 3686 338 3721; x_wconf 86' lang='lat' dir='ltr'>Lucret.</span> <span class='ocrx_word' id='word_1_836' title='bbox 355 3687 403 3723; x_wconf 72' lang='lat' dir='ltr'>lib.</span> <span class='ocrx_word' id='word_1_837' title='bbox 417 3698 440 3723; x_wconf 86' lang='lat'>3.</span> <span class='ocrx_word' id='word_1_838' title='bbox 455 3698 518 3724; x_wconf 83' lang='lat'>295.</span> 
     </span>
    </p>

    <p class='ocr_par' dir='ltr' id='par_1_43' title="bbox 71 3721 1186 3838">
     <span class='ocr_line' id='line_1_95' title="bbox 71 3721 1186 3761; baseline 0.001 -10"><span class='ocrx_word' id='word_1_839' title='bbox 71 3722 215 3761; x_wconf 84' lang='lat' dir='ltr'>Cupiditas</span> <span class='ocrx_word' id='word_1_840' title='bbox 226 3726 356 3754; x_wconf 87' lang='lat' dir='ltr'>acerrima</span> <span class='ocrx_word' id='word_1_841' title='bbox 371 3727 396 3761; x_wconf 66' lang='grc' dir='ltr'><strong>ἃ</strong></span> <span class='ocrx_word' id='word_1_842' title='bbox 407 3725 558 3760; x_wconf 77' lang='lat' dir='ltr'>fortiisima.</span> <span class='ocrx_word' id='word_1_843' title='bbox 588 3724 646 3759; x_wconf 78' lang='lat' dir='ltr'>Cic.</span> <span class='ocrx_word' id='word_1_844' title='bbox 662 3734 703 3753; x_wconf 89' lang='lat'>12.</span> <span class='ocrx_word' id='word_1_845' title='bbox 719 3723 838 3761; x_wconf 89' lang='lat' dir='ltr'>Philipp.</span> <span class='ocrx_word' id='word_1_846' title='bbox 852 3732 878 3759; x_wconf 92' lang='lat'>7.</span> <span class='ocrx_word' id='word_1_847' title='bbox 915 3721 956 3750; x_wconf 86' lang='lat' dir='ltr'>An</span> <span class='ocrx_word' id='word_1_848' title='bbox 965 3730 1015 3750; x_wconf 86' lang='lat' dir='ltr'>vos</span> <span class='ocrx_word' id='word_1_849' title='bbox 1025 3722 1186 3752; x_wconf 82' lang='lat' dir='ltr'>acerrimam</span> 
     </span>
     <span class='ocr_line' id='line_1_96' title="bbox 89 3759 1186 3802; baseline 0 -12"><span class='ocrx_word' id='word_1_850' title='bbox 89 3761 165 3793; x_wconf 83' lang='lat' dir='ltr'>illam</span> <span class='ocrx_word' id='word_1_851' title='bbox 176 3762 380 3797; x_wconf 77' lang='lat' dir='ltr'>&amp;fortissimam</span> <span class='ocrx_word' id='word_1_852' title='bbox 391 3763 488 3801; x_wconf 86' lang='lat' dir='ltr'>populi</span> <span class='ocrx_word' id='word_1_853' title='bbox 506 3763 623 3798; x_wconf 84' lang='lat' dir='ltr'>Romani</span> <span class='ocrx_word' id='word_1_854' title='bbox 641 3762 774 3792; x_wconf 85' lang='lat' dir='ltr'>libertatis</span> <span class='ocrx_word' id='word_1_855' title='bbox 791 3759 986 3802; x_wconf 59' lang='lat' dir='ltr'>recuperanda}</span> <span class='ocrx_word' id='word_1_856' title='bbox 1003 3759 1186 3798; x_wconf 85' lang='lat' dir='ltr'>cupiditatem</span> 
     </span>
     <span class='ocr_line' id='line_1_97' title="bbox 89 3797 1037 3838; baseline -0.002 -11"><span class='ocrx_word' id='word_1_857' title='bbox 89 3808 147 3828; x_wconf 88' lang='lat' dir='ltr'>non</span> <span class='ocrx_word' id='word_1_858' title='bbox 159 3800 333 3829; x_wconf 84' lang='lat' dir='ltr'>imminutam</span> <span class='ocrx_word' id='word_1_859' title='bbox 344 3810 375 3829; x_wconf 85' lang='lat' dir='ltr'>ac</span> <span class='ocrx_word' id='word_1_860' title='bbox 389 3801 561 3830; x_wconf 82' lang='lat' dir='ltr'>debilitatam</span> <span class='ocrx_word' id='word_1_861' title='bbox 571 3801 674 3838; x_wconf 85' lang='lat' dir='ltr'>putatis</span> <span class='ocrx_word' id='word_1_862' title='bbox 684 3800 822 3837; x_wconf 80' lang='lat' dir='ltr'>legatione</span> <span class='ocrx_word' id='word_1_863' title='bbox 833 3798 908 3836; x_wconf 75' lang='lat' dir='ltr'>pacis</span> <span class='ocrx_word' id='word_1_864' title='bbox 922 3797 1015 3826; x_wconf 85' lang='lat' dir='ltr'>audita</span> <span class='ocrx_word' id='word_1_865' title='bbox 1023 3797 1037 3825; x_wconf 71' lang='grc' dir='ltr'>ἶ)</span> 
     </span>
    </p>

    <p class='ocr_par' dir='ltr' id='par_1_44' title="bbox 71 3834 497 3874">
     <span class='ocr_line' id='line_1_98' title="bbox 71 3834 497 3874; baseline 0.007 -9"><span class='ocrx_word' id='word_1_866' title='bbox 71 3834 142 3865; x_wconf 82' lang='lat' dir='ltr'>Cura</span> <span class='ocrx_word' id='word_1_867' title='bbox 152 3837 229 3866; x_wconf 77' lang='lat' dir='ltr'>acris.</span> <span class='ocrx_word' id='word_1_868' title='bbox 259 3836 316 3867; x_wconf 88' lang='lat' dir='ltr'>Cic.</span> <span class='ocrx_word' id='word_1_869' title='bbox 333 3847 356 3874; x_wconf 85' lang='lat'>3.</span> <span class='ocrx_word' id='word_1_870' title='bbox 373 3839 408 3868; x_wconf 89' lang='lat' dir='ltr'>de</span> <span class='ocrx_word' id='word_1_871' title='bbox 420 3839 497 3874; x_wconf 80' lang='lat' dir='ltr'>Orat.</span> 
     </span>
    </p>

    <p class='ocr_par' dir='ltr' id='par_1_45' title="bbox 71 3871 1026 3914">
     <span class='ocr_line' id='line_1_99' title="bbox 71 3871 1026 3914; baseline 0 -12"><span class='ocrx_word' id='word_1_872' title='bbox 71 3873 148 3903; x_wconf 79' lang='lat' dir='ltr'>Curae</span> <span class='ocrx_word' id='word_1_873' title='bbox 159 3884 251 3910; x_wconf 82' lang='lat' dir='ltr'>acres,</span> <span class='ocrx_word' id='word_1_874' title='bbox 271 3875 389 3904; x_wconf 80' lang='lat' dir='ltr'>Acerbae.</span> <span class='ocrx_word' id='word_1_875' title='bbox 418 3876 491 3906; x_wconf 85' lang='lat' dir='ltr'>Varr.</span> <span class='ocrx_word' id='word_1_876' title='bbox 505 3877 580 3914; x_wconf 83' lang='lat' dir='ltr'>apud</span> <span class='ocrx_word' id='word_1_877' title='bbox 590 3876 725 3907; x_wconf 88' lang='lat' dir='ltr'>Nonium.</span> <span class='ocrx_word' id='word_1_878' title='bbox 756 3875 865 3908; x_wconf 81' lang='lat' dir='ltr'>Lucret.</span> <span class='ocrx_word' id='word_1_879' title='bbox 881 3871 929 3902; x_wconf 90' lang='lat' dir='ltr'>lib.</span> <span class='ocrx_word' id='word_1_880' title='bbox 944 3883 968 3909; x_wconf 77' lang='grc' dir='ltr'><strong>ς.</strong></span> <span class='ocrx_word' id='word_1_881' title='bbox 981 3874 1026 3908; x_wconf 86' lang='lat'>4⁶·</span> 
     </span>
    </p>

    <p class='ocr_par' dir='ltr' id='par_1_46' title="bbox 70 3911 428 3951">
     <span class='ocr_line' id='line_1_100' title="bbox 70 3911 428 3951; baseline 0.006 -11"><span class='ocrx_word' id='word_1_882' title='bbox 70 3911 176 3941; x_wconf 82' lang='lat' dir='ltr'>Cursus.</span> <span class='ocrx_word' id='word_1_883' title='bbox 197 3912 264 3951; x_wconf 77' lang='lat' dir='ltr'>Stat.</span> <span class='ocrx_word' id='word_1_884' title='bbox 277 3924 302 3948; x_wconf 90' lang='lat'>4.</span> <span class='ocrx_word' id='word_1_885' title='bbox 317 3912 389 3949; x_wconf 83' lang='lat' dir='ltr'>Sylv.</span> <span class='ocrx_word' id='word_1_886' title='bbox 405 3923 428 3948; x_wconf 88' lang='lat'>3.</span> 
     </span>
    </p>

    <p class='ocr_par' dir='ltr' id='par_1_47' title="bbox 71 3949 549 4016">
     <span class='ocr_line' id='line_1_101' title="bbox 71 3949 549 4016; baseline 0.004 -38"><span class='ocrx_word' id='word_1_887' title='bbox 71 3949 323 4016; x_wconf 29' lang='lat' dir='ltr'>Cussodiaff&#39;facit.</span> <span class='ocrx_word' id='word_1_888' title='bbox 339 3951 387 3980; x_wconf 88' lang='lat' dir='ltr'>lib.</span> <span class='ocrx_word' id='word_1_889' title='bbox 402 3961 425 3980; x_wconf 92' lang='lat'>1.</span> <span class='ocrx_word' id='word_1_890' title='bbox 440 3954 510 3981; x_wconf 82' lang='lat' dir='ltr'>Ann.</span> <span class='ocrx_word' id='word_1_891' title='bbox 525 3961 549 3986; x_wconf 82' lang='lat'>5.</span> 
     </span>
    </p>

    <p class='ocr_par' dir='ltr' id='par_1_48' title="bbox 144 3997 235 4016">
     <span class='ocr_line' id='line_1_102' title="bbox 144 3997 235 4016; baseline 0 0"><span class='ocrx_word' id='word_1_892' title='bbox 144 3997 194 4016; x_wconf 89' lang='lat'>01..</span> <span class='ocrx_word' id='word_1_893' title='bbox 229 4009 235 4016; x_wconf 96' lang='lat'>.</span> 
     </span>
    </p>
   </div>
   <div class='ocr_carea' id='block_1_9' title="bbox 917 1870 1194 1908">
    <p class='ocr_par' dir='ltr' id='par_1_49' title="bbox 917 1870 1194 1908">
     <span class='ocr_line' id='line_1_103' title="bbox 917 1870 1194 1908; baseline 0 -8"><span class='ocrx_word' id='word_1_894' title='bbox 917 1871 987 1908; x_wconf 79' lang='lat' dir='ltr'>Quis</span> <span class='ocrx_word' id='word_1_895' title='bbox 1001 1871 1030 1900; x_wconf 89' lang='lat' dir='ltr'>in</span> <span class='ocrx_word' id='word_1_896' title='bbox 1048 1870 1130 1907; x_wconf 80' lang='lat' dir='ltr'>rebus</span> <span class='ocrx_word' id='word_1_897' title='bbox 1148 1870 1194 1901; x_wconf 85' lang='lat' dir='ltr'>vel</span> 
     </span>
    </p>
   </div>
   <div class='ocr_carea' id='block_1_10' title="bbox 567 2627 1192 2666">
    <p class='ocr_par' dir='ltr' id='par_1_50' title="bbox 567 2627 1192 2666">
     <span class='ocr_line' id='line_1_104' title="bbox 567 2627 1192 2666; baseline -0.003 -8"><span class='ocrx_word' id='word_1_898' title='bbox 567 2629 663 2666; x_wconf 77' lang='lat' dir='ltr'>Quum</span> <span class='ocrx_word' id='word_1_899' title='bbox 672 2635 765 2658; x_wconf 87' lang='lat' dir='ltr'>autem</span> <span class='ocrx_word' id='word_1_900' title='bbox 776 2628 821 2658; x_wconf 90' lang='lat' dir='ltr'>hic</span> <span class='ocrx_word' id='word_1_901' title='bbox 835 2628 868 2657; x_wconf 89' lang='lat' dir='ltr'>de</span> <span class='ocrx_word' id='word_1_902' title='bbox 880 2627 965 2657; x_wconf 86' lang='lat' dir='ltr'>rheda</span> <span class='ocrx_word' id='word_1_903' title='bbox 975 2627 1075 2662; x_wconf 54' lang='lat' dir='ltr'>rejecta</span> <span class='ocrx_word' id='word_1_904' title='bbox 1088 2627 1192 2665; x_wconf 88' lang='lat' dir='ltr'>penula</span> 
     </span>
    </p>
   </div>
   <div class='ocr_carea' id='block_1_11' title="bbox 1663 141 2389 199">
    <p class='ocr_par' dir='ltr' id='par_1_51' title="bbox 1663 141 2389 199">
     <span class='ocr_line' id='line_1_105' title="bbox 1663 141 2389 199; baseline -0.004 1"><span class='ocrx_word' id='word_1_905' title='bbox 1663 141 1939 189; x_wconf 67' lang='lat' dir='ltr'>Aci:</span> <span class='ocrx_word' id='word_1_906' title='bbox 2347 164 2389 199; x_wconf 82' lang='lat'>35</span> 
     </span>
    </p>
   </div>
   <div class='ocr_carea' id='block_1_12' title="bbox 1282 216 2392 515">
    <p class='ocr_par' dir='ltr' id='par_1_52' title="bbox 1282 216 2392 515">
     <span class='ocr_line' id='line_1_106' title="bbox 1284 216 1835 252; baseline 0.015 -8"><span class='ocrx_word' id='word_1_907' title='bbox 1284 216 1414 245; x_wconf 69' lang='lat' dir='ltr'>Defensor</span> <span class='ocrx_word' id='word_1_908' title='bbox 1427 219 1580 248; x_wconf 81' lang='lat' dir='ltr'>acerrimus.</span> <span class='ocrx_word' id='word_1_909' title='bbox 1613 220 1669 249; x_wconf 83' lang='lat' dir='ltr'>Cic.</span> <span class='ocrx_word' id='word_1_910' title='bbox 1687 231 1707 249; x_wconf 90' lang='lat'>1.</span> <span class='ocrx_word' id='word_1_911' title='bbox 1725 222 1797 252; x_wconf 74' lang='lat' dir='ltr'>Fani.</span> <span class='ocrx_word' id='word_1_912' title='bbox 1814 234 1835 252; x_wconf 91' lang='lat'>1.</span> 
     </span>
     <span class='ocr_line' id='line_1_107' title="bbox 1282 252 1764 294; baseline 0.017 -14"><span class='ocrx_word' id='word_1_913' title='bbox 1282 252 1367 281; x_wconf 74' lang='lat' dir='ltr'>Dolor</span> <span class='ocrx_word' id='word_1_914' title='bbox 1383 266 1451 284; x_wconf 68' lang='lat' dir='ltr'>acer.</span> <span class='ocrx_word' id='word_1_915' title='bbox 1486 256 1554 291; x_wconf 61' lang='grc' dir='ltr'><strong>Υ111ζ.</strong></span> <span class='ocrx_word' id='word_1_916' title='bbox 1573 268 1610 286; x_wconf 90' lang='lat'>11.</span> <span class='ocrx_word' id='word_1_917' title='bbox 1628 258 1688 287; x_wconf 51' lang='grc'><strong>11111.</strong></span> <span class='ocrx_word' id='word_1_918' title='bbox 1702 268 1764 294; x_wconf 80' lang='lat'>709.</span> 
     </span>
     <span class='ocr_line' id='line_1_108' title="bbox 1282 289 2143 334; baseline 0.016 -16"><span class='ocrx_word' id='word_1_919' title='bbox 1282 289 1426 319; x_wconf 75' lang='lat' dir='ltr'>Dominus.</span> <span class='ocrx_word' id='word_1_920' title='bbox 1460 293 1562 322; x_wconf 66' lang='lat' dir='ltr'>l.ucrct.</span> <span class='ocrx_word' id='word_1_921' title='bbox 1581 295 1626 323; x_wconf 85' lang='lat' dir='ltr'>lib.</span> <span class='ocrx_word' id='word_1_922' title='bbox 1642 307 1664 329; x_wconf 81' lang='grc' dir='ltr'><strong>ς.</strong></span> <span class='ocrx_word' id='word_1_923' title='bbox 1679 301 1723 329; x_wconf 63' lang='lat'>88.</span> <span class='ocrx_word' id='word_1_924' title='bbox 1762 298 1865 334; x_wconf 67' lang='grc' dir='ltr'>[πτκςὶε</span> <span class='ocrx_word' id='word_1_925' title='bbox 1884 295 1995 328; x_wconf 53' lang='lat' dir='ltr'>haurd-mv</span> <span class='ocrx_word' id='word_1_926' title='bbox 2016 300 2143 332; x_wconf 66' lang='lat' dir='ltr'>Lucrino.</span> 
     </span>
     <span class='ocr_line' id='line_1_109' title="bbox 1284 326 2146 367; baseline 0.017 -13"><span class='ocrx_word' id='word_1_927' title='bbox 1284 326 1398 362; x_wconf 58' lang='lat' dir='ltr'>Egestas.</span> <span class='ocrx_word' id='word_1_928' title='bbox 1431 329 1534 359; x_wconf 55' lang='lat' dir='ltr'>Lucre-s.</span> <span class='ocrx_word' id='word_1_929' title='bbox 1554 332 1598 360; x_wconf 78' lang='lat' dir='ltr'>lib.</span> <span class='ocrx_word' id='word_1_930' title='bbox 1614 342 1635 367; x_wconf 87' lang='lat'>3.</span> <span class='ocrx_word' id='word_1_931' title='bbox 1650 338 1692 367; x_wconf 76' lang='grc' dir='ltr'><strong>(ις.</strong></span> <span class='ocrx_word' id='word_1_932' title='bbox 2143 339 2146 343; x_wconf 76' lang='grc'>’</span> 
     </span>
     <span class='ocr_line' id='line_1_110' title="bbox 1284 362 2391 416; baseline 0.017 -25"><span class='ocrx_word' id='word_1_933' title='bbox 1284 362 1376 406; x_wconf 79' lang='lat' dir='ltr'>Equus</span> <span class='ocrx_word' id='word_1_934' title='bbox 1387 376 1447 394; x_wconf 77' lang='lat' dir='ltr'>acer</span> <span class='ocrx_word' id='word_1_935' title='bbox 1460 377 1513 394; x_wconf 78' lang='lat' dir='ltr'>nou</span> <span class='ocrx_word' id='word_1_936' title='bbox 1527 370 1609 397; x_wconf 74' lang='lat' dir='ltr'>ruoilo</span> <span class='ocrx_word' id='word_1_937' title='bbox 1623 370 1751 399; x_wconf 71' lang='lat' dir='ltr'>Velocem</span> <span class='ocrx_word' id='word_1_938' title='bbox 1762 382 1863 408; x_wconf 85' lang='lat' dir='ltr'>equum</span> <span class='ocrx_word' id='word_1_939' title='bbox 1876 373 2022 409; x_wconf 77' lang='lat' dir='ltr'>fignificat,</span> <span class='ocrx_word' id='word_1_940' title='bbox 2043 383 2072 405; x_wconf 88' lang='lat' dir='ltr'>ut</span> <span class='ocrx_word' id='word_1_941' title='bbox 2083 377 2190 406; x_wconf 87' lang='lat' dir='ltr'>Nonius</span> <span class='ocrx_word' id='word_1_942' title='bbox 2201 379 2319 416; x_wconf 74' lang='lat' dir='ltr'>accipit:</span> <span class='ocrx_word' id='word_1_943' title='bbox 2345 381 2391 410; x_wconf 82' lang='lat' dir='ltr'>sed</span> 
     </span>
     <span class='ocr_line' id='line_1_111' title="bbox 1303 403 2327 451; baseline 0.017 -23"><span class='ocrx_word' id='word_1_944' title='bbox 1303 408 1384 429; x_wconf 88' lang='lat' dir='ltr'>ctiam</span> <span class='ocrx_word' id='word_1_945' title='bbox 1399 403 1544 446; x_wconf 67' lang='lat' dir='ltr'>Ardentem</span> <span class='ocrx_word' id='word_1_946' title='bbox 1556 409 1580 435; x_wconf 68' lang='lat' dir='ltr'>o:</span> <span class='ocrx_word' id='word_1_947' title='bbox 1592 409 1761 436; x_wconf 81' lang='lat' dir='ltr'>c‹›iicit.itun1</span> <span class='ocrx_word' id='word_1_948' title='bbox 1773 410 1806 438; x_wconf 76' lang='lat' dir='ltr'>ad</span> <span class='ocrx_word' id='word_1_949' title='bbox 1822 409 1907 447; x_wconf 70' lang='lat' dir='ltr'>ipsum</span> <span class='ocrx_word' id='word_1_950' title='bbox 1920 411 2034 441; x_wconf 77' lang='lat' dir='ltr'>cursum.</span> <span class='ocrx_word' id='word_1_951' title='bbox 2068 414 2136 450; x_wconf 69' lang='lat' dir='ltr'>virg.</span> <span class='ocrx_word' id='word_1_952' title='bbox 2149 426 2172 450; x_wconf 77' lang='lat'>4.</span> <span class='ocrx_word' id='word_1_953' title='bbox 2190 416 2249 445; x_wconf 72' lang='grc' dir='ltr'><strong>[ΕΠ.</strong></span> <span class='ocrx_word' id='word_1_954' title='bbox 2269 421 2327 451; x_wconf 82' lang='lat'>156.</span> 
     </span>
     <span class='ocr_line' id='line_1_112' title="bbox 1363 439 2392 490; baseline 0.017 -24"><span class='ocrx_word' id='word_1_955' title='bbox 1363 439 1397 480; x_wconf 77' lang='lat' dir='ltr'>At</span> <span class='ocrx_word' id='word_1_956' title='bbox 1411 449 1476 485; x_wconf 80' lang='lat' dir='ltr'>puer</span> <span class='ocrx_word' id='word_1_957' title='bbox 1493 442 1615 481; x_wconf 60' lang='lat' dir='ltr'>Altinius</span> <span class='ocrx_word' id='word_1_958' title='bbox 1631 446 1728 474; x_wconf 77' lang='lat' dir='ltr'>mediis</span> <span class='ocrx_word' id='word_1_959' title='bbox 1742 447 1768 474; x_wconf 87' lang='grc'>111</span> <span class='ocrx_word' id='word_1_960' title='bbox 1785 447 1898 477; x_wconf 67' lang='lat' dir='ltr'>vallibus</span> <span class='ocrx_word' id='word_1_961' title='bbox 1913 450 1965 478; x_wconf 84' lang='lat' dir='ltr'>acri</span> <span class='ocrx_word' id='word_1_962' title='bbox 2060 451 2167 481; x_wconf 66' lang='lat' dir='ltr'>(laudet</span> <span class='ocrx_word' id='word_1_963' title='bbox 2177 464 2256 490; x_wconf 73' lang='lat' dir='ltr'>equo.</span> <span class='ocrx_word' id='word_1_964' title='bbox 2281 454 2309 482; x_wconf 81' lang='lat' dir='ltr'>V.</span> <span class='ocrx_word' id='word_1_965' title='bbox 2324 454 2392 484; x_wconf 74' lang='lat' dir='ltr'>infra</span> 
     </span>
     <span class='ocr_line' id='line_1_113' title="bbox 1303 473 1746 515; baseline 0.023 -13"><span class='ocrx_word' id='word_1_966' title='bbox 1303 473 1419 513; x_wconf 79' lang='lat' dir='ltr'>Sonipes</span> <span class='ocrx_word' id='word_1_967' title='bbox 1429 498 1436 509; x_wconf 71' lang='grc'><em>,</em></span> <span class='ocrx_word' id='word_1_968' title='bbox 1458 480 1483 506; x_wconf 57' lang='grc' dir='ltr'>ὰ</span> <span class='ocrx_word' id='word_1_969' title='bbox 1496 480 1572 515; x_wconf 56' lang='lat' dir='ltr'>lupini</span> <span class='ocrx_word' id='word_1_970' title='bbox 1583 480 1665 510; x_wconf 75' lang='lat' dir='ltr'>Cursu</span> <span class='ocrx_word' id='word_1_971' title='bbox 1678 493 1746 512; x_wconf 63' lang='lat' dir='ltr'>acer.</span> 
     </span>
    </p>
   </div>
   <div class='ocr_carea' id='block_1_13' title="bbox 1284 511 2392 579">
    <p class='ocr_par' dir='ltr' id='par_1_53' title="bbox 1284 511 2392 579">
     <span class='ocr_line' id='line_1_114' title="bbox 1284 511 2392 578; baseline 0.018 -40"><span class='ocrx_word' id='word_1_972' title='bbox 1284 511 1476 578; x_wconf 46' lang='lat' dir='ltr'>fiiitssorlpqubis</span> <span class='ocrx_word' id='word_1_973' title='bbox 1492 517 1577 545; x_wconf 77' lang='lat' dir='ltr'>acrior</span> <span class='ocrx_word' id='word_1_974' title='bbox 1597 519 1623 546; x_wconf 89' lang='lat' dir='ltr'>in</span> <span class='ocrx_word' id='word_1_975' title='bbox 1644 519 1797 550; x_wconf 76' lang='lat' dir='ltr'>Domitium</span> <span class='ocrx_word' id='word_1_976' title='bbox 1810 544 1817 557; x_wconf 96' lang='lat'>,</span> <span class='ocrx_word' id='word_1_977' title='bbox 1847 523 1909 552; x_wconf 92' lang='lat' dir='ltr'>loco</span> <span class='ocrx_word' id='word_1_978' title='bbox 1928 524 2046 563; x_wconf 66' lang='lat' dir='ltr'>praesagii</span> <span class='ocrx_word' id='word_1_979' title='bbox 2070 533 2198 564; x_wconf 80' lang='lat' dir='ltr'>acceptus</span> <span class='ocrx_word' id='word_1_980' title='bbox 2216 527 2261 556; x_wconf 88' lang='lat' dir='ltr'>cst.</span> <span class='ocrx_word' id='word_1_981' title='bbox 2303 528 2392 559; x_wconf 76' lang='lat' dir='ltr'>Tacit.</span> 
     </span>
     <span class='ocr_line' id='line_1_115' title="bbox 1346 561 1491 579; baseline 0.014 -2"><span class='ocrx_word' id='word_1_982' title='bbox 1346 572 1350 577; x_wconf 94' lang='lat'>.</span> <span class='ocrx_word' id='word_1_983' title='bbox 1401 573 1406 578; x_wconf 93' lang='lat'>.</span> <span class='ocrx_word' id='word_1_984' title='bbox 1447 561 1491 579; x_wconf 88' lang='lat' dir='ltr'>nn.</span> 
     </span>
    </p>
   </div>
   <div class='ocr_carea' id='block_1_14' title="bbox 1286 585 2391 714">
    <p class='ocr_par' dir='ltr' id='par_1_54' title="bbox 1286 585 2391 714">
     <span class='ocr_line' id='line_1_116' title="bbox 1286 585 1786 624; baseline 0.022 -11"><span class='ocrx_word' id='word_1_985' title='bbox 1286 585 1341 614; x_wconf 74' lang='lat' dir='ltr'>Fax</span> <span class='ocrx_word' id='word_1_986' title='bbox 1354 588 1491 616; x_wconf 83' lang='lat' dir='ltr'>acerrima.</span> <span class='ocrx_word' id='word_1_987' title='bbox 1515 588 1602 618; x_wconf 84' lang='lat' dir='ltr'>Tacit.</span> <span class='ocrx_word' id='word_1_988' title='bbox 1618 591 1683 621; x_wconf 87' lang='lat' dir='ltr'>Hist.</span> <span class='ocrx_word' id='word_1_989' title='bbox 1701 594 1745 622; x_wconf 86' lang='lat' dir='ltr'>lib.</span> <span class='ocrx_word' id='word_1_990' title='bbox 1761 605 1786 624; x_wconf 88' lang='lat'>2.</span> 
     </span>
     <span class='ocr_line' id='line_1_117' title="bbox 1286 622 1728 659; baseline 0.016 -7"><span class='ocrx_word' id='word_1_991' title='bbox 1286 622 1358 652; x_wconf 74' lang='lat' dir='ltr'>Ferae</span> <span class='ocrx_word' id='word_1_992' title='bbox 1370 634 1451 653; x_wconf 84' lang='lat' dir='ltr'>acres.</span> <span class='ocrx_word' id='word_1_993' title='bbox 1477 625 1538 654; x_wconf 83' lang='lat' dir='ltr'>Scri.</span> <span class='ocrx_word' id='word_1_994' title='bbox 1556 626 1583 654; x_wconf 90' lang='lat' dir='ltr'>in</span> <span class='ocrx_word' id='word_1_995' title='bbox 1596 627 1690 658; x_wconf 71' lang='lat' dir='ltr'>Octav.</span> <span class='ocrx_word' id='word_1_996' title='bbox 1704 641 1728 659; x_wconf 65' lang='grc' dir='ltr'><strong>τ.</strong></span> 
     </span>
     <span class='ocr_line' id='line_1_118' title="bbox 1286 659 2391 714; baseline 0.018 -27"><span class='ocrx_word' id='word_1_997' title='bbox 1286 659 1432 695; x_wconf 58' lang='lat' dir='ltr'>flagitator</span> <span class='ocrx_word' id='word_1_998' title='bbox 1444 661 1676 694; x_wconf 53' lang='lat' dir='ltr'>amantiss-acer.</span> <span class='ocrx_word' id='word_1_999' title='bbox 1709 660 1765 696; x_wconf 76' lang='lat' dir='ltr'>¹Cic.</span> <span class='ocrx_word' id='word_1_1000' title='bbox 1784 670 1810 697; x_wconf 89' lang='lat' dir='ltr'>in</span> <span class='ocrx_word' id='word_1_1001' title='bbox 1831 671 1912 700; x_wconf 78' lang='lat' dir='ltr'>Bruto</span> <span class='ocrx_word' id='word_1_1002' title='bbox 1935 678 1974 706; x_wconf 87' lang='lat'>¹8-</span> <span class='ocrx_word' id='word_1_1003' title='bbox 2014 674 2188 707; x_wconf 84' lang='lat' dir='ltr'>Huncvideo</span> <span class='ocrx_word' id='word_1_1004' title='bbox 2204 677 2391 714; x_wconf 74' lang='lat' dir='ltr'>flagitatorem,</span> 
     </span>
    </p>
   </div>
   <div class='ocr_carea' id='block_1_15' title="bbox 1286 698 2343 776">
    <p class='ocr_par' dir='ltr' id='par_1_55' title="bbox 1286 698 2343 776">
     <span class='ocr_line' id='line_1_119' title="bbox 1305 698 2343 744; baseline 0.018 -19"><span class='ocrx_word' id='word_1_1005' title='bbox 1305 707 1362 726; x_wconf 93' lang='lat' dir='ltr'>non</span> <span class='ocrx_word' id='word_1_1006' title='bbox 1375 698 1452 727; x_wconf 88' lang='lat' dir='ltr'>illum</span> <span class='ocrx_word' id='word_1_1007' title='bbox 1465 700 1575 735; x_wconf 86' lang='lat' dir='ltr'>quidem</span> <span class='ocrx_word' id='word_1_1008' title='bbox 1582 701 1635 743; x_wconf 55' lang='lat' dir='ltr'>⁴tibi</span> <span class='ocrx_word' id='word_1_1009' title='bbox 1651 704 1791 734; x_wconf 80' lang='lat' dir='ltr'>molestum</span> <span class='ocrx_word' id='word_1_1010' title='bbox 1803 729 1811 741; x_wconf 89' lang='lat'>,</span> <span class='ocrx_word' id='word_1_1011' title='bbox 1832 708 1877 737; x_wconf 80' lang='lat' dir='ltr'>sed</span> <span class='ocrx_word' id='word_1_1012' title='bbox 1888 708 2022 740; x_wconf 75' lang='lat' dir='ltr'>ass&#39;iduum&#39;</span> <span class='ocrx_word' id='word_1_1013' title='bbox 2039 720 2129 742; x_wconf 81' lang='lat' dir='ltr'>tamen</span> <span class='ocrx_word' id='word_1_1014' title='bbox 2142 716 2167 743; x_wconf 67' lang='grc' dir='ltr'>δι</span> <span class='ocrx_word' id='word_1_1015' title='bbox 2177 725 2266 743; x_wconf 77' lang='lat' dir='ltr'>acrem</span> <span class='ocrx_word' id='word_1_1016' title='bbox 2278 716 2343 744; x_wconf 81' lang='lat' dir='ltr'>fore.</span> 
     </span>
     <span class='ocr_line' id='line_1_120' title="bbox 1286 733 1732 776; baseline 0.013 -14"><span class='ocrx_word' id='word_1_1017' title='bbox 1286 733 1415 764; x_wconf 78' lang='lat' dir='ltr'>Flamma.</span> <span class='ocrx_word' id='word_1_1018' title='bbox 1448 735 1553 765; x_wconf 89' lang='lat' dir='ltr'>Lucret.</span> <span class='ocrx_word' id='word_1_1019' title='bbox 1570 738 1615 766; x_wconf 90' lang='lat' dir='ltr'>lib.</span> <span class='ocrx_word' id='word_1_1020' title='bbox 1632 750 1655 773; x_wconf 75' lang='grc' dir='ltr'>ς.</span> <span class='ocrx_word' id='word_1_1021' title='bbox 1670 751 1732 776; x_wconf 77' lang='lat'>904.</span> 
     </span>
    </p>
   </div>
   <div class='ocr_carea' id='block_1_16' title="bbox 1285 771 2401 2025">
    <p class='ocr_par' dir='ltr' id='par_1_56' title="bbox 1285 771 2401 2025">
     <span class='ocr_line' id='line_1_121' title="bbox 1287 771 1744 814; baseline 0.013 -14"><span class='ocrx_word' id='word_1_1022' title='bbox 1287 771 1432 810; x_wconf 61' lang='lat' dir='ltr'>fremitus.</span> <span class='ocrx_word' id='word_1_1023' title='bbox 1462 772 1565 803; x_wconf 79' lang='lat' dir='ltr'>Lucret.</span> <span class='ocrx_word' id='word_1_1024' title='bbox 1583 775 1628 804; x_wconf 89' lang='lat' dir='ltr'>lib.</span> <span class='ocrx_word' id='word_1_1025' title='bbox 1646 787 1666 805; x_wconf 94' lang='lat' dir='ltr'>i.</span> <span class='ocrx_word' id='word_1_1026' title='bbox 1686 787 1744 814; x_wconf 80' lang='lat'>277,</span> 
     </span>
     <span class='ocr_line' id='line_1_122' title="bbox 1287 808 1710 848; baseline 0.009 -9"><span class='ocrx_word' id='word_1_1027' title='bbox 1287 808 1389 846; x_wconf 78' lang='lat' dir='ltr'>Frigus.</span> <span class='ocrx_word' id='word_1_1028' title='bbox 1421 810 1527 847; x_wconf 73' lang='lat' dir='ltr'>Liicret.</span> <span class='ocrx_word' id='word_1_1029' title='bbox 1545 811 1590 840; x_wconf 86' lang='lat' dir='ltr'>lib.</span> <span class='ocrx_word' id='word_1_1030' title='bbox 1605 824 1630 848; x_wconf 82' lang='lat'>4.</span> <span class='ocrx_word' id='word_1_1031' title='bbox 1648 818 1710 843; x_wconf 86' lang='lat'>261.</span> 
     </span>
     <span class='ocr_line' id='line_1_123' title="bbox 1286 846 1711 887; baseline 0.012 -12"><span class='ocrx_word' id='word_1_1032' title='bbox 1286 846 1307 876; x_wconf 91' lang='lat' dir='ltr'>F</span> <span class='ocrx_word' id='word_1_1033' title='bbox 1402 847 1472 884; x_wconf 74' lang='lat' dir='ltr'>Virg.</span> <span class='ocrx_word' id='word_1_1034' title='bbox 1488 858 1511 883; x_wconf 70' lang='lat'>3.</span> <span class='ocrx_word' id='word_1_1035' title='bbox 1529 848 1625 887; x_wconf 82' lang='lat' dir='ltr'>Ceorg.</span> <span class='ocrx_word' id='word_1_1036' title='bbox 1644 849 1711 886; x_wconf 63' lang='lat'>141.&gt;</span> 
     </span>
     <span class='ocr_line' id='line_1_124' title="bbox 1287 883 1794 927; baseline 0.014 -16"><span class='ocrx_word' id='word_1_1037' title='bbox 1287 883 1317 919; x_wconf 64' lang='lat' dir='ltr'>Fv</span> <span class='ocrx_word' id='word_1_1038' title='bbox 1368 894 1405 913; x_wconf 65' lang='lat' dir='ltr'>or.</span> <span class='ocrx_word' id='word_1_1039' title='bbox 1431 885 1517 923; x_wconf 52' lang='lat' dir='ltr'>l&#39;laut.</span> <span class='ocrx_word' id='word_1_1040' title='bbox 1530 886 1655 917; x_wconf 85' lang='lat' dir='ltr'>Trinum.</span> <span class='ocrx_word' id='word_1_1041' title='bbox 1671 886 1734 924; x_wconf 65' lang='lat'>3.&#39;2.</span> <span class='ocrx_word' id='word_1_1042' title='bbox 1751 900 1794 927; x_wconf 86' lang='lat'>97.</span> 
     </span>
     <span class='ocr_line' id='line_1_125' title="bbox 1287 921 1835 963; baseline 0.005 -11"><span class='ocrx_word' id='word_1_1043' title='bbox 1287 921 1380 952; x_wconf 86' lang='lat' dir='ltr'>Genus</span> <span class='ocrx_word' id='word_1_1044' title='bbox 1396 922 1517 953; x_wconf 80' lang='lat' dir='ltr'>leonum.</span> <span class='ocrx_word' id='word_1_1045' title='bbox 1549 924 1632 955; x_wconf 87' lang='lat' dir='ltr'>Ovid.</span> <span class='ocrx_word' id='word_1_1046' title='bbox 1650 937 1675 961; x_wconf 81' lang='lat'>4.</span> <span class='ocrx_word' id='word_1_1047' title='bbox 1694 926 1759 962; x_wconf 68' lang='lat' dir='ltr'>Fau,</span> <span class='ocrx_word' id='word_1_1048' title='bbox 1773 937 1835 963; x_wconf 82' lang='lat'>215.</span> 
     </span>
     <span class='ocr_line' id='line_1_126' title="bbox 1289 959 1836 1002; baseline 0.013 -15"><span class='ocrx_word' id='word_1_1049' title='bbox 1289 959 1382 988; x_wconf 79' lang='lat' dir='ltr'>Genus</span> <span class='ocrx_word' id='word_1_1050' title='bbox 1394 960 1489 989; x_wconf 81' lang='lat' dir='ltr'>virum.</span> <span class='ocrx_word' id='word_1_1051' title='bbox 1522 961 1591 999; x_wconf 78' lang='lat' dir='ltr'>virg.</span> <span class='ocrx_word' id='word_1_1052' title='bbox 1606 960 1633 992; x_wconf 72' lang='lat'>2.</span> <span class='ocrx_word' id='word_1_1053' title='bbox 1648 964 1745 1001; x_wconf 80' lang='lat' dir='ltr'>Georg.</span> <span class='ocrx_word' id='word_1_1054' title='bbox 1763 970 1821 1002; x_wconf 85' lang='lat'>167.</span> <span class='ocrx_word' id='word_1_1055' title='bbox 1834 964 1836 966; x_wconf 56' lang='grc'><strong><em>’</em></strong></span> 
     </span>
     <span class='ocr_line' id='line_1_127' title="bbox 1288 996 1912 1041; baseline 0.014 -17"><span class='ocrx_word' id='word_1_1056' title='bbox 1288 996 1373 1033; x_wconf 81' lang='lat' dir='ltr'>Gustu¹</span> <span class='ocrx_word' id='word_1_1057' title='bbox 1385 998 1437 1026; x_wconf 78' lang='lat' dir='ltr'>acri</span> <span class='ocrx_word' id='word_1_1058' title='bbox 1450 999 1566 1037; x_wconf 74' lang='lat' dir='ltr'>mordet.</span> <span class='ocrx_word' id='word_1_1059' title='bbox 1590 997 1664 1030; x_wconf 75' lang='lat' dir='ltr'>Plin.</span> <span class='ocrx_word' id='word_1_1060' title='bbox 1677 999 1724 1030; x_wconf 88' lang='lat' dir='ltr'>lib.</span> <span class='ocrx_word' id='word_1_1061' title='bbox 1737 1012 1781 1039; x_wconf 86' lang='lat'>27.</span> <span class='ocrx_word' id='word_1_1062' title='bbox 1798 1012 1856 1040; x_wconf 71' lang='lat' dir='ltr'>cap.</span> <span class='ocrx_word' id='word_1_1063' title='bbox 1873 1013 1912 1041; x_wconf 89' lang='lat'>13.</span> 
     </span>
     <span class='ocr_line' id='line_1_128' title="bbox 1286 1033 1913 1077; baseline 0.013 -15"><span class='ocrx_word' id='word_1_1064' title='bbox 1286 1033 1397 1068; x_wconf 79' lang='lat' dir='ltr'>Homo.</span> <span class='ocrx_word' id='word_1_1065' title='bbox 1420 1035 1552 1073; x_wconf 72' lang='lat' dir='ltr'>Diligens.</span> <span class='ocrx_word' id='word_1_1066' title='bbox 1580 1037 1651 1074; x_wconf 77' lang='lat' dir='ltr'>Virg.</span> <span class='ocrx_word' id='word_1_1067' title='bbox 1665 1048 1689 1068; x_wconf 86' lang='lat'>2.</span> <span class='ocrx_word' id='word_1_1068' title='bbox 1708 1039 1805 1077; x_wconf 79' lang='lat' dir='ltr'>Georg.</span> <span class='ocrx_word' id='word_1_1069' title='bbox 1818 1051 1882 1076; x_wconf 75' lang='lat'>405.</span> <span class='ocrx_word' id='word_1_1070' title='bbox 1911 1041 1913 1043; x_wconf 78' lang='grc'><strong>’</strong></span> 
     </span>
     <span class='ocr_line' id='line_1_129' title="bbox 1287 1071 2394 1119; baseline 0.016 -18"><span class='ocrx_word' id='word_1_1071' title='bbox 1287 1071 1380 1101; x_wconf 85' lang='lat' dir='ltr'>Homo</span> <span class='ocrx_word' id='word_1_1072' title='bbox 1399 1082 1476 1108; x_wconf 80' lang='lat' dir='ltr'>acer,</span> <span class='ocrx_word' id='word_1_1073' title='bbox 1505 1084 1555 1111; x_wconf 84' lang='lat' dir='ltr'>pro</span> <span class='ocrx_word' id='word_1_1074' title='bbox 1577 1074 1692 1113; x_wconf 80' lang='lat' dir='ltr'>Aspero,</span> <span class='ocrx_word' id='word_1_1075' title='bbox 1722 1078 1800 1116; x_wconf 79' lang='lat' dir='ltr'>cujus</span> <span class='ocrx_word' id='word_1_1076' title='bbox 1812 1081 1978 1110; x_wconf 78' lang='lat' dir='ltr'>eontrarium</span> <span class='ocrx_word' id='word_1_1077' title='bbox 1993 1082 2030 1111; x_wconf 88' lang='lat' dir='ltr'>est</span> <span class='ocrx_word' id='word_1_1078' title='bbox 2048 1082 2135 1115; x_wconf 80' lang='lat' dir='ltr'>LcniS.</span> <span class='ocrx_word' id='word_1_1079' title='bbox 2171 1087 2232 1117; x_wconf 90' lang='lat' dir='ltr'>Ter.</span> <span class='ocrx_word' id='word_1_1080' title='bbox 2248 1089 2354 1119; x_wconf 73' lang='lat' dir='ltr'>Phor-m.</span> <span class='ocrx_word' id='word_1_1081' title='bbox 2372 1100 2394 1119; x_wconf 92' lang='lat'>1.</span> 
     </span>
     <span class='ocr_line' id='line_1_130' title="bbox 1310 1116 1977 1145; baseline 0.015 -7"><span class='ocrx_word' id='word_1_1082' title='bbox 1310 1120 1333 1144; x_wconf 83' lang='lat'>5-</span> <span class='ocrx_word' id='word_1_1083' title='bbox 1357 1118 1398 1145; x_wconf 87' lang='lat'>32.</span> <span class='ocrx_word' id='word_1_1084' title='bbox 1511 1117 1513 1119; x_wconf 83' lang='lat'>&#39;</span> <span class='ocrx_word' id='word_1_1085' title='bbox 1690 1116 1693 1121; x_wconf 83' lang='lat'><em>&#39;</em></span> <span class='ocrx_word' id='word_1_1086' title='bbox 1976 1116 1977 1119; x_wconf 69' lang='grc'>’</span> 
     </span>
     <span class='ocr_line' id='line_1_131' title="bbox 1288 1146 2230 1198; baseline 0.019 -24"><span class='ocrx_word' id='word_1_1087' title='bbox 1288 1146 1381 1184; x_wconf 87' lang='lat' dir='ltr'>Homo</span> <span class='ocrx_word' id='word_1_1088' title='bbox 1394 1156 1471 1182; x_wconf 72' lang='lat' dir='ltr'>acer,</span> <span class='ocrx_word' id='word_1_1089' title='bbox 1493 1158 1542 1185; x_wconf 87' lang='lat' dir='ltr'>pro</span> <span class='ocrx_word' id='word_1_1090' title='bbox 1556 1148 1646 1185; x_wconf 89' lang='lat' dir='ltr'>Forti,</span> <span class='ocrx_word' id='word_1_1091' title='bbox 1669 1150 1764 1180; x_wconf 86' lang='lat' dir='ltr'>Nonio</span> <span class='ocrx_word' id='word_1_1092' title='bbox 1780 1153 1936 1191; x_wconf 87' lang='lat' dir='ltr'>interprete.</span> <span class='ocrx_word' id='word_1_1093' title='bbox 1968 1156 2038 1193; x_wconf 80' lang='lat' dir='ltr'>Virg.</span> <span class='ocrx_word' id='word_1_1094' title='bbox 2053 1163 2076 1192; x_wconf 88' lang='lat'>8.</span> <span class='ocrx_word' id='word_1_1095' title='bbox 2094 1160 2154 1190; x_wconf 59' lang='lat' dir='ltr'>liin.</span> <span class='ocrx_word' id='word_1_1096' title='bbox 2168 1166 2230 1198; x_wconf 78' lang='lat'>614.</span> 
     </span>
     <span class='ocr_line' id='line_1_132' title="bbox 1358 1184 2098 1229; baseline 0.018 -18"><span class='ocrx_word' id='word_1_1097' title='bbox 1358 1184 1447 1226; x_wconf 35' lang='lat' dir='ltr'>‚Haud</span> <span class='ocrx_word' id='word_1_1098' title='bbox 1462 1196 1551 1214; x_wconf 81' lang='lat' dir='ltr'>acrem</span> <span class='ocrx_word' id='word_1_1099' title='bbox 1566 1187 1676 1217; x_wconf 89' lang='lat' dir='ltr'>dubites</span> <span class='ocrx_word' id='word_1_1100' title='bbox 1691 1189 1719 1218; x_wconf 92' lang='lat' dir='ltr'>in</span> <span class='ocrx_word' id='word_1_1101' title='bbox 1734 1191 1826 1228; x_wconf 69' lang='lat' dir='ltr'>praelia</span> <span class='ocrx_word' id='word_1_1102' title='bbox 1840 1191 1951 1229; x_wconf 80' lang='lat' dir='ltr'>poscere</span> <span class='ocrx_word' id='word_1_1103' title='bbox 1963 1194 2098 1225; x_wconf 87' lang='lat' dir='ltr'>Turnum.</span> 
     </span>
     <span class='ocr_line' id='line_1_133' title="bbox 1286 1220 1684 1262; baseline 0.015 -13"><span class='ocrx_word' id='word_1_1104' title='bbox 1286 1220 1386 1250; x_wconf 88' lang='lat' dir='ltr'>Hostis.</span> <span class='ocrx_word' id='word_1_1105' title='bbox 1417 1222 1482 1251; x_wconf 87' lang='lat' dir='ltr'>Hor.</span> <span class='ocrx_word' id='word_1_1106' title='bbox 1496 1223 1582 1260; x_wconf 82' lang='lat' dir='ltr'>Epod.</span> <span class='ocrx_word' id='word_1_1107' title='bbox 1596 1229 1620 1254; x_wconf 93' lang='lat'>6.</span> <span class='ocrx_word' id='word_1_1108' title='bbox 1644 1235 1684 1262; x_wconf 79' lang='lat'>14.</span> 
     </span>
     <span class='ocr_line' id='line_1_134' title="bbox 1286 1258 2394 1325; baseline 0.015 -39"><span class='ocrx_word' id='word_1_1109' title='bbox 1286 1258 1407 1325; x_wconf 35' lang='lat' dir='ltr'>Hkyssms,</span> <span class='ocrx_word' id='word_1_1110' title='bbox 1436 1269 1486 1297; x_wconf 90' lang='lat' dir='ltr'>pro</span> <span class='ocrx_word' id='word_1_1111' title='bbox 1508 1261 1606 1307; x_wconf 85' lang='lat' dir='ltr'>Aspera</span> <span class='ocrx_word' id='word_1_1112' title='bbox 1624 1264 1649 1292; x_wconf 70' lang='lat'>3&lt;</span> <span class='ocrx_word' id='word_1_1113' title='bbox 1668 1264 1834 1304; x_wconf 75' lang='lat' dir='ltr'>vehementi.</span> <span class='ocrx_word' id='word_1_1114' title='bbox 1874 1266 1959 1297; x_wconf 82' lang='lat' dir='ltr'>Plaut.</span> <span class='ocrx_word' id='word_1_1115' title='bbox 1983 1268 2109 1301; x_wconf 88' lang='lat' dir='ltr'>Trinuni.</span> <span class='ocrx_word' id='word_1_1116' title='bbox 2130 1282 2153 1301; x_wconf 91' lang='lat'>2.</span> <span class='ocrx_word' id='word_1_1117' title='bbox 2178 1283 2200 1309; x_wconf 87' lang='lat'>3.</span> <span class='ocrx_word' id='word_1_1118' title='bbox 2220 1283 2243 1310; x_wconf 93' lang='lat'>7.</span> <span class='ocrx_word' id='word_1_1119' title='bbox 2282 1275 2347 1305; x_wconf 88' lang='lat' dir='ltr'>Hor.</span> <span class='ocrx_word' id='word_1_1120' title='bbox 2372 1287 2394 1305; x_wconf 89' lang='lat'>1.</span> 
     </span>
     <span class='ocr_line' id='line_1_135' title="bbox 1356 1307 1447 1332; baseline -0.011 -6"><span class='ocrx_word' id='word_1_1121' title='bbox 1356 1319 1361 1326; x_wconf 91' lang='lat'>.</span> <span class='ocrx_word' id='word_1_1122' title='bbox 1376 1307 1402 1332; x_wconf 92' lang='lat'>4.</span> <span class='ocrx_word' id='word_1_1123' title='bbox 1425 1307 1447 1326; x_wconf 90' lang='lat'>1.</span> 
     </span>
     <span class='ocr_line' id='line_1_136' title="bbox 1366 1334 1686 1375; baseline 0.019 -13"><span class='ocrx_word' id='word_1_1124' title='bbox 1366 1334 1487 1363; x_wconf 87' lang='lat' dir='ltr'>Solvitur</span> <span class='ocrx_word' id='word_1_1125' title='bbox 1500 1336 1568 1365; x_wconf 87' lang='lat' dir='ltr'>acris</span> <span class='ocrx_word' id='word_1_1126' title='bbox 1582 1337 1686 1375; x_wconf 87' lang='lat' dir='ltr'>hyems.</span> 
     </span>
     <span class='ocr_line' id='line_1_137' title="bbox 1285 1369 1959 1416; baseline 0.018 -18"><span class='ocrx_word' id='word_1_1127' title='bbox 1285 1369 1406 1406; x_wconf 70' lang='lat' dir='ltr'>Jadtator</span> <span class='ocrx_word' id='word_1_1128' title='bbox 1418 1382 1487 1402; x_wconf 81' lang='lat' dir='ltr'>acer.</span> <span class='ocrx_word' id='word_1_1129' title='bbox 1511 1371 1607 1404; x_wconf 84' lang='lat' dir='ltr'>Claud.</span> <span class='ocrx_word' id='word_1_1130' title='bbox 1623 1377 1652 1404; x_wconf 91' lang='lat' dir='ltr'>iri</span> <span class='ocrx_word' id='word_1_1131' title='bbox 1666 1376 1779 1416; x_wconf 87' lang='lat' dir='ltr'>Eutrop.</span> <span class='ocrx_word' id='word_1_1132' title='bbox 1796 1378 1843 1409; x_wconf 90' lang='lat' dir='ltr'>lib.</span> <span class='ocrx_word' id='word_1_1133' title='bbox 1857 1390 1881 1410; x_wconf 87' lang='lat'>2.</span> <span class='ocrx_word' id='word_1_1134' title='bbox 1898 1386 1959 1416; x_wconf 82' lang='lat'>380.</span> 
     </span>
     <span class='ocr_line' id='line_1_138' title="bbox 1287 1408 1958 1451; baseline 0.016 -14"><span class='ocrx_word' id='word_1_1135' title='bbox 1287 1408 1370 1446; x_wconf 82' lang='lat' dir='ltr'>Ignis.</span> <span class='ocrx_word' id='word_1_1136' title='bbox 1401 1410 1483 1439; x_wconf 88' lang='lat' dir='ltr'>Ovid.</span> <span class='ocrx_word' id='word_1_1137' title='bbox 1500 1420 1540 1446; x_wconf 93' lang='lat'>13.</span> <span class='ocrx_word' id='word_1_1138' title='bbox 1556 1412 1624 1442; x_wconf 82' lang='lat' dir='ltr'>Met.</span> <span class='ocrx_word' id='word_1_1139' title='bbox 1638 1418 1700 1451; x_wconf 85' lang='lat'>867.</span> <span class='ocrx_word' id='word_1_1140' title='bbox 1840 1415 1842 1417; x_wconf 59' lang='grc'><strong><em>’</em></strong></span> <span class='ocrx_word' id='word_1_1141' title='bbox 1956 1417 1958 1419; x_wconf 72' lang='grc'><strong>’</strong></span> 
     </span>
     <span class='ocr_line' id='line_1_139' title="bbox 1366 1446 2018 1493; baseline 0.018 -19"><span class='ocrx_word' id='word_1_1142' title='bbox 1366 1446 1435 1490; x_wconf 68' lang='grc'><strong>11101</strong></span> <span class='ocrx_word' id='word_1_1143' title='bbox 1449 1458 1540 1493; x_wconf 52' lang='lat' dir='ltr'>enim.</span> <span class='ocrx_word' id='word_1_1144' title='bbox 1562 1449 1692 1488; x_wconf 76' lang='lat' dir='ltr'>laesusque</span> <span class='ocrx_word' id='word_1_1145' title='bbox 1704 1453 1832 1483; x_wconf 79' lang='lat' dir='ltr'>exaestuat</span> <span class='ocrx_word' id='word_1_1146' title='bbox 1842 1455 1929 1485; x_wconf 85' lang='lat' dir='ltr'>acrior</span> <span class='ocrx_word' id='word_1_1147' title='bbox 1940 1456 2018 1493; x_wconf 84' lang='lat' dir='ltr'>ignis.</span> 
     </span>
     <span class='ocr_line' id='line_1_140' title="bbox 1287 1481 2401 1536; baseline 0.013 -25"><span class='ocrx_word' id='word_1_1148' title='bbox 1287 1481 1430 1525; x_wconf 60' lang='lat' dir='ltr'>imagines.</span> <span class='ocrx_word' id='word_1_1149' title='bbox 1451 1487 1507 1528; x_wconf 71' lang='lat' dir='ltr'>Cic.</span> <span class='ocrx_word' id='word_1_1150' title='bbox 1520 1486 1613 1530; x_wconf 49' lang='lat' dir='ltr'>lib32.¹</span> <span class='ocrx_word' id='word_1_1151' title='bbox 1621 1490 1743 1533; x_wconf 55' lang='lat' dir='ltr'>depsat·</span> <span class='ocrx_word' id='word_1_1152' title='bbox 1757 1497 1818 1527; x_wconf 86' lang='lat'>358.</span> <span class='ocrx_word' id='word_1_1153' title='bbox 1848 1492 2117 1531; x_wconf 74' lang='lat' dir='ltr'>imaginibus‘autem</span> <span class='ocrx_word' id='word_1_1154' title='bbox 2127 1497 2166 1527; x_wconf 87' lang='lat' dir='ltr'>est</span> <span class='ocrx_word' id='word_1_1155' title='bbox 2176 1498 2312 1527; x_wconf 84' lang='lat' dir='ltr'>utendum</span> <span class='ocrx_word' id='word_1_1156' title='bbox 2322 1509 2401 1536; x_wconf 81' lang='lat' dir='ltr'>agen.</span> 
     </span>
     <span class='ocr_line' id='line_1_141' title="bbox 1307 1521 2401 1569; baseline 0.018 -20"><span class='ocrx_word' id='word_1_1157' title='bbox 1307 1521 1380 1551; x_wconf 86' lang='lat' dir='ltr'>tibus</span> <span class='ocrx_word' id='word_1_1158' title='bbox 1392 1545 1399 1557; x_wconf 84' lang='lat'>‚</span> <span class='ocrx_word' id='word_1_1159' title='bbox 1421 1524 1527 1553; x_wconf 89' lang='lat' dir='ltr'>acribus</span> <span class='ocrx_word' id='word_1_1160' title='bbox 1537 1546 1545 1559; x_wconf 84' lang='lat'><strong>‚</strong></span> <span class='ocrx_word' id='word_1_1161' title='bbox 1567 1528 1716 1564; x_wconf 81' lang='lat' dir='ltr'>inlignitis:</span> <span class='ocrx_word' id='word_1_1162' title='bbox 1745 1530 1780 1558; x_wconf 91' lang='lat' dir='ltr'>de</span> <span class='ocrx_word' id='word_1_1163' title='bbox 1795 1533 1929 1563; x_wconf 83' lang='lat' dir='ltr'>memoria</span> <span class='ocrx_word' id='word_1_1164' title='bbox 1943 1532 2072 1569; x_wconf 90' lang='lat' dir='ltr'>loquitur.</span> <span class='ocrx_word' id='word_1_1165' title='bbox 2393 1531 2401 1534; x_wconf 32' lang='grc' dir='ltr'><strong><em>Δ</em></strong></span> 
     </span>
     <span class='ocr_line' id='line_1_142' title="bbox 1286 1557 1949 1602; baseline 0.022 -16"><span class='ocrx_word' id='word_1_1166' title='bbox 1286 1557 1417 1602; x_wconf 84' lang='lat' dir='ltr'>Impetus.</span> <span class='ocrx_word' id='word_1_1167' title='bbox 1451 1561 1558 1591; x_wconf 87' lang='lat' dir='ltr'>Lucret.</span> <span class='ocrx_word' id='word_1_1168' title='bbox 1574 1563 1622 1593; x_wconf 83' lang='lat' dir='ltr'>lib.</span> <span class='ocrx_word' id='word_1_1169' title='bbox 1634 1568 1659 1594; x_wconf 89' lang='lat'>6.</span> <span class='ocrx_word' id='word_1_1170' title='bbox 1676 1572 1735 1600; x_wconf 87' lang='lat'>128.</span> <span class='ocrx_word' id='word_1_1171' title='bbox 1945 1567 1949 1571; x_wconf 61' lang='grc'><strong>”</strong></span> 
     </span>
     <span class='ocr_line' id='line_1_143' title="bbox 1286 1595 1964 1640; baseline 0.015 -14"><span class='ocrx_word' id='word_1_1172' title='bbox 1286 1595 1414 1640; x_wconf 75' lang='lat' dir='ltr'>Incitatio</span> <span class='ocrx_word' id='word_1_1173' title='bbox 1427 1599 1494 1629; x_wconf 85' lang='lat' dir='ltr'>acris</span> <span class='ocrx_word' id='word_1_1174' title='bbox 1506 1601 1531 1629; x_wconf 69' lang='lat' dir='ltr'>Sc</span> <span class='ocrx_word' id='word_1_1175' title='bbox 1543 1599 1700 1632; x_wconf 85' lang='lat' dir='ltr'>vehemens.</span> <span class='ocrx_word' id='word_1_1176' title='bbox 1729 1604 1787 1634; x_wconf 92' lang='lat' dir='ltr'>Cic.</span> <span class='ocrx_word' id='word_1_1177' title='bbox 1800 1615 1825 1634; x_wconf 92' lang='lat'>2.</span> <span class='ocrx_word' id='word_1_1178' title='bbox 1843 1605 1878 1635; x_wconf 89' lang='lat' dir='ltr'>dc</span> <span class='ocrx_word' id='word_1_1179' title='bbox 1889 1605 1964 1636; x_wconf 81' lang='lat' dir='ltr'>Orat.</span> 
     </span>
     <span class='ocr_line' id='line_1_144' title="bbox 1285 1633 2399 1685; baseline 0.016 -24"><span class='ocrx_word' id='word_1_1180' title='bbox 1285 1633 1432 1671; x_wconf 65' lang='lat' dir='ltr'>ingenium</span> <span class='ocrx_word' id='word_1_1181' title='bbox 1442 1659 1449 1672; x_wconf 85' lang='lat'>‚</span> <span class='ocrx_word' id='word_1_1182' title='bbox 1470 1638 1542 1682; x_wconf 75' lang='lat' dir='ltr'>quali</span> <span class='ocrx_word' id='word_1_1183' title='bbox 1552 1639 1655 1669; x_wconf 83' lang='lat' dir='ltr'>Ardens</span> <span class='ocrx_word' id='word_1_1184' title='bbox 1666 1643 1692 1670; x_wconf 63' lang='grc' dir='ltr'>ὁὶ</span> <span class='ocrx_word' id='word_1_1185' title='bbox 1703 1643 1889 1679; x_wconf 80' lang='lat' dir='ltr'>concitatum:</span> <span class='ocrx_word' id='word_1_1186' title='bbox 1912 1652 1942 1674; x_wconf 89' lang='lat' dir='ltr'>ut</span> <span class='ocrx_word' id='word_1_1187' title='bbox 1952 1644 2015 1683; x_wconf 89' lang='lat' dir='ltr'>plus</span> <span class='ocrx_word' id='word_1_1188' title='bbox 2026 1644 2058 1674; x_wconf 88' lang='lat' dir='ltr'>sit</span> <span class='ocrx_word' id='word_1_1189' title='bbox 2068 1655 2129 1676; x_wconf 87' lang='lat' dir='ltr'>acre</span> <span class='ocrx_word' id='word_1_1190' title='bbox 2139 1647 2280 1685; x_wconf 86' lang='lat' dir='ltr'>ingenium</span> <span class='ocrx_word' id='word_1_1191' title='bbox 2289 1669 2297 1683; x_wconf 86' lang='lat'><strong>‚</strong></span> <span class='ocrx_word' id='word_1_1192' title='bbox 2320 1658 2399 1685; x_wconf 88' lang='lat' dir='ltr'>quam</span> 
     </span>
     <span class='ocr_line' id='line_1_145' title="bbox 1305 1675 1654 1714; baseline 0.02 -14"><span class='ocrx_word' id='word_1_1193' title='bbox 1305 1680 1425 1714; x_wconf 71' lang='lat' dir='ltr'>acutum.</span> <span class='ocrx_word' id='word_1_1194' title='bbox 1459 1675 1515 1703; x_wconf 72' lang='lat' dir='ltr'>Cic.</span> <span class='ocrx_word' id='word_1_1195' title='bbox 1531 1686 1553 1704; x_wconf 93' lang='lat'>1.</span> <span class='ocrx_word' id='word_1_1196' title='bbox 1573 1678 1654 1707; x_wconf 80' lang='lat' dir='ltr'>Acad.</span> 
     </span>
     <span class='ocr_line' id='line_1_146' title="bbox 1286 1708 2058 1753; baseline 0.017 -16"><span class='ocrx_word' id='word_1_1197' title='bbox 1286 1708 1420 1753; x_wconf 78' lang='lat' dir='ltr'>Inimicus</span> <span class='ocrx_word' id='word_1_1198' title='bbox 1433 1712 1581 1742; x_wconf 87' lang='lat' dir='ltr'>acerrimus</span> <span class='ocrx_word' id='word_1_1199' title='bbox 1591 1737 1599 1749; x_wconf 90' lang='lat'>,</span> <span class='ocrx_word' id='word_1_1200' title='bbox 1620 1716 1821 1747; x_wconf 84' lang='lat' dir='ltr'>Acerbiffimus.</span> <span class='ocrx_word' id='word_1_1201' title='bbox 1852 1718 1909 1748; x_wconf 88' lang='lat' dir='ltr'>Cic.</span> <span class='ocrx_word' id='word_1_1202' title='bbox 1925 1719 1955 1749; x_wconf 90' lang='lat' dir='ltr'>in</span> <span class='ocrx_word' id='word_1_1203' title='bbox 1964 1719 2058 1751; x_wconf 86' lang='lat' dir='ltr'>Laelio.</span> 
     </span>
     <span class='ocr_line' id='line_1_147' title="bbox 1285 1746 1889 1793; baseline 0.018 -18"><span class='ocrx_word' id='word_1_1204' title='bbox 1285 1746 1440 1785; x_wconf 65' lang='lat' dir='ltr'>Instigatrix</span> <span class='ocrx_word' id='word_1_1205' title='bbox 1451 1751 1589 1780; x_wconf 78' lang='lat' dir='ltr'>acerrima.</span> <span class='ocrx_word' id='word_1_1206' title='bbox 1620 1753 1709 1783; x_wconf 87' lang='lat' dir='ltr'>Tacit.</span> <span class='ocrx_word' id='word_1_1207' title='bbox 1723 1754 1790 1784; x_wconf 89' lang='lat' dir='ltr'>Hist.</span> <span class='ocrx_word' id='word_1_1208' title='bbox 1806 1753 1827 1785; x_wconf 63' lang='lat'>1&#39;.</span> <span class='ocrx_word' id='word_1_1209' title='bbox 1847 1767 1889 1793; x_wconf 85' lang='lat'>51.</span> 
     </span>
     <span class='ocr_line' id='line_1_148' title="bbox 1286 1784 1849 1830; baseline 0.018 -17"><span class='ocrx_word' id='word_1_1210' title='bbox 1286 1784 1407 1815; x_wconf 88' lang='lat' dir='ltr'>Intentio</span> <span class='ocrx_word' id='word_1_1211' title='bbox 1420 1789 1495 1816; x_wconf 85' lang='lat' dir='ltr'>acris.</span> <span class='ocrx_word' id='word_1_1212' title='bbox 1528 1788 1596 1818; x_wconf 90' lang='lat' dir='ltr'>Plin.</span> <span class='ocrx_word' id='word_1_1213' title='bbox 1612 1790 1659 1820; x_wconf 95' lang='lat' dir='ltr'>lib.</span> <span class='ocrx_word' id='word_1_1214' title='bbox 1674 1798 1715 1827; x_wconf 85' lang='lat'>18.</span> <span class='ocrx_word' id='word_1_1215' title='bbox 1731 1802 1791 1830; x_wconf 83' lang='lat' dir='ltr'>cap.</span> <span class='ocrx_word' id='word_1_1216' title='bbox 1806 1797 1849 1824; x_wconf 90' lang='lat'>26.</span> 
     </span>
     <span class='ocr_line' id='line_1_149' title="bbox 1285 1821 2019 1866; baseline 0.015 -14"><span class='ocrx_word' id='word_1_1217' title='bbox 1285 1821 1461 1866; x_wconf 68' lang='lat' dir='ltr'>Inveitigator</span> <span class='ocrx_word' id='word_1_1218' title='bbox 1473 1835 1534 1854; x_wconf 81' lang='lat' dir='ltr'>acer</span> <span class='ocrx_word' id='word_1_1219' title='bbox 1545 1829 1571 1856; x_wconf 67' lang='grc' dir='ltr'>ὁὶ</span> <span class='ocrx_word' id='word_1_1220' title='bbox 1582 1827 1708 1866; x_wconf 85' lang='lat' dir='ltr'>diligens.</span> <span class='ocrx_word' id='word_1_1221' title='bbox 1740 1830 1797 1860; x_wconf 89' lang='lat' dir='ltr'>Cic.</span> <span class='ocrx_word' id='word_1_1222' title='bbox 1811 1828 1848 1861; x_wconf 78' lang='lat' dir='ltr'>de</span> <span class='ocrx_word' id='word_1_1223' title='bbox 1858 1832 1978 1863; x_wconf 86' lang='lat' dir='ltr'>Univers.</span> <span class='ocrx_word' id='word_1_1224' title='bbox 1995 1843 2019 1863; x_wconf 86' lang='lat'>1.</span> 
     </span>
     <span class='ocr_line' id='line_1_150' title="bbox 1285 1856 2016 1901; baseline 0.016 -11"><span class='ocrx_word' id='word_1_1225' title='bbox 1285 1856 1401 1892; x_wconf 72' lang='lat' dir='ltr'>Invidia.</span> <span class='ocrx_word' id='word_1_1226' title='bbox 1425 1862 1490 1892; x_wconf 69' lang='lat' dir='ltr'>rior.</span> <span class='ocrx_word' id='word_1_1227' title='bbox 1509 1873 1530 1892; x_wconf 93' lang='lat'>1.</span> <span class='ocrx_word' id='word_1_1228' title='bbox 1546 1864 1599 1894; x_wconf 88' lang='lat' dir='ltr'>Sat.</span> <span class='ocrx_word' id='word_1_1229' title='bbox 1613 1875 1636 1901; x_wconf 87' lang='lat'>3.</span> <span class='ocrx_word' id='word_1_1230' title='bbox 1654 1871 1699 1897; x_wconf 89' lang='lat'>60.</span> <span class='ocrx_word' id='word_1_1231' title='bbox 1749 1867 1752 1869; x_wconf 73' lang='grc'><strong>’</strong></span> <span class='ocrx_word' id='word_1_1232' title='bbox 1793 1867 1795 1869; x_wconf 64' lang='grc'><strong>’</strong></span> <span class='ocrx_word' id='word_1_1233' title='bbox 1839 1868 1842 1871; x_wconf 56' lang='grc'>’</span> <span class='ocrx_word' id='word_1_1234' title='bbox 1973 1869 1977 1872; x_wconf 61' lang='grc'><strong>”</strong></span> <span class='ocrx_word' id='word_1_1235' title='bbox 2013 1868 2016 1872; x_wconf 68' lang='grc'><strong>’</strong></span> 
     </span>
     <span class='ocr_line' id='line_1_151' title="bbox 1286 1898 1696 1938; baseline 0.01 -11"><span class='ocrx_word' id='word_1_1236' title='bbox 1286 1898 1334 1928; x_wconf 78' lang='lat' dir='ltr'>lra.</span> <span class='ocrx_word' id='word_1_1237' title='bbox 1359 1898 1460 1929; x_wconf 85' lang='lat' dir='ltr'>Lucan.</span> <span class='ocrx_word' id='word_1_1238' title='bbox 1476 1901 1524 1929; x_wconf 87' lang='lat' dir='ltr'>lib.</span> <span class='ocrx_word' id='word_1_1239' title='bbox 1538 1911 1561 1938; x_wconf 90' lang='lat'>3.</span> <span class='ocrx_word' id='word_1_1240' title='bbox 1693 1904 1696 1906; x_wconf 73' lang='grc'><strong>’</strong></span> 
     </span>
     <span class='ocr_line' id='line_1_152' title="bbox 1286 1935 1930 1982; baseline 0.016 -18"><span class='ocrx_word' id='word_1_1241' title='bbox 1286 1935 1341 1965; x_wconf 84' lang='lat' dir='ltr'>lras</span> <span class='ocrx_word' id='word_1_1242' title='bbox 1353 1938 1474 1982; x_wconf 74' lang='lat' dir='ltr'>decurrit</span> <span class='ocrx_word' id='word_1_1243' title='bbox 1484 1939 1519 1967; x_wconf 84' lang='lat' dir='ltr'>ad</span> <span class='ocrx_word' id='word_1_1244' title='bbox 1531 1949 1613 1982; x_wconf 78' lang='lat' dir='ltr'>acres.</span> <span class='ocrx_word' id='word_1_1245' title='bbox 1643 1941 1750 1973; x_wconf 85' lang='lat' dir='ltr'>Lucret.</span> <span class='ocrx_word' id='word_1_1246' title='bbox 1766 1943 1813 1973; x_wconf 92' lang='lat' dir='ltr'>lib.</span> <span class='ocrx_word' id='word_1_1247' title='bbox 1828 1953 1851 1981; x_wconf 90' lang='lat'>3.</span> <span class='ocrx_word' id='word_1_1248' title='bbox 1869 1954 1930 1980; x_wconf 86' lang='lat'>312.</span> 
     </span>
     <span class='ocr_line' id='line_1_153' title="bbox 1285 1973 2400 2025; baseline 0.013 -23"><span class='ocrx_word' id='word_1_1249' title='bbox 1285 1973 1386 2010; x_wconf 82' lang='lat' dir='ltr'>Judex.</span> <span class='ocrx_word' id='word_1_1250' title='bbox 1417 1977 1474 2005; x_wconf 66' lang='lat' dir='ltr'>Cic.</span> <span class='ocrx_word' id='word_1_1251' title='bbox 1490 1986 1510 2005; x_wconf 88' lang='lat'>1.</span> <span class='ocrx_word' id='word_1_1252' title='bbox 1531 1978 1587 2007; x_wconf 72' lang='lat' dir='ltr'>Ost.</span> <span class='ocrx_word' id='word_1_1253' title='bbox 1625 1980 1712 2010; x_wconf 90' lang='lat' dir='ltr'>Suum</span> <span class='ocrx_word' id='word_1_1254' title='bbox 1729 1982 1811 2019; x_wconf 82' lang='lat' dir='ltr'>igitur</span> <span class='ocrx_word' id='word_1_1255' title='bbox 1828 1980 1943 2020; x_wconf 83' lang='lat' dir='ltr'>quisque</span> <span class='ocrx_word' id='word_1_1256' title='bbox 1959 1983 2054 2013; x_wconf 81' lang='lat' dir='ltr'>noscat</span> <span class='ocrx_word' id='word_1_1257' title='bbox 2069 1985 2229 2025; x_wconf 85' lang='lat' dir='ltr'>ingenium,</span> <span class='ocrx_word' id='word_1_1258' title='bbox 2256 1996 2400 2024; x_wconf 82' lang='lat' dir='ltr'>acremque</span> 
     </span>
    </p>
   </div>
   <div class='ocr_carea' id='block_1_17' title="bbox 1289 2012 2400 2093">
    <p class='ocr_par' dir='ltr' id='par_1_57' title="bbox 1289 2012 2400 2093">
     <span class='ocr_line' id='line_1_154' title="bbox 1289 2012 2400 2060; baseline 0.014 -21"><span class='ocrx_word' id='word_1_1259' title='bbox 1289 2016 1293 2018; x_wconf 81' lang='grc'><em>“</em></span> <span class='ocrx_word' id='word_1_1260' title='bbox 1305 2012 1331 2041; x_wconf 81' lang='lat' dir='ltr'>se</span> <span class='ocrx_word' id='word_1_1261' title='bbox 1345 2016 1370 2041; x_wconf 66' lang='grc' dir='ltr'>ὅ(</span> <span class='ocrx_word' id='word_1_1262' title='bbox 1381 2013 1516 2056; x_wconf 82' lang='lat' dir='ltr'>bonorum</span> <span class='ocrx_word' id='word_1_1263' title='bbox 1528 2016 1554 2044; x_wconf 67' lang='grc' dir='ltr'>δε</span> <span class='ocrx_word' id='word_1_1264' title='bbox 1566 2017 1702 2048; x_wconf 90' lang='lat' dir='ltr'>malorum</span> <span class='ocrx_word' id='word_1_1265' title='bbox 1711 2018 1821 2058; x_wconf 84' lang='lat' dir='ltr'>suorum</span> <span class='ocrx_word' id='word_1_1266' title='bbox 1830 2021 1954 2056; x_wconf 78' lang='lat' dir='ltr'>judicem</span> <span class='ocrx_word' id='word_1_1267' title='bbox 1965 2021 2094 2060; x_wconf 63' lang='lat' dir='ltr'>praebeat.</span> <span class='ocrx_word' id='word_1_1268' title='bbox 2133 2023 2165 2054; x_wconf 87' lang='lat' dir='ltr'>Id</span> <span class='ocrx_word' id='word_1_1269' title='bbox 2176 2024 2213 2053; x_wconf 87' lang='lat' dir='ltr'>est</span> <span class='ocrx_word' id='word_1_1270' title='bbox 2222 2045 2230 2059; x_wconf 84' lang='lat'><strong>‚</strong></span> <span class='ocrx_word' id='word_1_1271' title='bbox 2251 2031 2283 2053; x_wconf 90' lang='lat' dir='ltr'>ut</span> <span class='ocrx_word' id='word_1_1272' title='bbox 2292 2025 2400 2055; x_wconf 84' lang='lat' dir='ltr'>Nonius</span> 
     </span>
     <span class='ocr_line' id='line_1_155' title="bbox 1305 2052 2184 2093; baseline 0.015 -15"><span class='ocrx_word' id='word_1_1273' title='bbox 1305 2057 1439 2093; x_wconf 77' lang='lat' dir='ltr'>exponit,</span> <span class='ocrx_word' id='word_1_1274' title='bbox 1461 2052 1600 2084; x_wconf 89' lang='lat' dir='ltr'>Severum.</span> <span class='ocrx_word' id='word_1_1275' title='bbox 2088 2060 2091 2062; x_wconf 80' lang='grc'><strong>’</strong></span> <span class='ocrx_word' id='word_1_1276' title='bbox 2181 2062 2184 2064; x_wconf 67' lang='grc'>’</span> 
     </span>
    </p>
   </div>
   <div class='ocr_carea' id='block_1_18' title="bbox 1278 2087 2401 3940">
    <p class='ocr_par' dir='ltr' id='par_1_58' title="bbox 1278 2087 2401 3940">
     <span class='ocr_line' id='line_1_156' title="bbox 1285 2087 1652 2126; baseline 0.019 -11"><span class='ocrx_word' id='word_1_1277' title='bbox 1285 2087 1435 2123; x_wconf 79' lang='lat' dir='ltr'>Judicmin.</span> <span class='ocrx_word' id='word_1_1278' title='bbox 1460 2088 1516 2118; x_wconf 88' lang='lat' dir='ltr'>Cic.</span> <span class='ocrx_word' id='word_1_1279' title='bbox 1528 2102 1553 2126; x_wconf 82' lang='lat'>4.</span> <span class='ocrx_word' id='word_1_1280' title='bbox 1568 2092 1652 2122; x_wconf 83' lang='lat' dir='ltr'>Acad.</span> 
     </span>
     <span class='ocr_line' id='line_1_157' title="bbox 1285 2126 2210 2173; baseline 0.015 -20"><span class='ocrx_word' id='word_1_1281' title='bbox 1285 2126 1411 2163; x_wconf 72' lang='lat' dir='ltr'>jurgium</span> <span class='ocrx_word' id='word_1_1282' title='bbox 1422 2137 1482 2171; x_wconf 65' lang='lat' dir='ltr'>acre</span> <span class='ocrx_word' id='word_1_1283' title='bbox 1493 2129 1564 2165; x_wconf 86' lang='lat' dir='ltr'>inter</span> <span class='ocrx_word' id='word_1_1284' title='bbox 1574 2129 1735 2169; x_wconf 81' lang='lat' dir='ltr'>Helvidium</span> <span class='ocrx_word' id='word_1_1285' title='bbox 1747 2133 1774 2162; x_wconf 88' lang='lat'>&amp;</span> <span class='ocrx_word' id='word_1_1286' title='bbox 1784 2132 1905 2171; x_wconf 78' lang='lat' dir='ltr'>EprIum.</span> <span class='ocrx_word' id='word_1_1287' title='bbox 1936 2134 2027 2165; x_wconf 84' lang='lat' dir='ltr'>Tacit.</span> <span class='ocrx_word' id='word_1_1288' title='bbox 2039 2134 2107 2165; x_wconf 86' lang='lat' dir='ltr'>Hist.</span> <span class='ocrx_word' id='word_1_1289' title='bbox 2125 2136 2173 2167; x_wconf 83' lang='lat' dir='ltr'>lib.</span> <span class='ocrx_word' id='word_1_1290' title='bbox 2184 2148 2210 2173; x_wconf 78' lang='lat'>4.</span> 
     </span>
     <span class='ocr_line' id='line_1_158' title="bbox 1285 2164 2207 2204; baseline 0.009 -11"><span class='ocrx_word' id='word_1_1291' title='bbox 1285 2164 1382 2193; x_wconf 78' lang='lat' dir='ltr'>Laoor.</span> <span class='ocrx_word' id='word_1_1292' title='bbox 1411 2165 1458 2194; x_wconf 71' lang='lat' dir='ltr'>bil.</span> <span class='ocrx_word' id='word_1_1293' title='bbox 1477 2165 1535 2195; x_wconf 80' lang='lat' dir='ltr'>ltal.</span> <span class='ocrx_word' id='word_1_1294' title='bbox 1551 2166 1590 2196; x_wconf 90' lang='lat' dir='ltr'>lib</span> <span class='ocrx_word' id='word_1_1295' title='bbox 1613 2177 1637 2204; x_wconf 89' lang='lat'>3.</span> <span class='ocrx_word' id='word_1_1296' title='bbox 1752 2170 1756 2172; x_wconf 62' lang='grc'>’</span> <span class='ocrx_word' id='word_1_1297' title='bbox 1808 2178 1812 2180; x_wconf 85' lang='grc'><strong>’</strong></span> <span class='ocrx_word' id='word_1_1298' title='bbox 1945 2172 1950 2174; x_wconf 67' lang='grc'>’</span> <span class='ocrx_word' id='word_1_1299' title='bbox 2022 2171 2024 2173; x_wconf 74' lang='grc'><strong>’</strong></span> <span class='ocrx_word' id='word_1_1300' title='bbox 2167 2173 2170 2175; x_wconf 67' lang='grc'><strong><em>’</em></strong></span> <span class='ocrx_word' id='word_1_1301' title='bbox 2194 2174 2207 2183; x_wconf 76' lang='grc'><em>”</em></span> 
     </span>
     <span class='ocr_line' id='line_1_159' title="bbox 1285 2198 1737 2243; baseline 0.015 -13"><span class='ocrx_word' id='word_1_1302' title='bbox 1285 2198 1416 2231; x_wconf 65' lang='lat' dir='ltr'>Libertas</span> <span class='ocrx_word' id='word_1_1303' title='bbox 1445 2202 1533 2242; x_wconf 77' lang='lat' dir='ltr'>Tacit.</span> <span class='ocrx_word' id='word_1_1304' title='bbox 1548 2205 1616 2234; x_wconf 84' lang='lat' dir='ltr'>Ann.</span> <span class='ocrx_word' id='word_1_1305' title='bbox 1632 2202 1680 2243; x_wconf 75' lang='lat' dir='ltr'>lib.</span> <span class='ocrx_word' id='word_1_1306' title='bbox 1695 2215 1737 2243; x_wconf 89' lang='lat'>13.</span> 
     </span>
     <span class='ocr_line' id='line_1_160' title="bbox 1283 2238 1691 2279; baseline 0.012 -11"><span class='ocrx_word' id='word_1_1307' title='bbox 1283 2238 1387 2277; x_wconf 83' lang='lat' dir='ltr'>Lupus.</span> <span class='ocrx_word' id='word_1_1308' title='bbox 1409 2240 1475 2279; x_wconf 84' lang='lat' dir='ltr'>Hor.</span> <span class='ocrx_word' id='word_1_1309' title='bbox 1489 2240 1576 2279; x_wconf 73' lang='lat' dir='ltr'>Epod.</span> <span class='ocrx_word' id='word_1_1310' title='bbox 1592 2253 1633 2272; x_wconf 82' lang='lat'>12.</span> <span class='ocrx_word' id='word_1_1311' title='bbox 1648 2249 1691 2274; x_wconf 87' lang='lat'>26.</span> 
     </span>
     <span class='ocr_line' id='line_1_161' title="bbox 1284 2277 1699 2319; baseline 0.017 -14"><span class='ocrx_word' id='word_1_1312' title='bbox 1284 2277 1421 2313; x_wconf 62' lang='lat' dir='ltr'>majestas.</span> <span class='ocrx_word' id='word_1_1313' title='bbox 1451 2278 1546 2308; x_wconf 85' lang='lat' dir='ltr'>Claud.</span> <span class='ocrx_word' id='word_1_1314' title='bbox 1564 2278 1659 2319; x_wconf 83' lang='lat' dir='ltr'>Paneg.</span> <span class='ocrx_word' id='word_1_1315' title='bbox 1675 2293 1699 2318; x_wconf 87' lang='lat'>5.</span> 
     </span>
     <span class='ocr_line' id='line_1_162' title="bbox 1285 2314 1718 2356; baseline 0.012 -11"><span class='ocrx_word' id='word_1_1316' title='bbox 1285 2314 1402 2352; x_wconf 68' lang='lat' dir='ltr'>Malum.</span> <span class='ocrx_word' id='word_1_1317' title='bbox 1432 2315 1538 2346; x_wconf 86' lang='lat' dir='ltr'>Lucret.</span> <span class='ocrx_word' id='word_1_1318' title='bbox 1555 2318 1603 2348; x_wconf 89' lang='lat' dir='ltr'>lib.</span> <span class='ocrx_word' id='word_1_1319' title='bbox 1617 2322 1640 2355; x_wconf 81' lang='lat'>3.</span> <span class='ocrx_word' id='word_1_1320' title='bbox 1655 2329 1718 2356; x_wconf 90' lang='lat'>253.</span> 
     </span>
     <span class='ocr_line' id='line_1_163' title="bbox 1285 2351 2400 2399; baseline 0.01 -18"><span class='ocrx_word' id='word_1_1321' title='bbox 1285 2351 1541 2396; x_wconf 37' lang='lat' dir='ltr'>meh-Animum,</span> <span class='ocrx_word' id='word_1_1322' title='bbox 1563 2354 1715 2394; x_wconf 74' lang='lat' dir='ltr'>acerbum‚&#39;</span> <span class='ocrx_word' id='word_1_1323' title='bbox 1737 2355 1878 2394; x_wconf 86' lang='lat' dir='ltr'>asperum,</span> <span class='ocrx_word' id='word_1_1324' title='bbox 1901 2357 2004 2396; x_wconf 78' lang='lat' dir='ltr'>Nonio.</span> <span class='ocrx_word' id='word_1_1325' title='bbox 2036 2358 2094 2391; x_wconf 82' lang='lat' dir='ltr'>Cic.</span> <span class='ocrx_word' id='word_1_1326' title='bbox 2108 2359 2274 2391; x_wconf 78' lang='lat' dir='ltr'>inHortenfi</span> <span class='ocrx_word' id='word_1_1327' title='bbox 2314 2361 2400 2399; x_wconf 81' lang='lat' dir='ltr'>Quod</span> 
     </span>
     <span class='ocr_line' id='line_1_164' title="bbox 1304 2390 2401 2436; baseline 0.01 -18"><span class='ocrx_word' id='word_1_1328' title='bbox 1304 2390 1415 2419; x_wconf 82' lang='lat' dir='ltr'>alterius</span> <span class='ocrx_word' id='word_1_1329' title='bbox 1424 2393 1586 2436; x_wconf 46' lang='lat' dir='ltr'>ingenium.</span> <span class='ocrx_word' id='word_1_1330' title='bbox 1618 2394 1686 2433; x_wconf 86' lang='lat' dir='ltr'>sicut</span> <span class='ocrx_word' id='word_1_1331' title='bbox 1697 2401 1806 2433; x_wconf 79' lang='lat' dir='ltr'>acetum</span> <span class='ocrx_word' id='word_1_1332' title='bbox 1824 2393 2004 2434; x_wconf 80' lang='lat' dir='ltr'>AEgyptium,</span> <span class='ocrx_word' id='word_1_1333' title='bbox 2033 2396 2144 2435; x_wconf 75' lang='lat' dir='ltr'>alterius</span> <span class='ocrx_word' id='word_1_1334' title='bbox 2157 2398 2193 2427; x_wconf 87' lang='lat' dir='ltr'>sic</span> <span class='ocrx_word' id='word_1_1335' title='bbox 2203 2409 2282 2435; x_wconf 84' lang='lat' dir='ltr'>acre,</span> <span class='ocrx_word' id='word_1_1336' title='bbox 2302 2406 2332 2430; x_wconf 92' lang='lat' dir='ltr'>ut</span> <span class='ocrx_word' id='word_1_1337' title='bbox 2345 2398 2401 2429; x_wconf 86' lang='lat' dir='ltr'>mel</span> 
     </span>
     <span class='ocr_line' id='line_1_165' title="bbox 1304 2428 2396 2466; baseline 0.008 -10"><span class='ocrx_word' id='word_1_1338' title='bbox 1304 2428 1479 2466; x_wconf 81' lang='lat' dir='ltr'>Hymettium</span> <span class='ocrx_word' id='word_1_1339' title='bbox 1491 2431 1618 2462; x_wconf 84' lang='lat' dir='ltr'>dicimus.</span> <span class='ocrx_word' id='word_1_1340' title='bbox 1877 2439 1880 2442; x_wconf 92' lang='lat'>&#39;</span> <span class='ocrx_word' id='word_1_1341' title='bbox 1897 2440 1900 2443; x_wconf 64' lang='lat'><strong>⁴</strong></span> <span class='ocrx_word' id='word_1_1342' title='bbox 1997 2438 2000 2440; x_wconf 72' lang='grc'><strong>’</strong></span> <span class='ocrx_word' id='word_1_1343' title='bbox 2077 2435 2080 2437; x_wconf 66' lang='grc'><strong><em>’</em></strong></span> <span class='ocrx_word' id='word_1_1344' title='bbox 2393 2435 2396 2438; x_wconf 54' lang='lat'><strong>⁴</strong></span> 
     </span>
     <span class='ocr_line' id='line_1_166' title="bbox 1284 2466 1696 2500; baseline 0.01 -4"><span class='ocrx_word' id='word_1_1345' title='bbox 1284 2466 1429 2496; x_wconf 74' lang='lat' dir='ltr'>Memoria.</span> <span class='ocrx_word' id='word_1_1346' title='bbox 1462 2467 1520 2498; x_wconf 89' lang='lat' dir='ltr'>Cic.</span> <span class='ocrx_word' id='word_1_1347' title='bbox 1533 2478 1557 2498; x_wconf 90' lang='lat'>2.</span> <span class='ocrx_word' id='word_1_1348' title='bbox 1573 2469 1609 2498; x_wconf 89' lang='lat' dir='ltr'>de</span> <span class='ocrx_word' id='word_1_1349' title='bbox 1619 2470 1696 2500; x_wconf 86' lang='lat' dir='ltr'>Orat.</span> 
     </span>
     <span class='ocr_line' id='line_1_167' title="bbox 1285 2504 1674 2545; baseline 0.015 -14"><span class='ocrx_word' id='word_1_1350' title='bbox 1285 2504 1388 2534; x_wconf 82' lang='lat' dir='ltr'>Metus.</span> <span class='ocrx_word' id='word_1_1351' title='bbox 1412 2505 1483 2542; x_wconf 85' lang='lat' dir='ltr'>Virg.</span> <span class='ocrx_word' id='word_1_1352' title='bbox 1498 2515 1520 2542; x_wconf 90' lang='lat'>3.</span> <span class='ocrx_word' id='word_1_1353' title='bbox 1537 2504 1674 2545; x_wconf 63' lang='lat' dir='ltr'>AEnJ683.</span> 
     </span>
     <span class='ocr_line' id='line_1_168' title="bbox 1286 2541 1699 2582; baseline 0.01 -12"><span class='ocrx_word' id='word_1_1354' title='bbox 1286 2541 1395 2579; x_wconf 73' lang='lat' dir='ltr'>Militia.</span> <span class='ocrx_word' id='word_1_1355' title='bbox 1425 2543 1491 2572; x_wconf 89' lang='lat' dir='ltr'>Hor.</span> <span class='ocrx_word' id='word_1_1356' title='bbox 1508 2554 1528 2582; x_wconf 74' lang='lat'>1,</span> <span class='ocrx_word' id='word_1_1357' title='bbox 1547 2544 1602 2581; x_wconf 86' lang='lat' dir='ltr'>Od.</span> <span class='ocrx_word' id='word_1_1358' title='bbox 1615 2556 1659 2582; x_wconf 90' lang='lat'>29.</span> <span class='ocrx_word' id='word_1_1359' title='bbox 1673 2556 1699 2576; x_wconf 88' lang='lat'>2.</span> 
     </span>
     <span class='ocr_line' id='line_1_169' title="bbox 1285 2581 2022 2621; baseline 0.005 -11"><span class='ocrx_word' id='word_1_1360' title='bbox 1285 2581 1456 2610; x_wconf 70' lang='lat' dir='ltr'>Acerrimum</span> <span class='ocrx_word' id='word_1_1361' title='bbox 1466 2582 1655 2614; x_wconf 86' lang='lat' dir='ltr'>ministerium.</span> <span class='ocrx_word' id='word_1_1362' title='bbox 1687 2583 1776 2613; x_wconf 85' lang='lat' dir='ltr'>Tacit.</span> <span class='ocrx_word' id='word_1_1363' title='bbox 1794 2583 1862 2613; x_wconf 86' lang='lat' dir='ltr'>Ann.</span> <span class='ocrx_word' id='word_1_1364' title='bbox 1878 2583 1925 2613; x_wconf 88' lang='lat' dir='ltr'>lib.</span> <span class='ocrx_word' id='word_1_1365' title='bbox 1937 2593 1963 2614; x_wconf 92' lang='lat'>2.</span> <span class='ocrx_word' id='word_1_1366' title='bbox 1977 2593 2022 2621; x_wconf 83' lang='lat'>43.</span> 
     </span>
     <span class='ocr_line' id='line_1_170' title="bbox 1284 2614 2396 2662; baseline 0.005 -14"><span class='ocrx_word' id='word_1_1367' title='bbox 1284 2614 1419 2648; x_wconf 70' lang='lat' dir='ltr'>Jiioioiitis</span> <span class='ocrx_word' id='word_1_1368' title='bbox 1431 2629 1500 2648; x_wconf 82' lang='lat' dir='ltr'>acer.</span> <span class='ocrx_word' id='word_1_1369' title='bbox 1525 2620 1595 2658; x_wconf 87' lang='lat' dir='ltr'>Virg.</span> <span class='ocrx_word' id='word_1_1370' title='bbox 1611 2631 1635 2659; x_wconf 88' lang='lat'>3.</span> <span class='ocrx_word' id='word_1_1371' title='bbox 1651 2622 1749 2658; x_wconf 85' lang='lat' dir='ltr'>Georg.</span> <span class='ocrx_word' id='word_1_1372' title='bbox 1762 2631 1825 2657; x_wconf 85' lang='lat'>405.</span> <span class='ocrx_word' id='word_1_1373' title='bbox 1861 2621 1958 2656; x_wconf 82' lang='lat' dir='ltr'>idest,</span> <span class='ocrx_word' id='word_1_1374' title='bbox 1979 2622 2152 2659; x_wconf 89' lang='lat' dir='ltr'>Vehemens,</span> <span class='ocrx_word' id='word_1_1375' title='bbox 2173 2623 2275 2660; x_wconf 80' lang='lat' dir='ltr'>saevus,</span> <span class='ocrx_word' id='word_1_1376' title='bbox 2294 2624 2396 2662; x_wconf 83' lang='lat' dir='ltr'>Nonio.</span> 
     </span>
     <span class='ocr_line' id='line_1_171' title="bbox 1284 2655 1979 2698; baseline 0.004 -12"><span class='ocrx_word' id='word_1_1377' title='bbox 1284 2655 1401 2698; x_wconf 76' lang='lat' dir='ltr'>Morbus</span> <span class='ocrx_word' id='word_1_1378' title='bbox 1413 2667 1473 2686; x_wconf 85' lang='lat' dir='ltr'>acer</span> <span class='ocrx_word' id='word_1_1379' title='bbox 1486 2660 1511 2687; x_wconf 65' lang='lat' dir='ltr'>St</span> <span class='ocrx_word' id='word_1_1380' title='bbox 1525 2658 1617 2689; x_wconf 89' lang='lat' dir='ltr'>durus.</span> <span class='ocrx_word' id='word_1_1381' title='bbox 1646 2660 1732 2689; x_wconf 89' lang='lat' dir='ltr'>Plaut.</span> <span class='ocrx_word' id='word_1_1382' title='bbox 1746 2659 1823 2697; x_wconf 81' lang='lat' dir='ltr'>Men.</span> <span class='ocrx_word' id='word_1_1383' title='bbox 1839 2670 1861 2695; x_wconf 83' lang='lat'>5.</span> <span class='ocrx_word' id='word_1_1384' title='bbox 1876 2669 1901 2689; x_wconf 92' lang='lat'>2.</span> <span class='ocrx_word' id='word_1_1385' title='bbox 1918 2670 1979 2696; x_wconf 90' lang='lat'>119.</span> 
     </span>
     <span class='ocr_line' id='line_1_172' title="bbox 1283 2693 1756 2732; baseline 0.011 -8"><span class='ocrx_word' id='word_1_1386' title='bbox 1283 2693 1402 2732; x_wconf 83' lang='lat' dir='ltr'>Morlus.</span> <span class='ocrx_word' id='word_1_1387' title='bbox 1433 2696 1521 2724; x_wconf 84' lang='lat' dir='ltr'>Catul.</span> <span class='ocrx_word' id='word_1_1388' title='bbox 1535 2706 1559 2725; x_wconf 92' lang='lat'>2.</span> <span class='ocrx_word' id='word_1_1389' title='bbox 1574 2708 1600 2732; x_wconf 90' lang='lat'>4.</span> <span class='ocrx_word' id='word_1_1390' title='bbox 1751 2726 1756 2729; x_wconf 76' lang='grc'><strong>.</strong></span> 
     </span>
     <span class='ocr_line' id='line_1_173' title="bbox 1283 2731 1700 2772; baseline 0.01 -12"><span class='ocrx_word' id='word_1_1391' title='bbox 1283 2731 1398 2761; x_wconf 88' lang='lat' dir='ltr'>Natura.</span> <span class='ocrx_word' id='word_1_1392' title='bbox 1424 2733 1490 2762; x_wconf 85' lang='lat' dir='ltr'>Hor.</span> <span class='ocrx_word' id='word_1_1393' title='bbox 1503 2744 1526 2763; x_wconf 92' lang='lat'>2.</span> <span class='ocrx_word' id='word_1_1394' title='bbox 1544 2734 1596 2772; x_wconf 67' lang='lat' dir='ltr'>Sat.</span> <span class='ocrx_word' id='word_1_1395' title='bbox 1611 2744 1635 2772; x_wconf 94' lang='lat'>7.</span> <span class='ocrx_word' id='word_1_1396' title='bbox 1655 2744 1700 2772; x_wconf 87' lang='lat'>47.</span> 
     </span>
     <span class='ocr_line' id='line_1_174' title="bbox 1283 2769 2397 2810; baseline 0.006 -13"><span class='ocrx_word' id='word_1_1397' title='bbox 1283 2769 1349 2806; x_wconf 80' lang='lat' dir='ltr'>Nox</span> <span class='ocrx_word' id='word_1_1398' title='bbox 1359 2771 1490 2800; x_wconf 78' lang='lat' dir='ltr'>acerrima</span> <span class='ocrx_word' id='word_1_1399' title='bbox 1501 2779 1582 2809; x_wconf 91' lang='lat' dir='ltr'>atque</span> <span class='ocrx_word' id='word_1_1400' title='bbox 1592 2772 1768 2809; x_wconf 76' lang='lat' dir='ltr'>acerbiil&#39;ima.</span> <span class='ocrx_word' id='word_1_1401' title='bbox 1802 2772 1859 2802; x_wconf 90' lang='lat' dir='ltr'>Cic.</span> <span class='ocrx_word' id='word_1_1402' title='bbox 1873 2782 1921 2810; x_wconf 93' lang='lat' dir='ltr'>pro</span> <span class='ocrx_word' id='word_1_1403' title='bbox 1931 2772 2006 2810; x_wconf 83' lang='lat' dir='ltr'>Sylla</span> <span class='ocrx_word' id='word_1_1404' title='bbox 2015 2796 2024 2810; x_wconf 82' lang='lat'>‚</span> <span class='ocrx_word' id='word_1_1405' title='bbox 2045 2772 2116 2810; x_wconf 80' lang='lat' dir='ltr'>Quae</span> <span class='ocrx_word' id='word_1_1406' title='bbox 2126 2783 2183 2804; x_wconf 86' lang='lat' dir='ltr'>nox</span> <span class='ocrx_word' id='word_1_1407' title='bbox 2195 2775 2319 2804; x_wconf 85' lang='lat' dir='ltr'>omnium</span> <span class='ocrx_word' id='word_1_1408' title='bbox 2329 2780 2397 2808; x_wconf 58' lang='lat' dir='ltr'>tem÷</span> 
     </span>
     <span class='ocr_line' id='line_1_175' title="bbox 1302 2810 2114 2848; baseline 0.006 -13"><span class='ocrx_word' id='word_1_1409' title='bbox 1302 2817 1402 2845; x_wconf 88' lang='lat' dir='ltr'>porum</span> <span class='ocrx_word' id='word_1_1410' title='bbox 1414 2810 1612 2845; x_wconf 84' lang='lat' dir='ltr'>conjurationis</span> <span class='ocrx_word' id='word_1_1411' title='bbox 1624 2811 1771 2847; x_wconf 83' lang='lat' dir='ltr'>accerrima</span> <span class='ocrx_word' id='word_1_1412' title='bbox 1781 2810 1832 2839; x_wconf 87' lang='lat' dir='ltr'>fuit</span> <span class='ocrx_word' id='word_1_1413' title='bbox 1844 2817 1925 2848; x_wconf 81' lang='lat' dir='ltr'>atque</span> <span class='ocrx_word' id='word_1_1414' title='bbox 1938 2810 2114 2840; x_wconf 67' lang='lat' dir='ltr'>acerbissima.</span> 
     </span>
     <span class='ocr_line' id='line_1_176' title="bbox 1283 2845 1877 2886; baseline 0.007 -13"><span class='ocrx_word' id='word_1_1415' title='bbox 1283 2845 1391 2874; x_wconf 83' lang='lat' dir='ltr'>Oculus</span> <span class='ocrx_word' id='word_1_1416' title='bbox 1404 2856 1465 2875; x_wconf 83' lang='lat' dir='ltr'>acer</span> <span class='ocrx_word' id='word_1_1417' title='bbox 1478 2849 1503 2876; x_wconf 74' lang='lat' dir='ltr'>Sc</span> <span class='ocrx_word' id='word_1_1418' title='bbox 1516 2856 1620 2878; x_wconf 85' lang='lat' dir='ltr'>acutus.</span> <span class='ocrx_word' id='word_1_1419' title='bbox 1651 2847 1707 2885; x_wconf 82' lang='lat' dir='ltr'>Cic.</span> <span class='ocrx_word' id='word_1_1420' title='bbox 1725 2858 1775 2886; x_wconf 93' lang='lat' dir='ltr'>pro</span> <span class='ocrx_word' id='word_1_1421' title='bbox 1787 2848 1877 2878; x_wconf 74' lang='lat' dir='ltr'>Plane.</span> 
     </span>
     <span class='ocr_line' id='line_1_177' title="bbox 1284 2883 2397 2924; baseline 0.004 -13"><span class='ocrx_word' id='word_1_1422' title='bbox 1284 2883 1382 2912; x_wconf 88' lang='lat' dir='ltr'>Oculis</span> <span class='ocrx_word' id='word_1_1423' title='bbox 1400 2885 1507 2914; x_wconf 89' lang='lat' dir='ltr'>acribus</span> <span class='ocrx_word' id='word_1_1424' title='bbox 1528 2886 1643 2922; x_wconf 68' lang='lat' dir='ltr'>gallinae.</span> <span class='ocrx_word' id='word_1_1425' title='bbox 1684 2886 1753 2916; x_wconf 83' lang='lat' dir='ltr'>Plin.</span> <span class='ocrx_word' id='word_1_1426' title='bbox 1773 2886 1855 2924; x_wconf 86' lang='lat' dir='ltr'>Epist.</span> <span class='ocrx_word' id='word_1_1427' title='bbox 1904 2885 2024 2916; x_wconf 86' lang='lat' dir='ltr'>Gallinas</span> <span class='ocrx_word' id='word_1_1428' title='bbox 2041 2893 2072 2915; x_wconf 90' lang='lat' dir='ltr'>ut</span> <span class='ocrx_word' id='word_1_1429' title='bbox 2092 2896 2106 2915; x_wconf 87' lang='lat' dir='ltr'>a</span> <span class='ocrx_word' id='word_1_1430' title='bbox 2124 2894 2151 2916; x_wconf 88' lang='lat' dir='ltr'>te</span> <span class='ocrx_word' id='word_1_1431' title='bbox 2172 2886 2258 2916; x_wconf 72' lang='lat' dir='ltr'>missas</span> <span class='ocrx_word' id='word_1_1432' title='bbox 2279 2885 2397 2916; x_wconf 86' lang='lat' dir='ltr'>libenter</span> 
     </span>
     <span class='ocr_line' id='line_1_178' title="bbox 1300 2922 2397 2989; baseline 0.001 -37"><span class='ocrx_word' id='word_1_1433' title='bbox 1300 2922 1500 2989; x_wconf 32' lang='lat' dir='ltr'>accepia-quas</span> <span class='ocrx_word' id='word_1_1434' title='bbox 1517 2924 1578 2953; x_wconf 77' lang='lat' dir='ltr'>satis</span> <span class='ocrx_word' id='word_1_1435' title='bbox 1596 2924 1704 2961; x_wconf 85' lang='lat' dir='ltr'>acribus</span> <span class='ocrx_word' id='word_1_1436' title='bbox 1720 2924 1825 2960; x_wconf 84' lang='lat' dir='ltr'>oculis,</span> <span class='ocrx_word' id='word_1_1437' title='bbox 1854 2933 2010 2961; x_wconf 86' lang='lat' dir='ltr'>quanquam</span> <span class='ocrx_word' id='word_1_1438' title='bbox 2028 2923 2118 2953; x_wconf 84' lang='lat' dir='ltr'>adhuc</span> <span class='ocrx_word' id='word_1_1439' title='bbox 2132 2925 2231 2962; x_wconf 81' lang='lat' dir='ltr'>lippis,</span> <span class='ocrx_word' id='word_1_1440' title='bbox 2256 2923 2397 2962; x_wconf 84' lang='lat' dir='ltr'>pinguiili-</span> 
     </span>
     <span class='ocr_line' id='line_1_179' title="bbox 1301 2968 1864 2989; baseline 0.012 -2"><span class='ocrx_word' id='word_1_1441' title='bbox 1301 2968 1359 2987; x_wconf 77' lang='lat' dir='ltr'>mas</span> <span class='ocrx_word' id='word_1_1442' title='bbox 1375 2969 1400 2988; x_wconf 92' lang='lat' dir='ltr'>vi</span> <span class='ocrx_word' id='word_1_1443' title='bbox 1424 2970 1440 2989; x_wconf 92' lang='lat' dir='ltr'>i.</span> <span class='ocrx_word' id='word_1_1444' title='bbox 1862 2968 1864 2970; x_wconf 78' lang='grc'>’</span> 
     </span>
     <span class='ocr_line' id='line_1_180' title="bbox 1283 2996 2394 3038; baseline 0.001 -12"><span class='ocrx_word' id='word_1_1445' title='bbox 1283 2996 1361 3026; x_wconf 88' lang='lat' dir='ltr'>Odor</span> <span class='ocrx_word' id='word_1_1446' title='bbox 1372 3007 1434 3026; x_wconf 85' lang='lat' dir='ltr'>acer</span> <span class='ocrx_word' id='word_1_1447' title='bbox 1445 2998 1519 3036; x_wconf 87' lang='lat' dir='ltr'>apud</span> <span class='ocrx_word' id='word_1_1448' title='bbox 1530 2998 1598 3028; x_wconf 89' lang='lat' dir='ltr'>Plin.</span> <span class='ocrx_word' id='word_1_1449' title='bbox 1610 2999 1680 3037; x_wconf 80' lang='lat' dir='ltr'>saepe</span> <span class='ocrx_word' id='word_1_1450' title='bbox 1690 2999 1789 3037; x_wconf 86' lang='lat' dir='ltr'>legitur</span> <span class='ocrx_word' id='word_1_1451' title='bbox 1798 3021 1806 3035; x_wconf 80' lang='lat'><em>‚</em></span> <span class='ocrx_word' id='word_1_1452' title='bbox 1827 3008 1878 3037; x_wconf 90' lang='lat' dir='ltr'>pro</span> <span class='ocrx_word' id='word_1_1453' title='bbox 1892 2999 1988 3029; x_wconf 89' lang='lat' dir='ltr'>Odore</span> <span class='ocrx_word' id='word_1_1454' title='bbox 1999 3000 2203 3029; x_wconf 88' lang='lat' dir='ltr'>vehementiore</span> <span class='ocrx_word' id='word_1_1455' title='bbox 2211 3021 2220 3034; x_wconf 83' lang='lat'>,</span> <span class='ocrx_word' id='word_1_1456' title='bbox 2245 3005 2275 3028; x_wconf 88' lang='lat' dir='ltr'>ut</span> <span class='ocrx_word' id='word_1_1457' title='bbox 2290 2998 2337 3028; x_wconf 88' lang='lat' dir='ltr'>lib.</span> <span class='ocrx_word' id='word_1_1458' title='bbox 2354 3008 2394 3038; x_wconf 70' lang='lat'>¹2.·</span> 
     </span>
     <span class='ocr_line' id='line_1_181' title="bbox 1302 3044 1423 3064; baseline 0 0"><span class='ocrx_word' id='word_1_1459' title='bbox 1302 3044 1333 3064; x_wconf 87' lang='lat' dir='ltr'>ca</span> <span class='ocrx_word' id='word_1_1460' title='bbox 1356 3056 1362 3062; x_wconf 93' lang='lat'>.</span> <span class='ocrx_word' id='word_1_1461' title='bbox 1382 3045 1391 3063; x_wconf 91' lang='lat'>1</span> <span class='ocrx_word' id='word_1_1462' title='bbox 1417 3058 1423 3064; x_wconf 93' lang='lat'>.</span> 
     </span>
     <span class='ocr_line' id='line_1_182' title="bbox 1282 3044 2156 3113; baseline 0.001 -12"><span class='ocrx_word' id='word_1_1463' title='bbox 1282 3045 1362 3102; x_wconf 57' lang='lat' dir='ltr'>Odgs</span> <span class='ocrx_word' id='word_1_1464' title='bbox 1373 3044 1528 3103; x_wconf 65' lang='grc' dir='ltr'><strong>ιιι-7011101113.</strong></span> <span class='ocrx_word' id='word_1_1465' title='bbox 1558 3074 1625 3104; x_wconf 86' lang='grc' dir='ltr'><strong>Ρ1111.</strong></span> <span class='ocrx_word' id='word_1_1466' title='bbox 1641 3074 1688 3104; x_wconf 91' lang='lat' dir='ltr'>lib.</span> <span class='ocrx_word' id='word_1_1467' title='bbox 1703 3086 1745 3111; x_wconf 83' lang='lat'>15.</span> <span class='ocrx_word' id='word_1_1468' title='bbox 1761 3085 1819 3113; x_wconf 85' lang='lat' dir='ltr'>cap.</span> <span class='ocrx_word' id='word_1_1469' title='bbox 1833 3081 1876 3109; x_wconf 87' lang='lat'>28.</span> <span class='ocrx_word' id='word_1_1470' title='bbox 1900 3075 1926 3104; x_wconf 72' lang='lat' dir='ltr'>Sc</span> <span class='ocrx_word' id='word_1_1471' title='bbox 1940 3074 1986 3103; x_wconf 91' lang='lat' dir='ltr'>lib.</span> <span class='ocrx_word' id='word_1_1472' title='bbox 1999 3084 2043 3103; x_wconf 88' lang='lat'>21.</span> <span class='ocrx_word' id='word_1_1473' title='bbox 2061 3084 2118 3112; x_wconf 90' lang='lat' dir='ltr'>cap.</span> <span class='ocrx_word' id='word_1_1474' title='bbox 2132 3083 2156 3111; x_wconf 92' lang='lat'>7.</span> 
     </span>
     <span class='ocr_line' id='line_1_183' title="bbox 1282 3110 1663 3149; baseline 0.008 -10"><span class='ocrx_word' id='word_1_1475' title='bbox 1282 3110 1374 3149; x_wconf 62' lang='lat' dir='ltr'>Pater.</span> <span class='ocrx_word' id='word_1_1476' title='bbox 1401 3112 1465 3140; x_wconf 81' lang='lat' dir='ltr'>Ter.</span> <span class='ocrx_word' id='word_1_1477' title='bbox 1479 3112 1588 3142; x_wconf 80' lang='lat' dir='ltr'>l’horin.</span> <span class='ocrx_word' id='word_1_1478' title='bbox 1600 3122 1624 3141; x_wconf 93' lang='lat'>2.</span> <span class='ocrx_word' id='word_1_1479' title='bbox 1641 3123 1663 3142; x_wconf 88' lang='lat'>1.</span> 
     </span>
     <span class='ocr_line' id='line_1_184' title="bbox 1361 3149 2129 3188; baseline 0.001 -11"><span class='ocrx_word' id='word_1_1480' title='bbox 1361 3149 1465 3178; x_wconf 83' lang='lat' dir='ltr'>Lenem</span> <span class='ocrx_word' id='word_1_1481' title='bbox 1480 3156 1584 3187; x_wconf 89' lang='lat' dir='ltr'>patrem</span> <span class='ocrx_word' id='word_1_1482' title='bbox 1599 3150 1696 3187; x_wconf 78' lang='lat' dir='ltr'>illum,</span> <span class='ocrx_word' id='word_1_1483' title='bbox 1717 3151 1820 3180; x_wconf 49' lang='lat' dir='ltr'>facium</span> <span class='ocrx_word' id='word_1_1484' title='bbox 1835 3160 1880 3179; x_wconf 88' lang='lat' dir='ltr'>me</span> <span class='ocrx_word' id='word_1_1485' title='bbox 1894 3149 1947 3188; x_wconf 79' lang='lat' dir='ltr'>effe</span> <span class='ocrx_word' id='word_1_1486' title='bbox 1961 3150 2129 3179; x_wconf 85' lang='lat' dir='ltr'>acerrimum.</span> 
     </span>
     <span class='ocr_line' id='line_1_185' title="bbox 1281 3185 2396 3253; baseline 0.001 -39"><span class='ocrx_word' id='word_1_1487' title='bbox 1281 3185 1408 3253; x_wconf 51' lang='lat' dir='ltr'>Pptientia</span> <span class='ocrx_word' id='word_1_1488' title='bbox 1424 3187 1486 3216; x_wconf 86' lang='lat' dir='ltr'>solis</span> <span class='ocrx_word' id='word_1_1489' title='bbox 1505 3189 1601 3217; x_wconf 83' lang='lat' dir='ltr'>acrior.</span> <span class='ocrx_word' id='word_1_1490' title='bbox 1636 3188 1708 3227; x_wconf 85' lang='lat' dir='ltr'>Virg.</span> <span class='ocrx_word' id='word_1_1491' title='bbox 1726 3199 1748 3218; x_wconf 86' lang='lat'>1.</span> <span class='ocrx_word' id='word_1_1492' title='bbox 1772 3188 1869 3226; x_wconf 83' lang='lat' dir='ltr'>Georg.</span> <span class='ocrx_word' id='word_1_1493' title='bbox 1889 3197 1932 3225; x_wconf 89' lang='lat'>93.</span> <span class='ocrx_word' id='word_1_1494' title='bbox 1982 3187 2033 3218; x_wconf 87' lang='lat' dir='ltr'>Ubi</span> <span class='ocrx_word' id='word_1_1495' title='bbox 2051 3187 2176 3221; x_wconf 65' lang='lat' dir='ltr'>Servius,</span> <span class='ocrx_word' id='word_1_1496' title='bbox 2206 3186 2300 3225; x_wconf 65' lang='lat' dir='ltr'>Acrior</span> <span class='ocrx_word' id='word_1_1497' title='bbox 2311 3189 2336 3229; x_wconf 38' lang='grc' dir='ltr'>θ’</span> <span class='ocrx_word' id='word_1_1498' title='bbox 2353 3195 2396 3220; x_wconf 66' lang='lat' dir='ltr'>va,-</span> 
     </span>
     <span class='ocr_line' id='line_1_186' title="bbox 1313 3235 1391 3253; baseline 0.013 -1"><span class='ocrx_word' id='word_1_1499' title='bbox 1313 3235 1322 3252; x_wconf 91' lang='lat' dir='ltr'>i</span> <span class='ocrx_word' id='word_1_1500' title='bbox 1343 3235 1391 3253; x_wconf 89' lang='lat' dir='ltr'>ior.</span> 
     </span>
     <span class='ocr_line' id='line_1_187' title="bbox 1281 3262 1749 3301; baseline 0.002 -9"><span class='ocrx_word' id='word_1_1501' title='bbox 1281 3262 1365 3292; x_wconf 86' lang='lat' dir='ltr'>Potor</span> <span class='ocrx_word' id='word_1_1502' title='bbox 1375 3273 1443 3292; x_wconf 82' lang='lat' dir='ltr'>acer.</span> <span class='ocrx_word' id='word_1_1503' title='bbox 1474 3263 1541 3294; x_wconf 89' lang='lat' dir='ltr'>Hor.</span> <span class='ocrx_word' id='word_1_1504' title='bbox 1554 3273 1579 3292; x_wconf 85' lang='lat'>2.</span> <span class='ocrx_word' id='word_1_1505' title='bbox 1596 3264 1649 3293; x_wconf 87' lang='lat' dir='ltr'>Sat.</span> <span class='ocrx_word' id='word_1_1506' title='bbox 1664 3269 1688 3297; x_wconf 87' lang='lat'>8.</span> <span class='ocrx_word' id='word_1_1507' title='bbox 1706 3274 1749 3301; x_wconf 90' lang='lat'>37.</span> 
     </span>
     <span class='ocr_line' id='line_1_188' title="bbox 1281 3299 1813 3338; baseline 0.002 -9"><span class='ocrx_word' id='word_1_1508' title='bbox 1281 3299 1408 3330; x_wconf 77' lang='lat' dir='ltr'>Praelium</span> <span class='ocrx_word' id='word_1_1509' title='bbox 1421 3310 1490 3330; x_wconf 78' lang='lat' dir='ltr'>acre.</span> <span class='ocrx_word' id='word_1_1510' title='bbox 1519 3302 1607 3330; x_wconf 78' lang='lat' dir='ltr'>Tacit.</span> <span class='ocrx_word' id='word_1_1511' title='bbox 1621 3303 1690 3331; x_wconf 81' lang='lat' dir='ltr'>Arm.</span> <span class='ocrx_word' id='word_1_1512' title='bbox 1708 3302 1754 3331; x_wconf 90' lang='lat' dir='ltr'>lib.</span> <span class='ocrx_word' id='word_1_1513' title='bbox 1768 3311 1813 3338; x_wconf 65' lang='lat'>12,-</span> 
     </span>
     <span class='ocr_line' id='line_1_189' title="bbox 1283 3338 1715 3369; baseline 0.002 -2"><span class='ocrx_word' id='word_1_1514' title='bbox 1283 3338 1409 3367; x_wconf 77' lang='lat' dir='ltr'>Praeliuin</span> <span class='ocrx_word' id='word_1_1515' title='bbox 1420 3340 1591 3368; x_wconf 80' lang='lat' dir='ltr'>acerrimum.</span> <span class='ocrx_word' id='word_1_1516' title='bbox 1613 3339 1715 3369; x_wconf 83' lang='lat' dir='ltr'>Lucan.</span> 
     </span>
     <span class='ocr_line' id='line_1_190' title="bbox 1282 3376 1705 3414; baseline 0.002 -10"><span class='ocrx_word' id='word_1_1517' title='bbox 1282 3376 1381 3405; x_wconf 83' lang='lat' dir='ltr'>Pruina</span> <span class='ocrx_word' id='word_1_1518' title='bbox 1392 3378 1469 3406; x_wconf 82' lang='lat' dir='ltr'>acris.</span> <span class='ocrx_word' id='word_1_1519' title='bbox 1498 3377 1605 3406; x_wconf 84' lang='lat' dir='ltr'>Lucret.</span> <span class='ocrx_word' id='word_1_1520' title='bbox 1620 3377 1667 3406; x_wconf 89' lang='lat' dir='ltr'>lib.</span> <span class='ocrx_word' id='word_1_1521' title='bbox 1680 3387 1705 3414; x_wconf 89' lang='lat'>3.</span> 
     </span>
     <span class='ocr_line' id='line_1_191' title="bbox 1281 3413 1759 3452; baseline 0 -9"><span class='ocrx_word' id='word_1_1522' title='bbox 1281 3413 1389 3444; x_wconf 74' lang='lat' dir='ltr'>Reinex</span> <span class='ocrx_word' id='word_1_1523' title='bbox 1399 3425 1469 3444; x_wconf 74' lang='lat' dir='ltr'>acer.</span> <span class='ocrx_word' id='word_1_1524' title='bbox 1498 3415 1568 3452; x_wconf 82' lang='lat' dir='ltr'>Virg.</span> <span class='ocrx_word' id='word_1_1525' title='bbox 1584 3427 1606 3451; x_wconf 86' lang='lat'>5.</span> <span class='ocrx_word' id='word_1_1526' title='bbox 1622 3415 1685 3445; x_wconf 69' lang='lat' dir='ltr'>ffin.</span> <span class='ocrx_word' id='word_1_1527' title='bbox 1698 3425 1708 3444; x_wconf 91' lang='lat'>1</span> <span class='ocrx_word' id='word_1_1528' title='bbox 1717 3417 1759 3450; x_wconf 53' lang='lat'>16.-</span> 
     </span>
     <span class='ocr_line' id='line_1_192' title="bbox 1282 3452 1896 3491; baseline 0 -9"><span class='ocrx_word' id='word_1_1529' title='bbox 1282 3452 1345 3482; x_wconf 90' lang='lat' dir='ltr'>Res.</span> <span class='ocrx_word' id='word_1_1530' title='bbox 1367 3453 1454 3482; x_wconf 82' lang='lat' dir='ltr'>Catul.</span> <span class='ocrx_word' id='word_1_1531' title='bbox 1467 3459 1510 3489; x_wconf 84' lang='lat'>83.</span> <span class='ocrx_word' id='word_1_1532' title='bbox 1525 3464 1548 3489; x_wconf 76' lang='grc' dir='ltr'><strong>ς.</strong></span> <span class='ocrx_word' id='word_1_1533' title='bbox 1891 3487 1896 3491; x_wconf 48' lang='grc'><em>,</em></span> 
     </span>
     <span class='ocr_line' id='line_1_193' title="bbox 1281 3485 2397 3564; baseline -0.003 -45"><span class='ocrx_word' id='word_1_1534' title='bbox 1281 3488 1384 3564; x_wconf 55' lang='grc' dir='ltr'><strong>Ιίἂὺοῑ.</strong></span> <span class='ocrx_word' id='word_1_1535' title='bbox 1416 3492 1448 3521; x_wconf 84' lang='lat' dir='ltr'>ld</span> <span class='ocrx_word' id='word_1_1536' title='bbox 1462 3492 1517 3526; x_wconf 83' lang='lat' dir='ltr'>est,</span> <span class='ocrx_word' id='word_1_1537' title='bbox 1548 3494 1600 3526; x_wconf 65' lang='lat' dir='ltr'>(ut</span> <span class='ocrx_word' id='word_1_1538' title='bbox 1618 3489 1700 3527; x_wconf 79' lang='lat' dir='ltr'>vulgo</span> <span class='ocrx_word' id='word_1_1539' title='bbox 1720 3488 1836 3524; x_wconf 86' lang='lat' dir='ltr'>dicunt)</span> <span class='ocrx_word' id='word_1_1540' title='bbox 1865 3485 1968 3529; x_wconf 65' lang='lat' dir='ltr'>Vivus,</span> <span class='ocrx_word' id='word_1_1541' title='bbox 1996 3492 2047 3516; x_wconf 83' lang='lat' dir='ltr'>aut</span> <span class='ocrx_word' id='word_1_1542' title='bbox 2062 3486 2170 3524; x_wconf 82' lang='lat' dir='ltr'>ardens.</span> <span class='ocrx_word' id='word_1_1543' title='bbox 2198 3485 2397 3523; x_wconf 58' lang='lat' dir='ltr'>vSeri-Natural,-</span> 
     </span>
     <span class='ocr_line' id='line_1_194' title="bbox 1329 3529 1445 3566; baseline -0.009 -9"><span class='ocrx_word' id='word_1_1544' title='bbox 1329 3529 1401 3558; x_wconf 76' lang='lat' dir='ltr'>uaest.</span> <span class='ocrx_word' id='word_1_1545' title='bbox 1421 3538 1445 3566; x_wconf 86' lang='lat'>3.</span> 
     </span>
     <span class='ocr_line' id='line_1_195' title="bbox 1280 3566 2138 3604; baseline 0.002 -10"><span class='ocrx_word' id='word_1_1546' title='bbox 1280 3566 1395 3603; x_wconf 77' lang='lat' dir='ltr'>Rumor.</span> <span class='ocrx_word' id='word_1_1547' title='bbox 1422 3567 1510 3596; x_wconf 82' lang='lat' dir='ltr'>Tacit·</span> <span class='ocrx_word' id='word_1_1548' title='bbox 1526 3566 1573 3596; x_wconf 84' lang='lat' dir='ltr'>lib.</span> <span class='ocrx_word' id='word_1_1549' title='bbox 1589 3577 1611 3601; x_wconf 77' lang='grc' dir='ltr'><strong>ς.</strong></span> <span class='ocrx_word' id='word_1_1550' title='bbox 2053 3599 2058 3604; x_wconf 60' lang='grc'><strong>,</strong></span> <span class='ocrx_word' id='word_1_1551' title='bbox 2134 3599 2138 3604; x_wconf 55' lang='grc'><strong>,</strong></span> 
     </span>
     <span class='ocr_line' id='line_1_196' title="bbox 1280 3597 2395 3641; baseline -0.007 -7"><span class='ocrx_word' id='word_1_1552' title='bbox 1280 3604 1417 3634; x_wconf 82' lang='lat' dir='ltr'>Rusticus.</span> <span class='ocrx_word' id='word_1_1553' title='bbox 1438 3605 1469 3634; x_wconf 85' lang='lat' dir='ltr'>ld</span> <span class='ocrx_word' id='word_1_1554' title='bbox 1479 3605 1531 3639; x_wconf 83' lang='grc'><strong>011,</strong></span> <span class='ocrx_word' id='word_1_1555' title='bbox 1548 3603 1695 3635; x_wconf 78' lang='lat' dir='ltr'>Providus,</span> <span class='ocrx_word' id='word_1_1556' title='bbox 1711 3600 1826 3637; x_wconf 77' lang='lat' dir='ltr'>diligens</span> <span class='ocrx_word' id='word_1_1557' title='bbox 1836 3620 1844 3633; x_wconf 85' lang='lat'><strong>‚</strong></span> <span class='ocrx_word' id='word_1_1558' title='bbox 1859 3597 2087 3641; x_wconf 42' lang='lat' dir='ltr'>authore-Nonio.</span> <span class='ocrx_word' id='word_1_1559' title='bbox 2108 3598 2179 3637; x_wconf 83' lang='lat' dir='ltr'>Virg.</span> <span class='ocrx_word' id='word_1_1560' title='bbox 2191 3608 2215 3635; x_wconf 25' lang='lat'>2¹.</span> <span class='ocrx_word' id='word_1_1561' title='bbox 2228 3598 2395 3635; x_wconf 64' lang='lat' dir='ltr'>Georg-405⁴</span> 
     </span>
     <span class='ocr_line' id='line_1_197' title="bbox 1359 3637 2122 3678; baseline -0.009 -6"><span class='ocrx_word' id='word_1_1562' title='bbox 1359 3643 1420 3678; x_wconf 73' lang='lat' dir='ltr'>‚jam</span> <span class='ocrx_word' id='word_1_1563' title='bbox 1434 3651 1493 3672; x_wconf 87' lang='lat' dir='ltr'>tuin</span> <span class='ocrx_word' id='word_1_1564' title='bbox 1508 3652 1568 3671; x_wconf 80' lang='lat' dir='ltr'>acer</span> <span class='ocrx_word' id='word_1_1565' title='bbox 1581 3649 1658 3670; x_wconf 79' lang='lat' dir='ltr'>cui-as</span> <span class='ocrx_word' id='word_1_1566' title='bbox 1670 3640 1827 3668; x_wconf 74' lang='lat' dir='ltr'>venientem</span> <span class='ocrx_word' id='word_1_1567' title='bbox 1838 3637 1965 3673; x_wconf 60' lang='lat' dir='ltr'>extendit</span> <span class='ocrx_word' id='word_1_1568' title='bbox 1976 3646 2006 3665; x_wconf 88' lang='grc'>111</span> <span class='ocrx_word' id='word_1_1569' title='bbox 2017 3646 2122 3674; x_wconf 79' lang='lat' dir='ltr'>anuum</span> 
     </span>
     <span class='ocr_line' id='line_1_198' title="bbox 1361 3681 1498 3710; baseline -0.007 0"><span class='ocrx_word' id='word_1_1570' title='bbox 1361 3681 1498 3710; x_wconf 73' lang='lat' dir='ltr'>Rusticus.</span> 
     </span>
     <span class='ocr_line' id='line_1_199' title="bbox 1278 3711 1937 3752; baseline -0.014 -5"><span class='ocrx_word' id='word_1_1571' title='bbox 1278 3716 1379 3752; x_wconf 61' lang='lat' dir='ltr'>,Sensus</span> <span class='ocrx_word' id='word_1_1572' title='bbox 1392 3714 1501 3747; x_wconf 86' lang='lat' dir='ltr'>vivendi</span> <span class='ocrx_word' id='word_1_1573' title='bbox 1513 3716 1666 3745; x_wconf 86' lang='lat' dir='ltr'>acerrimus.</span> <span class='ocrx_word' id='word_1_1574' title='bbox 1700 3712 1757 3741; x_wconf 91' lang='lat' dir='ltr'>Cic.</span> <span class='ocrx_word' id='word_1_1575' title='bbox 1770 3721 1793 3740; x_wconf 86' lang='lat'>2.</span> <span class='ocrx_word' id='word_1_1576' title='bbox 1814 3711 1848 3740; x_wconf 88' lang='lat' dir='ltr'>de</span> <span class='ocrx_word' id='word_1_1577' title='bbox 1861 3711 1937 3748; x_wconf 78' lang='lat' dir='ltr'>Orat.</span> 
     </span>
     <span class='ocr_line' id='line_1_200' title="bbox 1281 3751 1897 3793; baseline -0.011 -8"><span class='ocrx_word' id='word_1_1578' title='bbox 1281 3756 1428 3785; x_wconf 79' lang='lat' dir='ltr'>Servitium</span> <span class='ocrx_word' id='word_1_1579' title='bbox 1443 3755 1540 3784; x_wconf 82' lang='lat' dir='ltr'>acrius.</span> <span class='ocrx_word' id='word_1_1580' title='bbox 1571 3752 1660 3781; x_wconf 79' lang='lat' dir='ltr'>Tacit.</span> <span class='ocrx_word' id='word_1_1581' title='bbox 1675 3751 1743 3779; x_wconf 71' lang='lat' dir='ltr'>Arm.</span> <span class='ocrx_word' id='word_1_1582' title='bbox 1757 3754 1781 3792; x_wconf 92' lang='lat'>6</span> <span class='ocrx_word' id='word_1_1583' title='bbox 1795 3755 1838 3784; x_wconf 82' lang='lat'>48.</span> <span class='ocrx_word' id='word_1_1584' title='bbox 1861 3787 1867 3793; x_wconf 29' lang='grc' dir='ltr'><strong>Ἴ</strong></span> <span class='ocrx_word' id='word_1_1585' title='bbox 1893 3787 1897 3792; x_wconf 25' lang='grc' dir='ltr'><em>η</em></span> 
     </span>
     <span class='ocr_line' id='line_1_201' title="bbox 1280 3786 1987 3824; baseline -0.011 -1"><span class='ocrx_word' id='word_1_1586' title='bbox 1280 3793 1428 3823; x_wconf 89' lang='lat' dir='ltr'>Silentium</span> <span class='ocrx_word' id='word_1_1587' title='bbox 1439 3802 1499 3821; x_wconf 84' lang='lat' dir='ltr'>aere</span> <span class='ocrx_word' id='word_1_1588' title='bbox 1514 3795 1539 3821; x_wconf 66' lang='lat' dir='ltr'>ot</span> <span class='ocrx_word' id='word_1_1589' title='bbox 1552 3791 1700 3818; x_wconf 86' lang='lat' dir='ltr'>intentum.</span> <span class='ocrx_word' id='word_1_1590' title='bbox 1730 3787 1796 3816; x_wconf 82' lang='lat' dir='ltr'>Phn.</span> <span class='ocrx_word' id='word_1_1591' title='bbox 1808 3797 1838 3823; x_wconf 82' lang='lat'>2..</span> <span class='ocrx_word' id='word_1_1592' title='bbox 1848 3786 1931 3824; x_wconf 61' lang='lat' dir='ltr'>Epist.</span> <span class='ocrx_word' id='word_1_1593' title='bbox 1947 3797 1987 3821; x_wconf 59' lang='lat'>105</span> 
     </span>
     <span class='ocr_line' id='line_1_202' title="bbox 1280 3823 2398 3863; baseline -0.012 -2"><span class='ocrx_word' id='word_1_1594' title='bbox 1280 3832 1328 3862; x_wconf 87' lang='lat' dir='ltr'>Sol</span> <span class='ocrx_word' id='word_1_1595' title='bbox 1346 3841 1416 3860; x_wconf 83' lang='lat' dir='ltr'>acer.</span> <span class='ocrx_word' id='word_1_1596' title='bbox 1446 3829 1514 3858; x_wconf 87' lang='lat' dir='ltr'>Plin.</span> <span class='ocrx_word' id='word_1_1597' title='bbox 1530 3828 1610 3863; x_wconf 77' lang='lat' dir='ltr'>lib.4.</span> <span class='ocrx_word' id='word_1_1598' title='bbox 1632 3836 1692 3863; x_wconf 86' lang='lat' dir='ltr'>cap.</span> <span class='ocrx_word' id='word_1_1599' title='bbox 1703 3831 1728 3859; x_wconf 88' lang='lat'>8.</span> <span class='ocrx_word' id='word_1_1600' title='bbox 1767 3825 1830 3854; x_wconf 56' lang='lat' dir='ltr'>thc</span> <span class='ocrx_word' id='word_1_1601' title='bbox 1843 3824 1956 3862; x_wconf 74' lang='lat' dir='ltr'>piiulum</span> <span class='ocrx_word' id='word_1_1602' title='bbox 1973 3833 2037 3853; x_wconf 86' lang='lat' dir='ltr'>ante</span> <span class='ocrx_word' id='word_1_1603' title='bbox 2047 3823 2233 3852; x_wconf 76' lang='lat' dir='ltr'>maturitatem</span> <span class='ocrx_word' id='word_1_1604' title='bbox 2251 3823 2398 3859; x_wconf 71' lang='lat' dir='ltr'>decerptae,</span> 
     </span>
     <span class='ocr_line' id='line_1_203' title="bbox 1287 3859 2400 3900; baseline -0.012 -2"><span class='ocrx_word' id='word_1_1605' title='bbox 1287 3867 1433 3898; x_wconf 51' lang='lat' dir='ltr'>{iocantur</span> <span class='ocrx_word' id='word_1_1606' title='bbox 1449 3867 1503 3895; x_wconf 88' lang='lat' dir='ltr'>acri</span> <span class='ocrx_word' id='word_1_1607' title='bbox 1517 3865 1571 3894; x_wconf 83' lang='lat' dir='ltr'>sole</span> <span class='ocrx_word' id='word_1_1608' title='bbox 1582 3887 1589 3900; x_wconf 91' lang='lat'>‚</span> <span class='ocrx_word' id='word_1_1609' title='bbox 1619 3872 1660 3893; x_wconf 88' lang='lat' dir='ltr'>ter</span> <span class='ocrx_word' id='word_1_1610' title='bbox 1676 3864 1721 3892; x_wconf 88' lang='lat' dir='ltr'>die</span> <span class='ocrx_word' id='word_1_1611' title='bbox 1738 3862 1847 3899; x_wconf 73' lang='lat' dir='ltr'>versatae</span> <span class='ocrx_word' id='word_1_1612' title='bbox 1865 3872 1914 3900; x_wconf 88' lang='lat' dir='ltr'>per</span> <span class='ocrx_word' id='word_1_1613' title='bbox 1932 3862 2064 3897; x_wconf 84' lang='lat' dir='ltr'>triduum.</span> <span class='ocrx_word' id='word_1_1614' title='bbox 2100 3861 2207 3890; x_wconf 62' lang='lat' dir='ltr'>Lucret.</span> <span class='ocrx_word' id='word_1_1615' title='bbox 2224 3859 2270 3888; x_wconf 88' lang='lat' dir='ltr'>lib.</span> <span class='ocrx_word' id='word_1_1616' title='bbox 2290 3865 2315 3888; x_wconf 81' lang='grc' dir='ltr'>ό.</span> <span class='ocrx_word' id='word_1_1617' title='bbox 2337 3865 2400 3894; x_wconf 81' lang='lat'>850.</span> 
     </span>
     <span class='ocr_line' id='line_1_204' title="bbox 1298 3905 1621 3940; baseline -0.012 -4"><span class='ocrx_word' id='word_1_1618' title='bbox 1298 3907 1367 3936; x_wconf 69' lang='lat' dir='ltr'>Prin.</span> <span class='ocrx_word' id='word_1_1619' title='bbox 1381 3905 1429 3934; x_wconf 89' lang='lat' dir='ltr'>lib.</span> <span class='ocrx_word' id='word_1_1620' title='bbox 1445 3915 1486 3940; x_wconf 92' lang='lat'>17.</span> <span class='ocrx_word' id='word_1_1621' title='bbox 1501 3913 1560 3940; x_wconf 89' lang='lat' dir='ltr'>cap.</span> <span class='ocrx_word' id='word_1_1622' title='bbox 1576 3912 1621 3937; x_wconf 85' lang='lat'>24.</span> 
     </span>
    </p>
   </div>
   <div class='ocr_carea' id='block_1_19' title="bbox 1821 3971 2398 4007">
    <p class='ocr_par' dir='ltr' id='par_1_59' title="bbox 1821 3971 2398 4007">
     <span class='ocr_line' id='line_1_205' title="bbox 1821 3971 2398 4007; baseline -0.016 0"><span class='ocrx_word' id='word_1_1623' title='bbox 1821 3977 1842 4007; x_wconf 76' lang='lat' dir='ltr'>F.</span> <span class='ocrx_word' id='word_1_1624' title='bbox 1872 3987 1887 4006; x_wconf 87' lang='lat'>2</span> <span class='ocrx_word' id='word_1_1625' title='bbox 2273 3971 2398 4007; x_wconf 79' lang='lat' dir='ltr'>Sonipes-</span> 
     </span>
    </p>
   </div>
  </div>
 </body>
</html>
