2667 4145
223 57 271 97 48
621 56 650 90 A
747 56 776 91 C
876 56 911 91 U

262 136 432 174 Relinquere
446 137 474 165 in
484 136 584 165 animis
593 132 776 167 audientium.
799 138 855 167 Cic.
870 140 899 168 iri
907 139 991 167 Bruto
1003 148 1028 173 9.
1049 138 1115 166 Non
1130 135 1383 173 (quemadmodum

283 176 319 205 de
330 176 434 205 Pericle
444 175 546 212 scripsit
560 174 696 211 Eupolis)
717 185 782 204 cum
791 176 977 206 delcetatione
996 175 1107 204 aculeos
1116 175 1200 203 etiam
1214 174 1383 213 relinqueret

283 214 312 241 in
324 213 422 242 animis
432 221 529 241 eorum
539 222 554 240 a
567 211 666 248 quibus
677 212 744 241 esset
753 214 872 242 auditus.

263 250 369 280 Aculeo
384 249 469 279 iiiiixo
479 244 591 286 sugere,
613 250 821 286 proverbialiter
841 250 972 287 significat
984 271 992 284 ‚
1013 248 1075 278 Post
1095 250 1255 279 convicium
1274 249 1381 282 dicffum

282 288 371 317 statim
381 288 406 317 se
420 286 573 316 subducere
584 310 592 322 ,
611 287 752 325 sumptum
764 288 819 316 aba
842 289 902 316 ibus
916 287 963 315 est.
994 322 999 328 .
1159 322 1162 323 7

224 324 300 354 Acu
311 336 328 354 1.
339 326 455 355 actus
467 347 474 359 ‚
496 325 513 353 i.
536 334 572 353 m.
593 322 692 354 dimin.
714 323 823 361 [κεντςί
843 325 889 359 ον]
917 322 1036 353 Martial.
1058 322 1106 353 lib.
1120 330 1144 358 8.
1158 332 1202 363 71.
1241 325 1304 356 Sed.
1323 327 1381 357 Λευ

265 363 363 398 levius,
374 364 404 392 in
413 361 496 392 codd.
509 371 563 391 em.

225 401 249 431 A
260 410 277 429 c
286 411 305 429 u
315 412 331 429 L
340 411 381 429 EA
391 410 411 429 T
421 411 437 429 u
449 410 461 429 s
470 422 478 434 ,
500 400 612 429 denom.
636 398 806 435 [κενα-ςωτὺ]
827 399 883 434 Qui
899 397 984 427 habet
995 399 1105 441 aculeos
1115 422 1123 434 ,
1155 406 1202 431 aut
1221 401 1327 440 aliquid
1340 404 1381 432 iri-

262 438 315 467 star
325 436 424 467 aculei.
448 437 517 466 Plin.
530 437 578 466 lib.
598 447 639 466 10.
653 447 713 474 cap.
733 446 774 472 32.
799 436 898 465 Putant
915 444 950 464 cx
962 435 1046 474 spinis
1057 437 1198 469 aculeatis.
1240 440 1330 470 Etiam
1339 441 1381 470 Pi-

259 475 348 511 scium
359 474 488 504 nonnulli
496 474 575 509 sunt,
599 484 668 511 quos
680 473 826 503 Aculeatos
837 483 977 503 vocamus.
999 473 1068 504 Plin.
1083 485 1124 511 32.
1142 487 1151 505 1
1161 487 1183 506 1.

261 510 427 543 Aciileatuni
438 535 445 548 ,
467 522 516 550 per
523 512 713 549 metaphoram
729 511 830 540 dicitur
839 533 846 546 ,
869 511 955 548 Quod
966 512 1038 550 quali
1049 514 1150 552 pungit
1160 524 1192 544 ac
1202 515 1313 545 mordet
1323 516 1386 550 ani-x

280 560 367 581 mum.
390 550 476 579 Plaiit.
498 550 627 579 Bacchid.
654 559 676 577 1.
692 559 714 578 1.
731 558 775 584 29.

336 585 410 625 Quia
430 588 521 616 isthaec
538 586 631 624 lepida
647 586 709 614 sunt
730 592 885 616 memoratu
900 596 907 616 ε

333 626 439 656 Eadem
452 626 482 654 in
494 624 551 658 usu,
564 630 645 660 atque
655 623 699 652 ubi
710 623 867 661 periculum
882 624 965 654 facias
974 647 983 661 ,
1001 625 1125 656 aculeata
1132 627 1211 663 sunt,

334 664 466 693 Animum
473 662 606 694 fodicant,
622 661 695 696 bona
710 661 897 698 destimiilant,
908 662 979 692 faeta
989 664 1126 695 &faniam
1134 665 1266 696 sauciant.

255 699 366 730 Folium
384 700 548 730 aculeatum.
570 698 638 734 Plin.
663 695 711 729 lib.
736 710 778 729 12.
804 710 863 738 cap.
892 711 935 737 15.

258 738 390 767 Aculeata
406 736 575 775 sophismata.
608 736 665 766 Cic.
684 749 710 774 4.
734 738 817 768 acad.
836 748 882 775 24.

255 775 361 805 Literae.
387 775 443 804 Cic.
465 784 505 810 14.
531 774 584 803 Att.
600 779 651 808 18.

220 812 293 842 Acu
305 825 321 842 L
333 824 346 842 r,
358 823 395 841 1u
407 822 434 847 s,
456 822 488 848 a,
516 819 573 841 um.
596 811 667 842 Item
681 812 796 842 denom.
818 805 850 844 fit
870 814 983 845 Aculeia
993 824 1066 845 cura.
1087 815 1181 845 Varro.

219 850 405 886 Acumen,
427 851 667 880 AcumiNARa.
700 850 732 880 V.
755 851 816 889 post
837 853 947 882 Acuo.

218 887 339 924 Acco,
360 888 405 924 iii,
428 893 509 916 utin-n
525 910 532 922 ‚
556 888 690 924 [rimanda.
711 885 785 924 ἳῆγυ,
806 890 893 926 ὅξύνω]
914 892 969 920 ere.
991 890 1026 920 ab
1046 893 1139 921 Acone
1149 891 1245 921 Graeco
1257 893 1377 923 vocabu-

253 924 282 955 lo
292 948 299 960 ‚
321 925 397 962 quod
404 924 500 955 Latine
507 924 607 955 Cotem
621 924 761 964 fignificat,
773 928 883 963 dicitur,
893 929 1007 957 authore
1019 929 1176 967 Sipontino.
1210 929 1254 959 Est
1262 932 1375 969 proprie

253 963 327 993 Ferri
342 964 431 992 aciem
442 963 477 992 sic
496 970 610 992 tenuare
621 986 628 999 ,
649 970 679 993 ut
691 965 762 994 bene
772 965 894 999 incidat,
916 973 947 995 iit
960 973 1023 995 cote
1035 968 1092 997 fieri
1110 967 1187 996 solet.
1232 968 1284 997 Cui
1308 979 1375 998 con-

251 1001 430 1036 trariumest‚
453 1001 619 1041 Obtundere
628 1002 673 1031 vel
685 1002 833 1032 Hebetare.
855 1003 910 1033 Cic.
926 1015 948 1038 ς.
969 1004 1050 1034 Tusc.
1073 1005 1107 1034 At
1117 1014 1217 1035 vocem
1226 1006 1375 1037 citharoedi

251 1048 310 1068 non
326 1039 445 1069 audiunt
455 1061 463 1075 ‚
485 1050 520 1069 ne
531 1039 675 1069 stridorem
690 1040 805 1077 quidem
820 1041 897 1070 serrae
910 1047 970 1071 tum
986 1052 1051 1071 cuni
1065 1044 1182 1073 acuitur.

249 1076 295 1108 Est
304 1077 389 1107 etiam
400 1078 515 1113 acuere,
537 1075 706 1108 mucronem
715 1077 796 1107 alicui
811 1080 849 1108 rei
858 1079 956 1108 ficere.
980 1079 1052 1117 Virg.
1076 1091 1099 1111 1.
1125 1081 1223 1119 Georg.
1247 1085 1311 1119 264.

331 1114 481 1145 Exacuunt
501 1115 546 1144 alii
562 1115 667 1151 vallos,
689 1116 833 1154 furcasque
849 1116 985 1146 bicornes.
1020 1118 1081 1154 Pro,
1104 1120 1224 1150 Acuunt.

247 1152 331 1183 Enses
347 1163 446 1182 acuere
461 1154 490 1182 in
505 1153 634 1190 aliquem.
657 1154 741 1183 Ovid.
766 1165 808 1189 ις.
835 1154 905 1184 Met.
928 1158 991 1192 776.

246 1189 368 1234 Falcem.
390 1191 527 1221 Columel.
545 1191 593 1220 lib.
613 1201 637 1226 3.
679 1192 797 1229 Quoties
818 1192 919 1222 falcem
939 1194 1063 1230 acueris,
1083 1195 1173 1225 acieni
1190 1195 1265 1234 pelle
1282 1197 1372 1227 deter-

287 1235 334 1258 itO.

245 1239 369 1297 Ffirrum.
392 1266 459 1296 Hor.
483 1276 506 1296 1.
535 1266 591 1296 Od.
610 1276 634 1296 2.
660 1276 705 1297 21.

245 1304 371 1342 Sagittas.
394 1305 461 1334 Hor.
483 1314 509 1334 2.
540 1304 596 1334 Od.
617 1307 641 1339 ’3.
668 1315 710 1341 15.

244 1343 352 1373 Acuere
369 1352 419 1381 per
437 1341 665 1377 translationem,
685 1352 736 1380 pro
751 1341 884 1380 Incstare,
906 1341 1049 1382 instigare,
1071 1345 1219 1376 stimulare.
1261 1347 1319 1376 Cic.
1343 1357 1366 1385 3.

265 1379 324 1410 Off.
349 1391 372 1410 1.
413 1380 481 1417 Diiae
505 1390 547 1410 res
564 1390 624 1418 quae
640 1380 805 1418 languorem
822 1382 942 1412 afferunt
960 1383 1084 1419 caeteris,
1110 1382 1193 1414 Illum
1210 1385 1347 1415 acuebant
1361 1396 1368 1416 z

264 1419 355 1448 otium
369 1419 395 1448 δε
409 1418 538 1448 solitudo.

244 1456 360 1492 Acuere,
373 1466 425 1494 pio
443 1456 596 1491 Exercere,
617 1461 649 1486 ut
659 1455 768 1486 Servius
779 1456 984 1495 interpretatur.
1006 1458 1079 1497 Virg.
1103 1470 1125 1490 1.
1152 1461 1252 1499 Georg.
1271 1468 1331 1498 123.

394 1511 432 1515 —-
451 1501 529 1532 pater
550 1494 606 1532 ipse
623 1494 736 1524 colendi
839 1520 840 1523 ,

322 1532 407 1562 Haud
426 1532 536 1561 facilem
553 1531 606 1561 esse
624 1533 697 1562 viam
714 1531 819 1568 voluit,
838 1533 1000 1571 primusque
1016 1544 1067 1574 per
1089 1541 1177 1566 artem

324 1569 417 1600 Movit
433 1580 528 1607 agros,
549 1571 621 1599 curis
637 1580 739 1600 acuens
754 1571 881 1600 mortalia
899 1573 991 1602 corda.

245 1608 369 1643 Acuere,
390 1616 440 1646 pro
456 1609 570 1638 Irritzire.
597 1608 669 1646 Virg.
691 1618 715 1645 7.
738 1608 801 1639 AEii.
819 1614 883 1638 ⁴i06.

325 1646 469 1683 Postquam
482 1646 537 1676 visa
549 1645 610 1675 satis
623 1647 727 1684 primos
749 1646 849 1676 acuisse
863 1647 979 1678 fiirores.
1018 1647 1090 1678 Ibid.
1104 1657 1128 1686 7.
1150 1658 1212 1686 330.

324 1684 417 1721 Quam
434 1685 509 1720 ,luno
525 1684 567 1713 liis
579 1685 654 1713 acuit
667 1684 766 1714 verbis.
867 1685 923 1715 Ubi
947 1686 1057 1716 Servius
1087 1697 1150 1726 exp.
1179 1687 1312 1725 Irritavit,
1341 1690 1369 1719 <Sc

260 1722 399 1760 instigavit
418 1723 478 1757 eius
498 1722 638 1752 insaniam.

241 1760 351 1791 Acuere
370 1761 485 1790 animos.
508 1760 565 1797 Liv.
584 1772 609 1797 4.
641 1759 709 1790 Bell.
738 1759 850 1790 Maced.

241 1797 318 1828 AEtas
335 1799 416 1828 acuit.
440 1798 504 1828 Ter.
521 1798 599 1827 Adel.
621 1809 643 1834 5.
661 1808 685 1835 3.
702 1809 747 1834 49.
781 1798 847 1828 Illos
862 1797 901 1828 sat
910 1804 974 1830 aetas
985 1805 1074 1830 acuet.

240 1835 368 1874 Aliquem
385 1833 419 1865 ad
435 1836 635 1866 crudelitatem.
679 1835 737 1866 Cic.
755 1846 806 1874 pro
822 1836 908 1874 Ligar.
927 1849 953 1873 4.
999 1839 1129 1873 Quorum
1146 1839 1229 1877 igitur
1246 1839 1368 1878 impuni-

260 1880 319 1910 tas,
341 1874 444 1908 Caesar,
464 1881 518 1903 tuae
529 1874 685 1904 clementiae
697 1874 756 1904 laus
771 1875 826 1911 est,
856 1885 954 1905 eorum
982 1876 1104 1915 ipsorum
1121 1878 1157 1907 ad
1173 1878 1368 1908 crudelitatem

259 1918 288 1942 te
304 1919 385 1942 acuet
400 1913 510 1941 oratio?

240 1950 283 1980 Ad
301 1950 388 1979 bonas
403 1957 473 1979 artes
491 1951 674 1985 juventutem.
706 1950 776 1980 Plin.
796 1950 845 1981 lib.
868 1961 894 1980 2.
916 1951 999 1989 Epist.
1012 1963 1039 1990 7.

240 1988 367 2018 Excitare
387 1990 411 2018 Sc
426 1998 532 2017 acuere.
554 1988 610 2018 Cic.
634 1999 674 2023 ις.
694 1988 768 2018 fam.
783 1999 827 2018 21.
851 1988 883 2018 In
901 1991 1051 2019 excitando
1061 1997 1155 2021 autem
1170 1993 1197 2021 ἃ
1212 1992 1243 2021 in
1265 2001 1368 2023 acuen-

259 2027 296 2055 do
307 2026 459 2063 plurimum
474 2026 554 2061 valet,
565 2027 582 2055 si
599 2026 695 2056 laudes
712 2037 776 2056 eum
788 2037 871 2064 quem
885 2027 1039 2058 cohortere.

239 2063 344 2093 Acuere
363 2066 389 2093 Sc
405 2063 477 2093 alere
497 2065 650 2101 ingenium.
694 2065 751 2094 Cic.
770 2066 799 2094 in
813 2065 897 2094 Bruto
913 2075 955 2103 33.
992 2066 1260 2105 Legendusinquam
1270 2067 1308 2097 est
1320 2067 1366 2097 hic

258 2109 359 2137 orator,
371 2102 462 2137 Brute,
477 2101 493 2130 si
508 2103 651 2139 quisquam
661 2102 744 2139 alius,
766 2104 923 2139 juventuti}
945 2105 1088 2134 nonenim
1096 2105 1185 2135 solum
1196 2115 1305 2142 acuere,
1318 2105 1365 2136 sed

257 2140 342 2169 etiam
360 2139 432 2168 alere
446 2141 591 2177 ingenium
609 2141 706 2177 potest.

237 2178 344 2207 Acuere
353 2179 379 2207 ἃ
390 2178 518 2212 adjuvare
526 2179 701 2213 juventutem
710 2179 744 2208 ad
755 2179 916 2209 dicendum.
939 2179 997 2210 Cic.
1008 2181 1039 2210 in
1047 2180 1124 2211 Orat.
1135 2189 1182 2217 41.

236 2215 343 2245 Dentes
355 2221 463 2244 acuere.
487 2215 552 2245 Hor.
568 2225 590 2252 3.
614 2216 670 2246 Od.
692 2227 736 2247 20.
755 2227 798 2246 10.

235 2253 339 2284 Fletus.
361 2253 449 2282 Valer.
474 2254 572 2291 Argon.
592 2263 617 2283 2.

237 2291 353 2321 Gradus.
385 2292 450 2321 Stat.
473 2295 498 2320 6.
529 2291 619 2321 Theb.
641 2298 702 2327 588.

235 2324 408 2359 Industriani.
435 2329 476 2358 Ad
486 2329 587 2359 Heren.
614 2329 662 2359 lib.
679 2341 705 2365 4.
724 2340 750 2359 2.

233 2366 391 2434 Iicilgeililuiri.
413 2367 471 2397 Cic.
483 2377 509 2397 2.
530 2367 649 2406 Philipp.
685 2367 749 2398 Vini
762 2365 931 2407 exhalandi,
952 2379 1011 2400 non
1027 2370 1148 2400 acuendi
1161 2368 1267 2409 ingenii
1282 2370 1362 2401 causa

274 2415 306 2434 ec
319 2410 424 2434 amitas.

233 2442 299 2473 Iras.
331 2443 403 2481 Virg.
428 2452 476 2472 12..
502 2442 563 2473 AEn.
591 2454 652 2479 590.
675 2444 710 2472 de
725 2443 837 2481 Apibus.

233 2480 370 2518 Linguam
385 2481 584 2515 exercitatione
601 2481 723 2511 dicendi.
747 2482 803 2512 Cic.
816 2483 844 2512 in
860 2483 944 2512 Bruto
955 2492 999 2520 97.
1040 2483 1135 2513 Tiiiim
1146 2484 1238 2514 forum
1249 2507 1257 2521 ‚
1277 2490 1359 2515 tuum

252 2528 311 2548 erat
324 2518 393 2548 illud
414 2519 600 2555 curriculum,
619 2526 650 2548 tu
666 2518 733 2549 illuc
751 2530 865 2550 veneras
877 2532 962 2556 unus,
986 2522 1032 2559 qui
1052 2532 1109 2552 non
1129 2522 1253 2560 linguam
1271 2523 1358 2552 modo

250 2557 365 2587 acuisses
377 2557 576 2586 exercitatione
590 2557 704 2586 dicendi
717 2580 725 2592 ,
744 2557 920 2597 secl&ipsar'n
929 2559 1120 2597 eloquentiam
1135 2560 1358 2600 locupletaviffes

252 2595 408 2633 graviorum
427 2595 527 2624 artium
544 2595 735 2624 instrumento.

231 2631 358 2664 Lumina.
380 2632 412 2662 Id
422 2633 477 2668 est,
498 2631 600 2662 Visum.
635 2633 719 2662 Ovid.
739 2643 764 2662 2.
784 2634 819 2664 de
835 2634 915 2664 Rem.
939 2632 1031 2664 Amor.
1050 2641 1114 2670 801.

312 2670 414 2701 Utilius
434 2670 523 2700 sumas
538 2676 669 2700 acuentes
683 2670 792 2701 lumina
803 2679 884 2702 rutas.

230 2708 325 2747 Lupos
339 2714 445 2738 acuunt
460 2708 523 2746 agni
547 2708 692 2738 balatibus.
730 2709 801 2748 Virg.
818 2722 844 2746 4.
868 2710 967 2748 Georg.
979 2720 1010 2747 43
1020 2721 1044 2747 ς.

230 2747 360 2778 Martem.
386 2746 458 2785 Virg.
483 2756 524 2775 12.
547 2746 609 2776 AEn.
634 2752 695 2780 108.

230 2785 368 2816 Mentem.
390 2783 449 2814 Cle.
466 2788 488 2813 i.
512 2783 594 2813 Tiisc.
610 2790 655 2817 80.
678 2783 770 2814 Multa
783 2794 797 2814 e
814 2794 931 2823 corpore
946 2786 1075 2823 existunt,
1091 2796 1151 2824 quae
1169 2793 1357 2817 acuantmen«

250 2830 326 2858 tem,
347 2821 436 2851 multa
453 2832 514 2860 quae
532 2822 698 2859 obtundant.

229 2860 343 2891 Metum
361 2859 452 2889 alicui.
473 2860 546 2897 Virg.
569 2866 611 2890 12.
640 2859 701 2889 AEn.
723 2866 786 2895 850.

229 2898 341 2929 Plausus
358 2904 463 2928 acuunt
480 2908 582 2935 equum
593 2905 746 2927 certantem
761 2898 796 2927 de
810 2897 959 2928 celeritate.
979 2899 1051 2939 Stat.
1075 2910 1098 2935 5.
1130 2900 1204 2938 Sylv.
1224 2909 1250 2929 2.

229 2937 410 2967 Prudentiam
421 2935 596 2973 intelligendi
606 2945 714 2971 acuere.
754 2935 811 2966 Cic.
827 2946 849 2965 i.
868 2936 903 2966 de
915 2937 991 2966 Orat.
1004 2948 1047 2972 90.
1086 2938 1172 2974 Quod
1181 2938 1354 2968 consuetudo

250 2975 468 3019 exercitatioque
483 2975 510 3003 δι
523 2973 699 3011 intelligendi
713 2968 892 3012 prudentiam
909 2982 1035 3011 acueret,
1069 2977 1095 3006 δι
1109 2975 1261 3014 eloquendi
1283 2976 1356 3006 cele-

250 3019 359 3041 ritatem
374 3018 510 3041 incitaret.

230 3049 373 3081 Ruborem
391 3057 497 3080 acuere.
521 3049 619 3079 Claud.
638 3049 669 3078 in
684 3048 776 3087 Epigr.
795 3050 831 3079 de
841 3048 964 3080 Locusta..

232 3088 331 3117 Studia
350 3098 457 3118 acuere.
500 3087 532 3117 V.
555 3088 572 3117 S
582 3097 656 3116 Tun
666 3099 674 3115 i
685 3097 743 3116 uM.

231 3126 322 3156 Tubae
340 3125 441 3155 milites
456 3131 569 3155 acuunt.
592 3120 693 3155 Lucan.
721 3123 770 3154 lib.
793 3134 816 3154 1.

231 3163 288 3193 Vos
302 3170 382 3193 acuat
403 3163 497 3201 gloria.
521 3164 604 3194 Ovid.
627 3173 650 3193 1.
683 3163 718 3192 de
737 3162 827 3192 Ponto
847 3160 872 3192 6.

194 3205 363 3237 ΑευεΝς,
384 3202 464 3230 entis.
488 3201 562 3240 Virg.
583 3212 604 3231 1.
626 3201 724 3238 Georg.
749 3210 809 3237 123.

287 3255 324 3260 -
344 3239 416 3268 curis
432 3249 534 3269 acuens
550 3238 677 3268 mortalia
692 3237 784 3268 corda.

233 3276 318 3309 Ovid.
335 3285 361 3305 2.
388 3276 424 3305 de
440 3276 518 3306 Rem.
542 3278 633 3307 Amor.
651 3282 714 3311 801.
1104 3298 1108 3311 ,-

306 3313 407 3343 Utilius
429 3313 517 3344 sumas
535 3320 668 3345 acuentes
683 3312 789 3344 lumina
805 3319 888 3344 tutas.
921 3312 997 3343 conf.
1007 3312 1160 3344 Broulzhu's.
1182 3315 1218 3344 ad
1234 3314 1298 3346 Tib.
1325 3325 1350 3347 2.

250 3357 276 3383 6.
301 3362 312 3381 1
337 3375 342 3380 .

194 3394 294 3424 Aei’i'r
306 3362 343 3419 u9s
362 3385 492 3425 [Samis.
507 3389 558 3422 οξὺς
569 3410 576 3421 ‚
595 3390 751 3427 aingo'me&,
767 3386 915 3426 ἀγχίνοῶυ]
935 3389 1047 3418 Nomen
1065 3399 1100 3419 ex
1117 3389 1214 3419 Partic.
1240 3401 1256 3420 a
1267 3391 1353 3422 verbo

231 3430 342 3459 Acuor:
377 3433 420 3461 ut,
449 3426 561 3456 Ferrum
583 3436 705 3457 acutum.
748 3428 779 3458 Id
792 3427 848 3462 est,
869 3427 964 3457 Aciem
984 3426 1089 3456 habens
1112 3427 1183 3457 bene
1204 3428 1350 3459 secantem.

231 3466 285 3497 Cui
301 3465 470 3495 contrarium
487 3464 525 3493 est
542 3464 633 3494 Hebes
646 3487 653 3499 ,
677 3465 721 3494 vel
737 3466 883 3495 Obtusum.
906 3464 990 3494 Plaut.
1014 3464 1097 3494 milit.
1114 3476 1137 3501 5.
1149 3476 1171 3495 v.
1181 3477 1209 3502 4.

268 3504 339 3532 Vide
357 3509 389 3531 ut
403 3502 455 3531 tibi
473 3502 532 3531 istic
546 3502 577 3530 sit
587 3509 683 3532 acutus
695 3524 702 3537 ,
734 3503 815 3533 Cario
827 3525 834 3538 ,
856 3503 944 3532 culter
958 3502 1055 3543 probe.

229 3541 351 3572 Acutum
371 3539 455 3569 etiam
474 3539 593 3576 dicitur,
626 3541 702 3577 quod
716 3541 749 3570 In
767 3550 932 3571 mucronem
953 3541 1008 3570 live
1025 3549 1144 3571 acumen
1165 3540 1272 3571 desinit,
1303 3548 1350 3579 ut,

250 3579 329 3608 Palus
345 3583 450 3607 acutus.

231 3616 314 3646 Ovid.
336 3615 419 3653 Epist.
668 3653 673 3656 ι
758 3650 759 3653 ¹

354 3669 391 3674 -
411 3653 438 3682 ἅ
455 3657 543 3681 acutae
567 3651 687 3689 cuspidis
705 3652 815 3683 hastam.

228 3690 378 3721 Cacumen.
405 3689 488 3720 Ovid.
510 3699 535 3718 2.
556 3689 591 3718 de
609 3691 671 3719 Arte
687 3690 745 3720 Am.
767 3697 828 3727 381.

227 3728 326 3759 Carex.
349 3727 422 3763 Virg.
441 3737 464 3763 3.
490 3727 588 3769 Georg.
608 3736 670 3773 ²2¹·

302 3765 459 3796 Frondibus
475 3764 583 3793 hirsutis
594 3787 601 3797 ,
625 3774 651 3794 ot·
667 3766 755 3794 carice
774 3765 864 3803 pastus
880 3771 969 3797 acuta.

293 3802 385 3833 resl'us.
407 3802 490 3831 Ovid.
512 3811 534 3837 3.
555 3802 623 3831 Met.
643 3812 706 3838 355.

272 3814 333 3881 Riis.
371 3839 443 3877 Virg.
463 3850 486 3875 5.
509 3839 571 3868 AEn.
594 3845 658 3874 208.

228 3804 270 3834 Cu

225 3842 269 3872 Cu
1189 3872 1190 3875 ,

304 3879 482 3916 Ferratasque
494 3876 592 3913 sudes,
616 3878 642 3907 ἃ
661 3883 742 3908 acuta
759 3876 872 3915 cuspide
892 3883 991 3907 contos
1084 3878 1253 3918 Expediunt.

1915 61 1942 96 A
2039 64 2070 99 C
2167 63 2201 98 U

1475 137 1560 167 Ensis.
1583 138 1666 167 Ovid.
1684 148 1726 175 14.
1748 140 1830 178 Epist.
1853 152 1899 179 45.

1476 175 1551 205 Falx.
1575 176 1658 205 Ovid.
1678 187 1703 212 9.
1724 178 1794 207 Met.
1813 184 1874 215 383.

1476 213 1590 243 Ferrum
1606 220 1721 258 acutum
1743 215 1858 259 redde-re
1880 219 1981 248 dicitur
2001 230 2057 249 cos,
2087 220 2155 250 Hor.
2177 220 2207 249 in
2224 221 2287 251 Arte
2305 221 2381 252 Poet.
2401 231 2461 260 304.

1624 267 1661 271 —
1681 262 1778 289 iungar
1800 260 1860 283 vice
1877 258 1962 292 cotis,
1983 265 2097 287 acutum

1551 286 1680 331 Reddere
1695 299 1755 326 quae
1774 290 1876 333 ferrum
1890 294 1963 323 valet
1979 305 2059 325 exors
2078 295 2135 333 ipsa
2152 295 2271 325 secandi.

1477 325 1592 355 Gladius
1606 333 1703 369 acutus
1714 349 1720 361 ,
1742 337 1786 356 eiii
1801 332 1954 367 opponitur
1967 333 2065 363 Hebes.
2089 333 2172 366 Ovid.
2187 343 2211 370 3.
2223 335 2258 363 de
2266 335 2329 365 Arte
2344 335 2403 366 Am.
2418 341 2480 373 589.

1561 363 1658 406 Ponite
1678 374 1730 398 iam
1749 365 1854 401 gladios
1871 368 2000 407 hebetes,
2020 378 2159 409 pugnetur
2173 372 2269 401 acutis.

1475 400 1565 430 Hasta.
1595 401 1678 430 Ovid.
1699 412 1720 430 i.
1736 403 1771 431 de
1785 403 1863 435 Rem.
1891 408 1982 437 Amor.
2008 418 2053 446 27.

1475 437 1612 473 Jaculiim.
1634 438 1742 476 Virg.3.
1773 441 1834 472 AEn.
1853 447 1899 479 46.

1554 475 1627 504 Nam
1643 476 1795 514 Polydorus
1810 490 1862 517 ego
1877 491 1882 511 :
1905 481 1951 511 hic
1968 482 2112 512 confixum
2132 483 2219 513 ferrea
2236 485 2306 514 texit

1555 512 1690 556 Telorum
1705 513 1796 553 seges,
1822 520 1848 548 ἃ
1862 519 1958 554 jaculis
1976 520 2094 550 increvit
2111 521 2208 550 acutis.

1473 549 1584 580 Murex.
1608 551 1680 589 Virg.
1703 563 1726 587 ς.
1748 553 1810 584 AEn.
1827 566 1890 593 205.

1555 588 1698 632 Concull'ae
1715 598 1826 629 cautes,
1845 596 1871 624 ἃ
1889 601 1972 625 acuto
1987 595 2016 623 in
2033 596 2139 625 murice
2153 597 2222 625 remi

1554 625 1663 669 Obiiixi
1678 636 1819 670 crepuere.
1869 631 1922 661 Ubi
1938 633 2047 662 Servius
2059 655 2067 669 ,
2093 633 2213 669 Murex,
2231 633 2288 664 saxi
2309 643 2445 665 cacumen
2465 633 2592 668 eminens

1492 672 1541 700 per
1557 663 1792 707 tranquillitatem.

1471 698 1564 729 Pinus.
1588 701 1671 732 Ovrd.
1693 713 1715 732 1.
1746 704 1817 735 Met.
1841 710 1904 743 699.

1471 737 1575 768 Robur.
1598 739 1671 783 Virg.
1691 751 1716 770 2.
1741 742 1839 782 Georg.
1859 755 1904 781 25.
2054 762 2092 767 —
2111 741 2158 776 hic
2175 746 2271 784 stirpes
2285 746 2378 776 obruit
2397 758 2472 783 arvo,

1535 814 1539 818 -
1551 776 1781 821 Qiadrifidasque
1799 781 1889 819 sudes,
1901 784 1928 814 Sc
1941 789 2024 814 acuto
2035 784 2134 814 robore
2144 784 2239 814 vallos.
2262 784 2294 814 Id
2303 786 2350 820 est,
2360 785 2478 816 Roboris
2486 786 2568 817 acuti.

1469 811 1582 843 Radius.
1607 815 1690 845 Ovid.
1703 821 1727 846 6.
1754 818 1823 849 Met.
1846 824 1889 856 56.
1993 822 2035 851 De
2053 823 2131 852 radio
2146 823 2268 852 textorio
2285 822 2409 860 loquitur
2423 829 2517 863 poeta.

1469 849 1606 890 Rostrum.
1629 854 1734 884 Author
1754 866 1836 887 carm.
1852 859 1888 888 de
1904 858 2008 896 Pulice‚

1468 889 2138 974 Acuffloiffe‘iiiffutsuffirstiriisf'siiffl'.siffis.
2157 903 2283 973 {summ

1467 963 1574 1007 Rubris.
1605 966 1670 996 Sen.
1689 969 1719 997 iri
1734 969 1849 1009 Hippol.
1873 982 1914 1002 10.

1467 1002 1578 1039 Sagitta.
1603 1004 1686 1035 Ovid.
1703 1017 1724 1042 5.
1748 1007 1818 1038 Met.

1467 1040 1578 1070 Saxum.
1602 1041 1686 1073 Ovid.
1708 1056 1735 1080 4.
1759 1046 1826 1076 Fast.
1846 1057 1910 1085 237.

1466 1078 1614 1118 Scopulus.
1661 1080 1731 1120 Virg.
1761 1094 1783 1113 1.
1816 1085 1878 1115 AEn.
1899 1096 1944 1123 49.

1545 1116 1633 1161 illuni
1644 1121 1818 1158 expirantem
1835 1125 1966 1154 transfixo
1979 1125 2092 1163 'pectore
2107 1122 2233 1155 flammas

1507 1188 1513 1196 ἢ
1545 1154 1672 1186 Turbine
1687 1160 1837 1198 corripuit,
1856 1161 2028 1200 scopuloque
2049 1162 2141 1193 infixit
2155 1170 2247 1193 acute.

1465 1191 1639 1237 Spiculum..
1657 1194 1740 1226 Ovid.
1767 1207 1791 1235 3.
1812 1199 1847 1229 de
1872 1202 1935 1230 Arte
1953 1201 2013 1230 Am.
2041 1205 2102 1236 516.
2326 1222 2328 1226 ν

1465 1229 1566 1296 {pinam
1608 1231 1680 1275 Virg.
1699 1245 1722 1270 5.
1742 1234 1800 1265 Ecl.
1826 1246 1869 1274 39.
1965 1238 2110 1274 Carduus,
2127 1240 2153 1269 Sc
2166 1238 2252 1277 spinis
2260 1238 2346 1277 surgit
2356 1238 2480 1277 paliurus
2489 1238 2586 1270 acutis·

1493 1267 1576 1297 elum.
1610 1268 1681 1308 Virg.
1702 1278 1724 1309 3.
1747 1273 1808 1303 AEn.
1831 1279 1894 1312 635-

1464 1304 1579 1343 Unguis.
1601 1306 1670 1338 Hor.
1698 1320 1720 1339 1.
1744 1310 1825 1349 Epist.
1853 1323 1893 1349 19.
1912 1317 1957 1350 46.

1463 1344 1585 1373 Acutum
1596 1355 1645 1383 per
1656 1349 1847 1385 metaphoram
1857 1351 1982 1381 dietum:
2002 1358 2036 1382 ut
2047 1374 2056 1387 ,
2079 1352 2161 1382 Acuti
2177 1349 2262 1381 oc'uli.
2301 1350 2335 1380 Id
2354 1350 2392 1380 est
2404 1375 2412 1386 ,
2434 1352 2514 1382 Clare
2532 1361 2590 1383 cera
2630 1347 2633 1348 ⁷

1482 1388 1590 1424 nentes.
1606 1419 1611 1426 ⁵
1631 1383 1717 1415 Plaut.
1727 1386 1821 1417 Pseud.
1839 1399 1864 1424 4.
1874 1396 1898 1427 7.
1918 1398 1979 1419 121.
2020 1390 2126 1428 Magno
2139 1390 2239 1427 capite,
2258 1390 2346 1418 acutis
2357 1389 2455 1420 oculis.

1466 1418 1528 1448 Cibi
1540 1427 1622 1464 acuti,
1636 1422 1692 1459 Qui
1702 1427 1889 1463 appetentiam
1906 1429 2038 1464 excitant,
2054 1428 2161 1465 &quasi
2170 1427 2343 1457 stomachum
2352 1434 2472 1458 acuunt:
2502 1428 2590 1459 iidem

1483 1467 1556 1501 pene
1573 1462 1656 1503 qui&
1674 1462 1757 1492 Acres
1775 1463 1923 1500 dicuntur,
1943 1466 1993 1495 nisi
2011 1466 2086 1503 quod
2101 1475 2175 1495 acres
2196 1465 2252 1494 cibi
2270 1465 2333 1494 sunt
2353 1467 2587 1501 vehementiores,

1481 1504 1555 1538 acuti
1578 1505 1720 1541 mitiores:
1754 1507 1786 1530 ut
1811 1503 1954 1540 Aeetida,
1984 1504 2166 1539 salsamenta,
2201 1504 2228 1533 &
2247 1503 2428 1534 condimenta
2450 1503 2585 1541 quaedam.

1480 1532 1549 1562 Plin.
1579 1535 1661 1573 Epist.
1721 1537 1758 1567 Ut
1776 1541 1852 1569 enim
1870 1541 1888 1570 si
1908 1551 2019 1571 coenam
2038 1541 2089 1570 tibi
2106 1542 2225 1570 facerem
2237 1563 2246 1575 ,
2275 1540 2404 1572 dulcibus
2424 1542 2495 1571 cibis
2512 1551 2588 1571 acres

1479 1578 1632 1611 acutosque
1650 1575 1810 1613 miscerem,
1831 1585 1863 1608 ut
1878 1579 1991 1610 obtusus
2010 1579 2065 1609 illis
2089 1581 2115 1609 δι
2137 1579 2241 1608 oblitus
2258 1579 2416 1610 stomachus
2432 1580 2475 1610 his
2486 1580 2589 1609 excita-

1480 1617 1572 1655 retur.⁴
1605 1612 1729 1643 Morbus.
1752 1614 1819 1645 Hor.
1844 1627 1866 1646 1.
1889 1617 1972 1655 Epist.
1994 1622 2018 1647 6.
2041 1623 2085 1652 28.

1522 1685 1526 1690 ¹
1545 1648 1573 1677 Si
1585 1648 1672 1686 latus,
1695 1658 1744 1681 aut
1761 1663 1841 1684 renes
1862 1655 1961 1685 morbo
1982 1661 2126 1685 tentantur
2138 1661 2230 1685 acuto.

1460 1683 1581 1716 Naribus
1596 1690 1684 1719 acutis
1697 1690 1788 1721 minus
1800 1698 1888 1730 aptus.
1911 1693 1944 1723 Id
1955 1694 2002 1730 est,
2021 1693 2194 1723 Derisoribu's
2213 1692 2371 1731 ingeniolis.
2395 1692 2463 1723 Hor.
2478 1703 2502 1723 r.
2529 1692 2586 1723 Sat.

1483 1730 1506 1758 ς.
1522 1731 1567 1760 29.
2558 1763 2559 1766 ,

1461 1760 1653 1793 Odoracutus.
1674 1764 1743 1795 Plin.
1753 1764 1801 1798 lib.
1820 1778 1861 1803 15.
1883 1777 1943 1807 cap.
1956 1774 2001 1803 28.
2023 1768 2248 1799 Sua&inodore
2259 1766 2408 1798 miracula:
2429 1768 2509 1799 malis
2522 1779 2588 1800 acu-

1478 1805 1523 1829 tus
1535 1822 1542 1834 ,
1563 1800 1674 1841 Persicis
1684 1803 1799 1840 dilutus,
1827 1805 1957 1837 dulcibus
1973 1806 2076 1836 nullus.
2113 1806 2147 1836 Et
2159 1806 2206 1836 lib.
2219 1816 2263 1836 21.
2287 1817 2347 1844 cap.
2365 1817 2390 1843 7.

1459 1837 1563 1880 Acutus
1577 1861 1585 1874 ‚
1607 1841 1703 1870 tiraeco
1721 1851 1799 1872 more
1821 1853 1871 1881 pro
1889 1845 1952 1874 Acri
1976 1847 2002 1875 ἃ
2018 1845 2186 1875 vehementi.
2229 1845 2406 1874 Grammatici
2428 1845 2505 1874 enirn
2515 1844 2587 1875 Gre-

1480 1876 1663 1943 ggbservasst
1681 1879 1718 1912 ὀξὺ
1738 1880 1887 1947 sigrliificare
1907 1883 2074 1921 plerumque
2084 1889 2217 1921 magnum
2234 1883 2261 1913 ἃ
2277 1883 2437 1912 vehemens.
2459 1883 2527 1913 Hor.
2559 1893 2583 1913 1⁴.

1534 1936 1536 1940 .
1551 1925 1575 1950 9.
1602 1925 1625 1950 ³-
1693 1933 1730 1938 -—
1768 1927 1783 1948 e
1796 1925 1869 1956 iique

1516 1951 1643 1982 Flumina
1662 1928 1835 1986 constlserint
1852 1964 1943 1989 acuto.

1459 1989 1715 2034 Acutuastibtiiis,
1732 1994 1826 2031 quales
1837 1995 1900 2025 sunt
1909 1995 2098 2035 Disputatores
2109 1996 2136 2026 δι
2149 1995 2283 2034 sophistae.
2301 1995 2389 2025 Cic.2.
2411 1996 2466 2025 Att.
2481 2002 2523 2033 38.
2538 1997 2586 2023 K?-

1478 2033 1529 2064 g'&
1549 2028 1617 2071 inihi
1634 2032 1669 2059 lic
1687 2031 1811 2069 placuit,
1830 2040 1862 2062 ut
1870 2042 1968 2064 caetera
1979 2034 2155 2069 Antisthenis,
2166 2034 2288 2063 hominis
2296 2034 2371 2063 acuti
2383 2035 2470 2071 magis
2480 2055 2488 2069 ‚
2501 2044 2587 2072 quam

1478 2066 1588 2096 eruditi.
1610 2067 1688 2097 Idem
1696 2076 1792 2100 contra
1802 2070 1926 2109 Rullum,
1939 2073 2015 2110 Siqiii
2030 2073 2167 2102 acutiores
2176 2073 2206 2101 in
2217 2072 2356 2101 concione
2365 2071 2506 2102 steterant.

1458 2103 1492 2132 Sa
1515 2114 1545 2132 or
1562 2105 1619 2134 vini
1640 2115 1746 2138 acutus
1768 2108 1836 2139 Plin.
1859 2110 1908 2140 lib.
1930 2122 1972 2147 15.
1989 2120 2050 2148 cap.
2071 2119 2116 2148 27.

1457 2141 1494 2171 So
1526 2148 1632 2173 acutus.
1669 2145 1737 2175 Hor.
1760 2156 1782 2176 1.
1813 2147 1895 2186 Epist.
1921 2159 1963 2178 10.
1990 2158 2032 2186 17.

1457 2180 1561 2222 Aciitus
1588 2183 1613 2211 ἃ
1635 2182 1745 2219 Hebes,
1767 2187 1910 2216 contraria.
1949 2185 2007 2216 Cic.
2023 2196 2044 2215 1.
2066 2183 2101 2215 de
2113 2185 2222 2215 Invent.
2241 2189 2286 2223 3'5.
2327 2184 2418 2216 Velox
2439 2196 2475 2216 an
2488 2185 2584 2216 tardus

1477 2220 1517 2253 iit,
1533 2225 1630 2248 acutus
1644 2230 1679 2249 an
1697 2221 1839 2259 hebetior,
1856 2222 1963 2254 memor
1978 2233 2012 2253 an
2032 2223 2189 2253 obliviosus.

1456 2255 1577 2286 Acutum
1588 2259 1773 2297 &perspicax
1797 2261 1854 2291 Cic.
1869 2272 1892 2292 1.
1926 2261 1982 2292 Off.
2003 2272 2062 2291 100.
2104 2262 2131 2291 Si
2150 2267 2277 2291 naturam
2294 2260 2441 2299 sequemur
2460 2262 2581 2299 ducem,

1475 2303 1619 2331 nimquam
1633 2296 1837 2329 aberrabimus:
1867 2299 2067 2338 sequemurque
2088 2301 2114 2330 Sc
2133 2299 2163 2328 id
2182 2299 2259 2336 quod
2269 2307 2383 2329 acutum
2403 2301 2583 2338 &perspicax

1474 2333 1656 2400 naturastest,
1687 2337 1714 2366 &
1734 2337 1765 2365 id
1781 2336 1857 2375 quod
1882 2338 1917 2368 ad
1941 2338 2091 2368 hominum
2125 2337 2362 2367 consociationem
2389 2332 2584 2368 accommoda-

1475 2376 1537 2399 tum
1555 2380 1569 2399 e
1594 2394 1600 2400 .

1454 2407 1559 2450 Acutus
1573 2409 1608 2437 ad
1625 2411 1850 2448 excogitandum.
1873 2413 1931 2443 Cic.
1953 2424 1975 2443 1.
2001 2413 2037 2443 de
2057 2413 2135 2442 Orat.
2156 2412 2216 2449 113.
2253 2413 2328 2444 Nam
2345 2414 2371 2443 ὃς
2391 2414 2478 2443 animi
2498 2420 2582 2451 atque

1473 2447 1579 2488 ingenii
1594 2447 1697 2478 celeres
1719 2446 1832 2487 quidam
1847 2456 1939 2481 motus
1951 2451 2004 2481 esse
2020 2450 2142 2486 debent,
2169 2449 2216 2488 qui
2232 2451 2266 2479 ad
2286 2452 2506 2488 excogitandum
2517 2461 2581 2481 acu-

1474 2490 1513 2519 ti,
1536 2486 1562 2514 Sc
1591 2485 1626 2514 ad
1645 2487 1843 2524 explicandum
1869 2490 2083 2527 ornandumque
2103 2489 2156 2518 sint
2176 2487 2293 2524 uberes,
2315 2490 2342 2518 ἃ
2362 2489 2397 2518 ad
2417 2490 2581 2520 memoriam

1472 2521 1544 2550 sirmi
1561 2528 1643 2560 atque
1663 2525 1796 2556 diuturni.

1452 2560 1538 2589 Aures
1554 2568 1650 2591 acutae.
1673 2563 1704 2592 Id
1713 2564 1759 2600 est,
1782 2565 1824 2593 Ad
1834 2564 2006 2594 audiendum
2020 2565 2140 2594 arrectae.
2162 2563 2229 2593 Hor.
2244 2573 2269 2593 2.
2293 2563 2349 2593 Od.
2365 2573 2406 2600 19.
2422 2576 2450 2601 4.

1453 2599 1542 2627 Acuta
1556 2598 1630 2628 belli.
1653 2600 1721 2630 Hor.
1734 2613 1760 2638 4.
1783 2602 1839 2632 Od.
1851 2614 1877 2638 4.
1891 2607 1935 2639 76.
2040 2619 2078 2623 -—
2098 2604 2124 2632 &
2144 2611 2216 2631 curae
2233 2601 2339 2639 sagaces

1489 2636 1651 2674 Expediunt
1670 2649 1719 2677 per
1734 2646 1814 2669 acuta
1838 2640 1914 2670 belli.
1968 2640 2030 2669 Hoc
2043 2639 2178 2677 loquendi
2197 2649 2284 2676 genus
2299 2661 2306 2674 ,
2330 2640 2416 2668 Acuta
2435 2639 2523 2675 belli,
2552 2641 2578 2670 &

1471 2673 1587 2703 Horatio
1599 2675 1729 2706 usitatum
1739 2678 1794 2713 est,
1816 2680 1842 2708 &
1855 2678 1908 2708 illis
1923 2678 2009 2707 simile
2022 2699 2030 2714 ,
2052 2678 2150 2708 Subita
2167 2676 2250 2713 belli,
2273 2676 2386 2714 obliqua
2395 2677 2507 2714 tumuli,
2524 2678 2576 2708 &ci

1472 2721 1532 2749 quae
1542 2719 1638 2754 extant
1656 2715 1731 2752 apud
1751 2715 1786 2745 T.
1802 2715 1919 2746 Livium.

1453 2747 1652 2781 Coiicluliories
1672 2760 1767 2783 acutae.
1800 2754 1920 2791 Quintil.
1944 2753 1993 2783 lib.
2011 2763 2036 2783 2.
2063 2758 2124 2791 cap.
2145 2762 2190 2783 20.

1452 2786 1604 2818 Elementa.
1636 2789 1744 2821 Liicret.
1761 2789 1809 2821 lib.
1826 2802 1851 2821 2.
1868 2795 1931 2828 462.

1603 2844 1640 2849 —
1658 2827 1740 2859 facile
1762 2836 1794 2859 ut
1811 2829 1977 2867 cognoscere
1999 2828 2083 2867 pollis
2310 2862 2312 2864 ,

1526 2863 1593 2893 Non
1612 2875 1627 2895 e
1669 2866 1798 2905 erplexis,
1819 2867 1867 2896 sed
1885 2869 1972 2897 acutis
1988 2867 2042 2896 effe
2064 2865 2219 2896 elementis.
2260 2865 2293 2895 Id
2307 2865 2362 2901 est,
2387 2865 2428 2895 Ex
2447 2865 2556 2895 atomis.

1452 2900 1546 2930 Genus
1556 2876 1669 2933 dicendi
1685 2912 1798 2935 acutum
1816 2907 1842 2935 ὀὶ
1860 2905 1968 2935 subtile.
1992 2905 2050 2934 Cic.
2063 2914 2088 2934 2.
2101 2905 2136 2933 de
2151 2904 2228 2933 Orat.
2239 2906 2283 2940 98.
2305 2903 2380 2934 Alter
2391 2904 2577 2933 acutissimum

1471 2940 1497 2968 ἃ
1508 2939 1712 2972 subtilillimiim
1721 2943 1833 2972 dicendi
1846 2953 1932 2981 geniis
1947 2943 1984 2973 est
2002 2942 2176 2972 consecutus.

1450 2976 1545 3007 Homo
1570 2979 1684 3017 ingenio
1705 2981 1908 3018 prudentiaque
1929 2980 2106 3010 acutilsimus.
2142 2979 2199 3008 Cic.
2217 2978 2252 3007 de
2277 2978 2347 3008 Otiit
2369 2987 2412 3015 39.
2438 2978 2577 3021 ‚Sca‘vola

1470 3015 1581 3052 *equalis
1594 3018 1620 3047 Sc
1630 3017 1737 3056 collega
1749 3029 1838 3053 meus,
1855 3019 1940 3048 honio·
1952 3018 2078 3047 omnium
2093 3016 2272 3054 &disciplina
2287 3017 2353 3051 iuris
2365 3016 2573 3051 eruditissimus,

1468 3054 1619 3120 ‹gzssnffienio
1628 3056 1832 3094 prudentiaque
1842 3056 2010 3086 acutissimus
2020 3078 2027 3091 ,
2050 3055 2076 3085 <St
2096 3055 2221 3084 oratione
2234 3055 2355 3084 maxime
2368 3054 2480 3084 limatus
2493 3059 2576 3091 atque

1481 3102 1497 3119 U
1521 3098 1539 3120 [l
1564 3102 1583 3121 S.

1449 3129 1491 3158 iiii
1504 3130 1706 3160 inveniendum
1714 3132 1821 3161 acutior
1829 3137 1911 3169 atque
1925 3129 2052 3160 habilior.
2074 3129 2195 3167 Quintil.
2207 3129 2254 3158 lib.
2273 3133 2298 3159 6.
2310 3140 2371 3168 cap.
2383 3139 2406 3165 3.

1449 3166 1544 3196 Homo
1554 3175 1660 3207 aciitus‚
1673 3171 1804 3198 &natura
1812 3167 1916 3206 usuque
1924 3169 2050 3199 callidus.
2072 3168 2130 3198 Cic.
2149 3179 2171 3197 1.
2182 3167 2217 3196 dc
2231 3167 2309 3197 Orat.
2323 3177 2386 3203 223.

1449 3204 1544 3233 Home
1557 3207 1586 3234 in
1597 3207 1692 3244 primis
1701 3214 1797 3236 acutus
1814 3207 1975 3237 Antiochus.
1999 3207 2057 3237 Cic.
2073 3218 2094 3236 1.
2117 3207 2152 3235 de
2162 3206 2225 3235 Nat.
2248 3205 2330 3249 Deor⁴
2346 3208 2387 3234 16.

1449 3239 1544 3271 Homo
1558 3245 1673 3273 mininie
1681 3245 1770 3274 maliis
1783 3246 1913 3282 quidem,
1943 3245 1990 3274 sed
2001 3255 2059 3274 non
2071 3245 2131 3274 satis
2142 3251 2248 3273 acutus.
2275 3244 2332 3273 Cic.
2347 3249 2371 3279 3.
2384 3241 2441 3271 Off.
2456 3251 2499 3278 39.
2527 3282 2530 3284 Ὗ

1448 3279 1595 3317 Ingenium
1605 3289 1727 3318 acutum,
1740 3283 1818 3312 Idem
1829 3283 1904 3319 quod
1915 3282 2021 3312 Subtile
2036 3293 2042 3312 ε
2065 3283 2110 3311 cui
2119 3281 2271 3319 opponitur
2281 3303 2288 3316 ,
2310 3279 2457 3324 Obtiisuma
2478 3279 2574 3324 hehe&

1467 3318 1597 3349 retusum.
1621 3320 1678 3350 Cic.
1691 3330 1716 3350 2.
1730 3321 1765 3350 de
1774 3320 1866 3351 Divin.
1888 3320 2091 3357 Aliaeiigroriim
2104 3328 2194 3358 partes
2206 3341 2214 3354 ,
2235 3328 2296 3356 qiiae
2307 3324 2388 3348 acuta
2406 3327 2518 3355 ingenia
2537 3328 2576 3355 gi-

1469 3363 1569 3393 gnant,
1586 3357 1645 3386 aliie
1661 3368 1721 3396 quae
1742 3357 1838 3387 retusa.
2471 3394 2475 3399 ,

1448 3393 1648 3462 Opuslelnbonis
1667 3402 1788 3426 acutum.
1811 3396 1874 3425 Hoc
1889 3395 1943 3430 est,
1962 3395 2139 3434 ingeniosum
2158 3397 2185 3426 ἃς
2202 3395 2316 3424 vafrum.
2349 3392 2446 3422 Claud.
2468 3403 2497 3423 in
2521 3394 2575 3424 Eu-

1467 3434 1510 3460 tro
1520 3443 1538 3461 i.
1570 3433 1577 3461 i
1599 3456 1605 3462 .
1632 3444 1654 3463 i.

1446 3443 1585 3507 Prinizipiii
1596 3472 1754 3501 orationum
1766 3476 1846 3500 acuta
1857 3469 2008 3500 sententiis.
2034 3470 2091 3500 Cic.
2106 3471 2135 3500 in
2147 3471 2223 3500 Orat.
2244 3478 2304 3511 124.
2346 3467 2484 3506 Principia
2498 3478 2573 3511 verc-

1467 3509 1559 3537 cunda
1570 3531 1578 3543 ,
1602 3519 1660 3538 non
1673 3506 1752 3538 elatis
1767 3508 1872 3538 intensa
1882 3508 1987 3541 verbis,
2008 3507 2054 3537 sed
2066 3509 2146 3537 acuta
2161 3508 2320 3542 sententiis,
2341 3506 2386 3535 vel
2395 3507 2430 3535 ad
2446 3505 2574 3535 offensio*-

1467 3555 1532 3574 ncm
1542 3546 1685 3576 adversarii
1699 3569 1707 3581 ,
1730 3547 1774 3576 vel
1793 3546 1827 3575 ad
1842 3546 2117 3575 commendationem
2132 3546 2181 3575 sui.
2373 3581 2377 3585 ι
2540 3581 2545 3586 .

1446 3582 1597 3620 Sententiae
1611 3585 1751 3620 docendi,
1773 3584 1831 3614 Cic.
1853 3584 1887 3612 de
1911 3584 1977 3621 Opt.
1994 3584 2062 3613 Gen.
2079 3583 2155 3613 Orat.
2171 3594 2195 3619 5.
2243 3582 2314 3612 Sunt
2334 3591 2410 3624 enim
2429 3580 2572 3610 sententia:

1466 3620 1588 3650 docendi
1601 3644 1609 3657 ,
1631 3630 1735 3652 acutie:
1758 3621 1933 3656 delectandi,
1954 3621 2025 3650 iuasi
2037 3630 2158 3659 :irgutiet
2181 3619 2394 3653 commovendi,
2411 3628 2511 3656 grziveS.

1445 3657 1501 3687 IEs.
1515 3658 1604 3701 ⁸Ovid.
1619 3664 1643 3689 6.
1656 3660 1726 3690 Met.
1741 3665 1802 3697 589.
1823 3659 1890 3689 Hor.
1906 3669 1928 3687 ι.
1952 3631 2008 3689 (Ed.
2027 3664 2068 3689 16.
2083 3669 2108 3697 7.
2149 3661 2249 3694 Acron,
2269 3658 2399 3691 Acutum,
2418 3656 2568 3685 sonorum:

1466 3705 1480 3723 a
1500 3703 1612 3726 tinnitu.

1444 3732 1588 3763 Hinnitus.
1611 3734 1720 3772 Virg.3.
1743 3735 1841 3771 Georg.
1865 3744 1909 3771 94.

1444 3771 1535 3799 Sonus
1546 3778 1651 3807 acutus,
1663 3772 1980 3816 ciiinopponiturGravis.
2002 3771 2071 3801 Plin.
2084 3771 2132 3800 lib.
2149 3782 2190 3801 10.
2200 3779 2259 3808 cap.
2273 3779 2318 3806 29.
2341 3768 2504 3799 modulatus
2513 3768 2571 3797 edi-
2598 3795 2602 3801 ,

1464 3815 1508 3836 tiir
1525 3808 1606 3838 soiius
1618 3832 1625 3844 ,
1645 3820 1732 3847 gravis
1744 3833 1752 3845 ,
1771 3816 1877 3839 acutus.
1919 3810 1976 3839 Cic.
1994 3819 2016 3837 i.
2041 3810 2076 3838 de
2098 3809 2174 3838 Orat.

1443 3845 1535 3875 Sonus
1550 3850 1683 3877 acutus&
1703 3848 1847 3877 excitatus.
1885 3847 1942 3877 Cic.
1956 3848 1983 3875 in
1995 3847 2088 3875 Sonin.
2111 3848 2184 3884 Scip.
2211 3856 2252 3875 11r
2293 3844 2386 3880 Quam
2404 3843 2440 3873 ob
2460 3842 2570 3874 causam

1461 3882 1642 3914 siimmiisille
1656 3885 1721 3914 coeli
1734 3884 1855 3915 stelliferi
1867 3885 1974 3920 cursus,
1996 3885 2075 3920 cujus
2092 3884 2233 3914 conversio
2251 3882 2289 3912 est
2306 3882 2465 3917 incitatior,
2487 3887 2570 3948 gentio

2505 3928 2547 3947 tc.
2559 3936 2570 3942 —
