<?xml version="1.0" encoding="UTF-8"?>
<!DOCTYPE html PUBLIC "-//W3C//DTD XHTML 1.0 Transitional//EN"
    "http://www.w3.org/TR/xhtml1/DTD/xhtml1-transitional.dtd">
<html xmlns="http://www.w3.org/1999/xhtml" xml:lang="en" lang="en">
 <head>
  <title>
</title>
<meta http-equiv="Content-Type" content="text/html;charset=utf-8" />
  <meta name='ocr-system' content='tesseract 3.04.00' />
  <meta name='ocr-capabilities' content='ocr_page ocr_carea ocr_par ocr_line ocrx_word'/>
</head>
<body>
  <div class='ocr_page' id='page_1' title='image "./robertistephanil01esti_0803.png"; bbox 0 0 2600 4177; ppageno 0'>
   <div class='ocr_carea' id='block_1_1' title="bbox 151 189 847 228">
    <p class='ocr_par' dir='ltr' id='par_1_1' title="bbox 151 189 847 228">
     <span class='ocr_line' id='line_1_1' title="bbox 151 189 847 228; baseline 0.004 -8"><span class='ocrx_word' id='word_1_1' title='bbox 151 189 241 228; x_wconf 81' lang='lat' dir='ltr'>Quam</span> <span class='ocrx_word' id='word_1_2' title='bbox 251 191 328 227; x_wconf 79' lang='lat' dir='ltr'>juvat</span> <span class='ocrx_word' id='word_1_3' title='bbox 339 193 460 222; x_wconf 85' lang='lat' dir='ltr'>immites</span> <span class='ocrx_word' id='word_1_4' title='bbox 470 199 571 223; x_wconf 81' lang='lat' dir='ltr'>ventos</span> <span class='ocrx_word' id='word_1_5' title='bbox 583 193 679 222; x_wconf 86' lang='lat' dir='ltr'>audire</span> <span class='ocrx_word' id='word_1_6' title='bbox 688 193 847 223; x_wconf 83' lang='lat' dir='ltr'>cubantem.</span> 
     </span>
    </p>
   </div>
   <div class='ocr_carea' id='block_1_2' title="bbox 73 224 1199 295">
    <p class='ocr_par' dir='ltr' id='par_1_2' title="bbox 73 224 1199 295">
     <span class='ocr_line' id='line_1_2' title="bbox 73 224 1199 294; baseline 0.001 -38"><span class='ocrx_word' id='word_1_7' title='bbox 73 224 209 294; x_wconf 47' lang='lat' dir='ltr'>Eptetiam</span> <span class='ocrx_word' id='word_1_8' title='bbox 220 229 373 267; x_wconf 72' lang='lat' dir='ltr'>ffigrotans.</span> <span class='ocrx_word' id='word_1_9' title='bbox 413 230 491 260; x_wconf 85' lang='lat' dir='ltr'>Suet.</span> <span class='ocrx_word' id='word_1_10' title='bbox 504 231 609 260; x_wconf 83' lang='lat' dir='ltr'>Neron.</span> <span class='ocrx_word' id='word_1_11' title='bbox 626 239 669 266; x_wconf 69' lang='lat'>3⁴-</span> <span class='ocrx_word' id='word_1_12' title='bbox 693 231 764 260; x_wconf 88' lang='lat' dir='ltr'>Cum</span> <span class='ocrx_word' id='word_1_13' title='bbox 776 240 810 260; x_wconf 82' lang='lat' dir='ltr'>cx</span> <span class='ocrx_word' id='word_1_14' title='bbox 822 231 923 261; x_wconf 87' lang='lat' dir='ltr'>duritia</span> <span class='ocrx_word' id='word_1_15' title='bbox 933 230 987 261; x_wconf 85' lang='lat' dir='ltr'>alvi</span> <span class='ocrx_word' id='word_1_16' title='bbox 998 228 1149 260; x_wconf 83' lang='lat' dir='ltr'>cubantem</span> <span class='ocrx_word' id='word_1_17' title='bbox 1157 227 1199 257; x_wconf 85' lang='lat' dir='ltr'>vi-</span> 
     </span>
     <span class='ocr_line' id='line_1_3' title="bbox 105 274 190 295; baseline 0.024 -2"><span class='ocrx_word' id='word_1_18' title='bbox 105 277 110 293; x_wconf 89' lang='lat'>1</span> <span class='ocrx_word' id='word_1_19' title='bbox 127 274 190 295; x_wconf 71' lang='lat' dir='ltr'>aret.</span> 
     </span>
    </p>
   </div>
   <div class='ocr_carea' id='block_1_3' title="bbox 38 300 1208 829">
    <p class='ocr_par' dir='ltr' id='par_1_3' title="bbox 38 300 1208 829">
     <span class='ocr_line' id='line_1_4' title="bbox 74 300 616 340; baseline 0.006 -9"><span class='ocrx_word' id='word_1_20' title='bbox 74 300 143 332; x_wconf 91' lang='lat' dir='ltr'>Puer</span> <span class='ocrx_word' id='word_1_21' title='bbox 158 304 268 333; x_wconf 79' lang='lat' dir='ltr'>cubans.</span> <span class='ocrx_word' id='word_1_22' title='bbox 293 304 357 334; x_wconf 83' lang='lat' dir='ltr'>Hor.</span> <span class='ocrx_word' id='word_1_23' title='bbox 372 313 397 334; x_wconf 88' lang='lat'>2.</span> <span class='ocrx_word' id='word_1_24' title='bbox 415 305 500 334; x_wconf 90' lang='lat' dir='ltr'>Serm.</span> <span class='ocrx_word' id='word_1_25' title='bbox 515 312 540 338; x_wconf 80' lang='lat'>3.</span> <span class='ocrx_word' id='word_1_26' title='bbox 553 310 616 340; x_wconf 80' lang='lat'>289.</span> 
     </span>
     <span class='ocr_line' id='line_1_5' title="bbox 156 341 858 379; baseline 0.004 -9"><span class='ocrx_word' id='word_1_27' title='bbox 156 341 245 370; x_wconf 79' lang='lat' dir='ltr'>Mater</span> <span class='ocrx_word' id='word_1_28' title='bbox 259 343 298 370; x_wconf 86' lang='lat' dir='ltr'>ait</span> <span class='ocrx_word' id='word_1_29' title='bbox 312 342 387 379; x_wconf 89' lang='lat' dir='ltr'>pueri</span> <span class='ocrx_word' id='word_1_30' title='bbox 399 341 506 369; x_wconf 83' lang='lat' dir='ltr'>menses</span> <span class='ocrx_word' id='word_1_31' title='bbox 518 342 573 376; x_wconf 74' lang='lat' dir='ltr'>jem</span> <span class='ocrx_word' id='word_1_32' title='bbox 585 342 707 379; x_wconf 86' lang='lat' dir='ltr'>quinque</span> <span class='ocrx_word' id='word_1_33' title='bbox 723 342 858 373; x_wconf 89' lang='lat' dir='ltr'>cubantis.</span> 
     </span>
     <span class='ocr_line' id='line_1_6' title="bbox 39 374 1198 416; baseline 0.002 -10"><span class='ocrx_word' id='word_1_34' title='bbox 39 374 89 404; x_wconf 81' lang='lat' dir='ltr'>Cu</span> <span class='ocrx_word' id='word_1_35' title='bbox 100 381 140 406; x_wconf 69' lang='lat' dir='ltr'>aii</span> <span class='ocrx_word' id='word_1_36' title='bbox 152 388 171 406; x_wconf 81' lang='lat' dir='ltr'>T</span> <span class='ocrx_word' id='word_1_37' title='bbox 181 390 189 407; x_wconf 88' lang='lat'>1</span> <span class='ocrx_word' id='word_1_38' title='bbox 200 389 217 407; x_wconf 93' lang='lat' dir='ltr'>o</span> <span class='ocrx_word' id='word_1_39' title='bbox 228 401 235 413; x_wconf 82' lang='lat'><em>‚</em></span> <span class='ocrx_word' id='word_1_40' title='bbox 257 380 326 408; x_wconf 66' lang='lat' dir='ltr'>onis.</span> <span class='ocrx_word' id='word_1_41' title='bbox 348 378 367 407; x_wconf 89' lang='lat' dir='ltr'>f.</span> <span class='ocrx_word' id='word_1_42' title='bbox 391 374 567 415; x_wconf 59' lang='grc' dir='ltr'>[υπέκλτσις]</span> <span class='ocrx_word' id='word_1_43' title='bbox 590 380 672 409; x_wconf 63' lang='lat' dir='ltr'>nctus</span> <span class='ocrx_word' id='word_1_44' title='bbox 682 380 813 410; x_wconf 80' lang='lat' dir='ltr'>cubandi.</span> <span class='ocrx_word' id='word_1_45' title='bbox 838 381 920 411; x_wconf 82' lang='lat' dir='ltr'>Varro</span> <span class='ocrx_word' id='word_1_46' title='bbox 930 378 959 410; x_wconf 94' lang='lat' dir='ltr'>L.</span> <span class='ocrx_word' id='word_1_47' title='bbox 971 379 1000 409; x_wconf 92' lang='lat' dir='ltr'>L.</span> <span class='ocrx_word' id='word_1_48' title='bbox 1014 388 1039 416; x_wconf 93' lang='lat'>7.</span> <span class='ocrx_word' id='word_1_49' title='bbox 1053 387 1097 416; x_wconf 81' lang='lat'>30.</span> <span class='ocrx_word' id='word_1_50' title='bbox 1110 387 1137 416; x_wconf 85' lang='lat' dir='ltr'>p.</span> <span class='ocrx_word' id='word_1_51' title='bbox 1152 386 1198 414; x_wconf 78' lang='grc'>94.</span> 
     </span>
     <span class='ocr_line' id='line_1_7' title="bbox 78 414 454 446; baseline 0.003 -4"><span class='ocrx_word' id='word_1_52' title='bbox 78 414 97 442; x_wconf 87' lang='grc' dir='ltr'>Α</span> <span class='ocrx_word' id='word_1_53' title='bbox 113 416 263 445; x_wconf 81' lang='lat' dir='ltr'>cubatione</span> <span class='ocrx_word' id='word_1_54' title='bbox 282 414 454 446; x_wconf 83' lang='lat' dir='ltr'>cubiculum.</span> 
     </span>
     <span class='ocr_line' id='line_1_8' title="bbox 38 449 1202 495; baseline 0.002 -16"><span class='ocrx_word' id='word_1_55' title='bbox 38 449 203 491; x_wconf 71' lang='lat' dir='ltr'>Cunr&#39;rro</span> <span class='ocrx_word' id='word_1_56' title='bbox 216 475 224 487; x_wconf 83' lang='lat'><em>‚</em></span> <span class='ocrx_word' id='word_1_57' title='bbox 247 454 317 483; x_wconf 72' lang='lat' dir='ltr'>finis.</span> <span class='ocrx_word' id='word_1_58' title='bbox 338 452 357 482; x_wconf 82' lang='lat' dir='ltr'>f.</span> <span class='ocrx_word' id='word_1_59' title='bbox 370 451 466 495; x_wconf 71' lang='lat' dir='ltr'>.¹dem·</span> <span class='ocrx_word' id='word_1_60' title='bbox 491 454 630 492; x_wconf 83' lang='lat' dir='ltr'>Augustin.</span> <span class='ocrx_word' id='word_1_61' title='bbox 645 454 726 492; x_wconf 83' lang='lat' dir='ltr'>Epist.</span> <span class='ocrx_word' id='word_1_62' title='bbox 744 463 804 491; x_wconf 80' lang='lat'>151.</span> <span class='ocrx_word' id='word_1_63' title='bbox 828 454 894 491; x_wconf 85' lang='lat' dir='ltr'>Legi</span> <span class='ocrx_word' id='word_1_64' title='bbox 916 452 1021 484; x_wconf 82' lang='lat' dir='ltr'>litteras</span> <span class='ocrx_word' id='word_1_65' title='bbox 1037 460 1097 483; x_wconf 90' lang='lat' dir='ltr'>tuas</span> <span class='ocrx_word' id='word_1_66' title='bbox 1110 453 1145 481; x_wconf 88' lang='lat' dir='ltr'>ad</span> <span class='ocrx_word' id='word_1_67' title='bbox 1160 452 1202 481; x_wconf 90' lang='lat' dir='ltr'>lu-</span> 
     </span>
     <span class='ocr_line' id='line_1_9' title="bbox 38 491 1203 560; baseline 0 -42"><span class='ocrx_word' id='word_1_68' title='bbox 38 525 62 554; x_wconf 80' lang='lat' dir='ltr'>C</span> <span class='ocrx_word' id='word_1_69' title='bbox 72 498 194 557; x_wconf 41' lang='grc' dir='ltr'><strong>5631ῗῖ</strong></span> <span class='ocrx_word' id='word_1_70' title='bbox 197 492 390 557; x_wconf 48' lang='lat' dir='ltr'>{amrisaenriiusl</span> <span class='ocrx_word' id='word_1_71' title='bbox 393 529 410 556; x_wconf 77' lang='lat' dir='ltr'>d</span> <span class='ocrx_word' id='word_1_72' title='bbox 414 492 551 558; x_wconf 37' lang='grc' dir='ltr'>Ε111·ο1;ιί)111·13</span> <span class='ocrx_word' id='word_1_73' title='bbox 562 493 736 558; x_wconf 58' lang='grc' dir='ltr'><strong>611ἓ1601111ἰο</strong></span> <span class='ocrx_word' id='word_1_74' title='bbox 747 515 755 528; x_wconf 89' lang='lat'><strong>‚</strong></span> <span class='ocrx_word' id='word_1_75' title='bbox 776 492 824 522; x_wconf 86' lang='lat' dir='ltr'>sed</span> <span class='ocrx_word' id='word_1_76' title='bbox 837 492 947 560; x_wconf 56' lang='lat' dir='ltr'>rffindita</span> <span class='ocrx_word' id='word_1_77' title='bbox 960 493 1044 536; x_wconf 72' lang='lat' dir='ltr'>etiam</span> <span class='ocrx_word' id='word_1_78' title='bbox 1057 491 1203 558; x_wconf 55' lang='lat' dir='ltr'>{immiti}2</span> 
     </span>
     <span class='ocr_line' id='line_1_10' title="bbox 228 538 1130 562; baseline 0.002 -6"><span class='ocrx_word' id='word_1_79' title='bbox 228 550 236 562; x_wconf 90' lang='lat'><strong>‚</strong></span> <span class='ocrx_word' id='word_1_80' title='bbox 290 550 296 556; x_wconf 97' lang='lat'>.</span> <span class='ocrx_word' id='word_1_81' title='bbox 350 550 356 557; x_wconf 87' lang='lat'>.</span> <span class='ocrx_word' id='word_1_82' title='bbox 431 538 468 557; x_wconf 86' lang='lat' dir='ltr'>m.</span> <span class='ocrx_word' id='word_1_83' title='bbox 521 539 558 558; x_wconf 87' lang='grc'><strong>111.</strong></span> <span class='ocrx_word' id='word_1_84' title='bbox 584 541 590 558; x_wconf 88' lang='grc'>1</span> <span class='ocrx_word' id='word_1_85' title='bbox 614 553 619 558; x_wconf 97' lang='grc'>.</span> <span class='ocrx_word' id='word_1_86' title='bbox 636 539 678 560; x_wconf 84' lang='grc'>10.</span> <span class='ocrx_word' id='word_1_87' title='bbox 697 539 729 559; x_wconf 87' lang='grc'>63</span> <span class='ocrx_word' id='word_1_88' title='bbox 752 553 758 560; x_wconf 92' lang='grc'>.</span> <span class='ocrx_word' id='word_1_89' title='bbox 815 553 820 559; x_wconf 97' lang='grc'>.</span> <span class='ocrx_word' id='word_1_90' title='bbox 877 539 890 558; x_wconf 87' lang='grc'>6</span> <span class='ocrx_word' id='word_1_91' title='bbox 915 539 986 559; x_wconf 85' lang='grc'><strong>161113</strong></span> <span class='ocrx_word' id='word_1_92' title='bbox 1009 539 1038 559; x_wconf 76' lang='lat' dir='ltr'>in</span> <span class='ocrx_word' id='word_1_93' title='bbox 1068 538 1130 558; x_wconf 76' lang='lat' dir='ltr'>anie</span> 
     </span>
     <span class='ocr_line' id='line_1_11' title="bbox 76 540 1154 605; baseline 0.004 -12"><span class='ocrx_word' id='word_1_94' title='bbox 76 565 194 594; x_wconf 88' lang='lat' dir='ltr'>cubatus</span> <span class='ocrx_word' id='word_1_95' title='bbox 202 565 230 593; x_wconf 93' lang='lat' dir='ltr'>in</span> <span class='ocrx_word' id='word_1_96' title='bbox 243 566 332 594; x_wconf 88' lang='lat' dir='ltr'>fumo.</span> <span class='ocrx_word' id='word_1_97' title='bbox 372 565 414 595; x_wconf 91' lang='lat' dir='ltr'>De</span> <span class='ocrx_word' id='word_1_98' title='bbox 424 565 532 603; x_wconf 80' lang='lat' dir='ltr'>gallinis</span> <span class='ocrx_word' id='word_1_99' title='bbox 541 568 642 605; x_wconf 82' lang='lat' dir='ltr'>pituita</span> <span class='ocrx_word' id='word_1_100' title='bbox 653 540 844 597; x_wconf 61' lang='lat' dir='ltr'>laboriintitius</span> <span class='ocrx_word' id='word_1_101' title='bbox 855 567 988 605; x_wconf 83' lang='lat' dir='ltr'>loquitur.</span> <span class='ocrx_word' id='word_1_102' title='bbox 1144 548 1154 564; x_wconf 66' lang='grc'>’</span> 
     </span>
     <span class='ocr_line' id='line_1_12' title="bbox 40 599 454 636; baseline 0.01 -7"><span class='ocrx_word' id='word_1_103' title='bbox 40 599 223 636; x_wconf 67' lang='lat' dir='ltr'>Cunirus,</span> <span class='ocrx_word' id='word_1_104' title='bbox 244 603 286 632; x_wconf 67' lang='lat' dir='ltr'>t‘zs.</span> <span class='ocrx_word' id='word_1_105' title='bbox 307 612 343 632; x_wconf 88' lang='lat' dir='ltr'>m.</span> <span class='ocrx_word' id='word_1_106' title='bbox 366 603 454 633; x_wconf 84' lang='lat' dir='ltr'>Idem.</span> 
     </span>
     <span class='ocr_line' id='line_1_13' title="bbox 79 639 1207 684; baseline 0.001 -16"><span class='ocrx_word' id='word_1_107' title='bbox 79 639 316 684; x_wconf 82' lang='lat' dir='ltr'>Cubitussupinus</span> <span class='ocrx_word' id='word_1_108' title='bbox 328 662 336 676; x_wconf 86' lang='lat'><strong>‚</strong></span> <span class='ocrx_word' id='word_1_109' title='bbox 357 650 462 678; x_wconf 78' lang='lat' dir='ltr'>pronus</span> <span class='ocrx_word' id='word_1_110' title='bbox 473 664 482 676; x_wconf 87' lang='lat'><strong>‚</strong></span> <span class='ocrx_word' id='word_1_111' title='bbox 503 643 529 672; x_wconf 68' lang='lat' dir='ltr'>se</span> <span class='ocrx_word' id='word_1_112' title='bbox 540 643 568 672; x_wconf 93' lang='lat' dir='ltr'>in</span> <span class='ocrx_word' id='word_1_113' title='bbox 580 642 674 672; x_wconf 86' lang='lat' dir='ltr'>latera.</span> <span class='ocrx_word' id='word_1_114' title='bbox 696 641 765 672; x_wconf 88' lang='lat' dir='ltr'>Plin.</span> <span class='ocrx_word' id='word_1_115' title='bbox 777 642 825 671; x_wconf 89' lang='lat' dir='ltr'>lib.</span> <span class='ocrx_word' id='word_1_116' title='bbox 838 645 882 672; x_wconf 85' lang='lat'>28.</span> <span class='ocrx_word' id='word_1_117' title='bbox 898 651 959 679; x_wconf 90' lang='lat' dir='ltr'>cap.</span> <span class='ocrx_word' id='word_1_118' title='bbox 974 651 1000 676; x_wconf 83' lang='grc'>4.</span> <span class='ocrx_word' id='word_1_119' title='bbox 1021 640 1058 670; x_wconf 89' lang='lat' dir='ltr'>Su</span> <span class='ocrx_word' id='word_1_120' title='bbox 1069 639 1207 670; x_wconf 70' lang='lat' dir='ltr'>&gt;inient-i-</span> 
     </span>
     <span class='ocr_line' id='line_1_14' title="bbox 97 652 1205 722; baseline 0.001 -16"><span class='ocrx_word' id='word_1_121' title='bbox 97 678 241 721; x_wconf 44' lang='lat' dir='ltr'>tus-oculis</span> <span class='ocrx_word' id='word_1_122' title='bbox 249 679 421 722; x_wconf 78' lang='lat' dir='ltr'>conducunt,</span> <span class='ocrx_word' id='word_1_123' title='bbox 444 686 472 709; x_wconf 84' lang='lat' dir='ltr'>at</span> <span class='ocrx_word' id='word_1_124' title='bbox 483 682 566 718; x_wconf 91' lang='lat' dir='ltr'>proni</span> <span class='ocrx_word' id='word_1_125' title='bbox 576 680 701 716; x_wconf 75' lang='lat' dir='ltr'>tussibus,</span> <span class='ocrx_word' id='word_1_126' title='bbox 717 681 745 709; x_wconf 90' lang='lat' dir='ltr'>in</span> <span class='ocrx_word' id='word_1_127' title='bbox 756 680 839 709; x_wconf 79' lang='lat' dir='ltr'>latera</span> <span class='ocrx_word' id='word_1_128' title='bbox 849 679 992 709; x_wconf 88' lang='lat' dir='ltr'>adversum</span> <span class='ocrx_word' id='word_1_129' title='bbox 1003 652 1205 707; x_wconf 67' lang='lat' dir='ltr'>distillationes.</span> 
     </span>
     <span class='ocr_line' id='line_1_15' title="bbox 78 714 1122 755; baseline 0.002 -12"><span class='ocrx_word' id='word_1_130' title='bbox 78 714 197 745; x_wconf 80' lang='lat' dir='ltr'>Cubitus</span> <span class='ocrx_word' id='word_1_131' title='bbox 208 716 383 746; x_wconf 77' lang='lat' dir='ltr'>sibisternere</span> <span class='ocrx_word' id='word_1_132' title='bbox 393 717 476 747; x_wconf 86' lang='lat' dir='ltr'>foliis.</span> <span class='ocrx_word' id='word_1_133' title='bbox 501 717 567 746; x_wconf 88' lang='lat' dir='ltr'>Plin.</span> <span class='ocrx_word' id='word_1_134' title='bbox 582 718 630 747; x_wconf 90' lang='lat' dir='ltr'>lib.</span> <span class='ocrx_word' id='word_1_135' title='bbox 640 727 685 752; x_wconf 85' lang='lat'>24.</span> <span class='ocrx_word' id='word_1_136' title='bbox 695 727 758 755; x_wconf 90' lang='lat' dir='ltr'>cap.</span> <span class='ocrx_word' id='word_1_137' title='bbox 771 728 797 750; x_wconf 83' lang='grc'>9.</span> <span class='ocrx_word' id='word_1_138' title='bbox 819 717 894 747; x_wconf 76' lang='lat' dir='ltr'>cons.</span> <span class='ocrx_word' id='word_1_139' title='bbox 911 718 941 746; x_wconf 89' lang='lat' dir='ltr'>in</span> <span class='ocrx_word' id='word_1_140' title='bbox 953 716 1038 746; x_wconf 88' lang='lat' dir='ltr'>verbo</span> <span class='ocrx_word' id='word_1_141' title='bbox 1053 723 1122 746; x_wconf 83' lang='lat' dir='ltr'>extr.</span> 
     </span>
     <span class='ocr_line' id='line_1_16' title="bbox 39 750 1208 796; baseline 0.001 -15"><span class='ocrx_word' id='word_1_142' title='bbox 39 750 243 796; x_wconf 61' lang='lat' dir='ltr'>Cuni&#39;ruirn</span> <span class='ocrx_word' id='word_1_143' title='bbox 256 776 263 789; x_wconf 85' lang='lat'><strong>‚</strong></span> <span class='ocrx_word' id='word_1_144' title='bbox 287 764 317 784; x_wconf 81' lang='lat' dir='ltr'>ae.</span> <span class='ocrx_word' id='word_1_145' title='bbox 339 754 358 784; x_wconf 89' lang='lat' dir='ltr'>f.</span> <span class='ocrx_word' id='word_1_146' title='bbox 382 754 470 784; x_wconf 86' lang='lat' dir='ltr'>Idem.</span> <span class='ocrx_word' id='word_1_147' title='bbox 492 755 578 785; x_wconf 89' lang='lat' dir='ltr'>Plaut.</span> <span class='ocrx_word' id='word_1_148' title='bbox 594 757 625 784; x_wconf 84' lang='lat' dir='ltr'>in</span> <span class='ocrx_word' id='word_1_149' title='bbox 640 755 745 791; x_wconf 75' lang='lat' dir='ltr'>Fragm.</span> <span class='ocrx_word' id='word_1_150' title='bbox 762 755 853 785; x_wconf 88' lang='lat' dir='ltr'>Taub.</span> <span class='ocrx_word' id='word_1_151' title='bbox 868 765 896 792; x_wconf 88' lang='lat' dir='ltr'>p.</span> <span class='ocrx_word' id='word_1_152' title='bbox 914 758 993 791; x_wconf 83' lang='lat'>1463.</span> <span class='ocrx_word' id='word_1_153' title='bbox 1006 763 1031 784; x_wconf 90' lang='lat' dir='ltr'>v.</span> <span class='ocrx_word' id='word_1_154' title='bbox 1046 763 1088 784; x_wconf 98' lang='lat'>12.</span> <span class='ocrx_word' id='word_1_155' title='bbox 1111 753 1150 783; x_wconf 87' lang='lat' dir='ltr'>Ad</span> <span class='ocrx_word' id='word_1_156' title='bbox 1160 762 1208 782; x_wconf 86' lang='lat' dir='ltr'>cu·</span> 
     </span>
     <span class='ocr_line' id='line_1_17' title="bbox 79 790 1070 829; baseline 0.002 -10"><span class='ocrx_word' id='word_1_157' title='bbox 79 790 198 821; x_wconf 82' lang='lat' dir='ltr'>bituram</span> <span class='ocrx_word' id='word_1_158' title='bbox 207 802 287 829; x_wconf 83' lang='lat' dir='ltr'>mage</span> <span class='ocrx_word' id='word_1_159' title='bbox 299 792 358 822; x_wconf 90' lang='lat' dir='ltr'>sum</span> <span class='ocrx_word' id='word_1_160' title='bbox 370 793 492 822; x_wconf 85' lang='lat' dir='ltr'>exercita</span> <span class='ocrx_word' id='word_1_161' title='bbox 504 815 512 828; x_wconf 83' lang='lat'><strong>‚</strong></span> <span class='ocrx_word' id='word_1_162' title='bbox 525 795 577 823; x_wconf 64' lang='grc'><strong>816.</strong></span> <span class='ocrx_word' id='word_1_163' title='bbox 600 793 675 823; x_wconf 89' lang='lat' dir='ltr'>conf.</span> <span class='ocrx_word' id='word_1_164' title='bbox 694 793 798 823; x_wconf 80' lang='lat' dir='ltr'>Mutet.</span> <span class='ocrx_word' id='word_1_165' title='bbox 813 792 869 821; x_wconf 90' lang='lat' dir='ltr'>Var.</span> <span class='ocrx_word' id='word_1_166' title='bbox 880 792 954 822; x_wconf 69' lang='lat' dir='ltr'>Lect.</span> <span class='ocrx_word' id='word_1_167' title='bbox 970 798 1010 825; x_wconf 88' lang='lat'>18.</span> <span class='ocrx_word' id='word_1_168' title='bbox 1026 801 1070 821; x_wconf 82' lang='lat'>10.</span> 
     </span>
    </p>
   </div>
   <div class='ocr_carea' id='block_1_4' title="bbox 41 826 1209 906">
    <p class='ocr_par' dir='ltr' id='par_1_4' title="bbox 41 826 1209 906">
     <span class='ocr_line' id='line_1_18' title="bbox 41 826 1209 869; baseline 0 -12"><span class='ocrx_word' id='word_1_169' title='bbox 41 826 117 857; x_wconf 75' lang='lat' dir='ltr'>Cus</span> <span class='ocrx_word' id='word_1_170' title='bbox 127 832 143 858; x_wconf 66' lang='grc' dir='ltr'>Ξ</span> <span class='ocrx_word' id='word_1_171' title='bbox 154 838 240 865; x_wconf 69' lang='lat' dir='ltr'>Tou,</span> <span class='ocrx_word' id='word_1_172' title='bbox 261 831 326 860; x_wconf 72' lang='lat' dir='ltr'>oris.</span> <span class='ocrx_word' id='word_1_173' title='bbox 348 840 385 860; x_wconf 90' lang='lat' dir='ltr'>m.</span> <span class='ocrx_word' id='word_1_174' title='bbox 409 830 513 861; x_wconf 87' lang='lat' dir='ltr'>Paulin.</span> <span class='ocrx_word' id='word_1_175' title='bbox 528 831 611 869; x_wconf 88' lang='lat' dir='ltr'>Epist.</span> <span class='ocrx_word' id='word_1_176' title='bbox 624 840 668 860; x_wconf 91' lang='lat'>21.</span> <span class='ocrx_word' id='word_1_177' title='bbox 679 841 706 867; x_wconf 83' lang='grc'>4.</span> <span class='ocrx_word' id='word_1_178' title='bbox 727 832 804 867; x_wconf 88' lang='lat' dir='ltr'>(vet.</span> <span class='ocrx_word' id='word_1_179' title='bbox 820 830 889 860; x_wconf 89' lang='lat' dir='ltr'>edit.</span> <span class='ocrx_word' id='word_1_180' title='bbox 902 830 969 866; x_wconf 80' lang='lat'>24.)</span> <span class='ocrx_word' id='word_1_181' title='bbox 990 829 1113 865; x_wconf 74' lang='lat' dir='ltr'>,Ioannes</span> <span class='ocrx_word' id='word_1_182' title='bbox 1131 827 1209 858; x_wconf 87' lang='lat' dir='ltr'>beati</span> 
     </span>
     <span class='ocr_line' id='line_1_19' title="bbox 80 865 488 906; baseline 0.002 -11"><span class='ocrx_word' id='word_1_183' title='bbox 80 865 223 897; x_wconf 89' lang='lat' dir='ltr'>Dominici</span> <span class='ocrx_word' id='word_1_184' title='bbox 233 868 353 906; x_wconf 63' lang='lat' dir='ltr'>pec‘toris</span> <span class='ocrx_word' id='word_1_185' title='bbox 365 868 488 898; x_wconf 87' lang='lat' dir='ltr'>cubator.</span> 
     </span>
    </p>
   </div>
   <div class='ocr_carea' id='block_1_5' title="bbox 41 902 1246 4022">
    <p class='ocr_par' dir='ltr' id='par_1_5' title="bbox 42 902 1208 942">
     <span class='ocr_line' id='line_1_20' title="bbox 42 902 1208 942; baseline 0 -10"><span class='ocrx_word' id='word_1_186' title='bbox 42 902 66 932; x_wconf 89' lang='lat' dir='ltr'>C</span> <span class='ocrx_word' id='word_1_187' title='bbox 77 913 95 933; x_wconf 88' lang='lat' dir='ltr'>u</span> <span class='ocrx_word' id='word_1_188' title='bbox 105 915 120 933; x_wconf 68' lang='lat' dir='ltr'>n</span> <span class='ocrx_word' id='word_1_189' title='bbox 129 907 141 934; x_wconf 79' lang='grc' dir='ltr'><em>ἴ</em></span> <span class='ocrx_word' id='word_1_190' title='bbox 149 914 169 934; x_wconf 87' lang='lat' dir='ltr'>T</span> <span class='ocrx_word' id='word_1_191' title='bbox 178 915 195 934; x_wconf 91' lang='lat' dir='ltr'>o</span> <span class='ocrx_word' id='word_1_192' title='bbox 206 916 232 941; x_wconf 73' lang='lat' dir='ltr'>a,</span> <span class='ocrx_word' id='word_1_193' title='bbox 249 906 313 936; x_wconf 73' lang='lat' dir='ltr'>b‘ris.</span> <span class='ocrx_word' id='word_1_194' title='bbox 334 915 371 935; x_wconf 90' lang='lat' dir='ltr'>m.</span> <span class='ocrx_word' id='word_1_195' title='bbox 394 912 442 941; x_wconf 88' lang='lat' dir='ltr'>ut,</span> <span class='ocrx_word' id='word_1_196' title='bbox 464 905 517 936; x_wconf 87' lang='lat' dir='ltr'>Bos</span> <span class='ocrx_word' id='word_1_197' title='bbox 529 905 646 935; x_wconf 83' lang='lat' dir='ltr'>cubitor.</span> <span class='ocrx_word' id='word_1_198' title='bbox 660 905 798 935; x_wconf 88' lang='lat' dir='ltr'>Columel.</span> <span class='ocrx_word' id='word_1_199' title='bbox 809 909 835 935; x_wconf 88' lang='lat'>6.</span> <span class='ocrx_word' id='word_1_200' title='bbox 845 915 871 935; x_wconf 86' lang='lat'>2.</span> <span class='ocrx_word' id='word_1_201' title='bbox 885 905 944 942; x_wconf 87' lang='lat' dir='ltr'>Qui</span> <span class='ocrx_word' id='word_1_202' title='bbox 955 913 1040 942; x_wconf 87' lang='lat' dir='ltr'>opere</span> <span class='ocrx_word' id='word_1_203' title='bbox 1053 902 1208 934; x_wconf 80' lang='lat' dir='ltr'>decumbit.</span> 
     </span>
    </p>

    <p class='ocr_par' dir='ltr' id='par_1_6' title="bbox 43 941 1211 1019">
     <span class='ocr_line' id='line_1_21' title="bbox 43 941 1211 986; baseline 0 -16"><span class='ocrx_word' id='word_1_204' title='bbox 43 941 67 970; x_wconf 87' lang='lat' dir='ltr'>C</span> <span class='ocrx_word' id='word_1_205' title='bbox 76 951 96 971; x_wconf 82' lang='grc' dir='ltr'>υ</span> <span class='ocrx_word' id='word_1_206' title='bbox 106 952 167 986; x_wconf 65' lang='grc'><strong>1111·</strong></span> <span class='ocrx_word' id='word_1_207' title='bbox 177 946 195 973; x_wconf 86' lang='grc' dir='ltr'>δ</span> <span class='ocrx_word' id='word_1_208' title='bbox 206 954 220 972; x_wconf 82' lang='lat' dir='ltr'>R</span> <span class='ocrx_word' id='word_1_209' title='bbox 231 955 240 973; x_wconf 87' lang='lat'>1</span> <span class='ocrx_word' id='word_1_210' title='bbox 250 954 269 973; x_wconf 86' lang='lat' dir='ltr'>u</span> <span class='ocrx_word' id='word_1_211' title='bbox 279 954 292 974; x_wconf 93' lang='lat' dir='ltr'>s</span> <span class='ocrx_word' id='word_1_212' title='bbox 301 965 309 979; x_wconf 89' lang='lat'>‚</span> <span class='ocrx_word' id='word_1_213' title='bbox 331 954 346 973; x_wconf 88' lang='grc'>3</span> <span class='ocrx_word' id='word_1_214' title='bbox 357 966 365 977; x_wconf 83' lang='grc'><em>,</em></span> <span class='ocrx_word' id='word_1_215' title='bbox 387 953 443 974; x_wconf 88' lang='lat' dir='ltr'>um.</span> <span class='ocrx_word' id='word_1_216' title='bbox 466 944 526 979; x_wconf 85' lang='lat' dir='ltr'>Adj.</span> <span class='ocrx_word' id='word_1_217' title='bbox 549 951 580 973; x_wconf 91' lang='lat' dir='ltr'>ut</span> <span class='ocrx_word' id='word_1_218' title='bbox 589 966 597 978; x_wconf 78' lang='lat'>,</span> <span class='ocrx_word' id='word_1_219' title='bbox 619 943 786 973; x_wconf 86' lang='lat' dir='ltr'>Vestimenta</span> <span class='ocrx_word' id='word_1_220' title='bbox 798 943 945 973; x_wconf 87' lang='lat' dir='ltr'>cubitoria.</span> <span class='ocrx_word' id='word_1_221' title='bbox 967 943 1079 973; x_wconf 89' lang='lat' dir='ltr'>Petron.</span> <span class='ocrx_word' id='word_1_222' title='bbox 1093 951 1155 979; x_wconf 91' lang='lat' dir='ltr'>cap.</span> <span class='ocrx_word' id='word_1_223' title='bbox 1166 950 1211 978; x_wconf 87' lang='lat'>30.</span> 
     </span>
     <span class='ocr_line' id='line_1_22' title="bbox 82 979 701 1019; baseline 0.002 -10"><span class='ocrx_word' id='word_1_224' title='bbox 82 979 135 1009; x_wconf 88' lang='lat' dir='ltr'>Aln</span> <span class='ocrx_word' id='word_1_225' title='bbox 150 981 247 1019; x_wconf 88' lang='lat' dir='ltr'>legunt</span> <span class='ocrx_word' id='word_1_226' title='bbox 258 980 437 1012; x_wconf 88' lang='lat' dir='ltr'>Accubitoria</span> <span class='ocrx_word' id='word_1_227' title='bbox 448 1003 456 1017; x_wconf 77' lang='lat'>‚</span> <span class='ocrx_word' id='word_1_228' title='bbox 476 981 521 1011; x_wconf 90' lang='lat' dir='ltr'>vel</span> <span class='ocrx_word' id='word_1_229' title='bbox 534 981 701 1011; x_wconf 87' lang='lat' dir='ltr'>Acubitoria.</span> 
     </span>
    </p>

    <p class='ocr_par' dir='ltr' id='par_1_7' title="bbox 41 1015 1211 1094">
     <span class='ocr_line' id='line_1_23' title="bbox 41 1015 1211 1056; baseline -0.003 -8"><span class='ocrx_word' id='word_1_230' title='bbox 41 1017 66 1048; x_wconf 89' lang='lat' dir='ltr'>C</span> <span class='ocrx_word' id='word_1_231' title='bbox 76 1028 94 1047; x_wconf 87' lang='lat' dir='ltr'>u</span> <span class='ocrx_word' id='word_1_232' title='bbox 105 1028 120 1046; x_wconf 80' lang='grc'>11</span> <span class='ocrx_word' id='word_1_233' title='bbox 128 1020 140 1047; x_wconf 75' lang='grc' dir='ltr'><em>ἶ</em></span> <span class='ocrx_word' id='word_1_234' title='bbox 148 1028 168 1047; x_wconf 82' lang='lat' dir='ltr'>T</span> <span class='ocrx_word' id='word_1_235' title='bbox 178 1029 194 1048; x_wconf 95' lang='grc' dir='ltr'><strong>ο</strong></span> <span class='ocrx_word' id='word_1_236' title='bbox 205 1041 213 1054; x_wconf 88' lang='grc'><em>,</em></span> <span class='ocrx_word' id='word_1_237' title='bbox 235 1019 383 1056; x_wconf 67' lang='grc' dir='ltr'><strong><em>[λίχομσα]</em></strong></span> <span class='ocrx_word' id='word_1_238' title='bbox 403 1022 460 1049; x_wconf 67' lang='lat' dir='ltr'>are.</span> <span class='ocrx_word' id='word_1_239' title='bbox 479 1020 618 1056; x_wconf 79' lang='lat' dir='ltr'>frequent.</span> <span class='ocrx_word' id='word_1_240' title='bbox 640 1019 698 1049; x_wconf 88' lang='lat' dir='ltr'>Cic.</span> <span class='ocrx_word' id='word_1_241' title='bbox 712 1027 763 1056; x_wconf 84' lang='lat' dir='ltr'>pro</span> <span class='ocrx_word' id='word_1_242' title='bbox 774 1018 845 1048; x_wconf 81' lang='lat' dir='ltr'>Coel.</span> <span class='ocrx_word' id='word_1_243' title='bbox 860 1022 904 1053; x_wconf 80' lang='lat'>36.</span> <span class='ocrx_word' id='word_1_244' title='bbox 926 1018 983 1054; x_wconf 80' lang='lat' dir='ltr'>Qui</span> <span class='ocrx_word' id='word_1_245' title='bbox 995 1022 1109 1055; x_wconf 86' lang='lat' dir='ltr'>propter</span> <span class='ocrx_word' id='word_1_246' title='bbox 1117 1015 1211 1045; x_wconf 88' lang='lat' dir='ltr'>nescio</span> 
     </span>
     <span class='ocr_line' id='line_1_24' title="bbox 80 1054 1211 1094; baseline 0 -10"><span class='ocrx_word' id='word_1_247' title='bbox 80 1065 164 1092; x_wconf 87' lang='lat' dir='ltr'>quam</span> <span class='ocrx_word' id='word_1_248' title='bbox 174 1058 259 1087; x_wconf 90' lang='lat' dir='ltr'>credo</span> <span class='ocrx_word' id='word_1_249' title='bbox 271 1057 461 1091; x_wconf 82' lang='lat' dir='ltr'>timiditatem,</span> <span class='ocrx_word' id='word_1_250' title='bbox 483 1058 509 1088; x_wconf 74' lang='lat' dir='ltr'>Sc</span> <span class='ocrx_word' id='word_1_251' title='bbox 520 1059 671 1087; x_wconf 67' lang='lat' dir='ltr'>noelurnos</span> <span class='ocrx_word' id='word_1_252' title='bbox 682 1056 814 1094; x_wconf 87' lang='lat' dir='ltr'>quosdam</span> <span class='ocrx_word' id='word_1_253' title='bbox 826 1058 923 1085; x_wconf 85' lang='lat' dir='ltr'>inanes</span> <span class='ocrx_word' id='word_1_254' title='bbox 934 1063 1025 1085; x_wconf 90' lang='lat' dir='ltr'>metus</span> <span class='ocrx_word' id='word_1_255' title='bbox 1036 1061 1131 1085; x_wconf 90' lang='lat' dir='ltr'>tecum</span> <span class='ocrx_word' id='word_1_256' title='bbox 1141 1054 1211 1083; x_wconf 86' lang='lat' dir='ltr'>sem-</span> 
     </span>
    </p>

    <p class='ocr_par' dir='ltr' id='par_1_8' title="bbox 44 1094 1213 1247">
     <span class='ocr_line' id='line_1_25' title="bbox 44 1094 1212 1169; baseline -0.003 -8"><span class='ocrx_word' id='word_1_257' title='bbox 44 1131 69 1161; x_wconf 86' lang='lat' dir='ltr'>C</span> <span class='ocrx_word' id='word_1_258' title='bbox 80 1094 323 1163; x_wconf 50' lang='lat' dir='ltr'>giffelsffliscunm</span> <span class='ocrx_word' id='word_1_259' title='bbox 333 1095 437 1169; x_wconf 50' lang='lat' dir='ltr'>rfiiffire</span> <span class='ocrx_word' id='word_1_260' title='bbox 448 1094 549 1162; x_wconf 41' lang='lat' dir='ltr'>solvite,</span> <span class='ocrx_word' id='word_1_261' title='bbox 558 1095 703 1167; x_wconf 46' lang='grc' dir='ltr'>ἓὶμῗξξῗῗῑ.</span> <span class='ocrx_word' id='word_1_262' title='bbox 714 1094 994 1162; x_wconf 48' lang='grc' dir='ltr'><strong>1ον16861361111ξξῑί1ί11</strong></span> <span class='ocrx_word' id='word_1_263' title='bbox 1004 1103 1107 1160; x_wconf 42' lang='lat' dir='ltr'>90&#39;uod</span> <span class='ocrx_word' id='word_1_264' title='bbox 1126 1130 1155 1159; x_wconf 88' lang='lat' dir='ltr'>in</span> <span class='ocrx_word' id='word_1_265' title='bbox 1177 1138 1212 1159; x_wconf 87' lang='lat' dir='ltr'>eo</span> 
     </span>
     <span class='ocr_line' id='line_1_26' title="bbox 81 1140 1213 1213; baseline -0.002 -14"><span class='ocrx_word' id='word_1_266' title='bbox 81 1154 211 1213; x_wconf 59' lang='lat' dir='ltr'>cubeturi</span> <span class='ocrx_word' id='word_1_267' title='bbox 251 1155 348 1201; x_wconf 63' lang='lat' dir='ltr'>cicsz.</span> <span class='ocrx_word' id='word_1_268' title='bbox 365 1144 505 1207; x_wconf 55' lang='lat' dir='ltr'>Tuse.’‘39.</span> <span class='ocrx_word' id='word_1_269' title='bbox 521 1144 654 1201; x_wconf 45' lang='lat' dir='ltr'>’Abdi‘xcet</span> <span class='ocrx_word' id='word_1_270' title='bbox 667 1141 806 1199; x_wconf 59' lang='lat' dir='ltr'>Pziirocles</span> <span class='ocrx_word' id='word_1_271' title='bbox 819 1170 924 1206; x_wconf 85' lang='lat' dir='ltr'>credo,</span> <span class='ocrx_word' id='word_1_272' title='bbox 944 1176 976 1198; x_wconf 91' lang='lat' dir='ltr'>ut</span> <span class='ocrx_word' id='word_1_273' title='bbox 993 1140 1115 1198; x_wconf 72' lang='lat' dir='ltr'>c&#39;ollocet</span> <span class='ocrx_word' id='word_1_274' title='bbox 1127 1168 1156 1197; x_wconf 88' lang='lat' dir='ltr'>in</span> <span class='ocrx_word' id='word_1_275' title='bbox 1165 1177 1213 1197; x_wconf 90' lang='lat' dir='ltr'>cu-</span> 
     </span>
     <span class='ocr_line' id='line_1_27' title="bbox 83 1206 441 1247; baseline 0.006 -11"><span class='ocrx_word' id='word_1_276' title='bbox 83 1206 149 1242; x_wconf 75' lang='lat' dir='ltr'>bili,</span> <span class='ocrx_word' id='word_1_277' title='bbox 171 1215 202 1237; x_wconf 88' lang='lat' dir='ltr'>ut</span> <span class='ocrx_word' id='word_1_278' title='bbox 212 1208 312 1238; x_wconf 90' lang='lat' dir='ltr'>vulnus</span> <span class='ocrx_word' id='word_1_279' title='bbox 326 1208 441 1247; x_wconf 82' lang='lat' dir='ltr'>obliget.</span> 
     </span>
    </p>

    <p class='ocr_par' dir='ltr' id='par_1_9' title="bbox 81 1243 775 1280">
     <span class='ocr_line' id='line_1_28' title="bbox 81 1243 775 1280; baseline 0 -6"><span class='ocrx_word' id='word_1_280' title='bbox 81 1243 170 1275; x_wconf 83' lang='lat' dir='ltr'>Terra</span> <span class='ocrx_word' id='word_1_281' title='bbox 181 1247 274 1276; x_wconf 89' lang='lat' dir='ltr'>cubile</span> <span class='ocrx_word' id='word_1_282' title='bbox 281 1256 338 1277; x_wconf 90' lang='lat' dir='ltr'>erat</span> <span class='ocrx_word' id='word_1_283' title='bbox 346 1245 502 1276; x_wconf 87' lang='lat' dir='ltr'>Anacharii.</span> <span class='ocrx_word' id='word_1_284' title='bbox 524 1244 583 1274; x_wconf 86' lang='lat' dir='ltr'>Cic.</span> <span class='ocrx_word' id='word_1_285' title='bbox 597 1255 622 1280; x_wconf 83' lang='grc' dir='ltr'>ς.</span> <span class='ocrx_word' id='word_1_286' title='bbox 636 1243 719 1274; x_wconf 92' lang='lat' dir='ltr'>Tusc.</span> <span class='ocrx_word' id='word_1_287' title='bbox 730 1255 775 1280; x_wconf 89' lang='grc' dir='ltr'>9ο.</span> 
     </span>
    </p>

    <p class='ocr_par' dir='ltr' id='par_1_10' title="bbox 83 1280 1215 1361">
     <span class='ocr_line' id='line_1_29' title="bbox 83 1280 1215 1319; baseline -0.002 -7"><span class='ocrx_word' id='word_1_288' title='bbox 83 1283 187 1314; x_wconf 86' lang='lat' dir='ltr'>Cubile</span> <span class='ocrx_word' id='word_1_289' title='bbox 200 1286 225 1314; x_wconf 80' lang='lat'>&amp;</span> <span class='ocrx_word' id='word_1_290' title='bbox 237 1284 373 1315; x_wconf 66' lang='lat' dir='ltr'>lectulum</span> <span class='ocrx_word' id='word_1_291' title='bbox 387 1283 465 1314; x_wconf 86' lang='lat' dir='ltr'>suum</span> <span class='ocrx_word' id='word_1_292' title='bbox 477 1305 485 1319; x_wconf 89' lang='lat'>‚</span> <span class='ocrx_word' id='word_1_293' title='bbox 505 1282 575 1312; x_wconf 89' lang='lat' dir='ltr'>nulli</span> <span class='ocrx_word' id='word_1_294' title='bbox 586 1281 649 1312; x_wconf 88' lang='lat' dir='ltr'>sunt</span> <span class='ocrx_word' id='word_1_295' title='bbox 660 1284 767 1313; x_wconf 88' lang='lat' dir='ltr'>inventi</span> <span class='ocrx_word' id='word_1_296' title='bbox 778 1291 835 1313; x_wconf 89' lang='lat' dir='ltr'>tam</span> <span class='ocrx_word' id='word_1_297' title='bbox 848 1288 895 1312; x_wconf 90' lang='lat' dir='ltr'>aut</span> <span class='ocrx_word' id='word_1_298' title='bbox 910 1282 1024 1312; x_wconf 84' lang='lat' dir='ltr'>fortuna</span> <span class='ocrx_word' id='word_1_299' title='bbox 1037 1280 1149 1317; x_wconf 87' lang='lat' dir='ltr'>miseri,</span> <span class='ocrx_word' id='word_1_300' title='bbox 1166 1285 1215 1312; x_wconf 79' lang='lat' dir='ltr'>aut</span> 
     </span>
     <span class='ocr_line' id='line_1_30' title="bbox 102 1319 1123 1361; baseline -0.002 -10"><span class='ocrx_word' id='word_1_301' title='bbox 102 1322 246 1352; x_wconf 87' lang='lat' dir='ltr'>voluntate</span> <span class='ocrx_word' id='word_1_302' title='bbox 254 1323 357 1361; x_wconf 89' lang='lat' dir='ltr'>perditi</span> <span class='ocrx_word' id='word_1_303' title='bbox 369 1344 377 1357; x_wconf 91' lang='lat'><strong><em>‚</em></strong></span> <span class='ocrx_word' id='word_1_304' title='bbox 398 1322 445 1359; x_wconf 89' lang='lat' dir='ltr'>qni</span> <span class='ocrx_word' id='word_1_305' title='bbox 457 1331 514 1350; x_wconf 85' lang='lat' dir='ltr'>non</span> <span class='ocrx_word' id='word_1_306' title='bbox 525 1320 630 1350; x_wconf 81' lang='lat' dir='ltr'>salvum</span> <span class='ocrx_word' id='word_1_307' title='bbox 640 1320 694 1352; x_wconf 83' lang='lat' dir='ltr'>effe</span> <span class='ocrx_word' id='word_1_308' title='bbox 707 1321 803 1352; x_wconf 87' lang='lat' dir='ltr'>velint.</span> <span class='ocrx_word' id='word_1_309' title='bbox 826 1321 885 1352; x_wconf 85' lang='lat' dir='ltr'>Cic.</span> <span class='ocrx_word' id='word_1_310' title='bbox 896 1332 922 1358; x_wconf 88' lang='lat'>4.</span> <span class='ocrx_word' id='word_1_311' title='bbox 941 1321 973 1350; x_wconf 80' lang='lat' dir='ltr'>in</span> <span class='ocrx_word' id='word_1_312' title='bbox 982 1319 1064 1350; x_wconf 81' lang='lat' dir='ltr'>Catil.</span> <span class='ocrx_word' id='word_1_313' title='bbox 1079 1328 1123 1356; x_wconf 87' lang='lat'>17.</span> 
     </span>
    </p>

    <p class='ocr_par' dir='ltr' id='par_1_11' title="bbox 84 1359 678 1397">
     <span class='ocr_line' id='line_1_31' title="bbox 84 1359 678 1397; baseline 0.002 -8"><span class='ocrx_word' id='word_1_314' title='bbox 84 1360 182 1390; x_wconf 79' lang='lat' dir='ltr'>Atrum</span> <span class='ocrx_word' id='word_1_315' title='bbox 198 1362 324 1391; x_wconf 89' lang='lat' dir='ltr'>carceris.</span> <span class='ocrx_word' id='word_1_316' title='bbox 346 1360 411 1390; x_wconf 89' lang='lat' dir='ltr'>Sen.</span> <span class='ocrx_word' id='word_1_317' title='bbox 427 1360 455 1388; x_wconf 92' lang='lat' dir='ltr'>in</span> <span class='ocrx_word' id='word_1_318' title='bbox 465 1359 578 1397; x_wconf 85' lang='lat' dir='ltr'>Thyest.</span> <span class='ocrx_word' id='word_1_319' title='bbox 594 1369 620 1390; x_wconf 92' lang='lat' dir='ltr'>v.</span> <span class='ocrx_word' id='word_1_320' title='bbox 632 1369 678 1396; x_wconf 88' lang='lat'>71.</span> 
     </span>
    </p>

    <p class='ocr_par' dir='ltr' id='par_1_12' title="bbox 84 1397 553 1436">
     <span class='ocr_line' id='line_1_32' title="bbox 84 1397 553 1436; baseline -0.002 -9"><span class='ocrx_word' id='word_1_321' title='bbox 84 1397 207 1429; x_wconf 88' lang='lat' dir='ltr'>Castum.</span> <span class='ocrx_word' id='word_1_322' title='bbox 231 1398 319 1429; x_wconf 87' lang='lat' dir='ltr'>Valer.</span> <span class='ocrx_word' id='word_1_323' title='bbox 331 1407 358 1428; x_wconf 87' lang='lat'>2.</span> <span class='ocrx_word' id='word_1_324' title='bbox 375 1399 476 1436; x_wconf 81' lang='lat' dir='ltr'>Argon.</span> <span class='ocrx_word' id='word_1_325' title='bbox 491 1406 553 1434; x_wconf 87' lang='lat'>137.</span> 
     </span>
    </p>

    <p class='ocr_par' dir='ltr' id='par_1_13' title="bbox 84 1435 573 1471">
     <span class='ocr_line' id='line_1_33' title="bbox 84 1435 573 1471; baseline -0.002 -6"><span class='ocrx_word' id='word_1_326' title='bbox 84 1435 236 1467; x_wconf 89' lang='lat' dir='ltr'>Consueta.</span> <span class='ocrx_word' id='word_1_327' title='bbox 258 1436 346 1467; x_wconf 84' lang='lat' dir='ltr'>Ovid.</span> <span class='ocrx_word' id='word_1_328' title='bbox 366 1446 408 1466; x_wconf 91' lang='lat'>11.</span> <span class='ocrx_word' id='word_1_329' title='bbox 423 1435 492 1466; x_wconf 86' lang='lat' dir='ltr'>Met.</span> <span class='ocrx_word' id='word_1_330' title='bbox 507 1444 573 1471; x_wconf 75' lang='lat'>259.</span> 
     </span>
    </p>

    <p class='ocr_par' dir='ltr' id='par_1_14' title="bbox 85 1473 571 1512">
     <span class='ocr_line' id='line_1_34' title="bbox 85 1473 571 1512; baseline -0.002 -9"><span class='ocrx_word' id='word_1_331' title='bbox 85 1473 226 1505; x_wconf 82' lang='lat' dir='ltr'>Humana.</span> <span class='ocrx_word' id='word_1_332' title='bbox 249 1474 372 1512; x_wconf 88' lang='lat' dir='ltr'>Propert.</span> <span class='ocrx_word' id='word_1_333' title='bbox 385 1473 434 1503; x_wconf 87' lang='lat' dir='ltr'>lib.</span> <span class='ocrx_word' id='word_1_334' title='bbox 444 1483 470 1503; x_wconf 91' lang='lat'>2.</span> <span class='ocrx_word' id='word_1_335' title='bbox 487 1482 512 1510; x_wconf 90' lang='lat'>3.</span> <span class='ocrx_word' id='word_1_336' title='bbox 525 1482 571 1510; x_wconf 87' lang='lat'>31.</span> 
     </span>
    </p>

    <p class='ocr_par' dir='ltr' id='par_1_15' title="bbox 85 1509 716 1548">
     <span class='ocr_line' id='line_1_35' title="bbox 85 1509 716 1548; baseline -0.003 -6"><span class='ocrx_word' id='word_1_337' title='bbox 85 1510 253 1542; x_wconf 83' lang='lat' dir='ltr'>Hibernum.</span> <span class='ocrx_word' id='word_1_338' title='bbox 278 1512 378 1542; x_wconf 82' lang='lat' dir='ltr'>Claud.</span> <span class='ocrx_word' id='word_1_339' title='bbox 392 1512 419 1540; x_wconf 89' lang='lat' dir='ltr'>&#39;n</span> <span class='ocrx_word' id='word_1_340' title='bbox 452 1522 471 1541; x_wconf 91' lang='lat' dir='ltr'>r.</span> <span class='ocrx_word' id='word_1_341' title='bbox 484 1511 566 1541; x_wconf 90' lang='lat' dir='ltr'>Cons.</span> <span class='ocrx_word' id='word_1_342' title='bbox 577 1509 639 1541; x_wconf 84' lang='lat' dir='ltr'>Stil.</span> <span class='ocrx_word' id='word_1_343' title='bbox 653 1519 716 1548; x_wconf 75' lang='lat'>13⁰·</span> 
     </span>
    </p>

    <p class='ocr_par' dir='ltr' id='par_1_16' title="bbox 86 1549 543 1588">
     <span class='ocr_line' id='line_1_36' title="bbox 86 1549 543 1588; baseline -0.002 -9"><span class='ocrx_word' id='word_1_344' title='bbox 86 1549 239 1587; x_wconf 85' lang='lat' dir='ltr'>Ingratum.</span> <span class='ocrx_word' id='word_1_345' title='bbox 262 1550 335 1588; x_wconf 85' lang='lat' dir='ltr'>Virg.</span> <span class='ocrx_word' id='word_1_346' title='bbox 350 1559 392 1579; x_wconf 86' lang='lat'>12.</span> <span class='ocrx_word' id='word_1_347' title='bbox 440 1559 467 1578; x_wconf 89' lang='lat' dir='ltr'>n.</span> <span class='ocrx_word' id='word_1_348' title='bbox 482 1559 543 1585; x_wconf 88' lang='lat'>144.</span> 
     </span>
    </p>

    <p class='ocr_par' dir='ltr' id='par_1_17' title="bbox 85 1585 798 1625">
     <span class='ocr_line' id='line_1_37' title="bbox 85 1585 798 1625; baseline 0 -8"><span class='ocrx_word' id='word_1_349' title='bbox 85 1587 262 1624; x_wconf 85' lang='lat' dir='ltr'>Obscurum,</span> <span class='ocrx_word' id='word_1_350' title='bbox 284 1588 426 1618; x_wconf 86' lang='lat' dir='ltr'>Abditum.</span> <span class='ocrx_word' id='word_1_351' title='bbox 448 1588 555 1617; x_wconf 86' lang='lat' dir='ltr'>Seneca</span> <span class='ocrx_word' id='word_1_352' title='bbox 568 1585 684 1625; x_wconf 77' lang='lat' dir='ltr'>Hippoi.</span> <span class='ocrx_word' id='word_1_353' title='bbox 697 1596 723 1617; x_wconf 82' lang='lat' dir='ltr'>v.</span> <span class='ocrx_word' id='word_1_354' title='bbox 736 1594 798 1623; x_wconf 75' lang='lat'>522.</span> 
     </span>
    </p>

    <p class='ocr_par' dir='ltr' id='par_1_18' title="bbox 86 1625 552 1661">
     <span class='ocr_line' id='line_1_38' title="bbox 86 1625 552 1661; baseline -0.002 -5"><span class='ocrx_word' id='word_1_355' title='bbox 86 1625 219 1656; x_wconf 82' lang='lat' dir='ltr'>Patrium.</span> <span class='ocrx_word' id='word_1_356' title='bbox 240 1627 325 1656; x_wconf 79' lang='lat' dir='ltr'>Ovid.</span> <span class='ocrx_word' id='word_1_357' title='bbox 342 1635 385 1661; x_wconf 84' lang='lat'>15.</span> <span class='ocrx_word' id='word_1_358' title='bbox 403 1625 474 1655; x_wconf 83' lang='lat' dir='ltr'>Met.</span> <span class='ocrx_word' id='word_1_359' title='bbox 490 1635 552 1660; x_wconf 82' lang='lat'>59²·</span> 
     </span>
    </p>

    <p class='ocr_par' dir='ltr' id='par_1_19' title="bbox 86 1663 627 1699">
     <span class='ocr_line' id='line_1_39' title="bbox 86 1663 627 1699; baseline 0 -6"><span class='ocrx_word' id='word_1_360' title='bbox 86 1663 224 1694; x_wconf 73' lang='lat' dir='ltr'>Praedura.</span> <span class='ocrx_word' id='word_1_361' title='bbox 244 1664 344 1694; x_wconf 91' lang='lat' dir='ltr'>Claud.</span> <span class='ocrx_word' id='word_1_362' title='bbox 357 1664 393 1693; x_wconf 91' lang='lat' dir='ltr'>de</span> <span class='ocrx_word' id='word_1_363' title='bbox 408 1663 474 1693; x_wconf 83' lang='lat' dir='ltr'>Bell.</span> <span class='ocrx_word' id='word_1_364' title='bbox 488 1663 551 1693; x_wconf 89' lang='lat' dir='ltr'>Get.</span> <span class='ocrx_word' id='word_1_365' title='bbox 563 1672 627 1699; x_wconf 72' lang='lat'>359.</span> 
     </span>
    </p>

    <p class='ocr_par' dir='ltr' id='par_1_20' title="bbox 87 1696 1222 1775">
     <span class='ocr_line' id='line_1_40' title="bbox 87 1696 1222 1738; baseline -0.002 -6"><span class='ocrx_word' id='word_1_366' title='bbox 87 1701 287 1732; x_wconf 85' lang='lat' dir='ltr'>Salutatorium</span> <span class='ocrx_word' id='word_1_367' title='bbox 298 1701 393 1732; x_wconf 84' lang='lat' dir='ltr'>cubile</span> <span class='ocrx_word' id='word_1_368' title='bbox 405 1723 413 1736; x_wconf 84' lang='lat'><em>‚</em></span> <span class='ocrx_word' id='word_1_369' title='bbox 435 1701 467 1731; x_wconf 90' lang='lat' dir='ltr'>In</span> <span class='ocrx_word' id='word_1_370' title='bbox 483 1711 539 1738; x_wconf 88' lang='lat' dir='ltr'>quo</span> <span class='ocrx_word' id='word_1_371' title='bbox 549 1700 693 1731; x_wconf 71' lang='lat' dir='ltr'>simulacra</span> <span class='ocrx_word' id='word_1_372' title='bbox 704 1699 830 1731; x_wconf 78' lang='lat' dir='ltr'>Deorum</span> <span class='ocrx_word' id='word_1_373' title='bbox 847 1698 959 1738; x_wconf 79' lang='lat' dir='ltr'>imponi</span> <span class='ocrx_word' id='word_1_374' title='bbox 977 1696 1084 1730; x_wconf 78' lang='lat' dir='ltr'>solent:</span> <span class='ocrx_word' id='word_1_375' title='bbox 1107 1696 1183 1736; x_wconf 83' lang='lat' dir='ltr'>quod</span> <span class='ocrx_word' id='word_1_376' title='bbox 1193 1698 1222 1730; x_wconf 62' lang='grc' dir='ltr'><strong>ἃ</strong></span> 
     </span>
     <span class='ocr_line' id='line_1_41' title="bbox 108 1739 787 1775; baseline -0.001 -5"><span class='ocrx_word' id='word_1_377' title='bbox 108 1740 254 1770; x_wconf 87' lang='lat' dir='ltr'>Cararium</span> <span class='ocrx_word' id='word_1_378' title='bbox 268 1740 324 1770; x_wconf 87' lang='lat' dir='ltr'>alio</span> <span class='ocrx_word' id='word_1_379' title='bbox 336 1740 453 1769; x_wconf 90' lang='lat' dir='ltr'>nomine</span> <span class='ocrx_word' id='word_1_380' title='bbox 464 1739 576 1770; x_wconf 84' lang='lat' dir='ltr'>dicitur.</span> <span class='ocrx_word' id='word_1_381' title='bbox 597 1739 669 1769; x_wconf 67' lang='lat' dir='ltr'>Pan.</span> <span class='ocrx_word' id='word_1_382' title='bbox 684 1747 729 1775; x_wconf 84' lang='lat'>15.</span> <span class='ocrx_word' id='word_1_383' title='bbox 742 1748 787 1769; x_wconf 85' lang='lat'>11.</span> 
     </span>
    </p>

    <p class='ocr_par' dir='ltr' id='par_1_21' title="bbox 87 1777 521 1815">
     <span class='ocr_line' id='line_1_42' title="bbox 87 1777 521 1815; baseline 0 -7"><span class='ocrx_word' id='word_1_384' title='bbox 87 1779 210 1809; x_wconf 81' lang='lat' dir='ltr'>Secreta.</span> <span class='ocrx_word' id='word_1_385' title='bbox 233 1778 318 1809; x_wconf 92' lang='lat' dir='ltr'>Ovid.</span> <span class='ocrx_word' id='word_1_386' title='bbox 332 1789 355 1808; x_wconf 89' lang='lat'>1.</span> <span class='ocrx_word' id='word_1_387' title='bbox 372 1777 439 1808; x_wconf 80' lang='lat' dir='ltr'>Fast.</span> <span class='ocrx_word' id='word_1_388' title='bbox 455 1788 521 1815; x_wconf 86' lang='lat'>427.</span> 
     </span>
    </p>

    <p class='ocr_par' dir='ltr' id='par_1_22' title="bbox 89 1816 424 1854">
     <span class='ocr_line' id='line_1_43' title="bbox 89 1816 424 1854; baseline 0 -8"><span class='ocrx_word' id='word_1_389' title='bbox 89 1817 231 1847; x_wconf 88' lang='lat' dir='ltr'>Tacitum.</span> <span class='ocrx_word' id='word_1_390' title='bbox 255 1816 346 1846; x_wconf 88' lang='lat' dir='ltr'>Catul.</span> <span class='ocrx_word' id='word_1_391' title='bbox 360 1819 385 1846; x_wconf 88' lang='lat'>6.</span> <span class='ocrx_word' id='word_1_392' title='bbox 397 1825 424 1854; x_wconf 87' lang='lat'>7.</span> 
     </span>
    </p>

    <p class='ocr_par' dir='ltr' id='par_1_23' title="bbox 89 1853 566 1892">
     <span class='ocr_line' id='line_1_44' title="bbox 89 1853 566 1892; baseline -0.002 -8"><span class='ocrx_word' id='word_1_393' title='bbox 89 1853 224 1885; x_wconf 89' lang='lat' dir='ltr'>Viduum.</span> <span class='ocrx_word' id='word_1_394' title='bbox 246 1855 331 1885; x_wconf 85' lang='lat' dir='ltr'>Ovid.</span> <span class='ocrx_word' id='word_1_395' title='bbox 345 1859 388 1884; x_wconf 88' lang='lat'>16.</span> <span class='ocrx_word' id='word_1_396' title='bbox 405 1853 488 1892; x_wconf 88' lang='lat' dir='ltr'>Epist.</span> <span class='ocrx_word' id='word_1_397' title='bbox 502 1862 566 1890; x_wconf 67' lang='grc' dir='ltr'>μς.</span> 
     </span>
    </p>

    <p class='ocr_par' dir='ltr' id='par_1_24' title="bbox 91 1891 671 1931">
     <span class='ocr_line' id='line_1_45' title="bbox 91 1891 671 1931; baseline -0.003 -9"><span class='ocrx_word' id='word_1_398' title='bbox 91 1892 247 1923; x_wconf 76' lang='lat' dir='ltr'>Ascendere</span> <span class='ocrx_word' id='word_1_399' title='bbox 258 1893 361 1923; x_wconf 87' lang='lat' dir='ltr'>cubile.</span> <span class='ocrx_word' id='word_1_400' title='bbox 384 1892 457 1931; x_wconf 84' lang='lat' dir='ltr'>Virg.</span> <span class='ocrx_word' id='word_1_401' title='bbox 477 1901 518 1921; x_wconf 84' lang='lat'>12.</span> <span class='ocrx_word' id='word_1_402' title='bbox 531 1891 595 1921; x_wconf 82' lang='lat' dir='ltr'>IEn.</span> <span class='ocrx_word' id='word_1_403' title='bbox 609 1899 671 1927; x_wconf 80' lang='grc'><strong>144.</strong></span> 
     </span>
    </p>

    <p class='ocr_par' dir='ltr' id='par_1_25' title="bbox 94 1926 800 1968">
     <span class='ocr_line' id='line_1_46' title="bbox 94 1926 800 1968; baseline -0.004 -8"><span class='ocrx_word' id='word_1_404' title='bbox 94 1931 242 1961; x_wconf 76' lang='lat' dir='ltr'>Collocare</span> <span class='ocrx_word' id='word_1_405' title='bbox 253 1932 374 1968; x_wconf 86' lang='lat' dir='ltr'>aliquem</span> <span class='ocrx_word' id='word_1_406' title='bbox 387 1931 415 1960; x_wconf 90' lang='lat' dir='ltr'>in</span> <span class='ocrx_word' id='word_1_407' title='bbox 427 1929 522 1960; x_wconf 92' lang='lat' dir='ltr'>cubili.</span> <span class='ocrx_word' id='word_1_408' title='bbox 547 1929 605 1959; x_wconf 89' lang='lat' dir='ltr'>Cic.</span> <span class='ocrx_word' id='word_1_409' title='bbox 618 1937 644 1958; x_wconf 82' lang='lat'>2.</span> <span class='ocrx_word' id='word_1_410' title='bbox 657 1926 740 1959; x_wconf 91' lang='lat' dir='ltr'>Tusc.</span> <span class='ocrx_word' id='word_1_411' title='bbox 755 1936 800 1965; x_wconf 75' lang='lat'>39.</span> 
     </span>
    </p>

    <p class='ocr_par' dir='ltr' id='par_1_26' title="bbox 92 1967 666 2004">
     <span class='ocr_line' id='line_1_47' title="bbox 92 1967 666 2004; baseline -0.002 -5"><span class='ocrx_word' id='word_1_412' title='bbox 92 1968 168 2001; x_wconf 80' lang='lat' dir='ltr'>luite</span> <span class='ocrx_word' id='word_1_413' title='bbox 179 1969 274 1999; x_wconf 84' lang='lat' dir='ltr'>cubile</span> <span class='ocrx_word' id='word_1_414' title='bbox 284 1970 405 1999; x_wconf 89' lang='lat' dir='ltr'>alterius.</span> <span class='ocrx_word' id='word_1_415' title='bbox 429 1969 486 1998; x_wconf 88' lang='lat' dir='ltr'>Cic.</span> <span class='ocrx_word' id='word_1_416' title='bbox 495 1978 521 2004; x_wconf 82' lang='lat'>9.</span> <span class='ocrx_word' id='word_1_417' title='bbox 533 1967 607 1997; x_wconf 82' lang='lat' dir='ltr'>Fam.</span> <span class='ocrx_word' id='word_1_418' title='bbox 621 1976 666 1998; x_wconf 87' lang='lat'>22.</span> 
     </span>
    </p>

    <p class='ocr_par' dir='ltr' id='par_1_27' title="bbox 92 2007 565 2045">
     <span class='ocr_line' id='line_1_48' title="bbox 92 2007 565 2045; baseline -0.004 -8"><span class='ocrx_word' id='word_1_419' title='bbox 92 2007 249 2038; x_wconf 80' lang='lat' dir='ltr'>lustratum.</span> <span class='ocrx_word' id='word_1_420' title='bbox 270 2007 344 2045; x_wconf 91' lang='lat' dir='ltr'>Virg.</span> <span class='ocrx_word' id='word_1_421' title='bbox 356 2016 380 2043; x_wconf 84' lang='lat'>3.</span> <span class='ocrx_word' id='word_1_422' title='bbox 390 2007 490 2043; x_wconf 87' lang='lat' dir='ltr'>Georg.</span> <span class='ocrx_word' id='word_1_423' title='bbox 500 2014 565 2042; x_wconf 82' lang='lat'>230.</span> 
     </span>
    </p>

    <p class='ocr_par' dir='ltr' id='par_1_28' title="bbox 93 2045 602 2083">
     <span class='ocr_line' id='line_1_49' title="bbox 93 2045 602 2083; baseline -0.008 -7"><span class='ocrx_word' id='word_1_424' title='bbox 93 2045 201 2076; x_wconf 79' lang='lat' dir='ltr'>Ponere</span> <span class='ocrx_word' id='word_1_425' title='bbox 208 2046 312 2076; x_wconf 85' lang='lat' dir='ltr'>cubile.</span> <span class='ocrx_word' id='word_1_426' title='bbox 339 2045 409 2083; x_wconf 89' lang='lat' dir='ltr'>Virg.</span> <span class='ocrx_word' id='word_1_427' title='bbox 423 2048 447 2074; x_wconf 90' lang='lat'>6.</span> <span class='ocrx_word' id='word_1_428' title='bbox 462 2045 524 2075; x_wconf 76' lang='lat' dir='ltr'>ffin.</span> <span class='ocrx_word' id='word_1_429' title='bbox 537 2052 602 2081; x_wconf 76' lang='lat'>274.</span> 
     </span>
    </p>

    <p class='ocr_par' dir='ltr' id='par_1_29' title="bbox 376 2078 836 2121">
     <span class='ocr_line' id='line_1_50' title="bbox 376 2078 836 2121; baseline -0.007 -8"><span class='ocrx_word' id='word_1_430' title='bbox 376 2098 415 2105; x_wconf 90' lang='lat'>·-—</span> <span class='ocrx_word' id='word_1_431' title='bbox 424 2082 574 2121; x_wconf 82' lang='lat' dir='ltr'>primisque</span> <span class='ocrx_word' id='word_1_432' title='bbox 584 2083 614 2110; x_wconf 88' lang='lat' dir='ltr'>in</span> <span class='ocrx_word' id='word_1_433' title='bbox 622 2078 750 2111; x_wconf 73' lang='lat' dir='ltr'>faucibus</span> <span class='ocrx_word' id='word_1_434' title='bbox 765 2078 836 2110; x_wconf 67' lang='lat' dir='ltr'>Orci</span> 
     </span>
    </p>

    <p class='ocr_par' dir='ltr' id='par_1_30' title="bbox 93 2119 844 2235">
     <span class='ocr_line' id='line_1_51' title="bbox 174 2119 786 2159; baseline -0.008 -7"><span class='ocrx_word' id='word_1_435' title='bbox 174 2121 278 2152; x_wconf 60' lang='lat' dir='ltr'>Luctus</span> <span class='ocrx_word' id='word_1_436' title='bbox 289 2123 315 2151; x_wconf 85' lang='lat'>&amp;</span> <span class='ocrx_word' id='word_1_437' title='bbox 328 2121 441 2151; x_wconf 74' lang='lat' dir='ltr'>ultrices</span> <span class='ocrx_word' id='word_1_438' title='bbox 454 2120 571 2159; x_wconf 82' lang='lat' dir='ltr'>posuere</span> <span class='ocrx_word' id='word_1_439' title='bbox 586 2119 689 2149; x_wconf 87' lang='lat' dir='ltr'>cubilia</span> <span class='ocrx_word' id='word_1_440' title='bbox 699 2119 786 2148; x_wconf 81' lang='lat' dir='ltr'>Curae.</span> 
     </span>
     <span class='ocr_line' id='line_1_52' title="bbox 93 2157 839 2196; baseline -0.005 -6"><span class='ocrx_word' id='word_1_441' title='bbox 93 2160 206 2191; x_wconf 82' lang='lat' dir='ltr'>Sociare</span> <span class='ocrx_word' id='word_1_442' title='bbox 217 2159 321 2190; x_wconf 86' lang='lat' dir='ltr'>cubilia</span> <span class='ocrx_word' id='word_1_443' title='bbox 331 2169 396 2190; x_wconf 91' lang='lat' dir='ltr'>cum</span> <span class='ocrx_word' id='word_1_444' title='bbox 407 2158 510 2196; x_wconf 88' lang='lat' dir='ltr'>aliquo.</span> <span class='ocrx_word' id='word_1_445' title='bbox 533 2157 620 2188; x_wconf 89' lang='lat' dir='ltr'>Ovid.</span> <span class='ocrx_word' id='word_1_446' title='bbox 636 2167 678 2187; x_wconf 90' lang='lat'>10.</span> <span class='ocrx_word' id='word_1_447' title='bbox 692 2157 763 2187; x_wconf 84' lang='lat' dir='ltr'>Met.</span> <span class='ocrx_word' id='word_1_448' title='bbox 773 2160 805 2193; x_wconf 85' lang='lat'>63</span> <span class='ocrx_word' id='word_1_449' title='bbox 813 2166 839 2192; x_wconf 78' lang='grc' dir='ltr'>ς.</span> 
     </span>
     <span class='ocr_line' id='line_1_53' title="bbox 177 2193 844 2235; baseline -0.007 -7"><span class='ocrx_word' id='word_1_450' title='bbox 177 2198 254 2228; x_wconf 90' lang='lat' dir='ltr'>Unus</span> <span class='ocrx_word' id='word_1_451' title='bbox 263 2208 324 2228; x_wconf 90' lang='lat' dir='ltr'>eras</span> <span class='ocrx_word' id='word_1_452' title='bbox 335 2219 342 2233; x_wconf 91' lang='lat'><strong><em>‚</em></strong></span> <span class='ocrx_word' id='word_1_453' title='bbox 362 2207 428 2227; x_wconf 84' lang='lat' dir='ltr'>cum</span> <span class='ocrx_word' id='word_1_454' title='bbox 437 2207 494 2235; x_wconf 85' lang='lat' dir='ltr'>quo</span> <span class='ocrx_word' id='word_1_455' title='bbox 502 2195 608 2226; x_wconf 88' lang='lat' dir='ltr'>sociare</span> <span class='ocrx_word' id='word_1_456' title='bbox 621 2194 724 2225; x_wconf 85' lang='lat' dir='ltr'>cubilia</span> <span class='ocrx_word' id='word_1_457' title='bbox 733 2193 844 2224; x_wconf 87' lang='lat' dir='ltr'>vellem.</span> 
     </span>
    </p>

    <p class='ocr_par' dir='ltr' id='par_1_31' title="bbox 96 2233 800 2273">
     <span class='ocr_line' id='line_1_54' title="bbox 96 2233 800 2273; baseline -0.007 -6"><span class='ocrx_word' id='word_1_458' title='bbox 96 2236 247 2268; x_wconf 76' lang='lat' dir='ltr'>&#39;remerare</span> <span class='ocrx_word' id='word_1_459' title='bbox 259 2234 352 2266; x_wconf 89' lang='lat' dir='ltr'>cubile</span> <span class='ocrx_word' id='word_1_460' title='bbox 361 2236 491 2273; x_wconf 87' lang='lat' dir='ltr'>patrium.</span> <span class='ocrx_word' id='word_1_461' title='bbox 514 2234 598 2264; x_wconf 87' lang='lat' dir='ltr'>Ovid.</span> <span class='ocrx_word' id='word_1_462' title='bbox 611 2244 637 2263; x_wconf 90' lang='lat'>2.</span> <span class='ocrx_word' id='word_1_463' title='bbox 653 2233 723 2263; x_wconf 79' lang='lat' dir='ltr'>Met.</span> <span class='ocrx_word' id='word_1_464' title='bbox 738 2242 800 2269; x_wconf 80' lang='lat'>592.</span> 
     </span>
    </p>

    <p class='ocr_par' dir='ltr' id='par_1_32' title="bbox 96 2266 1227 2460">
     <span class='ocr_line' id='line_1_55' title="bbox 189 2266 1190 2310; baseline -0.006 -6"><span class='ocrx_word' id='word_1_465' title='bbox 189 2275 256 2305; x_wconf 88' lang='lat' dir='ltr'>Non</span> <span class='ocrx_word' id='word_1_466' title='bbox 267 2274 363 2303; x_wconf 87' lang='lat' dir='ltr'>audita</span> <span class='ocrx_word' id='word_1_467' title='bbox 371 2273 423 2303; x_wconf 89' lang='lat' dir='ltr'>tibi</span> <span class='ocrx_word' id='word_1_468' title='bbox 433 2273 471 2302; x_wconf 86' lang='lat' dir='ltr'>est</span> <span class='ocrx_word' id='word_1_469' title='bbox 481 2273 602 2310; x_wconf 88' lang='lat' dir='ltr'>patrium</span> <span class='ocrx_word' id='word_1_470' title='bbox 613 2270 756 2300; x_wconf 76' lang='lat' dir='ltr'>temerasse</span> <span class='ocrx_word' id='word_1_471' title='bbox 765 2269 870 2300; x_wconf 86' lang='lat' dir='ltr'>cubile.</span> <span class='ocrx_word' id='word_1_472' title='bbox 952 2266 995 2298; x_wconf 80' lang='lat' dir='ltr'>Be</span> <span class='ocrx_word' id='word_1_473' title='bbox 1009 2266 1190 2306; x_wconf 61' lang='lat' dir='ltr'>Nyctimene.</span> 
     </span>
     <span class='ocr_line' id='line_1_56' title="bbox 96 2305 1227 2351; baseline -0.005 -8"><span class='ocrx_word' id='word_1_474' title='bbox 96 2312 234 2351; x_wconf 89' lang='lat' dir='ltr'>Usurpare</span> <span class='ocrx_word' id='word_1_475' title='bbox 244 2311 350 2350; x_wconf 86' lang='lat' dir='ltr'>duplex</span> <span class='ocrx_word' id='word_1_476' title='bbox 359 2310 454 2342; x_wconf 89' lang='lat' dir='ltr'>cubile</span> <span class='ocrx_word' id='word_1_477' title='bbox 464 2311 567 2341; x_wconf 89' lang='lat' dir='ltr'>dicitur</span> <span class='ocrx_word' id='word_1_478' title='bbox 579 2309 688 2345; x_wconf 89' lang='lat' dir='ltr'>mulier,</span> <span class='ocrx_word' id='word_1_479' title='bbox 700 2309 798 2346; x_wconf 84' lang='lat' dir='ltr'>Quum</span> <span class='ocrx_word' id='word_1_480' title='bbox 807 2305 986 2338; x_wconf 79' lang='lat' dir='ltr'>adulteratur.</span> <span class='ocrx_word' id='word_1_481' title='bbox 997 2306 1056 2337; x_wconf 91' lang='lat' dir='ltr'>Cic.</span> <span class='ocrx_word' id='word_1_482' title='bbox 1064 2317 1090 2343; x_wconf 86' lang='lat'>9.</span> <span class='ocrx_word' id='word_1_483' title='bbox 1101 2307 1121 2337; x_wconf 91' lang='lat' dir='ltr'>F</span> <span class='ocrx_word' id='word_1_484' title='bbox 1123 2313 1227 2337; x_wconf 60' lang='lat' dir='ltr'>anun-</span> 
     </span>
     <span class='ocr_line' id='line_1_57' title="bbox 97 2347 726 2381; baseline -0.008 0"><span class='ocrx_word' id='word_1_485' title='bbox 97 2351 275 2381; x_wconf 84' lang='lat' dir='ltr'>Transfertur</span> <span class='ocrx_word' id='word_1_486' title='bbox 288 2351 373 2380; x_wconf 85' lang='lat' dir='ltr'>etiam</span> <span class='ocrx_word' id='word_1_487' title='bbox 386 2350 421 2378; x_wconf 91' lang='lat' dir='ltr'>ad</span> <span class='ocrx_word' id='word_1_488' title='bbox 434 2350 502 2378; x_wconf 90' lang='lat' dir='ltr'>Aves</span> <span class='ocrx_word' id='word_1_489' title='bbox 514 2350 540 2378; x_wconf 84' lang='lat'>&amp;</span> <span class='ocrx_word' id='word_1_490' title='bbox 552 2347 653 2378; x_wconf 87' lang='lat' dir='ltr'>Bestias</span> <span class='ocrx_word' id='word_1_491' title='bbox 665 2357 671 2376; x_wconf 95' lang='lat'>:</span> <span class='ocrx_word' id='word_1_492' title='bbox 694 2354 726 2376; x_wconf 91' lang='lat' dir='ltr'>ut</span> 
     </span>
     <span class='ocr_line' id='line_1_58' title="bbox 97 2382 1071 2425; baseline -0.008 -6"><span class='ocrx_word' id='word_1_493' title='bbox 97 2389 209 2420; x_wconf 86' lang='lat' dir='ltr'>Cubilia</span> <span class='ocrx_word' id='word_1_494' title='bbox 222 2390 248 2419; x_wconf 72' lang='grc' dir='ltr'>ἃ</span> <span class='ocrx_word' id='word_1_495' title='bbox 258 2388 318 2417; x_wconf 91' lang='lat' dir='ltr'>nidi</span> <span class='ocrx_word' id='word_1_496' title='bbox 330 2387 497 2425; x_wconf 83' lang='lat' dir='ltr'>gallinarum</span> <span class='ocrx_word' id='word_1_497' title='bbox 508 2387 534 2416; x_wconf 74' lang='grc' dir='ltr'>δι</span> <span class='ocrx_word' id='word_1_498' title='bbox 545 2386 647 2415; x_wconf 85' lang='lat' dir='ltr'>avium.</span> <span class='ocrx_word' id='word_1_499' title='bbox 668 2385 727 2414; x_wconf 86' lang='lat' dir='ltr'>Cic.</span> <span class='ocrx_word' id='word_1_500' title='bbox 747 2394 771 2413; x_wconf 93' lang='lat'>1.</span> <span class='ocrx_word' id='word_1_501' title='bbox 784 2383 821 2412; x_wconf 87' lang='lat' dir='ltr'>de</span> <span class='ocrx_word' id='word_1_502' title='bbox 834 2382 900 2413; x_wconf 82' lang='lat' dir='ltr'>Nat.</span> <span class='ocrx_word' id='word_1_503' title='bbox 914 2382 996 2415; x_wconf 89' lang='lat' dir='ltr'>Deor.</span> <span class='ocrx_word' id='word_1_504' title='bbox 1008 2391 1071 2419; x_wconf 80' lang='lat'>1²9·</span> 
     </span>
     <span class='ocr_line' id='line_1_59' title="bbox 98 2421 951 2460; baseline -0.009 -2"><span class='ocrx_word' id='word_1_505' title='bbox 98 2425 274 2460; x_wconf 81' lang='lat' dir='ltr'>Delitefcunt</span> <span class='ocrx_word' id='word_1_506' title='bbox 282 2425 423 2456; x_wconf 90' lang='lat' dir='ltr'>cubilibus</span> <span class='ocrx_word' id='word_1_507' title='bbox 433 2425 532 2454; x_wconf 84' lang='lat' dir='ltr'>bestiae.</span> <span class='ocrx_word' id='word_1_508' title='bbox 555 2423 613 2453; x_wconf 85' lang='lat' dir='ltr'>Cic.</span> <span class='ocrx_word' id='word_1_509' title='bbox 627 2433 652 2453; x_wconf 91' lang='lat'>2.</span> <span class='ocrx_word' id='word_1_510' title='bbox 664 2422 701 2452; x_wconf 91' lang='lat' dir='ltr'>de</span> <span class='ocrx_word' id='word_1_511' title='bbox 711 2422 775 2452; x_wconf 89' lang='lat' dir='ltr'>Nat.</span> <span class='ocrx_word' id='word_1_512' title='bbox 788 2421 873 2452; x_wconf 90' lang='lat' dir='ltr'>Deor.</span> <span class='ocrx_word' id='word_1_513' title='bbox 889 2425 951 2451; x_wconf 85' lang='lat'>126.</span> 
     </span>
    </p>

    <p class='ocr_par' dir='ltr' id='par_1_33' title="bbox 98 2461 826 2500">
     <span class='ocr_line' id='line_1_60' title="bbox 98 2461 826 2500; baseline -0.01 -4"><span class='ocrx_word' id='word_1_514' title='bbox 98 2466 197 2497; x_wconf 80' lang='lat' dir='ltr'>Moliri</span> <span class='ocrx_word' id='word_1_515' title='bbox 210 2464 313 2495; x_wconf 86' lang='lat' dir='ltr'>cubilia</span> <span class='ocrx_word' id='word_1_516' title='bbox 323 2464 454 2493; x_wconf 85' lang='lat' dir='ltr'>ferarum.</span> <span class='ocrx_word' id='word_1_517' title='bbox 475 2461 597 2500; x_wconf 82' lang='lat' dir='ltr'>Quintil.</span> <span class='ocrx_word' id='word_1_518' title='bbox 608 2461 658 2491; x_wconf 92' lang='lat' dir='ltr'>lib.</span> <span class='ocrx_word' id='word_1_519' title='bbox 671 2470 697 2490; x_wconf 89' lang='lat'>2.</span> <span class='ocrx_word' id='word_1_520' title='bbox 709 2470 770 2498; x_wconf 89' lang='lat' dir='ltr'>cap.</span> <span class='ocrx_word' id='word_1_521' title='bbox 784 2462 826 2489; x_wconf 86' lang='grc'>16.</span> 
     </span>
    </p>

    <p class='ocr_par' dir='ltr' id='par_1_34' title="bbox 98 2498 875 2539">
     <span class='ocr_line' id='line_1_61' title="bbox 98 2498 875 2539; baseline -0.008 -6"><span class='ocrx_word' id='word_1_522' title='bbox 98 2503 211 2536; x_wconf 84' lang='lat' dir='ltr'>Rimosa</span> <span class='ocrx_word' id='word_1_523' title='bbox 224 2502 327 2532; x_wconf 81' lang='lat' dir='ltr'>cubilia</span> <span class='ocrx_word' id='word_1_524' title='bbox 337 2524 345 2536; x_wconf 83' lang='lat'>‚</span> <span class='ocrx_word' id='word_1_525' title='bbox 365 2511 418 2539; x_wconf 88' lang='lat' dir='ltr'>pro</span> <span class='ocrx_word' id='word_1_526' title='bbox 427 2500 568 2531; x_wconf 88' lang='lat' dir='ltr'>Alveariis.</span> <span class='ocrx_word' id='word_1_527' title='bbox 587 2499 660 2537; x_wconf 86' lang='lat' dir='ltr'>Virg.</span> <span class='ocrx_word' id='word_1_528' title='bbox 673 2509 701 2535; x_wconf 86' lang='lat'>4.</span> <span class='ocrx_word' id='word_1_529' title='bbox 713 2498 814 2536; x_wconf 88' lang='lat' dir='ltr'>Georg.</span> <span class='ocrx_word' id='word_1_530' title='bbox 826 2507 875 2534; x_wconf 73' lang='lat'>45.</span> 
     </span>
    </p>

    <p class='ocr_par' dir='ltr' id='par_1_35' title="bbox 99 2539 500 2574">
     <span class='ocr_line' id='line_1_62' title="bbox 99 2539 500 2574; baseline -0.012 -1"><span class='ocrx_word' id='word_1_531' title='bbox 99 2543 135 2573; x_wconf 81' lang='lat' dir='ltr'>Et</span> <span class='ocrx_word' id='word_1_532' title='bbox 146 2543 181 2572; x_wconf 89' lang='lat' dir='ltr'>ad</span> <span class='ocrx_word' id='word_1_533' title='bbox 191 2541 243 2571; x_wconf 88' lang='lat' dir='ltr'>alia</span> <span class='ocrx_word' id='word_1_534' title='bbox 251 2539 413 2570; x_wconf 88' lang='lat' dir='ltr'>transfertur</span> <span class='ocrx_word' id='word_1_535' title='bbox 424 2548 432 2569; x_wconf 72' lang='grc' dir='ltr'>ε</span> <span class='ocrx_word' id='word_1_536' title='bbox 453 2545 500 2574; x_wconf 80' lang='lat' dir='ltr'>ut,</span> 
     </span>
    </p>

    <p class='ocr_par' dir='ltr' id='par_1_36' title="bbox 99 2572 1190 2613">
     <span class='ocr_line' id='line_1_63' title="bbox 99 2572 1190 2613; baseline -0.009 -2"><span class='ocrx_word' id='word_1_537' title='bbox 99 2581 176 2612; x_wconf 91' lang='lat' dir='ltr'>Dura</span> <span class='ocrx_word' id='word_1_538' title='bbox 184 2578 357 2610; x_wconf 76' lang='lat' dir='ltr'>cubiliaferri</span> <span class='ocrx_word' id='word_1_539' title='bbox 369 2586 466 2607; x_wconf 86' lang='lat' dir='ltr'>eruere</span> <span class='ocrx_word' id='word_1_540' title='bbox 474 2588 485 2613; x_wconf 55' lang='lat' dir='ltr'>s,</span> <span class='ocrx_word' id='word_1_541' title='bbox 506 2575 583 2606; x_wconf 83' lang='lat' dir='ltr'>Ferri</span> <span class='ocrx_word' id='word_1_542' title='bbox 593 2575 704 2605; x_wconf 83' lang='lat' dir='ltr'>fodinas</span> <span class='ocrx_word' id='word_1_543' title='bbox 715 2573 850 2604; x_wconf 81' lang='lat' dir='ltr'>effodere.</span> <span class='ocrx_word' id='word_1_544' title='bbox 872 2572 961 2603; x_wconf 78' lang='lat' dir='ltr'>valer.</span> <span class='ocrx_word' id='word_1_545' title='bbox 973 2583 998 2611; x_wconf 83' lang='grc' dir='ltr'>ς.</span> <span class='ocrx_word' id='word_1_546' title='bbox 1010 2572 1113 2610; x_wconf 86' lang='lat' dir='ltr'>Argon.</span> <span class='ocrx_word' id='word_1_547' title='bbox 1128 2581 1190 2608; x_wconf 78' lang='lat'>144.</span> 
     </span>
    </p>

    <p class='ocr_par' dir='ltr' id='par_1_37' title="bbox 194 2613 814 2654">
     <span class='ocr_line' id='line_1_64' title="bbox 194 2613 814 2654; baseline -0.01 -7"><span class='ocrx_word' id='word_1_548' title='bbox 194 2618 267 2647; x_wconf 87' lang='lat' dir='ltr'>Nam</span> <span class='ocrx_word' id='word_1_549' title='bbox 278 2616 355 2654; x_wconf 89' lang='lat' dir='ltr'>prius</span> <span class='ocrx_word' id='word_1_550' title='bbox 365 2616 454 2654; x_wconf 85' lang='lat' dir='ltr'>ignoti</span> <span class='ocrx_word' id='word_1_551' title='bbox 466 2624 548 2653; x_wconf 88' lang='lat' dir='ltr'>quarn</span> <span class='ocrx_word' id='word_1_552' title='bbox 558 2615 626 2643; x_wconf 89' lang='lat' dir='ltr'>dura</span> <span class='ocrx_word' id='word_1_553' title='bbox 636 2613 741 2643; x_wconf 84' lang='lat' dir='ltr'>cubilia</span> <span class='ocrx_word' id='word_1_554' title='bbox 749 2613 814 2641; x_wconf 89' lang='lat' dir='ltr'>ferri</span> 
     </span>
    </p>

    <p class='ocr_par' dir='ltr' id='par_1_38' title="bbox 195 2649 838 2690">
     <span class='ocr_line' id='line_1_65' title="bbox 195 2649 838 2690; baseline -0.009 -5"><span class='ocrx_word' id='word_1_555' title='bbox 195 2656 345 2690; x_wconf 81' lang='lat' dir='ltr'>Eruerent‚</span> <span class='ocrx_word' id='word_1_556' title='bbox 362 2655 414 2683; x_wconf 76' lang='grc' dir='ltr'><strong>διο.</strong></span> <span class='ocrx_word' id='word_1_557' title='bbox 452 2658 461 2659; x_wconf 59' lang='lat'><strong><em>‘</em></strong></span> <span class='ocrx_word' id='word_1_558' title='bbox 497 2652 539 2682; x_wconf 91' lang='lat' dir='ltr'>De</span> <span class='ocrx_word' id='word_1_559' title='bbox 549 2651 707 2689; x_wconf 82' lang='lat' dir='ltr'>Chalybum</span> <span class='ocrx_word' id='word_1_560' title='bbox 720 2649 838 2689; x_wconf 84' lang='lat' dir='ltr'>populo.</span> 
     </span>
    </p>

    <p class='ocr_par' dir='ltr' id='par_1_39' title="bbox 102 2685 1231 2767">
     <span class='ocr_line' id='line_1_66' title="bbox 102 2685 1231 2728; baseline -0.009 -3"><span class='ocrx_word' id='word_1_561' title='bbox 102 2694 213 2726; x_wconf 80' lang='lat' dir='ltr'>Cubilia</span> <span class='ocrx_word' id='word_1_562' title='bbox 222 2693 341 2723; x_wconf 82' lang='lat' dir='ltr'>avaritiae</span> <span class='ocrx_word' id='word_1_563' title='bbox 355 2693 381 2721; x_wconf 85' lang='lat'>&amp;</span> <span class='ocrx_word' id='word_1_564' title='bbox 392 2691 515 2728; x_wconf 79' lang='lat' dir='ltr'>Vestigia.</span> <span class='ocrx_word' id='word_1_565' title='bbox 555 2690 615 2719; x_wconf 87' lang='lat' dir='ltr'>Cic.</span> <span class='ocrx_word' id='word_1_566' title='bbox 625 2701 651 2724; x_wconf 80' lang='grc'>4.</span> <span class='ocrx_word' id='word_1_567' title='bbox 669 2689 743 2718; x_wconf 91' lang='lat' dir='ltr'>Verr.</span> <span class='ocrx_word' id='word_1_568' title='bbox 758 2697 820 2724; x_wconf 85' lang='lat'>190-</span> <span class='ocrx_word' id='word_1_569' title='bbox 842 2686 880 2717; x_wconf 90' lang='lat' dir='ltr'>Ut</span> <span class='ocrx_word' id='word_1_570' title='bbox 893 2694 992 2718; x_wconf 87' lang='lat' dir='ltr'>omnes</span> <span class='ocrx_word' id='word_1_571' title='bbox 1002 2685 1136 2716; x_wconf 86' lang='lat' dir='ltr'>mortales</span> <span class='ocrx_word' id='word_1_572' title='bbox 1154 2685 1231 2715; x_wconf 68' lang='lat' dir='ltr'>istius</span> 
     </span>
     <span class='ocr_line' id='line_1_67' title="bbox 120 2725 1033 2767; baseline -0.009 -5"><span class='ocrx_word' id='word_1_573' title='bbox 120 2733 239 2763; x_wconf 83' lang='lat' dir='ltr'>avaritiae</span> <span class='ocrx_word' id='word_1_574' title='bbox 249 2754 257 2767; x_wconf 83' lang='lat'><em>‚</em></span> <span class='ocrx_word' id='word_1_575' title='bbox 278 2740 337 2760; x_wconf 86' lang='lat' dir='ltr'>non</span> <span class='ocrx_word' id='word_1_576' title='bbox 347 2730 404 2766; x_wconf 84' lang='lat' dir='ltr'>jam</span> <span class='ocrx_word' id='word_1_577' title='bbox 417 2728 543 2766; x_wconf 75' lang='lat' dir='ltr'>vestigia,</span> <span class='ocrx_word' id='word_1_578' title='bbox 563 2727 610 2757; x_wconf 86' lang='lat' dir='ltr'>sed</span> <span class='ocrx_word' id='word_1_579' title='bbox 629 2727 685 2766; x_wconf 80' lang='lat' dir='ltr'>ipsa</span> <span class='ocrx_word' id='word_1_580' title='bbox 698 2726 803 2756; x_wconf 84' lang='lat' dir='ltr'>cubilia</span> <span class='ocrx_word' id='word_1_581' title='bbox 814 2726 910 2756; x_wconf 87' lang='lat' dir='ltr'>videre</span> <span class='ocrx_word' id='word_1_582' title='bbox 921 2725 1033 2764; x_wconf 83' lang='lat' dir='ltr'>poffint.</span> 
     </span>
    </p>

    <p class='ocr_par' dir='ltr' id='par_1_40' title="bbox 102 2764 870 2805">
     <span class='ocr_line' id='line_1_68' title="bbox 102 2764 870 2805; baseline -0.012 -4"><span class='ocrx_word' id='word_1_583' title='bbox 102 2772 244 2805; x_wconf 79' lang='lat' dir='ltr'>Fraudum</span> <span class='ocrx_word' id='word_1_584' title='bbox 257 2768 368 2799; x_wconf 87' lang='lat' dir='ltr'>cubilia.</span> <span class='ocrx_word' id='word_1_585' title='bbox 390 2767 489 2797; x_wconf 84' lang='lat' dir='ltr'>Claud.</span> <span class='ocrx_word' id='word_1_586' title='bbox 502 2775 526 2796; x_wconf 85' lang='lat'>2.</span> <span class='ocrx_word' id='word_1_587' title='bbox 539 2767 568 2794; x_wconf 88' lang='lat' dir='ltr'>in</span> <span class='ocrx_word' id='word_1_588' title='bbox 580 2775 622 2803; x_wconf 89' lang='lat' dir='ltr'>pr.</span> <span class='ocrx_word' id='word_1_589' title='bbox 634 2764 715 2794; x_wconf 83' lang='lat' dir='ltr'>Cous.</span> <span class='ocrx_word' id='word_1_590' title='bbox 731 2764 792 2794; x_wconf 89' lang='lat' dir='ltr'>Stil.</span> <span class='ocrx_word' id='word_1_591' title='bbox 805 2773 870 2800; x_wconf 85' lang='lat'>²¹4-</span> 
     </span>
    </p>

    <p class='ocr_par' dir='ltr' id='par_1_41' title="bbox 103 2799 1233 2881">
     <span class='ocr_line' id='line_1_69' title="bbox 103 2799 1233 2840; baseline -0.009 -1"><span class='ocrx_word' id='word_1_592' title='bbox 103 2809 204 2840; x_wconf 81' lang='lat' dir='ltr'>Cubile</span> <span class='ocrx_word' id='word_1_593' title='bbox 216 2809 300 2838; x_wconf 88' lang='lat' dir='ltr'>etiam</span> <span class='ocrx_word' id='word_1_594' title='bbox 310 2806 412 2836; x_wconf 85' lang='lat' dir='ltr'>dicitur</span> <span class='ocrx_word' id='word_1_595' title='bbox 420 2805 454 2835; x_wconf 89' lang='lat' dir='ltr'>de</span> <span class='ocrx_word' id='word_1_596' title='bbox 465 2805 614 2834; x_wconf 68' lang='lat' dir='ltr'>StruCtura.</span> <span class='ocrx_word' id='word_1_597' title='bbox 637 2803 706 2832; x_wconf 90' lang='lat' dir='ltr'>Plin.</span> <span class='ocrx_word' id='word_1_598' title='bbox 719 2802 767 2832; x_wconf 91' lang='lat' dir='ltr'>lib.</span> <span class='ocrx_word' id='word_1_599' title='bbox 781 2805 824 2839; x_wconf 88' lang='lat'>36.</span> <span class='ocrx_word' id='word_1_600' title='bbox 835 2811 898 2839; x_wconf 88' lang='lat' dir='ltr'>cap.</span> <span class='ocrx_word' id='word_1_601' title='bbox 912 2810 956 2837; x_wconf 79' lang='lat'>14.</span> <span class='ocrx_word' id='word_1_602' title='bbox 979 2800 1018 2830; x_wconf 86' lang='lat' dir='ltr'>Ea</span> <span class='ocrx_word' id='word_1_603' title='bbox 1034 2799 1156 2830; x_wconf 84' lang='lat' dir='ltr'>maxima</span> <span class='ocrx_word' id='word_1_604' title='bbox 1173 2809 1233 2830; x_wconf 86' lang='lat' dir='ltr'>mo-</span> 
     </span>
     <span class='ocr_line' id='line_1_70' title="bbox 124 2839 1192 2881; baseline -0.009 -4"><span class='ocrx_word' id='word_1_605' title='bbox 124 2849 164 2877; x_wconf 90' lang='lat' dir='ltr'>les</span> <span class='ocrx_word' id='word_1_606' title='bbox 177 2848 229 2877; x_wconf 86' lang='lat' dir='ltr'>fuit</span> <span class='ocrx_word' id='word_1_607' title='bbox 238 2868 245 2881; x_wconf 83' lang='lat'><strong>‚</strong></span> <span class='ocrx_word' id='word_1_608' title='bbox 267 2854 319 2875; x_wconf 87' lang='lat' dir='ltr'>nec</span> <span class='ocrx_word' id='word_1_609' title='bbox 327 2845 397 2874; x_wconf 91' lang='lat' dir='ltr'>sedit</span> <span class='ocrx_word' id='word_1_610' title='bbox 408 2844 437 2872; x_wconf 88' lang='lat' dir='ltr'>in</span> <span class='ocrx_word' id='word_1_611' title='bbox 447 2842 543 2873; x_wconf 90' lang='lat' dir='ltr'>cubili.</span> <span class='ocrx_word' id='word_1_612' title='bbox 585 2841 676 2871; x_wconf 88' lang='lat' dir='ltr'>Utitur</span> <span class='ocrx_word' id='word_1_613' title='bbox 689 2841 742 2870; x_wconf 89' lang='lat' dir='ltr'>hac</span> <span class='ocrx_word' id='word_1_614' title='bbox 753 2850 821 2869; x_wconf 84' lang='lat' dir='ltr'>voce·</span> <span class='ocrx_word' id='word_1_615' title='bbox 840 2840 981 2869; x_wconf 82' lang='lat' dir='ltr'>Vitruvius</span> <span class='ocrx_word' id='word_1_616' title='bbox 991 2839 1039 2868; x_wconf 90' lang='lat' dir='ltr'>lib.</span> <span class='ocrx_word' id='word_1_617' title='bbox 1051 2848 1077 2868; x_wconf 87' lang='lat'>2.</span> <span class='ocrx_word' id='word_1_618' title='bbox 1091 2848 1152 2875; x_wconf 85' lang='lat' dir='ltr'>cap.</span> <span class='ocrx_word' id='word_1_619' title='bbox 1165 2843 1192 2872; x_wconf 87' lang='lat'>8.</span> 
     </span>
    </p>

    <p class='ocr_par' dir='ltr' id='par_1_42' title="bbox 69 2876 1234 2993">
     <span class='ocr_line' id='line_1_71' title="bbox 69 2876 1233 2919; baseline -0.01 -3"><span class='ocrx_word' id='word_1_620' title='bbox 69 2888 93 2918; x_wconf 93' lang='lat' dir='ltr'>C</span> <span class='ocrx_word' id='word_1_621' title='bbox 102 2889 118 2917; x_wconf 84' lang='grc' dir='ltr'><strong>ῠ</strong></span> <span class='ocrx_word' id='word_1_622' title='bbox 127 2888 160 2915; x_wconf 75' lang='lat' dir='ltr'>ni</span> <span class='ocrx_word' id='word_1_623' title='bbox 171 2895 188 2915; x_wconf 86' lang='lat' dir='ltr'>c</span> <span class='ocrx_word' id='word_1_624' title='bbox 197 2887 215 2914; x_wconf 79' lang='grc' dir='ltr'><strong>ὔ</strong></span> <span class='ocrx_word' id='word_1_625' title='bbox 225 2896 241 2913; x_wconf 90' lang='grc'>1.</span> <span class='ocrx_word' id='word_1_626' title='bbox 250 2893 269 2913; x_wconf 85' lang='grc' dir='ltr'>υ</span> <span class='ocrx_word' id='word_1_627' title='bbox 277 2894 300 2913; x_wconf 59' lang='lat' dir='ltr'>Ni</span> <span class='ocrx_word' id='word_1_628' title='bbox 311 2906 319 2919; x_wconf 95' lang='lat'>‚</span> <span class='ocrx_word' id='word_1_629' title='bbox 340 2884 357 2912; x_wconf 87' lang='lat' dir='ltr'>i.</span> <span class='ocrx_word' id='word_1_630' title='bbox 381 2891 409 2911; x_wconf 89' lang='lat' dir='ltr'>n.</span> <span class='ocrx_word' id='word_1_631' title='bbox 442 2876 550 2917; x_wconf 66' lang='grc' dir='ltr'>[ιιριτὼ</span> <span class='ocrx_word' id='word_1_632' title='bbox 561 2902 569 2916; x_wconf 83' lang='grc'><em>,</em></span> <span class='ocrx_word' id='word_1_633' title='bbox 596 2878 690 2912; x_wconf 43' lang='grc' dir='ltr'>οἴκημα,</span> <span class='ocrx_word' id='word_1_634' title='bbox 702 2878 718 2914; x_wconf 83' lang='grc'>]</span> <span class='ocrx_word' id='word_1_635' title='bbox 746 2877 837 2908; x_wconf 87' lang='lat' dir='ltr'>Locus</span> <span class='ocrx_word' id='word_1_636' title='bbox 861 2878 890 2906; x_wconf 86' lang='lat' dir='ltr'>in</span> <span class='ocrx_word' id='word_1_637' title='bbox 908 2887 964 2914; x_wconf 89' lang='lat' dir='ltr'>quo</span> <span class='ocrx_word' id='word_1_638' title='bbox 981 2876 1076 2907; x_wconf 85' lang='lat' dir='ltr'>cubile</span> <span class='ocrx_word' id='word_1_639' title='bbox 1096 2876 1233 2905; x_wconf 85' lang='lat' dir='ltr'>sternitur.</span> 
     </span>
     <span class='ocr_line' id='line_1_72' title="bbox 106 2913 1234 2958; baseline -0.011 -3"><span class='ocrx_word' id='word_1_640' title='bbox 106 2925 166 2955; x_wconf 89' lang='lat' dir='ltr'>Cic.</span> <span class='ocrx_word' id='word_1_641' title='bbox 178 2936 203 2955; x_wconf 66' lang='lat' dir='ltr'>a.</span> <span class='ocrx_word' id='word_1_642' title='bbox 217 2923 291 2952; x_wconf 87' lang='lat' dir='ltr'>Verr.</span> <span class='ocrx_word' id='word_1_643' title='bbox 305 2930 367 2958; x_wconf 79' lang='lat'>¹32·</span> <span class='ocrx_word' id='word_1_644' title='bbox 387 2920 535 2956; x_wconf 85' lang='lat' dir='ltr'>Tantaque</span> <span class='ocrx_word' id='word_1_645' title='bbox 550 2917 705 2948; x_wconf 81' lang='lat' dir='ltr'>ambitione</span> <span class='ocrx_word' id='word_1_646' title='bbox 721 2916 875 2955; x_wconf 74' lang='lat' dir='ltr'>provinciae</span> <span class='ocrx_word' id='word_1_647' title='bbox 891 2916 979 2946; x_wconf 83' lang='lat' dir='ltr'>totius</span> <span class='ocrx_word' id='word_1_648' title='bbox 992 2916 1091 2945; x_wconf 83' lang='lat' dir='ltr'>inuno</span> <span class='ocrx_word' id='word_1_649' title='bbox 1104 2913 1234 2944; x_wconf 83' lang='lat' dir='ltr'>cubiculo</span> 
     </span>
     <span class='ocr_line' id='line_1_73' title="bbox 104 2961 221 2993; baseline -0.017 0"><span class='ocrx_word' id='word_1_650' title='bbox 104 2961 221 2993; x_wconf 83' lang='lat' dir='ltr'>inclusa.</span> 
     </span>
    </p>

    <p class='ocr_par' dir='ltr' id='par_1_43' title="bbox 106 2993 816 3039">
     <span class='ocr_line' id='line_1_74' title="bbox 106 2993 816 3039; baseline -0.013 -9"><span class='ocrx_word' id='word_1_651' title='bbox 106 3000 268 3039; x_wconf 78' lang='lat' dir='ltr'>Praepositus</span> <span class='ocrx_word' id='word_1_652' title='bbox 281 2996 422 3027; x_wconf 89' lang='lat' dir='ltr'>cubiculo.</span> <span class='ocrx_word' id='word_1_653' title='bbox 445 2996 521 3026; x_wconf 91' lang='lat' dir='ltr'>Suet.</span> <span class='ocrx_word' id='word_1_654' title='bbox 533 2994 563 3023; x_wconf 91' lang='lat' dir='ltr'>in</span> <span class='ocrx_word' id='word_1_655' title='bbox 575 2993 681 3023; x_wconf 89' lang='lat' dir='ltr'>Domit.</span> <span class='ocrx_word' id='word_1_656' title='bbox 693 3001 758 3030; x_wconf 89' lang='lat' dir='ltr'>cap.</span> <span class='ocrx_word' id='word_1_657' title='bbox 771 2994 816 3022; x_wconf 85' lang='lat'>1⁶.</span> 
     </span>
    </p>

    <p class='ocr_par' dir='ltr' id='par_1_44' title="bbox 106 3032 753 3070">
     <span class='ocr_line' id='line_1_75' title="bbox 106 3032 753 3070; baseline -0.017 0"><span class='ocrx_word' id='word_1_658' title='bbox 106 3039 189 3070; x_wconf 82' lang='lat' dir='ltr'>Lares</span> <span class='ocrx_word' id='word_1_659' title='bbox 199 3036 330 3067; x_wconf 86' lang='lat' dir='ltr'>cubiculi.</span> <span class='ocrx_word' id='word_1_660' title='bbox 353 3036 468 3065; x_wconf 88' lang='lat' dir='ltr'>Sueton.</span> <span class='ocrx_word' id='word_1_661' title='bbox 481 3035 511 3063; x_wconf 92' lang='lat' dir='ltr'>in</span> <span class='ocrx_word' id='word_1_662' title='bbox 521 3032 625 3062; x_wconf 86' lang='lat' dir='ltr'>Domit.</span> <span class='ocrx_word' id='word_1_663' title='bbox 634 3041 695 3069; x_wconf 87' lang='lat' dir='ltr'>cap.</span> <span class='ocrx_word' id='word_1_664' title='bbox 709 3038 753 3067; x_wconf 89' lang='lat'>17.</span> 
     </span>
    </p>

    <p class='ocr_par' dir='ltr' id='par_1_45' title="bbox 106 3063 1237 3144">
     <span class='ocr_line' id='line_1_76' title="bbox 106 3063 1237 3109; baseline -0.011 -2"><span class='ocrx_word' id='word_1_665' title='bbox 106 3077 234 3109; x_wconf 75' lang='lat' dir='ltr'>minister</span> <span class='ocrx_word' id='word_1_666' title='bbox 246 3073 379 3105; x_wconf 86' lang='lat' dir='ltr'>cubiculi.</span> <span class='ocrx_word' id='word_1_667' title='bbox 419 3071 477 3102; x_wconf 88' lang='lat' dir='ltr'>Liv.</span> <span class='ocrx_word' id='word_1_668' title='bbox 492 3080 517 3108; x_wconf 84' lang='lat'>3.</span> <span class='ocrx_word' id='word_1_669' title='bbox 533 3079 575 3107; x_wconf 77' lang='lat'>57.</span> <span class='ocrx_word' id='word_1_670' title='bbox 597 3069 740 3108; x_wconf 88' lang='lat' dir='ltr'>Virginem</span> <span class='ocrx_word' id='word_1_671' title='bbox 752 3067 877 3098; x_wconf 80' lang='lat' dir='ltr'>ministro</span> <span class='ocrx_word' id='word_1_672' title='bbox 892 3066 1015 3097; x_wconf 86' lang='lat' dir='ltr'>cubiculi</span> <span class='ocrx_word' id='word_1_673' title='bbox 1025 3063 1067 3098; x_wconf 85' lang='lat' dir='ltr'>sui</span> <span class='ocrx_word' id='word_1_674' title='bbox 1081 3065 1179 3097; x_wconf 81' lang='lat' dir='ltr'>clienti</span> <span class='ocrx_word' id='word_1_675' title='bbox 1187 3065 1237 3095; x_wconf 77' lang='lat' dir='ltr'>do-</span> 
     </span>
     <span class='ocr_line' id='line_1_77' title="bbox 127 3113 298 3144; baseline -0.018 0"><span class='ocrx_word' id='word_1_676' title='bbox 127 3126 145 3144; x_wconf 90' lang='lat' dir='ltr'>n</span> <span class='ocrx_word' id='word_1_677' title='bbox 179 3113 298 3143; x_wconf 83' lang='lat' dir='ltr'>dederit.</span> 
     </span>
    </p>

    <p class='ocr_par' dir='ltr' id='par_1_46' title="bbox 78 3126 1238 3190">
     <span class='ocr_line' id='line_1_78' title="bbox 78 3126 1238 3190; baseline -0.01 -7"><span class='ocrx_word' id='word_1_678' title='bbox 78 3159 82 3163; x_wconf 86' lang='grc'><strong>’</strong></span> <span class='ocrx_word' id='word_1_679' title='bbox 109 3126 242 3190; x_wconf 61' lang='lat' dir='ltr'>Arri&#39;plum</span> <span class='ocrx_word' id='word_1_680' title='bbox 254 3148 418 3180; x_wconf 86' lang='lat' dir='ltr'>cubiculum</span> <span class='ocrx_word' id='word_1_681' title='bbox 429 3169 437 3182; x_wconf 85' lang='lat'>,</span> <span class='ocrx_word' id='word_1_682' title='bbox 459 3144 536 3185; x_wconf 84' lang='lat' dir='ltr'>quod</span> <span class='ocrx_word' id='word_1_683' title='bbox 547 3145 633 3175; x_wconf 84' lang='lat' dir='ltr'>altera</span> <span class='ocrx_word' id='word_1_684' title='bbox 643 3144 760 3175; x_wconf 82' lang='lat' dir='ltr'>fenestra</span> <span class='ocrx_word' id='word_1_685' title='bbox 769 3143 894 3173; x_wconf 87' lang='lat' dir='ltr'>admittit</span> <span class='ocrx_word' id='word_1_686' title='bbox 906 3142 1056 3173; x_wconf 86' lang='lat' dir='ltr'>Orientem</span> <span class='ocrx_word' id='word_1_687' title='bbox 1065 3163 1074 3180; x_wconf 85' lang='lat'><strong>‚</strong></span> <span class='ocrx_word' id='word_1_688' title='bbox 1096 3141 1238 3173; x_wconf 83' lang='lat' dir='ltr'>Occiden-</span> 
     </span>
    </p>

    <p class='ocr_par' dir='ltr' id='par_1_47' title="bbox 128 3181 861 3221">
     <span class='ocr_line' id='line_1_79' title="bbox 128 3181 861 3221; baseline -0.014 0"><span class='ocrx_word' id='word_1_689' title='bbox 128 3198 188 3221; x_wconf 81' lang='lat' dir='ltr'>tem</span> <span class='ocrx_word' id='word_1_690' title='bbox 198 3190 282 3219; x_wconf 86' lang='lat' dir='ltr'>altera</span> <span class='ocrx_word' id='word_1_691' title='bbox 290 3188 402 3217; x_wconf 88' lang='lat' dir='ltr'>retinet.</span> <span class='ocrx_word' id='word_1_692' title='bbox 425 3185 493 3215; x_wconf 90' lang='lat' dir='ltr'>Plin.</span> <span class='ocrx_word' id='word_1_693' title='bbox 505 3193 531 3214; x_wconf 88' lang='lat'>2.</span> <span class='ocrx_word' id='word_1_694' title='bbox 545 3183 625 3221; x_wconf 82' lang='lat' dir='ltr'>Epist.</span> <span class='ocrx_word' id='word_1_695' title='bbox 641 3193 682 3220; x_wconf 85' lang='lat'>17.</span> <span class='ocrx_word' id='word_1_696' title='bbox 693 3183 728 3213; x_wconf 89' lang='lat' dir='ltr'>ad</span> <span class='ocrx_word' id='word_1_697' title='bbox 739 3181 861 3212; x_wconf 82' lang='lat' dir='ltr'>Gallum.</span> 
     </span>
    </p>

    <p class='ocr_par' dir='ltr' id='par_1_48' title="bbox 111 3217 1053 3260">
     <span class='ocr_line' id='line_1_80' title="bbox 111 3217 1053 3260; baseline -0.013 -1"><span class='ocrx_word' id='word_1_698' title='bbox 111 3229 263 3259; x_wconf 86' lang='lat' dir='ltr'>Curvatum</span> <span class='ocrx_word' id='word_1_699' title='bbox 276 3225 438 3256; x_wconf 87' lang='lat' dir='ltr'>cubiculum</span> <span class='ocrx_word' id='word_1_700' title='bbox 447 3224 477 3252; x_wconf 90' lang='lat' dir='ltr'>in</span> <span class='ocrx_word' id='word_1_701' title='bbox 489 3222 587 3260; x_wconf 74' lang='lat' dir='ltr'>apsida.</span> <span class='ocrx_word' id='word_1_702' title='bbox 610 3220 680 3251; x_wconf 85' lang='lat' dir='ltr'>Plin.</span> <span class='ocrx_word' id='word_1_703' title='bbox 690 3231 716 3252; x_wconf 82' lang='lat'>2.</span> <span class='ocrx_word' id='word_1_704' title='bbox 731 3220 813 3258; x_wconf 87' lang='lat' dir='ltr'>Epist.</span> <span class='ocrx_word' id='word_1_705' title='bbox 833 3228 875 3256; x_wconf 89' lang='lat'>17.</span> <span class='ocrx_word' id='word_1_706' title='bbox 887 3219 923 3249; x_wconf 84' lang='lat' dir='ltr'>ad</span> <span class='ocrx_word' id='word_1_707' title='bbox 932 3217 1053 3248; x_wconf 89' lang='lat' dir='ltr'>Gallum.</span> 
     </span>
    </p>

    <p class='ocr_par' dir='ltr' id='par_1_49' title="bbox 111 3253 1234 3340">
     <span class='ocr_line' id='line_1_81' title="bbox 111 3253 1234 3299; baseline -0.009 -3"><span class='ocrx_word' id='word_1_708' title='bbox 111 3265 315 3299; x_wconf 86' lang='lat' dir='ltr'>Dormitorium</span> <span class='ocrx_word' id='word_1_709' title='bbox 326 3261 499 3296; x_wconf 88' lang='lat' dir='ltr'>cubiculum,</span> <span class='ocrx_word' id='word_1_710' title='bbox 518 3260 596 3298; x_wconf 85' lang='lat' dir='ltr'>quod</span> <span class='ocrx_word' id='word_1_711' title='bbox 609 3259 695 3297; x_wconf 87' lang='lat' dir='ltr'>diem,</span> <span class='ocrx_word' id='word_1_712' title='bbox 716 3258 878 3293; x_wconf 79' lang='lat' dir='ltr'>clamorem,</span> <span class='ocrx_word' id='word_1_713' title='bbox 900 3256 999 3286; x_wconf 87' lang='lat' dir='ltr'>sonum</span> <span class='ocrx_word' id='word_1_714' title='bbox 1010 3256 1147 3287; x_wconf 85' lang='lat' dir='ltr'>excludit.</span> <span class='ocrx_word' id='word_1_715' title='bbox 1164 3253 1234 3287; x_wconf 91' lang='lat' dir='ltr'>Plin.</span> 
     </span>
     <span class='ocr_line' id='line_1_82' title="bbox 135 3299 844 3340; baseline -0.018 -5"><span class='ocrx_word' id='word_1_716' title='bbox 135 3317 158 3340; x_wconf 78' lang='grc' dir='ltr'>ς.</span> <span class='ocrx_word' id='word_1_717' title='bbox 174 3304 255 3340; x_wconf 75' lang='lat' dir='ltr'>Epist.</span> <span class='ocrx_word' id='word_1_718' title='bbox 270 3306 295 3332; x_wconf 92' lang='lat'>6.</span> <span class='ocrx_word' id='word_1_719' title='bbox 309 3301 346 3331; x_wconf 90' lang='lat' dir='ltr'>ad</span> <span class='ocrx_word' id='word_1_720' title='bbox 355 3299 553 3337; x_wconf 85' lang='lat' dir='ltr'>Apollinarem.</span> <span class='ocrx_word' id='word_1_721' title='bbox 838 3331 844 3339; x_wconf 91' lang='lat'>.</span> 
     </span>
    </p>

    <p class='ocr_par' dir='ltr' id='par_1_50' title="bbox 110 3332 1238 3412">
     <span class='ocr_line' id='line_1_83' title="bbox 110 3332 1238 3375; baseline -0.01 -2"><span class='ocrx_word' id='word_1_722' title='bbox 110 3343 304 3375; x_wconf 71' lang='lat' dir='ltr'>Politillinium</span> <span class='ocrx_word' id='word_1_723' title='bbox 315 3338 489 3371; x_wconf 83' lang='lat' dir='ltr'>cubiculum,</span> <span class='ocrx_word' id='word_1_724' title='bbox 510 3335 632 3375; x_wconf 79' lang='lat' dir='ltr'>grande.</span> <span class='ocrx_word' id='word_1_725' title='bbox 653 3333 776 3364; x_wconf 87' lang='lat' dir='ltr'>aestivum</span> <span class='ocrx_word' id='word_1_726' title='bbox 787 3356 796 3369; x_wconf 77' lang='lat'>‚</span> <span class='ocrx_word' id='word_1_727' title='bbox 815 3333 966 3363; x_wconf 82' lang='lat' dir='ltr'>hibernum</span> <span class='ocrx_word' id='word_1_728' title='bbox 977 3354 986 3367; x_wconf 82' lang='grc'>,</span> <span class='ocrx_word' id='word_1_729' title='bbox 1006 3332 1136 3362; x_wconf 88' lang='lat' dir='ltr'>omnibus</span> <span class='ocrx_word' id='word_1_730' title='bbox 1147 3332 1238 3362; x_wconf 87' lang='lat' dir='ltr'>ventis</span> 
     </span>
     <span class='ocr_line' id='line_1_84' title="bbox 131 3370 1042 3412; baseline -0.013 -1"><span class='ocrx_word' id='word_1_731' title='bbox 131 3381 298 3411; x_wconf 67' lang='lat' dir='ltr'>subductum</span> <span class='ocrx_word' id='word_1_732' title='bbox 309 3400 317 3412; x_wconf 78' lang='lat'>,</span> <span class='ocrx_word' id='word_1_733' title='bbox 338 3377 428 3406; x_wconf 70' lang='lat' dir='ltr'>noctis</span> <span class='ocrx_word' id='word_1_734' title='bbox 440 3377 466 3406; x_wconf 71' lang='grc' dir='ltr'>δε</span> <span class='ocrx_word' id='word_1_735' title='bbox 477 3374 577 3404; x_wconf 87' lang='lat' dir='ltr'>somni.</span> <span class='ocrx_word' id='word_1_736' title='bbox 598 3373 668 3403; x_wconf 88' lang='lat' dir='ltr'>Plin.</span> <span class='ocrx_word' id='word_1_737' title='bbox 683 3381 708 3402; x_wconf 83' lang='lat'>2.</span> <span class='ocrx_word' id='word_1_738' title='bbox 722 3372 804 3410; x_wconf 87' lang='lat' dir='ltr'>Epist.</span> <span class='ocrx_word' id='word_1_739' title='bbox 818 3381 860 3408; x_wconf 89' lang='lat'>17.</span> <span class='ocrx_word' id='word_1_740' title='bbox 873 3371 908 3400; x_wconf 90' lang='lat' dir='ltr'>ad</span> <span class='ocrx_word' id='word_1_741' title='bbox 919 3370 1042 3401; x_wconf 87' lang='lat' dir='ltr'>Gallum.</span> 
     </span>
    </p>

    <p class='ocr_par' dir='ltr' id='par_1_51' title="bbox 113 3407 1239 3526">
     <span class='ocr_line' id='line_1_85' title="bbox 113 3407 1239 3450; baseline -0.012 0"><span class='ocrx_word' id='word_1_742' title='bbox 113 3420 243 3450; x_wconf 78' lang='lat' dir='ltr'>Viride&amp;</span> <span class='ocrx_word' id='word_1_743' title='bbox 256 3415 415 3446; x_wconf 84' lang='lat' dir='ltr'>umbrosum</span> <span class='ocrx_word' id='word_1_744' title='bbox 434 3412 598 3443; x_wconf 84' lang='lat' dir='ltr'>cubiculum</span> <span class='ocrx_word' id='word_1_745' title='bbox 616 3421 632 3440; x_wconf 87' lang='lat' dir='ltr'>a</span> <span class='ocrx_word' id='word_1_746' title='bbox 651 3411 779 3449; x_wconf 81' lang='lat' dir='ltr'>proxima</span> <span class='ocrx_word' id='word_1_747' title='bbox 798 3409 920 3447; x_wconf 82' lang='lat' dir='ltr'>platano.</span> <span class='ocrx_word' id='word_1_748' title='bbox 961 3407 1130 3438; x_wconf 86' lang='lat' dir='ltr'>Cubiculum</span> <span class='ocrx_word' id='word_1_749' title='bbox 1145 3407 1239 3437; x_wconf 88' lang='lat' dir='ltr'>hieme</span> 
     </span>
     <span class='ocr_line' id='line_1_86' title="bbox 131 3445 1239 3496; baseline -0.011 -9"><span class='ocrx_word' id='word_1_750' title='bbox 131 3456 334 3496; x_wconf 76' lang='lat' dir='ltr'>tepidissimum</span> <span class='ocrx_word' id='word_1_751' title='bbox 345 3475 353 3489; x_wconf 92' lang='lat'>,</span> <span class='ocrx_word' id='word_1_752' title='bbox 375 3452 439 3490; x_wconf 89' lang='lat' dir='ltr'>quia</span> <span class='ocrx_word' id='word_1_753' title='bbox 450 3451 571 3488; x_wconf 89' lang='lat' dir='ltr'>plurimo</span> <span class='ocrx_word' id='word_1_754' title='bbox 581 3448 637 3478; x_wconf 90' lang='lat' dir='ltr'>sole</span> <span class='ocrx_word' id='word_1_755' title='bbox 651 3448 837 3487; x_wconf 85' lang='lat' dir='ltr'>perfunditur.</span> <span class='ocrx_word' id='word_1_756' title='bbox 879 3446 1048 3476; x_wconf 85' lang='lat' dir='ltr'>Cubiculum</span> <span class='ocrx_word' id='word_1_757' title='bbox 1063 3446 1179 3476; x_wconf 88' lang='lat' dir='ltr'>obvium</span> <span class='ocrx_word' id='word_1_758' title='bbox 1187 3445 1239 3475; x_wconf 84' lang='lat' dir='ltr'>soli</span> 
     </span>
     <span class='ocr_line' id='line_1_87' title="bbox 133 3485 912 3526; baseline -0.017 0"><span class='ocrx_word' id='word_1_759' title='bbox 133 3496 254 3525; x_wconf 75' lang='lat' dir='ltr'>maxime</span> <span class='ocrx_word' id='word_1_760' title='bbox 263 3492 392 3523; x_wconf 86' lang='lat' dir='ltr'>hiberno.</span> <span class='ocrx_word' id='word_1_761' title='bbox 414 3489 483 3519; x_wconf 79' lang='lat' dir='ltr'>Plin.</span> <span class='ocrx_word' id='word_1_762' title='bbox 499 3500 521 3524; x_wconf 88' lang='grc' dir='ltr'>ς.</span> <span class='ocrx_word' id='word_1_763' title='bbox 535 3487 617 3526; x_wconf 84' lang='lat' dir='ltr'>Epist.</span> <span class='ocrx_word' id='word_1_764' title='bbox 631 3487 703 3517; x_wconf 84' lang='lat' dir='ltr'>6.ad</span> <span class='ocrx_word' id='word_1_765' title='bbox 714 3485 912 3525; x_wconf 77' lang='lat' dir='ltr'>Apollinarem.</span> 
     </span>
    </p>

    <p class='ocr_par' dir='ltr' id='par_1_52' title="bbox 115 3522 1043 3565">
     <span class='ocr_line' id='line_1_88' title="bbox 115 3522 1043 3565; baseline -0.015 -1"><span class='ocrx_word' id='word_1_766' title='bbox 115 3534 150 3565; x_wconf 85' lang='lat' dir='ltr'>ln</span> <span class='ocrx_word' id='word_1_767' title='bbox 163 3532 322 3563; x_wconf 85' lang='lat' dir='ltr'>cubiculum</span> <span class='ocrx_word' id='word_1_768' title='bbox 337 3528 428 3559; x_wconf 89' lang='lat' dir='ltr'>voluit</span> <span class='ocrx_word' id='word_1_769' title='bbox 438 3537 482 3556; x_wconf 92' lang='lat' dir='ltr'>me</span> <span class='ocrx_word' id='word_1_770' title='bbox 496 3526 635 3556; x_wconf 86' lang='lat' dir='ltr'>abducere</span> <span class='ocrx_word' id='word_1_771' title='bbox 643 3534 721 3554; x_wconf 87' lang='lat' dir='ltr'>anus.</span> <span class='ocrx_word' id='word_1_772' title='bbox 743 3524 828 3554; x_wconf 82' lang='lat' dir='ltr'>Plaut.</span> <span class='ocrx_word' id='word_1_773' title='bbox 841 3522 924 3552; x_wconf 82' lang='lat' dir='ltr'>Most.</span> <span class='ocrx_word' id='word_1_774' title='bbox 939 3531 963 3557; x_wconf 77' lang='lat'>3.</span> <span class='ocrx_word' id='word_1_775' title='bbox 977 3531 1003 3551; x_wconf 82' lang='lat'>2.</span> <span class='ocrx_word' id='word_1_776' title='bbox 1016 3528 1043 3554; x_wconf 82' lang='lat'>7.</span> 
     </span>
    </p>

    <p class='ocr_par' dir='ltr' id='par_1_53' title="bbox 117 3559 1236 3604">
     <span class='ocr_line' id='line_1_89' title="bbox 117 3559 1236 3604; baseline -0.011 -3"><span class='ocrx_word' id='word_1_777' title='bbox 117 3572 151 3603; x_wconf 86' lang='lat' dir='ltr'>In</span> <span class='ocrx_word' id='word_1_778' title='bbox 165 3570 325 3600; x_wconf 84' lang='lat' dir='ltr'>cubiculum</span> <span class='ocrx_word' id='word_1_779' title='bbox 335 3567 361 3597; x_wconf 90' lang='lat' dir='ltr'>se</span> <span class='ocrx_word' id='word_1_780' title='bbox 371 3567 494 3604; x_wconf 87' lang='lat' dir='ltr'>recipere</span> <span class='ocrx_word' id='word_1_781' title='bbox 507 3563 637 3593; x_wconf 87' lang='lat' dir='ltr'>omnibus</span> <span class='ocrx_word' id='word_1_782' title='bbox 646 3562 801 3592; x_wconf 87' lang='lat' dir='ltr'>summotis.</span> <span class='ocrx_word' id='word_1_783' title='bbox 822 3561 939 3597; x_wconf 87' lang='lat' dir='ltr'>Sueton.</span> <span class='ocrx_word' id='word_1_784' title='bbox 952 3560 982 3588; x_wconf 90' lang='lat' dir='ltr'>in</span> <span class='ocrx_word' id='word_1_785' title='bbox 993 3559 1097 3589; x_wconf 89' lang='lat' dir='ltr'>Domit.</span> <span class='ocrx_word' id='word_1_786' title='bbox 1114 3566 1177 3596; x_wconf 85' lang='lat' dir='ltr'>cap.</span> <span class='ocrx_word' id='word_1_787' title='bbox 1193 3561 1236 3589; x_wconf 88' lang='lat'>16.</span> 
     </span>
    </p>

    <p class='ocr_par' dir='ltr' id='par_1_54' title="bbox 118 3595 1241 3718">
     <span class='ocr_line' id='line_1_90' title="bbox 118 3595 1241 3640; baseline -0.013 -1"><span class='ocrx_word' id='word_1_788' title='bbox 118 3608 287 3640; x_wconf 86' lang='lat' dir='ltr'>Cubiculum</span> <span class='ocrx_word' id='word_1_789' title='bbox 297 3606 334 3636; x_wconf 86' lang='lat' dir='ltr'>est</span> <span class='ocrx_word' id='word_1_790' title='bbox 344 3606 428 3635; x_wconf 89' lang='lat' dir='ltr'>etiam</span> <span class='ocrx_word' id='word_1_791' title='bbox 438 3602 599 3640; x_wconf 80' lang='lat' dir='ltr'>Suggestum</span> <span class='ocrx_word' id='word_1_792' title='bbox 609 3623 618 3637; x_wconf 90' lang='lat'>,</span> <span class='ocrx_word' id='word_1_793' title='bbox 637 3610 674 3630; x_wconf 89' lang='lat' dir='ltr'>ex</span> <span class='ocrx_word' id='word_1_794' title='bbox 689 3610 745 3638; x_wconf 90' lang='lat' dir='ltr'>quo</span> <span class='ocrx_word' id='word_1_795' title='bbox 759 3599 843 3629; x_wconf 87' lang='lat' dir='ltr'>ludos</span> <span class='ocrx_word' id='word_1_796' title='bbox 859 3597 982 3636; x_wconf 70' lang='lat' dir='ltr'>spectare</span> <span class='ocrx_word' id='word_1_797' title='bbox 999 3597 1140 3640; x_wconf 75' lang='lat' dir='ltr'>principes</span> <span class='ocrx_word' id='word_1_798' title='bbox 1158 3595 1241 3639; x_wconf 79' lang='lat' dir='ltr'>soliti.</span> 
     </span>
     <span class='ocr_line' id='line_1_91' title="bbox 137 3634 1241 3680; baseline -0.013 -4"><span class='ocrx_word' id='word_1_799' title='bbox 137 3649 213 3678; x_wconf 87' lang='lat' dir='ltr'>Suet.</span> <span class='ocrx_word' id='word_1_800' title='bbox 229 3645 333 3675; x_wconf 84' lang='lat' dir='ltr'>Neron.</span> <span class='ocrx_word' id='word_1_801' title='bbox 346 3653 406 3680; x_wconf 87' lang='lat' dir='ltr'>cap.</span> <span class='ocrx_word' id='word_1_802' title='bbox 423 3652 463 3672; x_wconf 86' lang='lat'>12.</span> <span class='ocrx_word' id='word_1_803' title='bbox 487 3642 576 3670; x_wconf 83' lang='lat' dir='ltr'>lcarus</span> <span class='ocrx_word' id='word_1_804' title='bbox 585 3640 678 3678; x_wconf 85' lang='lat' dir='ltr'>primo</span> <span class='ocrx_word' id='word_1_805' title='bbox 688 3639 778 3668; x_wconf 84' lang='lat' dir='ltr'>statim</span> <span class='ocrx_word' id='word_1_806' title='bbox 791 3643 895 3668; x_wconf 86' lang='lat' dir='ltr'>conatu</span> <span class='ocrx_word' id='word_1_807' title='bbox 905 3637 984 3673; x_wconf 85' lang='lat' dir='ltr'>juxta</span> <span class='ocrx_word' id='word_1_808' title='bbox 1000 3634 1162 3665; x_wconf 86' lang='lat' dir='ltr'>cub1culum</span> <span class='ocrx_word' id='word_1_809' title='bbox 1179 3644 1241 3670; x_wconf 79' lang='lat' dir='ltr'>ejus</span> 
     </span>
     <span class='ocr_line' id='line_1_92' title="bbox 139 3681 1070 3718; baseline -0.018 -4"><span class='ocrx_word' id='word_1_810' title='bbox 139 3682 254 3715; x_wconf 82' lang='lat' dir='ltr'>decidit.</span> <span class='ocrx_word' id='word_1_811' title='bbox 277 3682 308 3712; x_wconf 89' lang='lat' dir='ltr'>V.</span> <span class='ocrx_word' id='word_1_812' title='bbox 328 3681 368 3711; x_wconf 87' lang='lat' dir='ltr'>ibi</span> <span class='ocrx_word' id='word_1_813' title='bbox 382 3681 498 3718; x_wconf 81' lang='lat' dir='ltr'>interpr.</span> <span class='ocrx_word' id='word_1_814' title='bbox 1064 3710 1070 3716; x_wconf 40' lang='grc' dir='ltr'>ι</span> 
     </span>
    </p>

    <p class='ocr_par' dir='ltr' id='par_1_55' title="bbox 82 3709 1240 3793">
     <span class='ocr_line' id='line_1_93' title="bbox 82 3709 1240 3760; baseline -0.013 -7"><span class='ocrx_word' id='word_1_815' title='bbox 82 3729 107 3760; x_wconf 89' lang='lat' dir='ltr'>c</span> <span class='ocrx_word' id='word_1_816' title='bbox 118 3735 135 3754; x_wconf 88' lang='grc' dir='ltr'>υ</span> <span class='ocrx_word' id='word_1_817' title='bbox 145 3735 161 3753; x_wconf 72' lang='lat' dir='ltr'>r.</span> <span class='ocrx_word' id='word_1_818' title='bbox 170 3734 179 3751; x_wconf 93' lang='lat'>1</span> <span class='ocrx_word' id='word_1_819' title='bbox 189 3732 207 3751; x_wconf 88' lang='lat' dir='ltr'>c</span> <span class='ocrx_word' id='word_1_820' title='bbox 215 3731 234 3750; x_wconf 77' lang='grc' dir='ltr'>υ</span> <span class='ocrx_word' id='word_1_821' title='bbox 244 3732 261 3749; x_wconf 82' lang='grc'>1.</span> <span class='ocrx_word' id='word_1_822' title='bbox 270 3724 287 3749; x_wconf 63' lang='lat' dir='ltr'>K</span> <span class='ocrx_word' id='word_1_823' title='bbox 298 3730 314 3749; x_wconf 64' lang='grc' dir='ltr'><strong>Β</strong></span> <span class='ocrx_word' id='word_1_824' title='bbox 323 3731 331 3748; x_wconf 87' lang='grc'>1</span> <span class='ocrx_word' id='word_1_825' title='bbox 341 3729 353 3749; x_wconf 87' lang='lat' dir='ltr'>s</span> <span class='ocrx_word' id='word_1_826' title='bbox 366 3742 372 3755; x_wconf 85' lang='lat'>‚</span> <span class='ocrx_word' id='word_1_827' title='bbox 393 3730 418 3750; x_wconf 89' lang='lat' dir='ltr'>e.</span> <span class='ocrx_word' id='word_1_828' title='bbox 442 3717 501 3754; x_wconf 83' lang='lat' dir='ltr'>Adi.</span> <span class='ocrx_word' id='word_1_829' title='bbox 524 3709 711 3752; x_wconf 61' lang='lat' dir='ltr'>[nst-munis]</span> <span class='ocrx_word' id='word_1_830' title='bbox 731 3713 818 3751; x_wconf 76' lang='lat' dir='ltr'>Quod</span> <span class='ocrx_word' id='word_1_831' title='bbox 828 3710 951 3751; x_wconf 82' lang='lat' dir='ltr'>pertinet</span> <span class='ocrx_word' id='word_1_832' title='bbox 958 3710 994 3742; x_wconf 87' lang='lat' dir='ltr'>ad</span> <span class='ocrx_word' id='word_1_833' title='bbox 1006 3709 1179 3741; x_wconf 78' lang='lat' dir='ltr'>cubiculum.</span> <span class='ocrx_word' id='word_1_834' title='bbox 1199 3715 1240 3746; x_wconf 86' lang='lat' dir='ltr'>ut,</span> 
     </span>
     <span class='ocr_line' id='line_1_94' title="bbox 119 3752 663 3793; baseline -0.02 0"><span class='ocrx_word' id='word_1_835' title='bbox 119 3758 396 3793; x_wconf 74' lang='lat' dir='ltr'>Cubicularisleetus.</span> <span class='ocrx_word' id='word_1_836' title='bbox 419 3756 475 3786; x_wconf 87' lang='lat' dir='ltr'>Cic.</span> <span class='ocrx_word' id='word_1_837' title='bbox 493 3766 515 3790; x_wconf 85' lang='grc' dir='ltr'>ς.</span> <span class='ocrx_word' id='word_1_838' title='bbox 528 3752 609 3784; x_wconf 81' lang='lat' dir='ltr'>Tuse.</span> <span class='ocrx_word' id='word_1_839' title='bbox 621 3763 663 3788; x_wconf 78' lang='lat'>59.</span> 
     </span>
    </p>

    <p class='ocr_par' dir='ltr' id='par_1_56' title="bbox 119 3793 691 3835">
     <span class='ocr_line' id='line_1_95' title="bbox 119 3793 691 3835; baseline -0.016 -8"><span class='ocrx_word' id='word_1_840' title='bbox 119 3801 214 3835; x_wconf 67' lang='lat' dir='ltr'>Imago</span> <span class='ocrx_word' id='word_1_841' title='bbox 224 3795 399 3826; x_wconf 76' lang='lat' dir='ltr'>cubicularis.</span> <span class='ocrx_word' id='word_1_842' title='bbox 418 3795 493 3824; x_wconf 89' lang='lat' dir='ltr'>Suet.</span> <span class='ocrx_word' id='word_1_843' title='bbox 508 3793 574 3835; x_wconf 76' lang='lat' dir='ltr'>Aug.</span> <span class='ocrx_word' id='word_1_844' title='bbox 589 3801 651 3834; x_wconf 61' lang='lat' dir='ltr'>cap.</span> <span class='ocrx_word' id='word_1_845' title='bbox 665 3800 691 3826; x_wconf 88' lang='lat'>7.</span> 
     </span>
    </p>

    <p class='ocr_par' dir='ltr' id='par_1_57' title="bbox 120 3829 1228 3870">
     <span class='ocr_line' id='line_1_96' title="bbox 120 3829 1228 3870; baseline -0.018 -3"><span class='ocrx_word' id='word_1_846' title='bbox 120 3839 222 3870; x_wconf 60' lang='lat' dir='ltr'>Leclus</span> <span class='ocrx_word' id='word_1_847' title='bbox 232 3833 407 3863; x_wconf 76' lang='lat' dir='ltr'>cubicularis.</span> <span class='ocrx_word' id='word_1_848' title='bbox 430 3833 488 3862; x_wconf 88' lang='lat' dir='ltr'>Cic.</span> <span class='ocrx_word' id='word_1_849' title='bbox 498 3840 523 3860; x_wconf 85' lang='lat'>2.</span> <span class='ocrx_word' id='word_1_850' title='bbox 537 3831 573 3858; x_wconf 89' lang='lat' dir='ltr'>de</span> <span class='ocrx_word' id='word_1_851' title='bbox 586 3829 679 3859; x_wconf 77' lang='lat' dir='ltr'>Divin.</span> <span class='ocrx_word' id='word_1_852' title='bbox 696 3834 756 3864; x_wconf 77' lang='lat'>133.</span> <span class='ocrx_word' id='word_1_853' title='bbox 1222 3862 1228 3867; x_wconf 33' lang='grc' dir='ltr'>Ι</span> 
     </span>
    </p>

    <p class='ocr_par' dir='ltr' id='par_1_58' title="bbox 121 3860 1246 4017">
     <span class='ocr_line' id='line_1_97' title="bbox 121 3860 1243 3908; baseline -0.013 -4"><span class='ocrx_word' id='word_1_854' title='bbox 121 3873 314 3908; x_wconf 67' lang='lat' dir='ltr'>Cubicula-sis,</span> <span class='ocrx_word' id='word_1_855' title='bbox 334 3880 371 3900; x_wconf 86' lang='lat' dir='ltr'>m.</span> <span class='ocrx_word' id='word_1_856' title='bbox 393 3880 444 3908; x_wconf 92' lang='lat' dir='ltr'>pro</span> <span class='ocrx_word' id='word_1_857' title='bbox 458 3867 644 3899; x_wconf 76' lang='lat' dir='ltr'>Cubiculario,</span> <span class='ocrx_word' id='word_1_858' title='bbox 684 3866 799 3895; x_wconf 86' lang='lat' dir='ltr'>Sueton.</span> <span class='ocrx_word' id='word_1_859' title='bbox 809 3864 839 3893; x_wconf 87' lang='lat' dir='ltr'>in</span> <span class='ocrx_word' id='word_1_860' title='bbox 849 3863 953 3894; x_wconf 89' lang='lat' dir='ltr'>Neron.</span> <span class='ocrx_word' id='word_1_861' title='bbox 964 3871 1025 3905; x_wconf 82' lang='lat' dir='ltr'>cap.</span> <span class='ocrx_word' id='word_1_862' title='bbox 1040 3867 1083 3898; x_wconf 79' lang='lat'>353.</span> <span class='ocrx_word' id='word_1_863' title='bbox 1112 3860 1243 3891; x_wconf 87' lang='lat' dir='ltr'>lncend1t</span> 
     </span>
     <span class='ocr_line' id='line_1_98' title="bbox 140 3899 1245 3946; baseline -0.014 -4"><span class='ocrx_word' id='word_1_864' title='bbox 140 3914 238 3945; x_wconf 75' lang='lat' dir='ltr'>urbem</span> <span class='ocrx_word' id='word_1_865' title='bbox 248 3920 305 3939; x_wconf 64' lang='lat' dir='ltr'>tarn</span> <span class='ocrx_word' id='word_1_866' title='bbox 315 3908 402 3946; x_wconf 82' lang='lat' dir='ltr'>palam</span> <span class='ocrx_word' id='word_1_867' title='bbox 416 3930 424 3943; x_wconf 77' lang='grc'><em>,</em></span> <span class='ocrx_word' id='word_1_868' title='bbox 443 3914 474 3937; x_wconf 91' lang='lat' dir='ltr'>ut</span> <span class='ocrx_word' id='word_1_869' title='bbox 484 3907 609 3945; x_wconf 73' lang='lat' dir='ltr'>plerique</span> <span class='ocrx_word' id='word_1_870' title='bbox 620 3903 776 3933; x_wconf 86' lang='lat' dir='ltr'>consulares</span> <span class='ocrx_word' id='word_1_871' title='bbox 793 3901 968 3932; x_wconf 85' lang='lat' dir='ltr'>cubiculares</span> <span class='ocrx_word' id='word_1_872' title='bbox 986 3909 1046 3936; x_wconf 76' lang='lat' dir='ltr'>ejus</span> <span class='ocrx_word' id='word_1_873' title='bbox 1059 3921 1068 3933; x_wconf 83' lang='lat'>‚</span> <span class='ocrx_word' id='word_1_874' title='bbox 1089 3909 1153 3928; x_wconf 88' lang='lat' dir='ltr'>curn</span> <span class='ocrx_word' id='word_1_875' title='bbox 1166 3899 1245 3936; x_wconf 82' lang='lat' dir='ltr'>stupa</span> 
     </span>
     <span class='ocr_line' id='line_1_99' title="bbox 141 3938 1246 4017; baseline -0.013 -36"><span class='ocrx_word' id='word_1_876' title='bbox 141 3953 269 3987; x_wconf 71' lang='lat' dir='ltr'>taedaque</span> <span class='ocrx_word' id='word_1_877' title='bbox 277 3950 305 4017; x_wconf 62' lang='lat' dir='ltr'>ip</span> <span class='ocrx_word' id='word_1_878' title='bbox 317 3947 428 3985; x_wconf 77' lang='lat' dir='ltr'>ptaediis</span> <span class='ocrx_word' id='word_1_879' title='bbox 438 3946 492 3977; x_wconf 80' lang='lat' dir='ltr'>suis</span> <span class='ocrx_word' id='word_1_880' title='bbox 501 3942 686 3982; x_wconf 65' lang='lat' dir='ltr'>deprehensos</span> <span class='ocrx_word' id='word_1_881' title='bbox 697 3951 754 3971; x_wconf 82' lang='lat' dir='ltr'>uon</span> <span class='ocrx_word' id='word_1_882' title='bbox 765 3941 915 3979; x_wconf 80' lang='lat' dir='ltr'>attigerint,</span> <span class='ocrx_word' id='word_1_883' title='bbox 934 3941 988 3970; x_wconf 69' lang='lat' dir='ltr'>stc.</span> <span class='ocrx_word' id='word_1_884' title='bbox 1005 3938 1143 3976; x_wconf 74' lang='lat' dir='ltr'>Quaedam</span> <span class='ocrx_word' id='word_1_885' title='bbox 1151 3946 1246 3968; x_wconf 74' lang='lat' dir='ltr'>exem-</span> 
     </span>
    </p>

    <p class='ocr_par' dir='ltr' id='par_1_59' title="bbox 178 3990 305 4022">
     <span class='ocr_line' id='line_1_100' title="bbox 178 3990 305 4022; baseline -0.016 -3"><span class='ocrx_word' id='word_1_886' title='bbox 178 3990 198 4022; x_wconf 78' lang='lat' dir='ltr'>V</span> <span class='ocrx_word' id='word_1_887' title='bbox 208 3998 225 4018; x_wconf 88' lang='lat' dir='ltr'>o</span> <span class='ocrx_word' id='word_1_888' title='bbox 236 3998 262 4018; x_wconf 80' lang='lat'>1..</span> <span class='ocrx_word' id='word_1_889' title='bbox 297 4007 305 4017; x_wconf 80' lang='lat'>.</span> 
     </span>
    </p>
   </div>
   <div class='ocr_carea' id='block_1_6' title="bbox 1626 105 1913 142">
    <p class='ocr_par' dir='ltr' id='par_1_60' title="bbox 1626 105 1913 142">
     <span class='ocr_line' id='line_1_101' title="bbox 1626 105 1913 142; baseline -0.003 -1"><span class='ocrx_word' id='word_1_890' title='bbox 1626 107 1655 142; x_wconf 88' lang='lat' dir='ltr'>C</span> <span class='ocrx_word' id='word_1_891' title='bbox 1752 105 1785 140; x_wconf 94' lang='lat' dir='ltr'><strong>U</strong></span> <span class='ocrx_word' id='word_1_892' title='bbox 1884 107 1913 141; x_wconf 79' lang='lat' dir='ltr'>C</span> 
     </span>
    </p>
   </div>
   <div class='ocr_carea' id='block_1_7' title="bbox 1253 186 2433 940">
    <p class='ocr_par' dir='ltr' id='par_1_61' title="bbox 1309 186 2219 227">
     <span class='ocr_line' id='line_1_102' title="bbox 1309 186 2219 227; baseline 0.004 -10"><span class='ocrx_word' id='word_1_893' title='bbox 1309 186 1396 225; x_wconf 84' lang='lat' dir='ltr'>plaria</span> <span class='ocrx_word' id='word_1_894' title='bbox 1409 188 1507 226; x_wconf 73' lang='lat' dir='ltr'>legunt</span> <span class='ocrx_word' id='word_1_895' title='bbox 1517 187 1718 218; x_wconf 85' lang='lat' dir='ltr'>Cubicularios.</span> <span class='ocrx_word' id='word_1_896' title='bbox 1758 188 1824 222; x_wconf 88' lang='lat' dir='ltr'>[An</span> <span class='ocrx_word' id='word_1_897' title='bbox 1836 186 1960 217; x_wconf 74' lang='lat' dir='ltr'>Tantum</span> <span class='ocrx_word' id='word_1_898' title='bbox 1976 198 2034 218; x_wconf 89' lang='lat' dir='ltr'>non</span> <span class='ocrx_word' id='word_1_899' title='bbox 2055 191 2219 227; x_wconf 67' lang='lat' dir='ltr'>attigerint?</span> 
     </span>
    </p>

    <p class='ocr_par' dir='ltr' id='par_1_62' title="bbox 1253 224 2423 301">
     <span class='ocr_line' id='line_1_103' title="bbox 1253 224 2423 262; baseline 0.006 -8"><span class='ocrx_word' id='word_1_900' title='bbox 1253 225 1374 255; x_wconf 67' lang='lat' dir='ltr'>Cuslc</span> <span class='ocrx_word' id='word_1_901' title='bbox 1386 237 1402 255; x_wconf 84' lang='lat' dir='ltr'>u</span> <span class='ocrx_word' id='word_1_902' title='bbox 1416 231 1455 256; x_wconf 71' lang='grc' dir='ltr'>1,Ᾰ</span> <span class='ocrx_word' id='word_1_903' title='bbox 1469 237 1483 255; x_wconf 78' lang='lat' dir='ltr'><strong>R</strong></span> <span class='ocrx_word' id='word_1_904' title='bbox 1494 238 1501 255; x_wconf 90' lang='lat'>1</span> <span class='ocrx_word' id='word_1_905' title='bbox 1514 237 1529 255; x_wconf 78' lang='grc' dir='ltr'>υ</span> <span class='ocrx_word' id='word_1_906' title='bbox 1542 236 1554 255; x_wconf 86' lang='lat' dir='ltr'>s</span> <span class='ocrx_word' id='word_1_907' title='bbox 1569 248 1576 260; x_wconf 84' lang='lat'>‚</span> <span class='ocrx_word' id='word_1_908' title='bbox 1597 237 1612 255; x_wconf 87' lang='lat' dir='ltr'>a</span> <span class='ocrx_word' id='word_1_909' title='bbox 1624 249 1631 260; x_wconf 86' lang='lat'>,</span> <span class='ocrx_word' id='word_1_910' title='bbox 1655 237 1711 256; x_wconf 86' lang='lat' dir='ltr'>um.</span> <span class='ocrx_word' id='word_1_911' title='bbox 1744 226 1803 261; x_wconf 79' lang='lat' dir='ltr'>Adj.</span> <span class='ocrx_word' id='word_1_912' title='bbox 1826 224 2009 261; x_wconf 53' lang='lat' dir='ltr'>[w1705v&lt;&amp;]</span> <span class='ocrx_word' id='word_1_913' title='bbox 2041 236 2087 261; x_wconf 80' lang='lat' dir='ltr'>ut,</span> <span class='ocrx_word' id='word_1_914' title='bbox 2110 230 2284 259; x_wconf 82' lang='lat' dir='ltr'>Cubicularia</span> <span class='ocrx_word' id='word_1_915' title='bbox 2300 230 2423 262; x_wconf 80' lang='lat' dir='ltr'>lucerna.</span> 
     </span>
     <span class='ocr_line' id='line_1_104' title="bbox 1293 263 2248 301; baseline 0.004 -9"><span class='ocrx_word' id='word_1_916' title='bbox 1293 263 1414 293; x_wconf 83' lang='lat' dir='ltr'>Martial.</span> <span class='ocrx_word' id='word_1_917' title='bbox 1429 264 1477 293; x_wconf 85' lang='lat' dir='ltr'>lib.</span> <span class='ocrx_word' id='word_1_918' title='bbox 1491 274 1532 299; x_wconf 83' lang='lat'>14.</span> <span class='ocrx_word' id='word_1_919' title='bbox 1548 264 1653 293; x_wconf 83' lang='lat' dir='ltr'>Lcmm.</span> <span class='ocrx_word' id='word_1_920' title='bbox 1669 273 1712 300; x_wconf 81' lang='lat'>39.</span> <span class='ocrx_word' id='word_1_921' title='bbox 1736 264 1814 293; x_wconf 80' lang='lat' dir='ltr'>Adde</span> <span class='ocrx_word' id='word_1_922' title='bbox 1833 273 1893 297; x_wconf 77' lang='lat'><em>¹50-</em></span> <span class='ocrx_word' id='word_1_923' title='bbox 1917 263 2092 294; x_wconf 81' lang='lat' dir='ltr'>Cubicularia</span> <span class='ocrx_word' id='word_1_924' title='bbox 2106 265 2248 301; x_wconf 68' lang='lat' dir='ltr'>polymita.</span> 
     </span>
    </p>

    <p class='ocr_par' dir='ltr' id='par_1_63' title="bbox 1256 300 2425 415">
     <span class='ocr_line' id='line_1_105' title="bbox 1256 300 2423 343; baseline 0.004 -13"><span class='ocrx_word' id='word_1_925' title='bbox 1256 300 1280 330; x_wconf 90' lang='lat' dir='ltr'>C</span> <span class='ocrx_word' id='word_1_926' title='bbox 1289 311 1331 343; x_wconf 62' lang='grc'>011</span> <span class='ocrx_word' id='word_1_927' title='bbox 1343 312 1377 330; x_wconf 82' lang='grc'>16</span> <span class='ocrx_word' id='word_1_928' title='bbox 1388 313 1460 330; x_wconf 70' lang='grc'><strong>01..1</strong></span> <span class='ocrx_word' id='word_1_929' title='bbox 1471 311 1504 330; x_wconf 69' lang='lat' dir='ltr'>ur</span> <span class='ocrx_word' id='word_1_930' title='bbox 1516 312 1554 330; x_wconf 85' lang='lat' dir='ltr'>us</span> <span class='ocrx_word' id='word_1_931' title='bbox 1565 323 1573 334; x_wconf 79' lang='grc'><strong>,</strong></span> <span class='ocrx_word' id='word_1_932' title='bbox 1594 302 1612 330; x_wconf 87' lang='lat' dir='ltr'>i.</span> <span class='ocrx_word' id='word_1_933' title='bbox 1636 311 1673 331; x_wconf 91' lang='grc'><strong>111.</strong></span> <span class='ocrx_word' id='word_1_934' title='bbox 1694 301 1892 336; x_wconf 45' lang='lat' dir='ltr'>[namurcen</span> <span class='ocrx_word' id='word_1_935' title='bbox 1902 321 1909 332; x_wconf 88' lang='lat'><strong>‚</strong></span> <span class='ocrx_word' id='word_1_936' title='bbox 1928 302 2103 336; x_wconf 46' lang='lat' dir='ltr'>macram]</span> <span class='ocrx_word' id='word_1_937' title='bbox 2126 303 2181 339; x_wconf 86' lang='lat' dir='ltr'>Qui</span> <span class='ocrx_word' id='word_1_938' title='bbox 2192 305 2216 331; x_wconf 90' lang='lat' dir='ltr'>in</span> <span class='ocrx_word' id='word_1_939' title='bbox 2227 304 2357 336; x_wconf 79' lang='lat' dir='ltr'>cubiculo</span> <span class='ocrx_word' id='word_1_940' title='bbox 2373 308 2423 339; x_wconf 53' lang='lat' dir='ltr'>mir</span> 
     </span>
     <span class='ocr_line' id='line_1_106' title="bbox 1295 338 2423 380; baseline 0.007 -15"><span class='ocrx_word' id='word_1_941' title='bbox 1295 338 1397 368; x_wconf 68' lang='lat' dir='ltr'>instrat.</span> <span class='ocrx_word' id='word_1_942' title='bbox 1438 340 1496 368; x_wconf 79' lang='lat' dir='ltr'>Cic.</span> <span class='ocrx_word' id='word_1_943' title='bbox 1512 350 1536 373; x_wconf 78' lang='grc' dir='ltr'>ς.</span> <span class='ocrx_word' id='word_1_944' title='bbox 1553 339 1626 368; x_wconf 86' lang='lat' dir='ltr'>Verr.</span> <span class='ocrx_word' id='word_1_945' title='bbox 1640 345 1665 372; x_wconf 79' lang='lat'>8.</span> <span class='ocrx_word' id='word_1_946' title='bbox 1690 340 1771 368; x_wconf 80' lang='lat' dir='ltr'>Hunc</span> <span class='ocrx_word' id='word_1_947' title='bbox 1783 338 1861 367; x_wconf 83' lang='lat' dir='ltr'>vestri</span> <span class='ocrx_word' id='word_1_948' title='bbox 1872 339 2013 375; x_wconf 81' lang='lat' dir='ltr'>janitores,</span> <span class='ocrx_word' id='word_1_949' title='bbox 2034 340 2110 369; x_wconf 87' lang='lat' dir='ltr'>hunc</span> <span class='ocrx_word' id='word_1_950' title='bbox 2120 340 2279 370; x_wconf 79' lang='lat' dir='ltr'>cubicularii</span> <span class='ocrx_word' id='word_1_951' title='bbox 2292 344 2423 380; x_wconf 81' lang='lat' dir='ltr'>diligunt.</span> 
     </span>
     <span class='ocr_line' id='line_1_107' title="bbox 1294 375 2425 415; baseline 0.006 -10"><span class='ocrx_word' id='word_1_952' title='bbox 1294 375 1419 406; x_wconf 85' lang='lat' dir='ltr'>Decurio</span> <span class='ocrx_word' id='word_1_953' title='bbox 1439 376 1683 406; x_wconf 82' lang='lat' dir='ltr'>cubiculariorum.</span> <span class='ocrx_word' id='word_1_954' title='bbox 1725 376 1839 405; x_wconf 84' lang='lat' dir='ltr'>Sueton.</span> <span class='ocrx_word' id='word_1_955' title='bbox 1854 377 1882 404; x_wconf 89' lang='lat' dir='ltr'>in</span> <span class='ocrx_word' id='word_1_956' title='bbox 1903 376 2005 407; x_wconf 88' lang='lat' dir='ltr'>Domit.</span> <span class='ocrx_word' id='word_1_957' title='bbox 2025 387 2086 415; x_wconf 89' lang='lat' dir='ltr'>cap.</span> <span class='ocrx_word' id='word_1_958' title='bbox 2104 386 2142 414; x_wconf 88' lang='lat'>17.</span> <span class='ocrx_word' id='word_1_959' title='bbox 2167 378 2289 408; x_wconf 82' lang='lat' dir='ltr'>Saturius</span> <span class='ocrx_word' id='word_1_960' title='bbox 2312 381 2425 412; x_wconf 84' lang='lat' dir='ltr'>decurio</span> 
     </span>
    </p>

    <p class='ocr_par' dir='ltr' id='par_1_64' title="bbox 1315 413 2426 489">
     <span class='ocr_line' id='line_1_108' title="bbox 1316 413 2426 453; baseline 0.005 -11"><span class='ocrx_word' id='word_1_961' title='bbox 1316 414 1553 444; x_wconf 82' lang='lat' dir='ltr'>cubiculariorum</span> <span class='ocrx_word' id='word_1_962' title='bbox 1568 436 1575 450; x_wconf 93' lang='lat'><strong>‚</strong></span> <span class='ocrx_word' id='word_1_963' title='bbox 1598 416 1624 444; x_wconf 70' lang='grc' dir='ltr'><strong>ἃ</strong></span> <span class='ocrx_word' id='word_1_964' title='bbox 1638 414 1750 450; x_wconf 76' lang='lat' dir='ltr'>quidum</span> <span class='ocrx_word' id='word_1_965' title='bbox 1767 424 1781 443; x_wconf 88' lang='lat' dir='ltr'>e</span> <span class='ocrx_word' id='word_1_966' title='bbox 1797 413 1962 451; x_wconf 79' lang='lat' dir='ltr'>gladiatorio</span> <span class='ocrx_word' id='word_1_967' title='bbox 1978 415 2045 444; x_wconf 87' lang='lat' dir='ltr'>ludo</span> <span class='ocrx_word' id='word_1_968' title='bbox 2067 415 2229 445; x_wconf 85' lang='lat' dir='ltr'>vulneribus</span> <span class='ocrx_word' id='word_1_969' title='bbox 2242 416 2345 453; x_wconf 81' lang='lat' dir='ltr'>septem</span> <span class='ocrx_word' id='word_1_970' title='bbox 2357 429 2426 448; x_wconf 88' lang='lat' dir='ltr'>con-</span> 
     </span>
     <span class='ocr_line' id='line_1_109' title="bbox 1315 452 1937 489; baseline 0 -9"><span class='ocrx_word' id='word_1_971' title='bbox 1315 453 1498 481; x_wconf 81' lang='lat' dir='ltr'>trucidarunt.</span> <span class='ocrx_word' id='word_1_972' title='bbox 1521 452 1551 480; x_wconf 94' lang='lat' dir='ltr'>V.</span> <span class='ocrx_word' id='word_1_973' title='bbox 1578 452 1685 489; x_wconf 81' lang='lat' dir='ltr'>Pignor.</span> <span class='ocrx_word' id='word_1_974' title='bbox 1699 452 1734 480; x_wconf 86' lang='lat' dir='ltr'>de</span> <span class='ocrx_word' id='word_1_975' title='bbox 1745 452 1818 481; x_wconf 80' lang='lat' dir='ltr'>Serv.</span> <span class='ocrx_word' id='word_1_976' title='bbox 1836 461 1937 489; x_wconf 66' lang='lat' dir='ltr'>p.217.</span> 
     </span>
    </p>

    <p class='ocr_par' dir='ltr' id='par_1_65' title="bbox 1260 487 2430 637">
     <span class='ocr_line' id='line_1_110' title="bbox 1260 487 2427 529; baseline 0.002 -10"><span class='ocrx_word' id='word_1_977' title='bbox 1260 488 1283 519; x_wconf 92' lang='lat' dir='ltr'>C</span> <span class='ocrx_word' id='word_1_978' title='bbox 1294 498 1379 518; x_wconf 69' lang='grc'><strong>111110</strong></span> <span class='ocrx_word' id='word_1_979' title='bbox 1391 501 1407 518; x_wconf 90' lang='lat' dir='ltr'>u</span> <span class='ocrx_word' id='word_1_980' title='bbox 1418 494 1460 519; x_wconf 63' lang='lat' dir='ltr'>nx</span> <span class='ocrx_word' id='word_1_981' title='bbox 1472 499 1541 519; x_wconf 67' lang='lat' dir='ltr'>’rus</span> <span class='ocrx_word' id='word_1_982' title='bbox 1553 511 1561 523; x_wconf 82' lang='grc'>,</span> <span class='ocrx_word' id='word_1_983' title='bbox 1583 500 1598 518; x_wconf 85' lang='grc'>3</span> <span class='ocrx_word' id='word_1_984' title='bbox 1612 512 1619 521; x_wconf 77' lang='grc'>.</span> <span class='ocrx_word' id='word_1_985' title='bbox 1642 500 1699 519; x_wconf 85' lang='grc'><strong>11111.</strong></span> <span class='ocrx_word' id='word_1_986' title='bbox 1724 490 1784 525; x_wconf 85' lang='lat' dir='ltr'>Adj.</span> <span class='ocrx_word' id='word_1_987' title='bbox 1807 495 1852 524; x_wconf 83' lang='lat' dir='ltr'>ut,</span> <span class='ocrx_word' id='word_1_988' title='bbox 1875 489 2008 519; x_wconf 86' lang='lat' dir='ltr'>Triremis</span> <span class='ocrx_word' id='word_1_989' title='bbox 2017 490 2182 520; x_wconf 86' lang='lat' dir='ltr'>cubiculata.</span> <span class='ocrx_word' id='word_1_990' title='bbox 2224 487 2384 521; x_wconf 78' lang='lat' dir='ltr'>Senec.&#39;lib.</span> <span class='ocrx_word' id='word_1_991' title='bbox 2400 503 2427 529; x_wconf 84' lang='lat'>7.</span> 
     </span>
     <span class='ocr_line' id='line_1_111' title="bbox 1299 527 2429 565; baseline 0.004 -11"><span class='ocrx_word' id='word_1_992' title='bbox 1299 527 1335 555; x_wconf 86' lang='lat' dir='ltr'>de</span> <span class='ocrx_word' id='word_1_993' title='bbox 1348 527 1442 557; x_wconf 61' lang='lat' dir='ltr'>lienes.</span> <span class='ocrx_word' id='word_1_994' title='bbox 1456 537 1518 565; x_wconf 87' lang='lat' dir='ltr'>cap.</span> <span class='ocrx_word' id='word_1_995' title='bbox 1530 537 1576 556; x_wconf 88' lang='lat'>20.</span> <span class='ocrx_word' id='word_1_996' title='bbox 1599 527 1650 556; x_wconf 91' lang='lat' dir='ltr'>Cui</span> <span class='ocrx_word' id='word_1_997' title='bbox 1665 528 1792 556; x_wconf 80' lang='lat' dir='ltr'>triremes</span> <span class='ocrx_word' id='word_1_998' title='bbox 1810 528 1835 556; x_wconf 71' lang='grc' dir='ltr'>ἃ</span> <span class='ocrx_word' id='word_1_999' title='bbox 1854 536 1964 557; x_wconf 73' lang='lat' dir='ltr'>carratas</span> <span class='ocrx_word' id='word_1_1000' title='bbox 1985 530 1995 562; x_wconf 92' lang='lat'>(</span> <span class='ocrx_word' id='word_1_1001' title='bbox 2011 529 2049 557; x_wconf 75' lang='lat' dir='ltr'>Al.</span> <span class='ocrx_word' id='word_1_1002' title='bbox 2072 528 2193 558; x_wconf 74' lang='lat' dir='ltr'>cerastas</span> <span class='ocrx_word' id='word_1_1003' title='bbox 2206 550 2213 564; x_wconf 85' lang='lat'><strong>‚</strong></span> <span class='ocrx_word' id='word_1_1004' title='bbox 2235 528 2279 558; x_wconf 88' lang='lat' dir='ltr'>vel</span> <span class='ocrx_word' id='word_1_1005' title='bbox 2303 529 2429 562; x_wconf 74' lang='lat' dir='ltr'>AEratas)</span> 
     </span>
     <span class='ocr_line' id='line_1_112' title="bbox 1299 565 2430 601; baseline 0.001 -8"><span class='ocrx_word' id='word_1_1006' title='bbox 1299 572 1357 593; x_wconf 89' lang='grc'><strong>11011</strong></span> <span class='ocrx_word' id='word_1_1007' title='bbox 1368 566 1506 595; x_wconf 79' lang='lat' dir='ltr'>mitterem</span> <span class='ocrx_word' id='word_1_1008' title='bbox 1516 587 1524 600; x_wconf 81' lang='lat'><em>‚</em></span> <span class='ocrx_word' id='word_1_1009' title='bbox 1546 565 1658 594; x_wconf 75' lang='lat' dir='ltr'>lusorias</span> <span class='ocrx_word' id='word_1_1010' title='bbox 1671 567 1695 594; x_wconf 73' lang='grc' dir='ltr'>δι</span> <span class='ocrx_word' id='word_1_1011' title='bbox 1709 565 1880 595; x_wconf 76' lang='lat' dir='ltr'>cubiculatas</span> <span class='ocrx_word' id='word_1_1012' title='bbox 1893 587 1901 600; x_wconf 83' lang='lat'>,</span> <span class='ocrx_word' id='word_1_1013' title='bbox 1924 567 1949 595; x_wconf 69' lang='grc' dir='ltr'><strong>ἃ</strong></span> <span class='ocrx_word' id='word_1_1014' title='bbox 1962 566 2015 595; x_wconf 85' lang='lat' dir='ltr'>alia</span> <span class='ocrx_word' id='word_1_1015' title='bbox 2029 565 2147 596; x_wconf 87' lang='lat' dir='ltr'>ludibria</span> <span class='ocrx_word' id='word_1_1016' title='bbox 2167 576 2262 601; x_wconf 66' lang='lat' dir='ltr'>regum</span> <span class='ocrx_word' id='word_1_1017' title='bbox 2273 567 2302 595; x_wconf 88' lang='lat' dir='ltr'>in</span> <span class='ocrx_word' id='word_1_1018' title='bbox 2313 568 2380 596; x_wconf 86' lang='lat' dir='ltr'>mari</span> <span class='ocrx_word' id='word_1_1019' title='bbox 2393 567 2430 597; x_wconf 79' lang='lat' dir='ltr'>la.</span> 
     </span>
     <span class='ocr_line' id='line_1_113' title="bbox 1299 600 2209 637; baseline 0.003 -6"><span class='ocrx_word' id='word_1_1020' title='bbox 1299 601 1486 637; x_wconf 79' lang='lat' dir='ltr'>scivicntium,</span> <span class='ocrx_word' id='word_1_1021' title='bbox 1509 604 1627 632; x_wconf 84' lang='lat' dir='ltr'>mittam.</span> <span class='ocrx_word' id='word_1_1022' title='bbox 1657 603 1733 632; x_wconf 81' lang='lat' dir='ltr'>conf.</span> <span class='ocrx_word' id='word_1_1023' title='bbox 1756 612 1775 630; x_wconf 63' lang='lat' dir='ltr'>‘r</span> <span class='ocrx_word' id='word_1_1024' title='bbox 1786 611 1805 630; x_wconf 79' lang='grc'>11</span> <span class='ocrx_word' id='word_1_1025' title='bbox 1817 613 1834 631; x_wconf 70' lang='lat' dir='ltr'>a</span> <span class='ocrx_word' id='word_1_1026' title='bbox 1844 613 1860 630; x_wconf 92' lang='grc'>1.</span> <span class='ocrx_word' id='word_1_1027' title='bbox 1869 613 1887 631; x_wconf 73' lang='grc' dir='ltr'>Α</span> <span class='ocrx_word' id='word_1_1028' title='bbox 1899 614 1919 632; x_wconf 74' lang='grc' dir='ltr'>Μ</span> <span class='ocrx_word' id='word_1_1029' title='bbox 1930 613 1970 632; x_wconf 73' lang='lat' dir='ltr'>Ec</span> <span class='ocrx_word' id='word_1_1030' title='bbox 1982 614 1998 633; x_wconf 87' lang='grc' dir='ltr'>υ</span> <span class='ocrx_word' id='word_1_1031' title='bbox 2008 614 2029 633; x_wconf 89' lang='lat' dir='ltr'>s.</span> <span class='ocrx_word' id='word_1_1032' title='bbox 2199 600 2209 603; x_wconf 64' lang='grc'><em>“</em></span> 
     </span>
    </p>

    <p class='ocr_par' dir='ltr' id='par_1_66' title="bbox 1263 639 1914 676">
     <span class='ocr_line' id='line_1_114' title="bbox 1263 639 1914 676; baseline 0.005 -9"><span class='ocrx_word' id='word_1_1033' title='bbox 1263 639 1339 668; x_wconf 70' lang='lat' dir='ltr'>Cuss</span> <span class='ocrx_word' id='word_1_1034' title='bbox 1350 651 1425 670; x_wconf 70' lang='lat' dir='ltr'>iris</span> <span class='ocrx_word' id='word_1_1035' title='bbox 1437 651 1497 670; x_wconf 69' lang='lat' dir='ltr'>sim</span> <span class='ocrx_word' id='word_1_1036' title='bbox 1511 663 1519 675; x_wconf 84' lang='lat'>,</span> <span class='ocrx_word' id='word_1_1037' title='bbox 1542 641 1608 669; x_wconf 83' lang='lat' dir='ltr'>Adv.</span> <span class='ocrx_word' id='word_1_1038' title='bbox 1631 641 1716 670; x_wconf 81' lang='lat' dir='ltr'>Plaut.</span> <span class='ocrx_word' id='word_1_1039' title='bbox 1729 640 1786 669; x_wconf 78' lang='lat' dir='ltr'>Cas.</span> <span class='ocrx_word' id='word_1_1040' title='bbox 1801 650 1856 674; x_wconf 83' lang='lat'>5·2-</span> <span class='ocrx_word' id='word_1_1041' title='bbox 1870 651 1914 676; x_wconf 84' lang='lat'>4²·</span> 
     </span>
    </p>

    <p class='ocr_par' dir='ltr' id='par_1_67' title="bbox 1263 677 2433 832">
     <span class='ocr_line' id='line_1_115' title="bbox 1263 677 2432 718; baseline 0.001 -11"><span class='ocrx_word' id='word_1_1042' title='bbox 1263 677 1401 713; x_wconf 74' lang='lat' dir='ltr'>Cunus,</span> <span class='ocrx_word' id='word_1_1043' title='bbox 1422 680 1440 707; x_wconf 94' lang='lat' dir='ltr'>i.</span> <span class='ocrx_word' id='word_1_1044' title='bbox 1461 689 1498 707; x_wconf 91' lang='lat' dir='ltr'>m.</span> <span class='ocrx_word' id='word_1_1045' title='bbox 1522 677 1652 713; x_wconf 61' lang='grc' dir='ltr'>[κύέὢυ]</span> <span class='ocrx_word' id='word_1_1046' title='bbox 1676 678 1881 707; x_wconf 76' lang='lat' dir='ltr'>Alathematicis</span> <span class='ocrx_word' id='word_1_1047' title='bbox 1902 678 1930 707; x_wconf 90' lang='lat' dir='ltr'>Fi</span> <span class='ocrx_word' id='word_1_1048' title='bbox 1953 689 2000 708; x_wconf 85' lang='lat' dir='ltr'>ura</span> <span class='ocrx_word' id='word_1_1049' title='bbox 2018 679 2055 708; x_wconf 89' lang='lat' dir='ltr'>est</span> <span class='ocrx_word' id='word_1_1050' title='bbox 2077 687 2111 708; x_wconf 86' lang='lat' dir='ltr'>ex</span> <span class='ocrx_word' id='word_1_1051' title='bbox 2130 677 2303 709; x_wconf 86' lang='lat' dir='ltr'>omnilatere</span> <span class='ocrx_word' id='word_1_1052' title='bbox 2315 681 2432 718; x_wconf 69' lang='lat' dir='ltr'>quadra-</span> 
     </span>
     <span class='ocr_line' id='line_1_116' title="bbox 1302 714 2433 757; baseline 0.004 -12"><span class='ocrx_word' id='word_1_1053' title='bbox 1302 723 1329 744; x_wconf 87' lang='lat' dir='ltr'>ta</span> <span class='ocrx_word' id='word_1_1054' title='bbox 1341 738 1348 747; x_wconf 87' lang='grc'>.</span> <span class='ocrx_word' id='word_1_1055' title='bbox 1373 716 1467 751; x_wconf 79' lang='lat' dir='ltr'>quales</span> <span class='ocrx_word' id='word_1_1056' title='bbox 1484 716 1548 745; x_wconf 87' lang='lat' dir='ltr'>sunt</span> <span class='ocrx_word' id='word_1_1057' title='bbox 1559 714 1663 744; x_wconf 77' lang='lat' dir='ltr'>tesserae</span> <span class='ocrx_word' id='word_1_1058' title='bbox 1675 737 1682 747; x_wconf 85' lang='lat'>.</span> <span class='ocrx_word' id='word_1_1059' title='bbox 1704 716 1803 752; x_wconf 79' lang='lat' dir='ltr'>quibus</span> <span class='ocrx_word' id='word_1_1060' title='bbox 1815 716 1844 744; x_wconf 91' lang='lat' dir='ltr'>in</span> <span class='ocrx_word' id='word_1_1061' title='bbox 1855 716 1932 744; x_wconf 82' lang='lat' dir='ltr'>alveo</span> <span class='ocrx_word' id='word_1_1062' title='bbox 1947 727 1963 745; x_wconf 93' lang='lat' dir='ltr'>o</span> <span class='ocrx_word' id='word_1_1063' title='bbox 1975 716 2098 746; x_wconf 87' lang='lat' dir='ltr'>luditur:</span> <span class='ocrx_word' id='word_1_1064' title='bbox 2121 727 2155 746; x_wconf 85' lang='lat' dir='ltr'>ex</span> <span class='ocrx_word' id='word_1_1065' title='bbox 2167 726 2222 754; x_wconf 86' lang='lat' dir='ltr'>quo</span> <span class='ocrx_word' id='word_1_1066' title='bbox 2237 717 2300 755; x_wconf 81' lang='lat' dir='ltr'>ipsae</span> <span class='ocrx_word' id='word_1_1067' title='bbox 2309 720 2433 757; x_wconf 83' lang='lat' dir='ltr'>appella-</span> 
     </span>
     <span class='ocr_line' id='line_1_117' title="bbox 1301 753 2432 793; baseline 0.003 -10"><span class='ocrx_word' id='word_1_1068' title='bbox 1301 760 1336 783; x_wconf 84' lang='lat' dir='ltr'>tae</span> <span class='ocrx_word' id='word_1_1069' title='bbox 1347 754 1427 783; x_wconf 86' lang='lat' dir='ltr'>Cubi.</span> <span class='ocrx_word' id='word_1_1070' title='bbox 1469 753 1576 783; x_wconf 89' lang='lat' dir='ltr'>Euclid.</span> <span class='ocrx_word' id='word_1_1071' title='bbox 1591 762 1632 781; x_wconf 90' lang='lat'>11.</span> <span class='ocrx_word' id='word_1_1072' title='bbox 1655 753 1741 782; x_wconf 82' lang='lat' dir='ltr'>Elem.</span> <span class='ocrx_word' id='word_1_1073' title='bbox 1763 753 1823 782; x_wconf 84' lang='lat' dir='ltr'>Des.</span> <span class='ocrx_word' id='word_1_1074' title='bbox 1837 763 1881 789; x_wconf 81' lang='lat'>²5·</span> <span class='ocrx_word' id='word_1_1075' title='bbox 1904 754 1998 783; x_wconf 84' lang='lat' dir='ltr'>Cubus</span> <span class='ocrx_word' id='word_1_1076' title='bbox 2021 754 2058 783; x_wconf 82' lang='lat' dir='ltr'>est</span> <span class='ocrx_word' id='word_1_1077' title='bbox 2073 754 2159 791; x_wconf 80' lang='lat' dir='ltr'>ligura</span> <span class='ocrx_word' id='word_1_1078' title='bbox 2178 755 2283 789; x_wconf 67' lang='lat' dir='ltr'>solida,</span> <span class='ocrx_word' id='word_1_1079' title='bbox 2303 766 2362 793; x_wconf 75' lang='lat' dir='ltr'>quae</span> <span class='ocrx_word' id='word_1_1080' title='bbox 2385 758 2432 787; x_wconf 77' lang='lat' dir='ltr'>sex</span> 
     </span>
     <span class='ocr_line' id='line_1_118' title="bbox 1301 790 2431 832; baseline 0.004 -12"><span class='ocrx_word' id='word_1_1081' title='bbox 1301 792 1442 829; x_wconf 85' lang='lat' dir='ltr'>quadratis</span> <span class='ocrx_word' id='word_1_1082' title='bbox 1460 791 1611 828; x_wconf 79' lang='lat' dir='ltr'>aequalibus</span> <span class='ocrx_word' id='word_1_1083' title='bbox 1622 792 1790 820; x_wconf 83' lang='lat' dir='ltr'>continetur.</span> <span class='ocrx_word' id='word_1_1084' title='bbox 1817 792 1892 820; x_wconf 84' lang='lat' dir='ltr'>ldem</span> <span class='ocrx_word' id='word_1_1085' title='bbox 1903 800 1928 828; x_wconf 92' lang='lat'>7.</span> <span class='ocrx_word' id='word_1_1086' title='bbox 1951 792 2035 821; x_wconf 86' lang='lat' dir='ltr'>Elem.</span> <span class='ocrx_word' id='word_1_1087' title='bbox 2076 792 2106 821; x_wconf 94' lang='lat' dir='ltr'>V.</span> <span class='ocrx_word' id='word_1_1088' title='bbox 2132 790 2235 822; x_wconf 84' lang='lat' dir='ltr'>Vitruv.</span> <span class='ocrx_word' id='word_1_1089' title='bbox 2252 792 2297 823; x_wconf 84' lang='lat' dir='ltr'>lib.</span> <span class='ocrx_word' id='word_1_1090' title='bbox 2317 804 2338 830; x_wconf 85' lang='lat'>5.</span> <span class='ocrx_word' id='word_1_1091' title='bbox 2354 796 2431 832; x_wconf 85' lang='lat' dir='ltr'>praef.</span> 
     </span>
    </p>

    <p class='ocr_par' dir='ltr' id='par_1_68' title="bbox 1265 825 2433 940">
     <span class='ocr_line' id='line_1_119' title="bbox 1265 825 2433 867; baseline 0.006 -10"><span class='ocrx_word' id='word_1_1092' title='bbox 1265 826 1455 862; x_wconf 72' lang='lat' dir='ltr'>Cunicus,</span> <span class='ocrx_word' id='word_1_1093' title='bbox 1476 839 1509 863; x_wconf 79' lang='lat' dir='ltr'>a,</span> <span class='ocrx_word' id='word_1_1094' title='bbox 1530 839 1588 858; x_wconf 90' lang='lat' dir='ltr'>um.</span> <span class='ocrx_word' id='word_1_1095' title='bbox 1618 825 1762 865; x_wconf 67' lang='grc' dir='ltr'>ἷκυξυιές]</span> <span class='ocrx_word' id='word_1_1096' title='bbox 1791 828 1893 859; x_wconf 84' lang='lat' dir='ltr'>Vitruv.</span> <span class='ocrx_word' id='word_1_1097' title='bbox 1915 829 1963 859; x_wconf 89' lang='lat' dir='ltr'>lib.</span> <span class='ocrx_word' id='word_1_1098' title='bbox 1986 840 2010 866; x_wconf 87' lang='grc' dir='ltr'>ς.</span> <span class='ocrx_word' id='word_1_1099' title='bbox 2031 829 2108 867; x_wconf 83' lang='lat' dir='ltr'>praef.</span> <span class='ocrx_word' id='word_1_1100' title='bbox 2147 830 2260 861; x_wconf 88' lang='lat' dir='ltr'>Cubicis</span> <span class='ocrx_word' id='word_1_1101' title='bbox 2279 834 2433 864; x_wconf 75' lang='lat' dir='ltr'>rationibus</span> 
     </span>
     <span class='ocr_line' id='line_1_120' title="bbox 1305 866 1862 940; baseline 0 -44"><span class='ocrx_word' id='word_1_1102' title='bbox 1305 874 1447 906; x_wconf 83' lang='lat' dir='ltr'>praecepta</span> <span class='ocrx_word' id='word_1_1103' title='bbox 1462 866 1589 897; x_wconf 82' lang='lat' dir='ltr'>scribere.</span> <span class='ocrx_word' id='word_1_1104' title='bbox 1701 904 1730 939; x_wconf 78' lang='lat' dir='ltr'>C</span> <span class='ocrx_word' id='word_1_1105' title='bbox 1829 903 1862 940; x_wconf 80' lang='lat' dir='ltr'><strong>U</strong></span> 
     </span>
    </p>
   </div>
   <div class='ocr_carea' id='block_1_8' title="bbox 1267 968 2435 1045">
    <p class='ocr_par' dir='ltr' id='par_1_69' title="bbox 1267 968 2435 1045">
     <span class='ocr_line' id='line_1_121' title="bbox 1267 968 2435 1040; baseline 0.004 -39"><span class='ocrx_word' id='word_1_1106' title='bbox 1267 970 1291 1002; x_wconf 80' lang='lat' dir='ltr'><strong>C</strong></span> <span class='ocrx_word' id='word_1_1107' title='bbox 1299 969 1343 1040; x_wconf 62' lang='lat' dir='ltr'>Uoc</span> <span class='ocrx_word' id='word_1_1108' title='bbox 1351 972 1420 1037; x_wconf 38' lang='lat' dir='ltr'>uduo</span> <span class='ocrx_word' id='word_1_1109' title='bbox 1429 993 1437 1006; x_wconf 87' lang='lat'><strong>‚</strong></span> <span class='ocrx_word' id='word_1_1110' title='bbox 1456 973 1512 1001; x_wconf 67' lang='grc'><strong>516.</strong></span> <span class='ocrx_word' id='word_1_1111' title='bbox 1532 970 1679 1009; x_wconf 84' lang='lat' dir='ltr'>Proprium</span> <span class='ocrx_word' id='word_1_1112' title='bbox 1689 968 1727 998; x_wconf 88' lang='lat' dir='ltr'>est</span> <span class='ocrx_word' id='word_1_1113' title='bbox 1738 970 1815 1000; x_wconf 85' lang='lat' dir='ltr'>vocis</span> <span class='ocrx_word' id='word_1_1114' title='bbox 1825 971 1945 1000; x_wconf 68' lang='lat' dir='ltr'>noetuae.</span> <span class='ocrx_word' id='word_1_1115' title='bbox 1967 971 2069 1002; x_wconf 65' lang='lat' dir='ltr'>Austor</span> <span class='ocrx_word' id='word_1_1116' title='bbox 2089 971 2250 1003; x_wconf 83' lang='lat' dir='ltr'>Philomelae</span> <span class='ocrx_word' id='word_1_1117' title='bbox 2262 973 2291 1003; x_wconf 89' lang='lat' dir='ltr'>in</span> <span class='ocrx_word' id='word_1_1118' title='bbox 2302 974 2435 1013; x_wconf 85' lang='lat' dir='ltr'>operibus</span> 
     </span>
     <span class='ocr_line' id='line_1_122' title="bbox 1336 1019 1499 1045; baseline 0 -7"><span class='ocrx_word' id='word_1_1119' title='bbox 1336 1019 1360 1039; x_wconf 79' lang='lat' dir='ltr'>vi</span> <span class='ocrx_word' id='word_1_1120' title='bbox 1386 1019 1402 1037; x_wconf 94' lang='grc'>11</span> <span class='ocrx_word' id='word_1_1121' title='bbox 1414 1019 1438 1039; x_wconf 91' lang='lat' dir='ltr'>v.</span> <span class='ocrx_word' id='word_1_1122' title='bbox 1454 1019 1499 1045; x_wconf 89' lang='lat'>41.</span> 
     </span>
    </p>
   </div>
   <div class='ocr_carea' id='block_1_9' title="bbox 1269 1044 2438 1237">
    <p class='ocr_par' dir='ltr' id='par_1_70' title="bbox 1382 1044 1943 1083">
     <span class='ocr_line' id='line_1_123' title="bbox 1382 1044 1943 1083; baseline -0.002 -7"><span class='ocrx_word' id='word_1_1123' title='bbox 1382 1047 1492 1076; x_wconf 64' lang='lat' dir='ltr'>Noctua</span> <span class='ocrx_word' id='word_1_1124' title='bbox 1506 1045 1627 1083; x_wconf 88' lang='lat' dir='ltr'>lucifuga</span> <span class='ocrx_word' id='word_1_1125' title='bbox 1638 1045 1758 1075; x_wconf 85' lang='lat' dir='ltr'>cucubat</span> <span class='ocrx_word' id='word_1_1126' title='bbox 1771 1046 1800 1074; x_wconf 89' lang='lat' dir='ltr'>in</span> <span class='ocrx_word' id='word_1_1127' title='bbox 1810 1044 1943 1075; x_wconf 85' lang='lat' dir='ltr'>tenebris.</span> 
     </span>
    </p>

    <p class='ocr_par' dir='ltr' id='par_1_71' title="bbox 1269 1081 2438 1198">
     <span class='ocr_line' id='line_1_124' title="bbox 1269 1081 2436 1123; baseline 0.004 -10"><span class='ocrx_word' id='word_1_1128' title='bbox 1269 1083 1345 1116; x_wconf 70' lang='lat' dir='ltr'>Ciic</span> <span class='ocrx_word' id='word_1_1129' title='bbox 1356 1086 1373 1113; x_wconf 83' lang='grc' dir='ltr'><strong>ῦ</strong></span> <span class='ocrx_word' id='word_1_1130' title='bbox 1386 1095 1447 1114; x_wconf 67' lang='lat' dir='ltr'>tro</span> <span class='ocrx_word' id='word_1_1131' title='bbox 1458 1107 1466 1119; x_wconf 72' lang='grc'>.</span> <span class='ocrx_word' id='word_1_1132' title='bbox 1488 1085 1558 1114; x_wconf 64' lang='lat' dir='ltr'>onis.</span> <span class='ocrx_word' id='word_1_1133' title='bbox 1582 1084 1598 1113; x_wconf 91' lang='lat' dir='ltr'>f.</span> <span class='ocrx_word' id='word_1_1134' title='bbox 1624 1084 1715 1120; x_wconf 71' lang='grc' dir='ltr'>[πιλιέ</span> <span class='ocrx_word' id='word_1_1135' title='bbox 1732 1083 1834 1119; x_wconf 48' lang='grc' dir='ltr'>μένω]</span> <span class='ocrx_word' id='word_1_1136' title='bbox 1855 1083 1893 1112; x_wconf 85' lang='lat' dir='ltr'>est</span> <span class='ocrx_word' id='word_1_1137' title='bbox 1912 1084 1965 1119; x_wconf 88' lang='lat' dir='ltr'>(ut</span> <span class='ocrx_word' id='word_1_1138' title='bbox 1975 1081 2066 1119; x_wconf 81' lang='lat' dir='ltr'>Julius</span> <span class='ocrx_word' id='word_1_1139' title='bbox 2079 1083 2258 1123; x_wconf 88' lang='lat' dir='ltr'>Capitolinus</span> <span class='ocrx_word' id='word_1_1140' title='bbox 2273 1087 2302 1116; x_wconf 89' lang='lat' dir='ltr'>in</span> <span class='ocrx_word' id='word_1_1141' title='bbox 2319 1087 2390 1117; x_wconf 87' lang='lat' dir='ltr'>Vero</span> <span class='ocrx_word' id='word_1_1142' title='bbox 2411 1098 2436 1119; x_wconf 91' lang='lat' dir='ltr'>c.</span> 
     </span>
     <span class='ocr_line' id='line_1_125' title="bbox 1307 1121 2437 1161; baseline 0.004 -10"><span class='ocrx_word' id='word_1_1143' title='bbox 1307 1133 1335 1157; x_wconf 85' lang='grc'>4.</span> <span class='ocrx_word' id='word_1_1144' title='bbox 1346 1122 1430 1152; x_wconf 88' lang='lat' dir='ltr'>docet</span> <span class='ocrx_word' id='word_1_1145' title='bbox 1440 1123 1452 1158; x_wconf 88' lang='lat'><em>)</em></span> <span class='ocrx_word' id='word_1_1146' title='bbox 1474 1123 1568 1152; x_wconf 90' lang='lat' dir='ltr'>Genus</span> <span class='ocrx_word' id='word_1_1147' title='bbox 1577 1121 1643 1159; x_wconf 85' lang='lat' dir='ltr'>pilei</span> <span class='ocrx_word' id='word_1_1148' title='bbox 1656 1122 1805 1157; x_wconf 77' lang='lat' dir='ltr'>viatorum,</span> <span class='ocrx_word' id='word_1_1149' title='bbox 1827 1130 1882 1159; x_wconf 81' lang='lat' dir='ltr'>quo</span> <span class='ocrx_word' id='word_1_1150' title='bbox 1891 1121 1981 1159; x_wconf 86' lang='lat' dir='ltr'>capite</span> <span class='ocrx_word' id='word_1_1151' title='bbox 1991 1122 2104 1151; x_wconf 64' lang='lat' dir='ltr'>obtecto</span> <span class='ocrx_word' id='word_1_1152' title='bbox 2112 1145 2120 1155; x_wconf 75' lang='lat'>.</span> <span class='ocrx_word' id='word_1_1153' title='bbox 2142 1125 2233 1161; x_wconf 76' lang='lat' dir='ltr'>vagari</span> <span class='ocrx_word' id='word_1_1154' title='bbox 2246 1126 2329 1155; x_wconf 75' lang='lat' dir='ltr'>nocte</span> <span class='ocrx_word' id='word_1_1155' title='bbox 2337 1125 2437 1156; x_wconf 88' lang='lat' dir='ltr'>solent.</span> 
     </span>
     <span class='ocr_line' id='line_1_126' title="bbox 1304 1159 2438 1198; baseline 0.003 -8"><span class='ocrx_word' id='word_1_1156' title='bbox 1304 1159 1678 1197; x_wconf 78' lang='lat' dir='ltr'>Cuculioneni‚proCucullo</span> <span class='ocrx_word' id='word_1_1157' title='bbox 1689 1159 1799 1189; x_wconf 85' lang='lat' dir='ltr'>videtur</span> <span class='ocrx_word' id='word_1_1158' title='bbox 1813 1159 2012 1197; x_wconf 84' lang='lat' dir='ltr'>accipereCato</span> <span class='ocrx_word' id='word_1_1159' title='bbox 2024 1160 2320 1198; x_wconf 79' lang='lat' dir='ltr'>deR.R.cap.3.Funes</span> <span class='ocrx_word' id='word_1_1160' title='bbox 2332 1171 2438 1193; x_wconf 82' lang='lat' dir='ltr'>veteres</span> 
     </span>
    </p>

    <p class='ocr_par' dir='ltr' id='par_1_72' title="bbox 1327 1196 2437 1237">
     <span class='ocr_line' id='line_1_127' title="bbox 1327 1196 2437 1237; baseline 0.004 -10"><span class='ocrx_word' id='word_1_1161' title='bbox 1327 1198 1418 1228; x_wconf 85' lang='lat' dir='ltr'>sarciri</span> <span class='ocrx_word' id='word_1_1162' title='bbox 1428 1221 1436 1233; x_wconf 82' lang='lat'>‚</span> <span class='ocrx_word' id='word_1_1163' title='bbox 1458 1197 1600 1235; x_wconf 89' lang='lat' dir='ltr'>novosque</span> <span class='ocrx_word' id='word_1_1164' title='bbox 1615 1197 1690 1227; x_wconf 70' lang='lat' dir='ltr'>fieri:</span> <span class='ocrx_word' id='word_1_1165' title='bbox 1714 1204 1850 1227; x_wconf 90' lang='lat' dir='ltr'>centones</span> <span class='ocrx_word' id='word_1_1166' title='bbox 1860 1219 1868 1231; x_wconf 88' lang='lat'><strong>‚</strong></span> <span class='ocrx_word' id='word_1_1167' title='bbox 1890 1196 2054 1226; x_wconf 88' lang='lat' dir='ltr'>cuculiones</span> <span class='ocrx_word' id='word_1_1168' title='bbox 2066 1197 2197 1228; x_wconf 75' lang='lat' dir='ltr'>familiam</span> <span class='ocrx_word' id='word_1_1169' title='bbox 2218 1200 2368 1237; x_wconf 77' lang='lat' dir='ltr'>oportuisse</span> <span class='ocrx_word' id='word_1_1170' title='bbox 2390 1203 2437 1231; x_wconf 79' lang='lat' dir='ltr'>libi</span> 
     </span>
    </p>
   </div>
   <div class='ocr_carea' id='block_1_10' title="bbox 1326 1233 2441 1309">
    <p class='ocr_par' dir='ltr' id='par_1_73' title="bbox 1326 1233 2441 1309">
     <span class='ocr_line' id='line_1_128' title="bbox 1326 1233 2441 1275; baseline 0.004 -9"><span class='ocrx_word' id='word_1_1171' title='bbox 1326 1236 1433 1266; x_wconf 72' lang='lat' dir='ltr'>sarcire.</span> <span class='ocrx_word' id='word_1_1172' title='bbox 1473 1235 1652 1265; x_wconf 75' lang='lat' dir='ltr'>videturesse</span> <span class='ocrx_word' id='word_1_1173' title='bbox 1667 1245 1682 1265; x_wconf 88' lang='lat' dir='ltr'>a</span> <span class='ocrx_word' id='word_1_1174' title='bbox 1694 1233 1818 1265; x_wconf 81' lang='lat' dir='ltr'>Cuculus</span> <span class='ocrx_word' id='word_1_1175' title='bbox 1831 1257 1838 1271; x_wconf 88' lang='lat'>,</span> <span class='ocrx_word' id='word_1_1176' title='bbox 1859 1235 1949 1265; x_wconf 81' lang='lat' dir='ltr'>forma</span> <span class='ocrx_word' id='word_1_1177' title='bbox 1966 1235 2060 1265; x_wconf 80' lang='lat' dir='ltr'>Graeca</span> <span class='ocrx_word' id='word_1_1178' title='bbox 2073 1236 2293 1275; x_wconf 68' lang='lat' dir='ltr'>diminutivun13</span> <span class='ocrx_word' id='word_1_1179' title='bbox 2322 1239 2388 1269; x_wconf 82' lang='lat' dir='ltr'>licut</span> <span class='ocrx_word' id='word_1_1180' title='bbox 2405 1240 2441 1270; x_wconf 84' lang='lat' dir='ltr'>ab</span> 
     </span>
     <span class='ocr_line' id='line_1_129' title="bbox 1330 1273 1667 1309; baseline -0.003 -6"><span class='ocrx_word' id='word_1_1181' title='bbox 1330 1274 1456 1304; x_wconf 86' lang='lat' dir='ltr'>Homine</span> <span class='ocrx_word' id='word_1_1182' title='bbox 1467 1296 1475 1309; x_wconf 86' lang='lat'>‚</span> <span class='ocrx_word' id='word_1_1183' title='bbox 1497 1273 1667 1303; x_wconf 84' lang='lat' dir='ltr'>Hcmuncio.</span> 
     </span>
    </p>
   </div>
   <div class='ocr_carea' id='block_1_11' title="bbox 1270 1310 2460 3930">
    <p class='ocr_par' dir='ltr' id='par_1_74' title="bbox 1274 1310 1924 1348">
     <span class='ocr_line' id='line_1_130' title="bbox 1274 1310 1924 1348; baseline -0.002 -6"><span class='ocrx_word' id='word_1_1184' title='bbox 1274 1313 1299 1343; x_wconf 76' lang='lat' dir='ltr'>C</span> <span class='ocrx_word' id='word_1_1185' title='bbox 1308 1313 1324 1342; x_wconf 75' lang='lat' dir='ltr'>u</span> <span class='ocrx_word' id='word_1_1186' title='bbox 1335 1315 1378 1342; x_wconf 77' lang='grc' dir='ltr'>οὔ</span> <span class='ocrx_word' id='word_1_1187' title='bbox 1390 1324 1406 1341; x_wconf 66' lang='grc' dir='ltr'>1υ</span> <span class='ocrx_word' id='word_1_1188' title='bbox 1415 1323 1431 1341; x_wconf 96' lang='grc' dir='ltr'>ο</span> <span class='ocrx_word' id='word_1_1189' title='bbox 1442 1334 1450 1348; x_wconf 80' lang='lat'><em>‚</em></span> <span class='ocrx_word' id='word_1_1190' title='bbox 1471 1315 1526 1341; x_wconf 69' lang='grc'><strong>316.</strong></span> <span class='ocrx_word' id='word_1_1191' title='bbox 1552 1313 1652 1341; x_wconf 63' lang='lat' dir='ltr'>Auctor</span> <span class='ocrx_word' id='word_1_1192' title='bbox 1664 1310 1824 1341; x_wconf 80' lang='lat' dir='ltr'>P&#39;nilomelae</span> <span class='ocrx_word' id='word_1_1193' title='bbox 1838 1321 1863 1341; x_wconf 91' lang='lat' dir='ltr'>v.</span> <span class='ocrx_word' id='word_1_1194' title='bbox 1881 1319 1924 1347; x_wconf 79' lang='lat'>35.</span> 
     </span>
    </p>

    <p class='ocr_par' dir='ltr' id='par_1_75' title="bbox 1392 1348 2028 1380">
     <span class='ocr_line' id='line_1_131' title="bbox 1392 1348 2028 1380; baseline -0.002 0"><span class='ocrx_word' id='word_1_1195' title='bbox 1392 1351 1424 1380; x_wconf 77' lang='lat' dir='ltr'>Et</span> <span class='ocrx_word' id='word_1_1196' title='bbox 1435 1348 1526 1380; x_wconf 90' lang='lat' dir='ltr'>cuculi</span> <span class='ocrx_word' id='word_1_1197' title='bbox 1537 1349 1689 1379; x_wconf 88' lang='lat' dir='ltr'>cuculant:</span> <span class='ocrx_word' id='word_1_1198' title='bbox 1713 1349 1813 1378; x_wconf 86' lang='lat' dir='ltr'>fritinit</span> <span class='ocrx_word' id='word_1_1199' title='bbox 1829 1359 1912 1380; x_wconf 87' lang='lat' dir='ltr'>rauca</span> <span class='ocrx_word' id='word_1_1200' title='bbox 1924 1348 2028 1379; x_wconf 82' lang='lat' dir='ltr'>cicada.</span> 
     </span>
    </p>

    <p class='ocr_par' dir='ltr' id='par_1_76' title="bbox 1270 1385 2442 1463">
     <span class='ocr_line' id='line_1_132' title="bbox 1270 1385 2442 1428; baseline 0.003 -10"><span class='ocrx_word' id='word_1_1201' title='bbox 1270 1388 1481 1424; x_wconf 61' lang='lat' dir='ltr'>cucurum,</span> <span class='ocrx_word' id='word_1_1202' title='bbox 1503 1389 1521 1417; x_wconf 91' lang='lat' dir='ltr'>i.</span> <span class='ocrx_word' id='word_1_1203' title='bbox 1541 1397 1568 1417; x_wconf 86' lang='lat' dir='ltr'>n.</span> <span class='ocrx_word' id='word_1_1204' title='bbox 1590 1387 1748 1423; x_wconf 54' lang='lat' dir='ltr'>[uenam]</span> <span class='ocrx_word' id='word_1_1205' title='bbox 1770 1385 1931 1417; x_wconf 81' lang='lat' dir='ltr'>Latinorum</span> <span class='ocrx_word' id='word_1_1206' title='bbox 1943 1387 2111 1425; x_wconf 84' lang='lat' dir='ltr'>oppidulum</span> <span class='ocrx_word' id='word_1_1207' title='bbox 2127 1387 2180 1424; x_wconf 87' lang='lat' dir='ltr'>est,</span> <span class='ocrx_word' id='word_1_1208' title='bbox 2203 1388 2232 1417; x_wconf 89' lang='lat' dir='ltr'>in</span> <span class='ocrx_word' id='word_1_1209' title='bbox 2251 1389 2294 1419; x_wconf 79' lang='lat' dir='ltr'>via</span> <span class='ocrx_word' id='word_1_1210' title='bbox 2313 1389 2420 1422; x_wconf 82' lang='lat' dir='ltr'>Valeria</span> <span class='ocrx_word' id='word_1_1211' title='bbox 2432 1414 2442 1428; x_wconf 84' lang='lat'>,</span> 
     </span>
     <span class='ocr_line' id='line_1_133' title="bbox 1313 1425 1736 1463; baseline -0.005 -7"><span class='ocrx_word' id='word_1_1212' title='bbox 1313 1428 1392 1463; x_wconf 76' lang='lat' dir='ltr'>cujus</span> <span class='ocrx_word' id='word_1_1213' title='bbox 1404 1426 1632 1456; x_wconf 80' lang='lat' dir='ltr'>meminitStrab.</span> <span class='ocrx_word' id='word_1_1214' title='bbox 1649 1425 1696 1454; x_wconf 88' lang='lat' dir='ltr'>lib.</span> <span class='ocrx_word' id='word_1_1215' title='bbox 1713 1436 1736 1460; x_wconf 86' lang='grc' dir='ltr'>ς.</span> 
     </span>
    </p>

    <p class='ocr_par' dir='ltr' id='par_1_77' title="bbox 1272 1463 2438 1505">
     <span class='ocr_line' id='line_1_134' title="bbox 1272 1463 2438 1505; baseline 0.003 -10"><span class='ocrx_word' id='word_1_1216' title='bbox 1272 1464 1324 1495; x_wconf 71' lang='grc' dir='ltr'>Ὸῠ</span> <span class='ocrx_word' id='word_1_1217' title='bbox 1336 1468 1472 1501; x_wconf 62' lang='lat' dir='ltr'>cutus,</span> <span class='ocrx_word' id='word_1_1218' title='bbox 1493 1463 1537 1494; x_wconf 88' lang='lat' dir='ltr'>vel</span> <span class='ocrx_word' id='word_1_1219' title='bbox 1558 1463 1780 1498; x_wconf 49' lang='lat' dir='ltr'>enecatus,</span> <span class='ocrx_word' id='word_1_1220' title='bbox 1801 1463 1943 1498; x_wconf 64' lang='grc' dir='ltr'>[κόκκυξ]</span> <span class='ocrx_word' id='word_1_1221' title='bbox 1965 1464 2028 1493; x_wconf 74' lang='lat' dir='ltr'>Avis</span> <span class='ocrx_word' id='word_1_1222' title='bbox 2043 1470 2118 1493; x_wconf 78' lang='lat' dir='ltr'>nota.</span> <span class='ocrx_word' id='word_1_1223' title='bbox 2141 1463 2208 1494; x_wconf 82' lang='lat' dir='ltr'>Hor.</span> <span class='ocrx_word' id='word_1_1224' title='bbox 2221 1464 2342 1496; x_wconf 84' lang='lat' dir='ltr'>1.Sern1.</span> <span class='ocrx_word' id='word_1_1225' title='bbox 2354 1475 2379 1505; x_wconf 89' lang='lat'>7.</span> <span class='ocrx_word' id='word_1_1226' title='bbox 2395 1476 2438 1503; x_wconf 87' lang='lat'>31.</span> 
     </span>
    </p>

    <p class='ocr_par' dir='ltr' id='par_1_78' title="bbox 1392 1501 2442 1576">
     <span class='ocr_line' id='line_1_135' title="bbox 1620 1501 1894 1538; baseline -0.004 -8"><span class='ocrx_word' id='word_1_1227' title='bbox 1620 1502 1711 1530; x_wconf 74' lang='lat' dir='ltr'>—cui</span> <span class='ocrx_word' id='word_1_1228' title='bbox 1722 1501 1792 1538; x_wconf 74' lang='lat' dir='ltr'>sirpe</span> <span class='ocrx_word' id='word_1_1229' title='bbox 1805 1502 1894 1530; x_wconf 75' lang='lat' dir='ltr'>viator</span> 
     </span>
     <span class='ocr_line' id='line_1_136' title="bbox 1392 1539 2442 1576; baseline 0.003 -6"><span class='ocrx_word' id='word_1_1230' title='bbox 1392 1539 1529 1574; x_wconf 76' lang='lat' dir='ltr'>Ceffisset‚</span> <span class='ocrx_word' id='word_1_1231' title='bbox 1549 1548 1649 1576; x_wconf 74' lang='lat' dir='ltr'>magna</span> <span class='ocrx_word' id='word_1_1232' title='bbox 1660 1539 1834 1576; x_wconf 82' lang='lat' dir='ltr'>compellans</span> <span class='ocrx_word' id='word_1_1233' title='bbox 1846 1548 1915 1568; x_wconf 84' lang='lat' dir='ltr'>voce</span> <span class='ocrx_word' id='word_1_1234' title='bbox 1929 1539 2081 1568; x_wconf 85' lang='lat' dir='ltr'>cucullum.</span> <span class='ocrx_word' id='word_1_1235' title='bbox 2178 1540 2303 1571; x_wconf 74' lang='lat' dir='ltr'>Viatores</span> <span class='ocrx_word' id='word_1_1236' title='bbox 2315 1542 2442 1573; x_wconf 80' lang='lat' dir='ltr'>solebant</span> 
     </span>
    </p>

    <p class='ocr_par' dir='ltr' id='par_1_79' title="bbox 1311 1576 2444 1619">
     <span class='ocr_line' id='line_1_137' title="bbox 1311 1576 2444 1619; baseline -0.001 -11"><span class='ocrx_word' id='word_1_1237' title='bbox 1311 1577 1440 1608; x_wconf 87' lang='lat' dir='ltr'>Cultores</span> <span class='ocrx_word' id='word_1_1238' title='bbox 1452 1580 1477 1608; x_wconf 84' lang='lat'>&amp;</span> <span class='ocrx_word' id='word_1_1239' title='bbox 1489 1577 1626 1607; x_wconf 81' lang='lat' dir='ltr'>Vinitores</span> <span class='ocrx_word' id='word_1_1240' title='bbox 1636 1576 1845 1610; x_wconf 77' lang='lat' dir='ltr'>serocolentes‚</span> <span class='ocrx_word' id='word_1_1241' title='bbox 1868 1577 2009 1614; x_wconf 72' lang='lat' dir='ltr'>appellare</span> <span class='ocrx_word' id='word_1_1242' title='bbox 2028 1576 2177 1611; x_wconf 80' lang='lat' dir='ltr'>Cucullos,</span> <span class='ocrx_word' id='word_1_1243' title='bbox 2199 1579 2226 1607; x_wconf 86' lang='lat' dir='ltr'>in</span> <span class='ocrx_word' id='word_1_1244' title='bbox 2249 1580 2358 1610; x_wconf 76' lang='lat' dir='ltr'>desidiae</span> <span class='ocrx_word' id='word_1_1245' title='bbox 2380 1592 2444 1619; x_wconf 88' lang='lat' dir='ltr'>pro.</span> 
     </span>
    </p>

    <p class='ocr_par' dir='ltr' id='par_1_80' title="bbox 1313 1615 2442 1652">
     <span class='ocr_line' id='line_1_138' title="bbox 1313 1615 2442 1652; baseline 0.001 -6"><span class='ocrx_word' id='word_1_1246' title='bbox 1313 1617 1404 1646; x_wconf 80' lang='lat' dir='ltr'>bruni.</span> <span class='ocrx_word' id='word_1_1247' title='bbox 1444 1616 1518 1645; x_wconf 86' lang='lat' dir='ltr'>Hinc</span> <span class='ocrx_word' id='word_1_1248' title='bbox 1528 1615 1597 1645; x_wconf 88' lang='lat' dir='ltr'>Plin.</span> <span class='ocrx_word' id='word_1_1249' title='bbox 1610 1615 1659 1645; x_wconf 90' lang='lat' dir='ltr'>lib.</span> <span class='ocrx_word' id='word_1_1250' title='bbox 1673 1621 1714 1649; x_wconf 84' lang='lat'>18.</span> <span class='ocrx_word' id='word_1_1251' title='bbox 1727 1625 1786 1652; x_wconf 85' lang='lat' dir='ltr'>cap.</span> <span class='ocrx_word' id='word_1_1252' title='bbox 1802 1618 1846 1643; x_wconf 80' lang='lat'>26.</span> <span class='ocrx_word' id='word_1_1253' title='bbox 1861 1623 1929 1644; x_wconf 81' lang='lat' dir='ltr'>extr.</span> <span class='ocrx_word' id='word_1_1254' title='bbox 1957 1615 2029 1644; x_wconf 85' lang='lat' dir='ltr'>Dum</span> <span class='ocrx_word' id='word_1_1255' title='bbox 2040 1615 2105 1644; x_wconf 86' lang='lat' dir='ltr'>sciat</span> <span class='ocrx_word' id='word_1_1256' title='bbox 2117 1637 2125 1649; x_wconf 79' lang='lat'><strong>‚</strong></span> <span class='ocrx_word' id='word_1_1257' title='bbox 2146 1616 2247 1652; x_wconf 77' lang='lat' dir='ltr'>inquit,</span> <span class='ocrx_word' id='word_1_1258' title='bbox 2271 1619 2338 1648; x_wconf 79' lang='lat' dir='ltr'>inde</span> <span class='ocrx_word' id='word_1_1259' title='bbox 2349 1628 2442 1649; x_wconf 80' lang='lat' dir='ltr'>natam</span> 
     </span>
    </p>

    <p class='ocr_par' dir='ltr' id='par_1_81' title="bbox 1312 1653 2447 1733">
     <span class='ocr_line' id='line_1_139' title="bbox 1312 1653 2446 1692; baseline 0 -8"><span class='ocrx_word' id='word_1_1260' title='bbox 1312 1654 1562 1692; x_wconf 82' lang='lat' dir='ltr'>exprobrationem</span> <span class='ocrx_word' id='word_1_1261' title='bbox 1581 1653 1685 1682; x_wconf 81' lang='lat' dir='ltr'>foedam</span> <span class='ocrx_word' id='word_1_1262' title='bbox 1701 1654 1860 1691; x_wconf 84' lang='lat' dir='ltr'>putantium</span> <span class='ocrx_word' id='word_1_1263' title='bbox 1875 1654 1946 1682; x_wconf 71' lang='lat' dir='ltr'>vites</span> <span class='ocrx_word' id='word_1_1264' title='bbox 1974 1663 2023 1691; x_wconf 89' lang='lat' dir='ltr'>per</span> <span class='ocrx_word' id='word_1_1265' title='bbox 2038 1653 2225 1683; x_wconf 77' lang='lat' dir='ltr'>imitationem</span> <span class='ocrx_word' id='word_1_1266' title='bbox 2254 1664 2351 1687; x_wconf 71' lang='lat' dir='ltr'>cantus</span> <span class='ocrx_word' id='word_1_1267' title='bbox 2371 1657 2446 1686; x_wconf 79' lang='lat' dir='ltr'>alitis</span> 
     </span>
     <span class='ocr_line' id='line_1_140' title="bbox 1314 1691 2447 1733; baseline -0.003 -11"><span class='ocrx_word' id='word_1_1268' title='bbox 1314 1693 1506 1730; x_wconf 76' lang='lat' dir='ltr'>temporariae,</span> <span class='ocrx_word' id='word_1_1269' title='bbox 1529 1701 1611 1729; x_wconf 80' lang='lat' dir='ltr'>quam</span> <span class='ocrx_word' id='word_1_1270' title='bbox 1636 1691 1779 1721; x_wconf 88' lang='lat' dir='ltr'>cucullum</span> <span class='ocrx_word' id='word_1_1271' title='bbox 1801 1698 1920 1720; x_wconf 81' lang='lat' dir='ltr'>vocant:</span> <span class='ocrx_word' id='word_1_1272' title='bbox 1945 1691 2066 1720; x_wconf 83' lang='lat' dir='ltr'>dedecus</span> <span class='ocrx_word' id='word_1_1273' title='bbox 2088 1692 2164 1720; x_wconf 88' lang='lat' dir='ltr'>enim</span> <span class='ocrx_word' id='word_1_1274' title='bbox 2186 1692 2303 1723; x_wconf 82' lang='lat' dir='ltr'>habetur</span> <span class='ocrx_word' id='word_1_1275' title='bbox 2314 1717 2321 1730; x_wconf 86' lang='lat'>,</span> <span class='ocrx_word' id='word_1_1276' title='bbox 2343 1706 2447 1733; x_wconf 58' lang='lat' dir='ltr'>oppa)-</span> 
     </span>
    </p>

    <p class='ocr_par' dir='ltr' id='par_1_82' title="bbox 1312 1728 2446 1767">
     <span class='ocr_line' id='line_1_141' title="bbox 1312 1728 2446 1767; baseline -0.001 -7"><span class='ocrx_word' id='word_1_1277' title='bbox 1312 1731 1463 1767; x_wconf 87' lang='lat' dir='ltr'>briumque</span> <span class='ocrx_word' id='word_1_1278' title='bbox 1473 1730 1620 1764; x_wconf 81' lang='lat' dir='ltr'>meritum,</span> <span class='ocrx_word' id='word_1_1279' title='bbox 1642 1728 1744 1758; x_wconf 84' lang='lat' dir='ltr'>falcem</span> <span class='ocrx_word' id='word_1_1280' title='bbox 1754 1729 1787 1758; x_wconf 82' lang='lat' dir='ltr'>ab</span> <span class='ocrx_word' id='word_1_1281' title='bbox 1800 1728 1845 1757; x_wconf 86' lang='lat' dir='ltr'>illa</span> <span class='ocrx_word' id='word_1_1282' title='bbox 1857 1729 1969 1758; x_wconf 89' lang='lat' dir='ltr'>volucre</span> <span class='ocrx_word' id='word_1_1283' title='bbox 1986 1729 2013 1757; x_wconf 88' lang='lat' dir='ltr'>in</span> <span class='ocrx_word' id='word_1_1284' title='bbox 2031 1730 2087 1758; x_wconf 86' lang='lat' dir='ltr'>vite</span> <span class='ocrx_word' id='word_1_1285' title='bbox 2103 1730 2293 1767; x_wconf 78' lang='lat' dir='ltr'>deprehendi,</span> <span class='ocrx_word' id='word_1_1286' title='bbox 2316 1739 2347 1762; x_wconf 86' lang='lat' dir='ltr'>ut</span> <span class='ocrx_word' id='word_1_1287' title='bbox 2360 1736 2397 1762; x_wconf 80' lang='lat' dir='ltr'>ob</span> <span class='ocrx_word' id='word_1_1288' title='bbox 2417 1734 2446 1762; x_wconf 84' lang='lat' dir='ltr'>id</span> 
     </span>
    </p>

    <p class='ocr_par' dir='ltr' id='par_1_83' title="bbox 1314 1767 2447 1807">
     <span class='ocr_line' id='line_1_142' title="bbox 1314 1767 2447 1807; baseline 0.003 -9"><span class='ocrx_word' id='word_1_1289' title='bbox 1314 1769 1476 1807; x_wconf 67' lang='lat' dir='ltr'>petulantiae</span> <span class='ocrx_word' id='word_1_1290' title='bbox 1498 1767 1565 1797; x_wconf 85' lang='lat' dir='ltr'>sales</span> <span class='ocrx_word' id='word_1_1291' title='bbox 1583 1767 1667 1797; x_wconf 79' lang='lat' dir='ltr'>etiam</span> <span class='ocrx_word' id='word_1_1292' title='bbox 1681 1777 1746 1797; x_wconf 89' lang='lat' dir='ltr'>cum</span> <span class='ocrx_word' id='word_1_1293' title='bbox 1767 1767 1858 1805; x_wconf 91' lang='lat' dir='ltr'>primo</span> <span class='ocrx_word' id='word_1_1294' title='bbox 1879 1776 1944 1796; x_wconf 85' lang='lat' dir='ltr'>vere</span> <span class='ocrx_word' id='word_1_1295' title='bbox 1965 1767 2115 1802; x_wconf 80' lang='lat' dir='ltr'>ludantur,</span> <span class='ocrx_word' id='word_1_1296' title='bbox 2149 1769 2270 1806; x_wconf 84' lang='lat' dir='ltr'>auspicio</span> <span class='ocrx_word' id='word_1_1297' title='bbox 2285 1776 2378 1800; x_wconf 82' lang='lat' dir='ltr'>tamen</span> <span class='ocrx_word' id='word_1_1298' title='bbox 2401 1772 2447 1801; x_wconf 82' lang='lat' dir='ltr'>de-</span> 
     </span>
    </p>

    <p class='ocr_par' dir='ltr' id='par_1_84' title="bbox 1312 1806 1609 1836">
     <span class='ocr_line' id='line_1_143' title="bbox 1312 1806 1609 1836; baseline -0.007 0"><span class='ocrx_word' id='word_1_1299' title='bbox 1312 1806 1455 1836; x_wconf 86' lang='lat' dir='ltr'>testabiles</span> <span class='ocrx_word' id='word_1_1300' title='bbox 1470 1806 1609 1835; x_wconf 87' lang='lat' dir='ltr'>videntur.</span> 
     </span>
    </p>

    <p class='ocr_par' dir='ltr' id='par_1_85' title="bbox 1314 1842 2454 1997">
     <span class='ocr_line' id='line_1_144' title="bbox 1314 1842 2450 1881; baseline -0.002 -6"><span class='ocrx_word' id='word_1_1301' title='bbox 1314 1844 1456 1875; x_wconf 85' lang='lat' dir='ltr'>Cuculum</span> <span class='ocrx_word' id='word_1_1302' title='bbox 1471 1866 1479 1877; x_wconf 88' lang='lat'><strong>‚</strong></span> <span class='ocrx_word' id='word_1_1303' title='bbox 1501 1844 1635 1873; x_wconf 82' lang='lat' dir='ltr'>Maritum</span> <span class='ocrx_word' id='word_1_1304' title='bbox 1646 1851 1728 1873; x_wconf 87' lang='lat' dir='ltr'>vocat</span> <span class='ocrx_word' id='word_1_1305' title='bbox 1737 1843 1837 1872; x_wconf 84' lang='lat' dir='ltr'>mulier</span> <span class='ocrx_word' id='word_1_1306' title='bbox 1845 1843 1920 1881; x_wconf 86' lang='lat' dir='ltr'>apud</span> <span class='ocrx_word' id='word_1_1307' title='bbox 1931 1842 2058 1872; x_wconf 84' lang='lat' dir='ltr'>Plautum</span> <span class='ocrx_word' id='word_1_1308' title='bbox 2069 1866 2077 1877; x_wconf 77' lang='grc'>,</span> <span class='ocrx_word' id='word_1_1309' title='bbox 2100 1844 2145 1881; x_wconf 80' lang='lat' dir='ltr'>qui</span> <span class='ocrx_word' id='word_1_1310' title='bbox 2160 1854 2223 1873; x_wconf 90' lang='lat' dir='ltr'>cum</span> <span class='ocrx_word' id='word_1_1311' title='bbox 2246 1845 2345 1874; x_wconf 85' lang='lat' dir='ltr'>alienis</span> <span class='ocrx_word' id='word_1_1312' title='bbox 2356 1849 2450 1876; x_wconf 75' lang='lat' dir='ltr'>uxori.</span> 
     </span>
     <span class='ocr_line' id='line_1_145' title="bbox 1336 1881 2451 1922; baseline -0.001 -10"><span class='ocrx_word' id='word_1_1313' title='bbox 1336 1883 1388 1913; x_wconf 89' lang='lat' dir='ltr'>bus</span> <span class='ocrx_word' id='word_1_1314' title='bbox 1399 1881 1575 1917; x_wconf 86' lang='lat' dir='ltr'>dormiebat,</span> <span class='ocrx_word' id='word_1_1315' title='bbox 1597 1882 1673 1918; x_wconf 88' lang='lat' dir='ltr'>quod</span> <span class='ocrx_word' id='word_1_1316' title='bbox 1684 1881 1811 1912; x_wconf 89' lang='lat' dir='ltr'>cucullus</span> <span class='ocrx_word' id='word_1_1317' title='bbox 1825 1883 1883 1911; x_wconf 88' lang='lat' dir='ltr'>avis</span> <span class='ocrx_word' id='word_1_1318' title='bbox 1893 1904 1901 1917; x_wconf 80' lang='lat'>,</span> <span class='ocrx_word' id='word_1_1319' title='bbox 1925 1891 2009 1918; x_wconf 84' lang='lat' dir='ltr'>quum</span> <span class='ocrx_word' id='word_1_1320' title='bbox 2020 1889 2133 1920; x_wconf 81' lang='lat' dir='ltr'>tempus</span> <span class='ocrx_word' id='word_1_1321' title='bbox 2147 1882 2198 1911; x_wconf 77' lang='lat' dir='ltr'>suae</span> <span class='ocrx_word' id='word_1_1322' title='bbox 2215 1884 2393 1920; x_wconf 77' lang='lat' dir='ltr'>partitudinis</span> <span class='ocrx_word' id='word_1_1323' title='bbox 2403 1896 2451 1922; x_wconf 79' lang='lat' dir='ltr'>ap.</span> 
     </span>
     <span class='ocr_line' id='line_1_146' title="bbox 1334 1919 2454 1960; baseline 0.002 -10"><span class='ocrx_word' id='word_1_1324' title='bbox 1334 1921 1428 1960; x_wconf 78' lang='lat' dir='ltr'>petit,</span> <span class='ocrx_word' id='word_1_1325' title='bbox 1451 1920 1551 1950; x_wconf 88' lang='lat' dir='ltr'>nidum</span> <span class='ocrx_word' id='word_1_1326' title='bbox 1561 1919 1694 1954; x_wconf 75' lang='lat' dir='ltr'>aviculae,</span> <span class='ocrx_word' id='word_1_1327' title='bbox 1717 1920 1887 1949; x_wconf 81' lang='lat' dir='ltr'>cuicurruca</span> <span class='ocrx_word' id='word_1_1328' title='bbox 1898 1927 2003 1948; x_wconf 86' lang='lat' dir='ltr'>nomen</span> <span class='ocrx_word' id='word_1_1329' title='bbox 2017 1920 2072 1955; x_wconf 76' lang='lat' dir='ltr'>est,</span> <span class='ocrx_word' id='word_1_1330' title='bbox 2093 1921 2309 1956; x_wconf 81' lang='lat' dir='ltr'>animadvertit,</span> <span class='ocrx_word' id='word_1_1331' title='bbox 2332 1923 2360 1951; x_wconf 93' lang='lat' dir='ltr'>in</span> <span class='ocrx_word' id='word_1_1332' title='bbox 2382 1923 2454 1959; x_wconf 63' lang='grc' dir='ltr'><strong>6]οΓ-</strong></span> 
     </span>
     <span class='ocr_line' id='line_1_147' title="bbox 1333 1957 2367 1997; baseline -0.002 -8"><span class='ocrx_word' id='word_1_1333' title='bbox 1333 1969 1391 1996; x_wconf 87' lang='lat' dir='ltr'>que</span> <span class='ocrx_word' id='word_1_1334' title='bbox 1405 1959 1473 1988; x_wconf 84' lang='lat' dir='ltr'>nido</span> <span class='ocrx_word' id='word_1_1335' title='bbox 1485 1958 1600 1987; x_wconf 80' lang='lat' dir='ltr'>exclusis</span> <span class='ocrx_word' id='word_1_1336' title='bbox 1612 1957 1685 1987; x_wconf 90' lang='lat' dir='ltr'>illius</span> <span class='ocrx_word' id='word_1_1337' title='bbox 1695 1959 1755 1988; x_wconf 91' lang='lat' dir='ltr'>ovis</span> <span class='ocrx_word' id='word_1_1338' title='bbox 1767 1980 1775 1993; x_wconf 82' lang='grc'>,</span> <span class='ocrx_word' id='word_1_1339' title='bbox 1797 1967 1850 1987; x_wconf 86' lang='lat' dir='ltr'>ova</span> <span class='ocrx_word' id='word_1_1340' title='bbox 1862 1957 1907 1987; x_wconf 86' lang='lat' dir='ltr'>sua</span> <span class='ocrx_word' id='word_1_1341' title='bbox 1919 1958 2041 1987; x_wconf 88' lang='lat' dir='ltr'>enititur.</span> <span class='ocrx_word' id='word_1_1342' title='bbox 2064 1957 2150 1988; x_wconf 88' lang='lat' dir='ltr'>Plaut.</span> <span class='ocrx_word' id='word_1_1343' title='bbox 2165 1958 2233 1989; x_wconf 77' lang='lat' dir='ltr'>Alin.</span> <span class='ocrx_word' id='word_1_1344' title='bbox 2249 1970 2272 1996; x_wconf 83' lang='grc' dir='ltr'>ς.</span> <span class='ocrx_word' id='word_1_1345' title='bbox 2284 1969 2310 1989; x_wconf 87' lang='lat'>2.</span> <span class='ocrx_word' id='word_1_1346' title='bbox 2324 1970 2367 1997; x_wconf 84' lang='lat'>73.</span> 
     </span>
    </p>

    <p class='ocr_par' dir='ltr' id='par_1_86' title="bbox 1284 1995 2451 2520">
     <span class='ocr_line' id='line_1_148' title="bbox 1413 1995 2179 2033; baseline 0.001 -8"><span class='ocrx_word' id='word_1_1347' title='bbox 1413 1998 1446 2026; x_wconf 89' lang='lat' dir='ltr'>At</span> <span class='ocrx_word' id='word_1_1348' title='bbox 1456 1997 1540 2025; x_wconf 86' lang='lat' dir='ltr'>etiam</span> <span class='ocrx_word' id='word_1_1349' title='bbox 1548 1995 1633 2025; x_wconf 85' lang='lat' dir='ltr'>cubat</span> <span class='ocrx_word' id='word_1_1350' title='bbox 1643 1996 1769 2026; x_wconf 89' lang='lat' dir='ltr'>cuculus.</span> <span class='ocrx_word' id='word_1_1351' title='bbox 1800 1996 1877 2033; x_wconf 87' lang='lat' dir='ltr'>surge</span> <span class='ocrx_word' id='word_1_1352' title='bbox 1885 2003 2007 2031; x_wconf 86' lang='lat' dir='ltr'>amator,</span> <span class='ocrx_word' id='word_1_1353' title='bbox 2028 1996 2036 2024; x_wconf 92' lang='lat' dir='ltr'>i</span> <span class='ocrx_word' id='word_1_1354' title='bbox 2052 1996 2179 2026; x_wconf 86' lang='lat' dir='ltr'>domum.</span> 
     </span>
     <span class='ocr_line' id='line_1_149' title="bbox 1335 2033 2451 2072; baseline -0.001 -8"><span class='ocrx_word' id='word_1_1355' title='bbox 1335 2033 1369 2065; x_wconf 81' lang='lat' dir='ltr'>ln</span> <span class='ocrx_word' id='word_1_1356' title='bbox 1381 2034 1524 2064; x_wconf 77' lang='lat' dir='ltr'>Thesauro</span> <span class='ocrx_word' id='word_1_1357' title='bbox 1533 2034 1665 2064; x_wconf 77' lang='lat' dir='ltr'>editionis</span> <span class='ocrx_word' id='word_1_1358' title='bbox 1675 2034 1762 2072; x_wconf 87' lang='lat' dir='ltr'>patris</span> <span class='ocrx_word' id='word_1_1359' title='bbox 1776 2033 1838 2063; x_wconf 88' lang='lat' dir='ltr'>sunt</span> <span class='ocrx_word' id='word_1_1360' title='bbox 1854 2033 1906 2063; x_wconf 89' lang='lat' dir='ltr'>alia</span> <span class='ocrx_word' id='word_1_1361' title='bbox 1922 2033 2054 2072; x_wconf 84' lang='lat' dir='ltr'>exempla</span> <span class='ocrx_word' id='word_1_1362' title='bbox 2070 2042 2088 2064; x_wconf 85' lang='lat' dir='ltr'>e</span> <span class='ocrx_word' id='word_1_1363' title='bbox 2107 2034 2213 2064; x_wconf 87' lang='lat' dir='ltr'>Plauto.</span> <span class='ocrx_word' id='word_1_1364' title='bbox 2236 2035 2270 2065; x_wconf 79' lang='lat' dir='ltr'>H.</span> <span class='ocrx_word' id='word_1_1365' title='bbox 2281 2036 2320 2066; x_wconf 83' lang='lat' dir='ltr'>St.</span> <span class='ocrx_word' id='word_1_1366' title='bbox 2362 2036 2451 2067; x_wconf 83' lang='lat' dir='ltr'>Nimi-</span> 
     </span>
     <span class='ocr_line' id='line_1_150' title="bbox 1336 2071 2401 2110; baseline 0.003 -8"><span class='ocrx_word' id='word_1_1367' title='bbox 1336 2082 1398 2102; x_wconf 82' lang='lat' dir='ltr'>rum</span> <span class='ocrx_word' id='word_1_1368' title='bbox 1411 2082 1445 2102; x_wconf 84' lang='lat' dir='ltr'>ex</span> <span class='ocrx_word' id='word_1_1369' title='bbox 1455 2073 1552 2102; x_wconf 86' lang='lat' dir='ltr'>eadem</span> <span class='ocrx_word' id='word_1_1370' title='bbox 1566 2072 1656 2102; x_wconf 78' lang='lat' dir='ltr'>Scena</span> <span class='ocrx_word' id='word_1_1371' title='bbox 1675 2082 1701 2102; x_wconf 89' lang='lat' dir='ltr'>v.</span> <span class='ocrx_word' id='word_1_1372' title='bbox 1712 2078 1757 2108; x_wconf 75' lang='lat'>84.</span> <span class='ocrx_word' id='word_1_1373' title='bbox 1774 2074 1799 2102; x_wconf 71' lang='grc' dir='ltr'>ἃ</span> <span class='ocrx_word' id='word_1_1374' title='bbox 1809 2081 1844 2101; x_wconf 79' lang='lat' dir='ltr'>ex</span> <span class='ocrx_word' id='word_1_1375' title='bbox 1856 2072 1942 2101; x_wconf 78' lang='lat' dir='ltr'>Mero.</span> <span class='ocrx_word' id='word_1_1376' title='bbox 1955 2071 2066 2109; x_wconf 86' lang='lat' dir='ltr'>suppos.</span> <span class='ocrx_word' id='word_1_1377' title='bbox 2081 2082 2108 2102; x_wconf 87' lang='lat'>2.</span> <span class='ocrx_word' id='word_1_1378' title='bbox 2120 2073 2178 2103; x_wconf 71' lang='lat' dir='ltr'>Ac‘t.</span> <span class='ocrx_word' id='word_1_1379' title='bbox 2188 2085 2215 2109; x_wconf 89' lang='lat'>4.</span> <span class='ocrx_word' id='word_1_1380' title='bbox 2225 2073 2269 2104; x_wconf 92' lang='lat' dir='ltr'>Sc.</span> <span class='ocrx_word' id='word_1_1381' title='bbox 2281 2084 2307 2110; x_wconf 87' lang='grc' dir='ltr'>ς.</span> <span class='ocrx_word' id='word_1_1382' title='bbox 2317 2084 2343 2105; x_wconf 86' lang='grc' dir='ltr'>ν.</span> <span class='ocrx_word' id='word_1_1383' title='bbox 2357 2083 2401 2105; x_wconf 81' lang='lat'>11.</span> 
     </span>
     <span class='ocr_line' id='line_1_151' title="bbox 1317 2109 2044 2148; baseline -0.001 -7"><span class='ocrx_word' id='word_1_1384' title='bbox 1317 2111 1453 2141; x_wconf 76' lang='lat' dir='ltr'>Cucullus</span> <span class='ocrx_word' id='word_1_1385' title='bbox 1464 2133 1472 2146; x_wconf 85' lang='lat'>‚</span> <span class='ocrx_word' id='word_1_1386' title='bbox 1495 2110 1602 2148; x_wconf 89' lang='lat' dir='ltr'>Capitis</span> <span class='ocrx_word' id='word_1_1387' title='bbox 1613 2117 1736 2148; x_wconf 85' lang='lat' dir='ltr'>tegmen.</span> <span class='ocrx_word' id='word_1_1388' title='bbox 1758 2109 1858 2146; x_wconf 82' lang='lat' dir='ltr'>Juven.</span> <span class='ocrx_word' id='word_1_1389' title='bbox 1872 2112 1898 2140; x_wconf 93' lang='lat'>6.</span> <span class='ocrx_word' id='word_1_1390' title='bbox 1911 2110 1966 2140; x_wconf 88' lang='lat' dir='ltr'>Sat.</span> <span class='ocrx_word' id='word_1_1391' title='bbox 1983 2115 2044 2144; x_wconf 86' lang='lat'>118.</span> 
     </span>
     <span class='ocr_line' id='line_1_152' title="bbox 1411 2147 2111 2185; baseline -0.003 -6"><span class='ocrx_word' id='word_1_1392' title='bbox 1411 2149 1527 2179; x_wconf 87' lang='lat' dir='ltr'>Sumere</span> <span class='ocrx_word' id='word_1_1393' title='bbox 1535 2149 1688 2177; x_wconf 66' lang='lat' dir='ltr'>noc‘turnos</span> <span class='ocrx_word' id='word_1_1394' title='bbox 1699 2148 1830 2177; x_wconf 86' lang='lat' dir='ltr'>meretrix</span> <span class='ocrx_word' id='word_1_1395' title='bbox 1841 2149 1959 2185; x_wconf 83' lang='lat' dir='ltr'>Augusta</span> <span class='ocrx_word' id='word_1_1396' title='bbox 1975 2147 2111 2178; x_wconf 85' lang='lat' dir='ltr'>cucullos.</span> 
     </span>
     <span class='ocr_line' id='line_1_153' title="bbox 1317 2186 1951 2222; baseline -0.002 -5"><span class='ocrx_word' id='word_1_1397' title='bbox 1317 2187 1488 2217; x_wconf 85' lang='lat' dir='ltr'>Santonicus</span> <span class='ocrx_word' id='word_1_1398' title='bbox 1505 2186 1640 2216; x_wconf 89' lang='lat' dir='ltr'>cucullus.</span> <span class='ocrx_word' id='word_1_1399' title='bbox 1661 2186 1763 2222; x_wconf 83' lang='lat' dir='ltr'>Juven.</span> <span class='ocrx_word' id='word_1_1400' title='bbox 1775 2191 1800 2219; x_wconf 86' lang='lat'>8.</span> <span class='ocrx_word' id='word_1_1401' title='bbox 1815 2186 1871 2215; x_wconf 84' lang='lat' dir='ltr'>Sat.</span> <span class='ocrx_word' id='word_1_1402' title='bbox 1889 2196 1951 2222; x_wconf 79' lang='lat'>145.</span> 
     </span>
     <span class='ocr_line' id='line_1_154' title="bbox 1318 2223 1998 2260; baseline -0.001 -5"><span class='ocrx_word' id='word_1_1403' title='bbox 1318 2224 1447 2255; x_wconf 87' lang='lat' dir='ltr'>Cucullis</span> <span class='ocrx_word' id='word_1_1404' title='bbox 1459 2225 1566 2254; x_wconf 65' lang='lat' dir='ltr'>tedium</span> <span class='ocrx_word' id='word_1_1405' title='bbox 1577 2230 1672 2260; x_wconf 86' lang='lat' dir='ltr'>caput.</span> <span class='ocrx_word' id='word_1_1406' title='bbox 1695 2223 1817 2253; x_wconf 73' lang='lat' dir='ltr'>Maniai.</span> <span class='ocrx_word' id='word_1_1407' title='bbox 1828 2223 1877 2252; x_wconf 92' lang='lat' dir='ltr'>lib.</span> <span class='ocrx_word' id='word_1_1408' title='bbox 1893 2233 1936 2253; x_wconf 89' lang='grc'>11.</span> <span class='ocrx_word' id='word_1_1409' title='bbox 1953 2233 1998 2260; x_wconf 87' lang='lat'>99.</span> 
     </span>
     <span class='ocr_line' id='line_1_155' title="bbox 1401 2260 2135 2300; baseline 0 -9"><span class='ocrx_word' id='word_1_1410' title='bbox 1401 2263 1468 2292; x_wconf 90' lang='lat' dir='ltr'>Non</span> <span class='ocrx_word' id='word_1_1411' title='bbox 1479 2268 1506 2291; x_wconf 92' lang='lat' dir='ltr'>te</span> <span class='ocrx_word' id='word_1_1412' title='bbox 1517 2261 1635 2291; x_wconf 83' lang='lat' dir='ltr'>cucullis</span> <span class='ocrx_word' id='word_1_1413' title='bbox 1647 2260 1742 2291; x_wconf 81' lang='lat' dir='ltr'>asseret</span> <span class='ocrx_word' id='word_1_1414' title='bbox 1755 2268 1839 2298; x_wconf 83' lang='lat' dir='ltr'>caput</span> <span class='ocrx_word' id='word_1_1415' title='bbox 1848 2263 1962 2292; x_wconf 65' lang='lat' dir='ltr'>tedium.</span> <span class='ocrx_word' id='word_1_1416' title='bbox 2133 2298 2135 2300; x_wconf 56' lang='lat'>.</span> 
     </span>
     <span class='ocr_line' id='line_1_156' title="bbox 1318 2299 2449 2368; baseline 0.003 -38"><span class='ocrx_word' id='word_1_1417' title='bbox 1318 2300 1455 2368; x_wconf 62' lang='lat' dir='ltr'>Clugullus</span> <span class='ocrx_word' id='word_1_1418' title='bbox 1471 2321 1479 2336; x_wconf 91' lang='lat'>‚</span> <span class='ocrx_word' id='word_1_1419' title='bbox 1501 2299 1689 2338; x_wconf 84' lang='lat' dir='ltr'>Papyraceum</span> <span class='ocrx_word' id='word_1_1420' title='bbox 1706 2306 1952 2337; x_wconf 77' lang='lat' dir='ltr'>tegmentum·quo</span> <span class='ocrx_word' id='word_1_1421' title='bbox 1975 2299 2154 2338; x_wconf 82' lang='lat' dir='ltr'>pigmentarii</span> <span class='ocrx_word' id='word_1_1422' title='bbox 2177 2305 2305 2331; x_wconf 79' lang='lat' dir='ltr'>utuntur.</span> <span class='ocrx_word' id='word_1_1423' title='bbox 2328 2299 2449 2333; x_wconf 78' lang='lat' dir='ltr'>Martial.</span> 
     </span>
     <span class='ocr_line' id='line_1_157' title="bbox 1355 2347 1473 2373; baseline 0 -5"><span class='ocrx_word' id='word_1_1424' title='bbox 1355 2349 1363 2368; x_wconf 90' lang='grc'>1</span> <span class='ocrx_word' id='word_1_1425' title='bbox 1387 2361 1393 2369; x_wconf 86' lang='grc'><em>,</em></span> <span class='ocrx_word' id='word_1_1426' title='bbox 1409 2347 1433 2373; x_wconf 82' lang='lat'>3.</span> <span class='ocrx_word' id='word_1_1427' title='bbox 1447 2347 1473 2368; x_wconf 86' lang='lat'>2.</span> 
     </span>
     <span class='ocr_line' id='line_1_158' title="bbox 1402 2373 2356 2413; baseline 0.003 -8"><span class='ocrx_word' id='word_1_1428' title='bbox 1402 2375 1453 2406; x_wconf 91' lang='lat' dir='ltr'>Vel</span> <span class='ocrx_word' id='word_1_1429' title='bbox 1463 2375 1551 2405; x_wconf 82' lang='lat' dir='ltr'>thuris</span> <span class='ocrx_word' id='word_1_1430' title='bbox 1563 2396 1571 2409; x_wconf 81' lang='grc'>.</span> <span class='ocrx_word' id='word_1_1431' title='bbox 1592 2373 1750 2413; x_wconf 84' lang='lat' dir='ltr'>piperisque</span> <span class='ocrx_word' id='word_1_1432' title='bbox 1762 2374 1793 2404; x_wconf 85' lang='lat' dir='ltr'>lis</span> <span class='ocrx_word' id='word_1_1433' title='bbox 1805 2373 1940 2404; x_wconf 83' lang='lat' dir='ltr'>cucullus.</span> <span class='ocrx_word' id='word_1_1434' title='bbox 2023 2374 2066 2404; x_wconf 88' lang='lat' dir='ltr'>De</span> <span class='ocrx_word' id='word_1_1435' title='bbox 2076 2375 2148 2404; x_wconf 84' lang='lat' dir='ltr'>libro</span> <span class='ocrx_word' id='word_1_1436' title='bbox 2159 2374 2207 2405; x_wconf 84' lang='lat' dir='ltr'>suo</span> <span class='ocrx_word' id='word_1_1437' title='bbox 2223 2375 2356 2413; x_wconf 76' lang='lat' dir='ltr'>loquitur.</span> 
     </span>
     <span class='ocr_line' id='line_1_159' title="bbox 1284 2411 2326 2452; baseline 0 -8"><span class='ocrx_word' id='word_1_1438' title='bbox 1284 2414 1310 2444; x_wconf 65' lang='lat' dir='ltr'>‘C</span> <span class='ocrx_word' id='word_1_1439' title='bbox 1320 2416 1468 2445; x_wconf 54' lang='lat' dir='ltr'>&amp;cuppa</span> <span class='ocrx_word' id='word_1_1440' title='bbox 1480 2435 1487 2449; x_wconf 85' lang='lat'><strong>‚</strong></span> <span class='ocrx_word' id='word_1_1441' title='bbox 1510 2423 1540 2443; x_wconf 78' lang='lat' dir='ltr'>ae.</span> <span class='ocrx_word' id='word_1_1442' title='bbox 1562 2411 1582 2442; x_wconf 77' lang='lat' dir='ltr'>f.</span> <span class='ocrx_word' id='word_1_1443' title='bbox 1604 2413 1690 2443; x_wconf 79' lang='lat' dir='ltr'>Idem.</span> <span class='ocrx_word' id='word_1_1444' title='bbox 1715 2412 1847 2442; x_wconf 87' lang='lat' dir='ltr'>Paulinus</span> <span class='ocrx_word' id='word_1_1445' title='bbox 1858 2412 1953 2442; x_wconf 83' lang='lat' dir='ltr'>iambo</span> <span class='ocrx_word' id='word_1_1446' title='bbox 1964 2412 2000 2442; x_wconf 86' lang='lat' dir='ltr'>ad</span> <span class='ocrx_word' id='word_1_1447' title='bbox 2012 2412 2176 2451; x_wconf 76' lang='lat' dir='ltr'>Cytlierium</span> <span class='ocrx_word' id='word_1_1448' title='bbox 2187 2435 2196 2450; x_wconf 89' lang='lat'>,</span> <span class='ocrx_word' id='word_1_1449' title='bbox 2216 2423 2241 2444; x_wconf 88' lang='lat' dir='ltr'>v.</span> <span class='ocrx_word' id='word_1_1450' title='bbox 2258 2420 2326 2452; x_wconf 64' lang='lat'>389.</span> 
     </span>
     <span class='ocr_line' id='line_1_160' title="bbox 1403 2450 2087 2489; baseline -0.003 -7"><span class='ocrx_word' id='word_1_1451' title='bbox 1403 2452 1574 2489; x_wconf 90' lang='lat' dir='ltr'>Donumque</span> <span class='ocrx_word' id='word_1_1452' title='bbox 1583 2451 1685 2480; x_wconf 80' lang='lat' dir='ltr'>tunicae</span> <span class='ocrx_word' id='word_1_1453' title='bbox 1695 2473 1703 2485; x_wconf 79' lang='grc'><em>,</em></span> <span class='ocrx_word' id='word_1_1454' title='bbox 1724 2458 1777 2487; x_wconf 76' lang='lat' dir='ltr'>qua</span> <span class='ocrx_word' id='word_1_1455' title='bbox 1788 2450 1911 2480; x_wconf 83' lang='lat' dir='ltr'>sodalem</span> <span class='ocrx_word' id='word_1_1456' title='bbox 1921 2458 2087 2488; x_wconf 86' lang='lat' dir='ltr'>ornaverat,</span> 
     </span>
     <span class='ocr_line' id='line_1_161' title="bbox 1449 2488 1840 2520; baseline -0.008 0"><span class='ocrx_word' id='word_1_1457' title='bbox 1449 2490 1580 2520; x_wconf 88' lang='lat' dir='ltr'>Geminat</span> <span class='ocrx_word' id='word_1_1458' title='bbox 1590 2488 1706 2518; x_wconf 62' lang='lat' dir='ltr'>cucullae</span> <span class='ocrx_word' id='word_1_1459' title='bbox 1715 2498 1840 2518; x_wconf 82' lang='lat' dir='ltr'>munere.</span> 
     </span>
    </p>

    <p class='ocr_par' dir='ltr' id='par_1_87' title="bbox 1322 2526 2453 2600">
     <span class='ocr_line' id='line_1_162' title="bbox 1322 2526 2453 2566; baseline 0.001 -7"><span class='ocrx_word' id='word_1_1460' title='bbox 1322 2527 1525 2566; x_wconf 74' lang='lat' dir='ltr'>Derelinquere</span> <span class='ocrx_word' id='word_1_1461' title='bbox 1535 2527 1680 2565; x_wconf 84' lang='lat' dir='ltr'>palliolum</span> <span class='ocrx_word' id='word_1_1462' title='bbox 1702 2528 1728 2556; x_wconf 85' lang='lat'>&amp;</span> <span class='ocrx_word' id='word_1_1463' title='bbox 1752 2526 1890 2556; x_wconf 86' lang='lat' dir='ltr'>cucullam</span> <span class='ocrx_word' id='word_1_1464' title='bbox 1900 2526 1994 2556; x_wconf 78' lang='lat' dir='ltr'>alicui.</span> <span class='ocrx_word' id='word_1_1465' title='bbox 2030 2526 2198 2565; x_wconf 77' lang='lat' dir='ltr'>Hieronym.</span> <span class='ocrx_word' id='word_1_1466' title='bbox 2221 2527 2284 2558; x_wconf 82' lang='lat' dir='ltr'>Vita</span> <span class='ocrx_word' id='word_1_1467' title='bbox 2300 2527 2387 2559; x_wconf 70' lang='lat' dir='ltr'>Hilar.</span> <span class='ocrx_word' id='word_1_1468' title='bbox 2404 2530 2453 2560; x_wconf 82' lang='lat' dir='ltr'>sub</span> 
     </span>
     <span class='ocr_line' id='line_1_163' title="bbox 1341 2563 2070 2600; baseline -0.003 -4"><span class='ocrx_word' id='word_1_1469' title='bbox 1341 2567 1437 2596; x_wconf 82' lang='lat' dir='ltr'>finem.</span> <span class='ocrx_word' id='word_1_1470' title='bbox 1461 2566 1538 2595; x_wconf 85' lang='lat' dir='ltr'>Adde</span> <span class='ocrx_word' id='word_1_1471' title='bbox 1546 2563 1668 2595; x_wconf 88' lang='lat' dir='ltr'>Ambros.</span> <span class='ocrx_word' id='word_1_1472' title='bbox 1677 2564 1763 2594; x_wconf 87' lang='lat' dir='ltr'>Serm.</span> <span class='ocrx_word' id='word_1_1473' title='bbox 1775 2575 1820 2599; x_wconf 77' lang='lat'>9²-</span> <span class='ocrx_word' id='word_1_1474' title='bbox 1835 2566 1860 2594; x_wconf 74' lang='lat' dir='ltr'>Sc</span> <span class='ocrx_word' id='word_1_1475' title='bbox 1874 2564 1958 2594; x_wconf 84' lang='lat' dir='ltr'>Gloff.</span> <span class='ocrx_word' id='word_1_1476' title='bbox 1974 2564 2070 2600; x_wconf 79' lang='lat' dir='ltr'>Cyrill.</span> 
     </span>
    </p>

    <p class='ocr_par' dir='ltr' id='par_1_88' title="bbox 1285 2602 2458 2945">
     <span class='ocr_line' id='line_1_164' title="bbox 1285 2602 2454 2639; baseline 0.001 -5"><span class='ocrx_word' id='word_1_1477' title='bbox 1285 2604 1311 2636; x_wconf 80' lang='lat' dir='ltr'>C</span> <span class='ocrx_word' id='word_1_1478' title='bbox 1321 2614 1394 2634; x_wconf 85' lang='lat' dir='ltr'>ucu</span> <span class='ocrx_word' id='word_1_1479' title='bbox 1403 2616 1419 2633; x_wconf 92' lang='lat'>1.</span> <span class='ocrx_word' id='word_1_1480' title='bbox 1428 2615 1444 2633; x_wconf 83' lang='lat'>1.</span> <span class='ocrx_word' id='word_1_1481' title='bbox 1453 2607 1469 2633; x_wconf 69' lang='grc' dir='ltr'>ιῑ</span> <span class='ocrx_word' id='word_1_1482' title='bbox 1478 2613 1498 2632; x_wconf 80' lang='grc' dir='ltr'><strong>τ</strong></span> <span class='ocrx_word' id='word_1_1483' title='bbox 1509 2614 1527 2632; x_wconf 86' lang='lat' dir='ltr'>u</span> <span class='ocrx_word' id='word_1_1484' title='bbox 1536 2613 1564 2636; x_wconf 84' lang='lat' dir='ltr'>s,</span> <span class='ocrx_word' id='word_1_1485' title='bbox 1587 2612 1602 2632; x_wconf 89' lang='lat' dir='ltr'>a</span> <span class='ocrx_word' id='word_1_1486' title='bbox 1612 2624 1620 2638; x_wconf 88' lang='grc'>.,</span> <span class='ocrx_word' id='word_1_1487' title='bbox 1644 2613 1701 2632; x_wconf 90' lang='lat' dir='ltr'>um.</span> <span class='ocrx_word' id='word_1_1488' title='bbox 1725 2603 1785 2638; x_wconf 85' lang='lat' dir='ltr'>Adj.</span> <span class='ocrx_word' id='word_1_1489' title='bbox 1807 2602 1894 2639; x_wconf 65' lang='lat' dir='ltr'>Quod</span> <span class='ocrx_word' id='word_1_1490' title='bbox 1906 2603 2050 2632; x_wconf 83' lang='lat' dir='ltr'>cucullum</span> <span class='ocrx_word' id='word_1_1491' title='bbox 2062 2602 2154 2632; x_wconf 80' lang='lat' dir='ltr'>babet.</span> <span class='ocrx_word' id='word_1_1492' title='bbox 2195 2603 2333 2633; x_wconf 89' lang='lat' dir='ltr'>Columel.</span> <span class='ocrx_word' id='word_1_1493' title='bbox 2347 2604 2394 2634; x_wconf 87' lang='lat' dir='ltr'>lib.</span> <span class='ocrx_word' id='word_1_1494' title='bbox 2411 2615 2422 2635; x_wconf 89' lang='lat'>1</span> <span class='ocrx_word' id='word_1_1495' title='bbox 2431 2615 2454 2636; x_wconf 89' lang='lat'>1.</span> 
     </span>
     <span class='ocr_line' id='line_1_165' title="bbox 1325 2640 2457 2681; baseline 0 -9"><span class='ocrx_word' id='word_1_1496' title='bbox 1325 2653 1387 2681; x_wconf 88' lang='lat' dir='ltr'>cap.</span> <span class='ocrx_word' id='word_1_1497' title='bbox 1401 2652 1425 2672; x_wconf 90' lang='lat'>1.</span> <span class='ocrx_word' id='word_1_1498' title='bbox 1447 2640 1558 2671; x_wconf 89' lang='lat' dir='ltr'>Cultam</span> <span class='ocrx_word' id='word_1_1499' title='bbox 1571 2661 1579 2677; x_wconf 87' lang='lat'>‚</span> <span class='ocrx_word' id='word_1_1500' title='bbox 1600 2641 1782 2677; x_wconf 84' lang='lat' dir='ltr'>vestitamque</span> <span class='ocrx_word' id='word_1_1501' title='bbox 1793 2640 1927 2670; x_wconf 70' lang='lat' dir='ltr'>familiam</span> <span class='ocrx_word' id='word_1_1502' title='bbox 1941 2640 2044 2670; x_wconf 83' lang='lat' dir='ltr'>utiliter</span> <span class='ocrx_word' id='word_1_1503' title='bbox 2063 2641 2150 2677; x_wconf 75' lang='lat' dir='ltr'>magis</span> <span class='ocrx_word' id='word_1_1504' title='bbox 2173 2641 2273 2671; x_wconf 79' lang='lat' dir='ltr'>babeat</span> <span class='ocrx_word' id='word_1_1505' title='bbox 2284 2664 2292 2677; x_wconf 83' lang='grc'>,</span> <span class='ocrx_word' id='word_1_1506' title='bbox 2313 2652 2396 2678; x_wconf 82' lang='lat' dir='ltr'>quam</span> <span class='ocrx_word' id='word_1_1507' title='bbox 2407 2644 2457 2673; x_wconf 82' lang='lat' dir='ltr'>dc-</span> 
     </span>
     <span class='ocr_line' id='line_1_166' title="bbox 1325 2678 2455 2718; baseline -0.001 -7"><span class='ocrx_word' id='word_1_1508' title='bbox 1325 2681 1428 2715; x_wconf 76' lang='lat' dir='ltr'>licate,</span> <span class='ocrx_word' id='word_1_1509' title='bbox 1449 2680 1479 2709; x_wconf 89' lang='lat' dir='ltr'>id</span> <span class='ocrx_word' id='word_1_1510' title='bbox 1490 2679 1528 2709; x_wconf 87' lang='lat' dir='ltr'>est</span> <span class='ocrx_word' id='word_1_1511' title='bbox 1543 2679 1679 2708; x_wconf 88' lang='lat' dir='ltr'>munitam</span> <span class='ocrx_word' id='word_1_1512' title='bbox 1690 2678 1837 2716; x_wconf 83' lang='lat' dir='ltr'>diligenter</span> <span class='ocrx_word' id='word_1_1513' title='bbox 1850 2688 1865 2707; x_wconf 94' lang='lat' dir='ltr'>a</span> <span class='ocrx_word' id='word_1_1514' title='bbox 1877 2679 2027 2715; x_wconf 76' lang='lat' dir='ltr'>frigoribus</span> <span class='ocrx_word' id='word_1_1515' title='bbox 2046 2681 2071 2709; x_wconf 81' lang='lat'>&amp;</span> <span class='ocrx_word' id='word_1_1516' title='bbox 2087 2679 2238 2709; x_wconf 84' lang='lat' dir='ltr'>imbribus:</span> <span class='ocrx_word' id='word_1_1517' title='bbox 2261 2690 2320 2716; x_wconf 83' lang='lat' dir='ltr'>quae</span> <span class='ocrx_word' id='word_1_1518' title='bbox 2337 2687 2455 2718; x_wconf 80' lang='lat' dir='ltr'>utraque</span> 
     </span>
     <span class='ocr_line' id='line_1_167' title="bbox 1325 2715 2453 2758; baseline 0 -10"><span class='ocrx_word' id='word_1_1519' title='bbox 1325 2719 1511 2758; x_wconf 87' lang='lat' dir='ltr'>prohibentur</span> <span class='ocrx_word' id='word_1_1520' title='bbox 1531 2718 1636 2754; x_wconf 80' lang='lat' dir='ltr'>optime</span> <span class='ocrx_word' id='word_1_1521' title='bbox 1652 2715 1772 2754; x_wconf 83' lang='lat' dir='ltr'>pellibus</span> <span class='ocrx_word' id='word_1_1522' title='bbox 1786 2717 1933 2746; x_wconf 82' lang='lat' dir='ltr'>manicatis</span> <span class='ocrx_word' id='word_1_1523' title='bbox 1949 2740 1955 2750; x_wconf 80' lang='grc'><em>,</em></span> <span class='ocrx_word' id='word_1_1524' title='bbox 1978 2717 2144 2746; x_wconf 80' lang='lat' dir='ltr'>centonibus</span> <span class='ocrx_word' id='word_1_1525' title='bbox 2163 2717 2317 2751; x_wconf 69' lang='lat' dir='ltr'>consectis,</span> <span class='ocrx_word' id='word_1_1526' title='bbox 2340 2720 2366 2747; x_wconf 70' lang='lat' dir='ltr'>&lt;St</span> <span class='ocrx_word' id='word_1_1527' title='bbox 2385 2718 2453 2756; x_wconf 81' lang='lat' dir='ltr'>sagis</span> 
     </span>
     <span class='ocr_line' id='line_1_168' title="bbox 1327 2754 2458 2794; baseline -0.004 -8"><span class='ocrx_word' id='word_1_1528' title='bbox 1327 2755 1493 2786; x_wconf 87' lang='lat' dir='ltr'>cucullatis:</span> <span class='ocrx_word' id='word_1_1529' title='bbox 1515 2755 1600 2792; x_wconf 81' lang='lat' dir='ltr'>idque</span> <span class='ocrx_word' id='word_1_1530' title='bbox 1610 2754 1628 2783; x_wconf 80' lang='lat' dir='ltr'>fi</span> <span class='ocrx_word' id='word_1_1531' title='bbox 1637 2754 1685 2783; x_wconf 80' lang='lat' dir='ltr'>fiat</span> <span class='ocrx_word' id='word_1_1532' title='bbox 1694 2776 1702 2790; x_wconf 83' lang='lat'><em>‚</em></span> <span class='ocrx_word' id='word_1_1533' title='bbox 1724 2755 1815 2784; x_wconf 87' lang='lat' dir='ltr'>omnis</span> <span class='ocrx_word' id='word_1_1534' title='bbox 1826 2764 1905 2792; x_wconf 68' lang='lat' dir='ltr'>paene</span> <span class='ocrx_word' id='word_1_1535' title='bbox 1917 2755 2046 2784; x_wconf 80' lang='lat' dir='ltr'>hiemalis</span> <span class='ocrx_word' id='word_1_1536' title='bbox 2060 2755 2120 2784; x_wconf 81' lang='lat' dir='ltr'>dies</span> <span class='ocrx_word' id='word_1_1537' title='bbox 2136 2756 2164 2783; x_wconf 90' lang='lat' dir='ltr'>in</span> <span class='ocrx_word' id='word_1_1538' title='bbox 2179 2765 2263 2792; x_wconf 88' lang='lat' dir='ltr'>opere</span> <span class='ocrx_word' id='word_1_1539' title='bbox 2273 2755 2384 2785; x_wconf 80' lang='lat' dir='ltr'>tolerari</span> <span class='ocrx_word' id='word_1_1540' title='bbox 2396 2757 2458 2794; x_wconf 87' lang='lat' dir='ltr'>pos.</span> 
     </span>
     <span class='ocr_line' id='line_1_169' title="bbox 1326 2792 2452 2831; baseline -0.004 -7"><span class='ocrx_word' id='word_1_1541' title='bbox 1326 2795 1369 2825; x_wconf 75' lang='lat' dir='ltr'>sit.</span> <span class='ocrx_word' id='word_1_1542' title='bbox 1407 2794 1544 2831; x_wconf 77' lang='lat' dir='ltr'>Quaedam</span> <span class='ocrx_word' id='word_1_1543' title='bbox 1555 2792 1726 2831; x_wconf 86' lang='lat' dir='ltr'>exemplaria</span> <span class='ocrx_word' id='word_1_1544' title='bbox 1736 2792 1865 2822; x_wconf 83' lang='lat' dir='ltr'>hocloco</span> <span class='ocrx_word' id='word_1_1545' title='bbox 1878 2792 1987 2830; x_wconf 86' lang='lat' dir='ltr'>legunt.</span> <span class='ocrx_word' id='word_1_1546' title='bbox 2011 2793 2116 2830; x_wconf 82' lang='lat' dir='ltr'>Sagaris</span> <span class='ocrx_word' id='word_1_1547' title='bbox 2131 2793 2265 2822; x_wconf 82' lang='lat' dir='ltr'>cucullis:</span> <span class='ocrx_word' id='word_1_1548' title='bbox 2289 2803 2384 2822; x_wconf 77' lang='lat' dir='ltr'>verum</span> <span class='ocrx_word' id='word_1_1549' title='bbox 2403 2795 2452 2823; x_wconf 70' lang='lat' dir='ltr'>sal.</span> 
     </span>
     <span class='ocr_line' id='line_1_170' title="bbox 1326 2829 2452 2869; baseline -0.001 -7"><span class='ocrx_word' id='word_1_1550' title='bbox 1326 2833 1365 2862; x_wconf 85' lang='lat' dir='ltr'>so.</span> <span class='ocrx_word' id='word_1_1551' title='bbox 1407 2833 1479 2862; x_wconf 88' lang='lat' dir='ltr'>Nam</span> <span class='ocrx_word' id='word_1_1552' title='bbox 1489 2832 1566 2860; x_wconf 88' lang='lat' dir='ltr'>idem</span> <span class='ocrx_word' id='word_1_1553' title='bbox 1582 2830 1719 2861; x_wconf 89' lang='lat' dir='ltr'>Columel.</span> <span class='ocrx_word' id='word_1_1554' title='bbox 1740 2831 1786 2860; x_wconf 90' lang='lat' dir='ltr'>lib.</span> <span class='ocrx_word' id='word_1_1555' title='bbox 1801 2840 1824 2860; x_wconf 88' lang='lat'>1.</span> <span class='ocrx_word' id='word_1_1556' title='bbox 1845 2841 1906 2869; x_wconf 83' lang='lat' dir='ltr'>cap.</span> <span class='ocrx_word' id='word_1_1557' title='bbox 1920 2836 1945 2865; x_wconf 75' lang='grc'>3.</span> <span class='ocrx_word' id='word_1_1558' title='bbox 1968 2831 2041 2860; x_wconf 88' lang='lat' dir='ltr'>idem</span> <span class='ocrx_word' id='word_1_1559' title='bbox 2059 2831 2142 2860; x_wconf 90' lang='lat' dir='ltr'>docet</span> <span class='ocrx_word' id='word_1_1560' title='bbox 2158 2829 2255 2860; x_wconf 82' lang='lat' dir='ltr'>iisdem</span> <span class='ocrx_word' id='word_1_1561' title='bbox 2274 2832 2378 2860; x_wconf 82' lang='lat' dir='ltr'>verbis:</span> <span class='ocrx_word' id='word_1_1562' title='bbox 2402 2832 2452 2861; x_wconf 80' lang='lat' dir='ltr'>nifi</span> 
     </span>
     <span class='ocr_line' id='line_1_171' title="bbox 1327 2867 2453 2909; baseline -0.003 -9"><span class='ocrx_word' id='word_1_1563' title='bbox 1327 2870 1404 2909; x_wconf 87' lang='lat' dir='ltr'>quod</span> <span class='ocrx_word' id='word_1_1564' title='bbox 1416 2879 1467 2908; x_wconf 90' lang='lat' dir='ltr'>pro</span> <span class='ocrx_word' id='word_1_1565' title='bbox 1477 2870 1553 2907; x_wconf 88' lang='lat' dir='ltr'>Sagis</span> <span class='ocrx_word' id='word_1_1566' title='bbox 1566 2868 1712 2898; x_wconf 88' lang='lat' dir='ltr'>cucullatis</span> <span class='ocrx_word' id='word_1_1567' title='bbox 1722 2890 1730 2904; x_wconf 88' lang='lat'><strong>‚</strong></span> <span class='ocrx_word' id='word_1_1568' title='bbox 1747 2867 1850 2906; x_wconf 81' lang='lat' dir='ltr'>scripsit</span> <span class='ocrx_word' id='word_1_1569' title='bbox 1861 2869 1935 2906; x_wconf 85' lang='lat' dir='ltr'>Sagis</span> <span class='ocrx_word' id='word_1_1570' title='bbox 1946 2868 2077 2898; x_wconf 85' lang='lat' dir='ltr'>cucullis:</span> <span class='ocrx_word' id='word_1_1571' title='bbox 2100 2868 2147 2898; x_wconf 83' lang='lat' dir='ltr'>nili</span> <span class='ocrx_word' id='word_1_1572' title='bbox 2159 2869 2243 2898; x_wconf 68' lang='lat' dir='ltr'>etiarn</span> <span class='ocrx_word' id='word_1_1573' title='bbox 2254 2869 2406 2899; x_wconf 79' lang='lat' dir='ltr'>Cucullatis</span> <span class='ocrx_word' id='word_1_1574' title='bbox 2416 2870 2453 2900; x_wconf 85' lang='lat' dir='ltr'>le.</span> 
     </span>
     <span class='ocr_line' id='line_1_172' title="bbox 1330 2906 2181 2945; baseline -0.004 -7"><span class='ocrx_word' id='word_1_1575' title='bbox 1330 2909 1453 2945; x_wconf 81' lang='lat' dir='ltr'>gendum</span> <span class='ocrx_word' id='word_1_1576' title='bbox 1464 2908 1512 2937; x_wconf 81' lang='lat' dir='ltr'>sit:</span> <span class='ocrx_word' id='word_1_1577' title='bbox 1535 2913 1583 2936; x_wconf 87' lang='lat' dir='ltr'>aut</span> <span class='ocrx_word' id='word_1_1578' title='bbox 1594 2906 1719 2936; x_wconf 91' lang='lat' dir='ltr'>Cucullis</span> <span class='ocrx_word' id='word_1_1579' title='bbox 1731 2906 1900 2943; x_wconf 62' lang='lat' dir='ltr'>adieclivum</span> <span class='ocrx_word' id='word_1_1580' title='bbox 1910 2906 1952 2937; x_wconf 73' lang='lat' dir='ltr'>sit.</span> <span class='ocrx_word' id='word_1_1581' title='bbox 1993 2906 2022 2936; x_wconf 98' lang='lat' dir='ltr'>V.</span> <span class='ocrx_word' id='word_1_1582' title='bbox 2048 2916 2065 2936; x_wconf 90' lang='lat' dir='ltr'>c</span> <span class='ocrx_word' id='word_1_1583' title='bbox 2075 2917 2089 2936; x_wconf 75' lang='lat' dir='ltr'>s</span> <span class='ocrx_word' id='word_1_1584' title='bbox 2098 2917 2117 2935; x_wconf 81' lang='lat' dir='ltr'>N</span> <span class='ocrx_word' id='word_1_1585' title='bbox 2127 2916 2181 2936; x_wconf 78' lang='lat' dir='ltr'>To.</span> 
     </span>
    </p>

    <p class='ocr_par' dir='ltr' id='par_1_89' title="bbox 1330 2945 1804 2980">
     <span class='ocr_line' id='line_1_173' title="bbox 1330 2945 1804 2980; baseline -0.006 -4"><span class='ocrx_word' id='word_1_1586' title='bbox 1330 2947 1419 2976; x_wconf 88' lang='lat' dir='ltr'>Vestis</span> <span class='ocrx_word' id='word_1_1587' title='bbox 1430 2945 1576 2976; x_wconf 79' lang='lat' dir='ltr'>cucullata.</span> <span class='ocrx_word' id='word_1_1588' title='bbox 1598 2945 1690 2974; x_wconf 83' lang='lat' dir='ltr'>lsidor.</span> <span class='ocrx_word' id='word_1_1589' title='bbox 1705 2954 1746 2980; x_wconf 78' lang='lat'>19.</span> <span class='ocrx_word' id='word_1_1590' title='bbox 1760 2954 1804 2979; x_wconf 60' lang='lat'>24.</span> 
     </span>
    </p>

    <p class='ocr_par' dir='ltr' id='par_1_90' title="bbox 1292 2980 2459 3097">
     <span class='ocr_line' id='line_1_174' title="bbox 1292 2980 2457 3019; baseline 0 -5"><span class='ocrx_word' id='word_1_1591' title='bbox 1292 2986 1395 3016; x_wconf 55' lang='lat' dir='ltr'>Cum]</span> <span class='ocrx_word' id='word_1_1592' title='bbox 1405 2995 1424 3013; x_wconf 82' lang='lat' dir='ltr'>M</span> <span class='ocrx_word' id='word_1_1593' title='bbox 1436 2995 1453 3013; x_wconf 78' lang='grc' dir='ltr'>Α</span> <span class='ocrx_word' id='word_1_1594' title='bbox 1465 3006 1473 3018; x_wconf 82' lang='grc'>.</span> <span class='ocrx_word' id='word_1_1595' title='bbox 1495 2995 1525 3014; x_wconf 79' lang='lat' dir='ltr'>ae.</span> <span class='ocrx_word' id='word_1_1596' title='bbox 1549 2984 1568 3013; x_wconf 85' lang='lat' dir='ltr'>f.</span> <span class='ocrx_word' id='word_1_1597' title='bbox 1591 2983 1755 3019; x_wconf 58' lang='grc' dir='ltr'>[πνεύμων]</span> <span class='ocrx_word' id='word_1_1598' title='bbox 1774 2980 1828 3012; x_wconf 85' lang='lat' dir='ltr'>Vas</span> <span class='ocrx_word' id='word_1_1599' title='bbox 1835 2992 1943 3012; x_wconf 58' lang='lat' dir='ltr'>aueum</span> <span class='ocrx_word' id='word_1_1600' title='bbox 1953 2981 2148 3012; x_wconf 80' lang='lat' dir='ltr'>calefaciendae</span> <span class='ocrx_word' id='word_1_1601' title='bbox 2156 2991 2232 3019; x_wconf 81' lang='lat' dir='ltr'>aquae</span> <span class='ocrx_word' id='word_1_1602' title='bbox 2242 2981 2388 3013; x_wconf 87' lang='lat' dir='ltr'>idoneum.</span> <span class='ocrx_word' id='word_1_1603' title='bbox 2410 2984 2457 3014; x_wconf 74' lang='lat' dir='ltr'>Pe-</span> 
     </span>
     <span class='ocr_line' id='line_1_175' title="bbox 1329 3020 2374 3059; baseline -0.002 -6"><span class='ocrx_word' id='word_1_1604' title='bbox 1329 3030 1404 3053; x_wconf 84' lang='lat' dir='ltr'>tron.</span> <span class='ocrx_word' id='word_1_1605' title='bbox 1427 3022 1513 3052; x_wconf 82' lang='lat' dir='ltr'>Arbit.</span> <span class='ocrx_word' id='word_1_1606' title='bbox 1528 3023 1557 3051; x_wconf 89' lang='lat' dir='ltr'>in</span> <span class='ocrx_word' id='word_1_1607' title='bbox 1568 3022 1655 3059; x_wconf 87' lang='lat' dir='ltr'>Satyr.</span> <span class='ocrx_word' id='word_1_1608' title='bbox 1669 3030 1731 3059; x_wconf 86' lang='lat' dir='ltr'>cap.</span> <span class='ocrx_word' id='word_1_1609' title='bbox 1748 3029 1809 3057; x_wconf 74' lang='grc' dir='ltr'>ης.</span> <span class='ocrx_word' id='word_1_1610' title='bbox 1836 3021 2142 3057; x_wconf 83' lang='lat' dir='ltr'>Cucumamingentem</span> <span class='ocrx_word' id='word_1_1611' title='bbox 2155 3020 2220 3049; x_wconf 78' lang='lat' dir='ltr'>foco</span> <span class='ocrx_word' id='word_1_1612' title='bbox 2236 3020 2374 3058; x_wconf 84' lang='lat' dir='ltr'>apposuit.</span> 
     </span>
     <span class='ocr_line' id='line_1_176' title="bbox 1329 3057 2459 3097; baseline -0.004 -6"><span class='ocrx_word' id='word_1_1613' title='bbox 1329 3061 1456 3091; x_wconf 85' lang='lat' dir='ltr'>Cucuma</span> <span class='ocrx_word' id='word_1_1614' title='bbox 1472 3061 1540 3090; x_wconf 89' lang='lat' dir='ltr'>item</span> <span class='ocrx_word' id='word_1_1615' title='bbox 1547 3059 1701 3097; x_wconf 84' lang='lat' dir='ltr'>appellatur</span> <span class='ocrx_word' id='word_1_1616' title='bbox 1713 3057 1897 3096; x_wconf 80' lang='lat' dir='ltr'>Tuguriolum</span> <span class='ocrx_word' id='word_1_1617' title='bbox 1908 3059 2040 3096; x_wconf 76' lang='lat' dir='ltr'>exiguum</span> <span class='ocrx_word' id='word_1_1618' title='bbox 2049 3078 2059 3094; x_wconf 79' lang='lat'>,</span> <span class='ocrx_word' id='word_1_1619' title='bbox 2076 3059 2108 3087; x_wconf 79' lang='lat' dir='ltr'>in</span> <span class='ocrx_word' id='word_1_1620' title='bbox 2121 3068 2175 3096; x_wconf 86' lang='lat' dir='ltr'>quo</span> <span class='ocrx_word' id='word_1_1621' title='bbox 2186 3059 2365 3096; x_wconf 75' lang='lat' dir='ltr'>pauperiores</span> <span class='ocrx_word' id='word_1_1622' title='bbox 2379 3059 2459 3090; x_wconf 79' lang='lat' dir='ltr'>habi.</span> 
     </span>
    </p>

    <p class='ocr_par' dir='ltr' id='par_1_91' title="bbox 1347 3097 2092 3209">
     <span class='ocr_line' id='line_1_177' title="bbox 1347 3097 1788 3134; baseline -0.005 -6"><span class='ocrx_word' id='word_1_1623' title='bbox 1347 3099 1454 3128; x_wconf 84' lang='lat' dir='ltr'>tabant.</span> <span class='ocrx_word' id='word_1_1624' title='bbox 1475 3098 1596 3128; x_wconf 72' lang='lat' dir='ltr'>martial.</span> <span class='ocrx_word' id='word_1_1625' title='bbox 1615 3097 1662 3127; x_wconf 89' lang='lat' dir='ltr'>lib.</span> <span class='ocrx_word' id='word_1_1626' title='bbox 1686 3107 1727 3126; x_wconf 88' lang='lat'>10.</span> <span class='ocrx_word' id='word_1_1627' title='bbox 1743 3106 1788 3134; x_wconf 87' lang='lat'>79.</span> 
     </span>
     <span class='ocr_line' id='line_1_178' title="bbox 1410 3134 2092 3174; baseline -0.003 -8"><span class='ocrx_word' id='word_1_1628' title='bbox 1410 3136 1569 3174; x_wconf 84' lang='lat' dir='ltr'>Torquatus</span> <span class='ocrx_word' id='word_1_1629' title='bbox 1580 3136 1682 3164; x_wconf 89' lang='lat' dir='ltr'>nitidas</span> <span class='ocrx_word' id='word_1_1630' title='bbox 1691 3135 1767 3164; x_wconf 85' lang='lat' dir='ltr'>Pario</span> <span class='ocrx_word' id='word_1_1631' title='bbox 1777 3135 1812 3164; x_wconf 83' lang='lat' dir='ltr'>de</span> <span class='ocrx_word' id='word_1_1632' title='bbox 1823 3143 1958 3163; x_wconf 84' lang='lat' dir='ltr'>marmore</span> <span class='ocrx_word' id='word_1_1633' title='bbox 1970 3134 2092 3164; x_wconf 80' lang='lat' dir='ltr'>thermas</span> 
     </span>
     <span class='ocr_line' id='line_1_179' title="bbox 1455 3172 2009 3209; baseline -0.007 -5"><span class='ocrx_word' id='word_1_1634' title='bbox 1455 3173 1583 3204; x_wconf 82' lang='lat' dir='ltr'>Extruxit</span> <span class='ocrx_word' id='word_1_1635' title='bbox 1596 3195 1603 3209; x_wconf 85' lang='lat'>,</span> <span class='ocrx_word' id='word_1_1636' title='bbox 1625 3182 1773 3203; x_wconf 88' lang='lat' dir='ltr'>cucumam</span> <span class='ocrx_word' id='word_1_1637' title='bbox 1783 3172 1851 3202; x_wconf 80' lang='lat' dir='ltr'>fecit</span> <span class='ocrx_word' id='word_1_1638' title='bbox 1861 3172 2009 3201; x_wconf 82' lang='lat' dir='ltr'>Otacilius.</span> 
     </span>
    </p>

    <p class='ocr_par' dir='ltr' id='par_1_92' title="bbox 1329 3208 2459 3365">
     <span class='ocr_line' id='line_1_180' title="bbox 1329 3208 2456 3243; baseline 0 0"><span class='ocrx_word' id='word_1_1639' title='bbox 1329 3211 1486 3243; x_wconf 88' lang='lat' dir='ltr'>Cucumam</span> <span class='ocrx_word' id='word_1_1640' title='bbox 1500 3213 1584 3241; x_wconf 88' lang='lat' dir='ltr'>etiam</span> <span class='ocrx_word' id='word_1_1641' title='bbox 1601 3212 1695 3241; x_wconf 89' lang='lat' dir='ltr'>Genus</span> <span class='ocrx_word' id='word_1_1642' title='bbox 1706 3210 1760 3240; x_wconf 78' lang='lat' dir='ltr'>esse</span> <span class='ocrx_word' id='word_1_1643' title='bbox 1777 3210 1866 3239; x_wconf 86' lang='lat' dir='ltr'>baculi</span> <span class='ocrx_word' id='word_1_1644' title='bbox 1880 3210 1970 3239; x_wconf 80' lang='lat' dir='ltr'>serrati</span> <span class='ocrx_word' id='word_1_1645' title='bbox 1994 3209 2086 3239; x_wconf 81' lang='lat' dir='ltr'>scribit</span> <span class='ocrx_word' id='word_1_1646' title='bbox 2103 3208 2231 3240; x_wconf 77' lang='lat' dir='ltr'>Budaeus.</span> <span class='ocrx_word' id='word_1_1647' title='bbox 2253 3208 2381 3240; x_wconf 79' lang='lat' dir='ltr'>Martian.</span> <span class='ocrx_word' id='word_1_1648' title='bbox 2397 3210 2416 3241; x_wconf 87' lang='lat' dir='ltr'>l.</span> <span class='ocrx_word' id='word_1_1649' title='bbox 2432 3221 2456 3243; x_wconf 72' lang='lat'>1.</span> 
     </span>
     <span class='ocr_line' id='line_1_181' title="bbox 1349 3247 2454 3286; baseline -0.003 -5"><span class='ocrx_word' id='word_1_1650' title='bbox 1349 3251 1384 3281; x_wconf 88' lang='lat' dir='ltr'>D.</span> <span class='ocrx_word' id='word_1_1651' title='bbox 1403 3251 1438 3281; x_wconf 91' lang='lat' dir='ltr'>ad</span> <span class='ocrx_word' id='word_1_1652' title='bbox 1451 3251 1469 3280; x_wconf 95' lang='lat' dir='ltr'>l.</span> <span class='ocrx_word' id='word_1_1653' title='bbox 1483 3250 1569 3280; x_wconf 85' lang='lat' dir='ltr'>Corn.</span> <span class='ocrx_word' id='word_1_1654' title='bbox 1582 3250 1616 3279; x_wconf 85' lang='lat' dir='ltr'>de</span> <span class='ocrx_word' id='word_1_1655' title='bbox 1628 3249 1703 3279; x_wconf 76' lang='lat' dir='ltr'>sicar.</span> <span class='ocrx_word' id='word_1_1656' title='bbox 1744 3248 1799 3278; x_wconf 85' lang='lat' dir='ltr'>Sed</span> <span class='ocrx_word' id='word_1_1657' title='bbox 1815 3248 1830 3276; x_wconf 84' lang='lat' dir='ltr'>li</span> <span class='ocrx_word' id='word_1_1658' title='bbox 1842 3249 1913 3277; x_wconf 86' lang='lat' dir='ltr'>clavi</span> <span class='ocrx_word' id='word_1_1659' title='bbox 1925 3247 2106 3285; x_wconf 73' lang='lat' dir='ltr'>percusserit,</span> <span class='ocrx_word' id='word_1_1660' title='bbox 2128 3257 2176 3277; x_wconf 87' lang='lat' dir='ltr'>aut</span> <span class='ocrx_word' id='word_1_1661' title='bbox 2193 3257 2311 3277; x_wconf 88' lang='lat' dir='ltr'>cucuma</span> <span class='ocrx_word' id='word_1_1662' title='bbox 2331 3249 2359 3277; x_wconf 91' lang='lat' dir='ltr'>in</span> <span class='ocrx_word' id='word_1_1663' title='bbox 2378 3250 2454 3286; x_wconf 81' lang='lat' dir='ltr'>rixa,</span> 
     </span>
     <span class='ocr_line' id='line_1_182' title="bbox 1350 3285 2459 3325; baseline -0.001 -6"><span class='ocrx_word' id='word_1_1664' title='bbox 1350 3290 1479 3325; x_wconf 82' lang='lat' dir='ltr'>quamvis</span> <span class='ocrx_word' id='word_1_1665' title='bbox 1499 3289 1570 3318; x_wconf 81' lang='lat' dir='ltr'>fen-0</span> <span class='ocrx_word' id='word_1_1666' title='bbox 1584 3287 1760 3325; x_wconf 69' lang='lat' dir='ltr'>percusserit,</span> <span class='ocrx_word' id='word_1_1667' title='bbox 1790 3294 1884 3315; x_wconf 86' lang='lat' dir='ltr'>tamen</span> <span class='ocrx_word' id='word_1_1668' title='bbox 1905 3296 1964 3315; x_wconf 88' lang='lat' dir='ltr'>non</span> <span class='ocrx_word' id='word_1_1669' title='bbox 1987 3285 2135 3315; x_wconf 86' lang='lat' dir='ltr'>occidendi</span> <span class='ocrx_word' id='word_1_1670' title='bbox 2154 3287 2265 3320; x_wconf 76' lang='lat' dir='ltr'>animo,</span> <span class='ocrx_word' id='word_1_1671' title='bbox 2294 3286 2459 3318; x_wconf 85' lang='lat' dir='ltr'>leniendam</span> 
     </span>
     <span class='ocr_line' id='line_1_183' title="bbox 1352 3321 2398 3365; baseline -0.003 -8"><span class='ocrx_word' id='word_1_1672' title='bbox 1352 3327 1412 3364; x_wconf 86' lang='lat' dir='ltr'>ejus</span> <span class='ocrx_word' id='word_1_1673' title='bbox 1425 3336 1549 3365; x_wconf 84' lang='lat' dir='ltr'>poenam.</span> <span class='ocrx_word' id='word_1_1674' title='bbox 1592 3325 1764 3355; x_wconf 85' lang='lat' dir='ltr'>DeCucuma</span> <span class='ocrx_word' id='word_1_1675' title='bbox 1779 3324 1842 3353; x_wconf 88' lang='lat' dir='ltr'>vide</span> <span class='ocrx_word' id='word_1_1676' title='bbox 1860 3324 2026 3353; x_wconf 75' lang='lat' dir='ltr'>l’olitianum</span> <span class='ocrx_word' id='word_1_1677' title='bbox 2038 3325 2066 3353; x_wconf 90' lang='lat' dir='ltr'>in</span> <span class='ocrx_word' id='word_1_1678' title='bbox 2080 3321 2266 3353; x_wconf 70' lang='lat' dir='ltr'>miscellaneis</span> <span class='ocrx_word' id='word_1_1679' title='bbox 2281 3334 2343 3362; x_wconf 80' lang='lat' dir='ltr'>cap.</span> <span class='ocrx_word' id='word_1_1680' title='bbox 2355 3334 2398 3362; x_wconf 81' lang='lat'>30.</span> 
     </span>
    </p>

    <p class='ocr_par' dir='ltr' id='par_1_93' title="bbox 1295 3361 2325 3400">
     <span class='ocr_line' id='line_1_184' title="bbox 1295 3361 2325 3400; baseline -0.003 -6"><span class='ocrx_word' id='word_1_1681' title='bbox 1295 3363 1345 3394; x_wconf 69' lang='grc' dir='ltr'>Ὀὔ</span> <span class='ocrx_word' id='word_1_1682' title='bbox 1356 3367 1511 3395; x_wconf 59' lang='lat' dir='ltr'>cumina</span> <span class='ocrx_word' id='word_1_1683' title='bbox 1523 3387 1531 3399; x_wconf 83' lang='lat'>‚</span> <span class='ocrx_word' id='word_1_1684' title='bbox 1554 3373 1584 3393; x_wconf 82' lang='lat' dir='ltr'>ae.</span> <span class='ocrx_word' id='word_1_1685' title='bbox 1607 3363 1625 3392; x_wconf 81' lang='lat' dir='ltr'>s.</span> <span class='ocrx_word' id='word_1_1686' title='bbox 1648 3363 1743 3392; x_wconf 88' lang='lat' dir='ltr'>dimin.</span> <span class='ocrx_word' id='word_1_1687' title='bbox 1766 3362 1875 3391; x_wconf 89' lang='lat' dir='ltr'>Petron.</span> <span class='ocrx_word' id='word_1_1688' title='bbox 1890 3372 1950 3400; x_wconf 86' lang='lat' dir='ltr'>cap.</span> <span class='ocrx_word' id='word_1_1689' title='bbox 1965 3365 2025 3398; x_wconf 79' lang='lat'>136.</span> <span class='ocrx_word' id='word_1_1690' title='bbox 2046 3362 2146 3391; x_wconf 80' lang='lat' dir='ltr'>Cervix</span> <span class='ocrx_word' id='word_1_1691' title='bbox 2160 3361 2325 3391; x_wconf 83' lang='lat' dir='ltr'>cucumulae.</span> 
     </span>
    </p>

    <p class='ocr_par' dir='ltr' id='par_1_94' title="bbox 1298 3397 2458 3554">
     <span class='ocr_line' id='line_1_185' title="bbox 1298 3397 2457 3438; baseline 0 -6"><span class='ocrx_word' id='word_1_1692' title='bbox 1298 3402 1474 3432; x_wconf 62' lang='lat' dir='ltr'>Cbcunar.</span> <span class='ocrx_word' id='word_1_1693' title='bbox 1485 3414 1500 3431; x_wconf 75' lang='lat' dir='ltr'>L</span> <span class='ocrx_word' id='word_1_1694' title='bbox 1511 3412 1529 3431; x_wconf 72' lang='lat' dir='ltr'>A</span> <span class='ocrx_word' id='word_1_1695' title='bbox 1544 3412 1584 3436; x_wconf 73' lang='lat' dir='ltr'>,ae.</span> <span class='ocrx_word' id='word_1_1696' title='bbox 1597 3402 1615 3430; x_wconf 86' lang='lat' dir='ltr'>i&#39;.</span> <span class='ocrx_word' id='word_1_1697' title='bbox 1628 3401 1705 3430; x_wconf 83' lang='lat' dir='ltr'>aliud</span> <span class='ocrx_word' id='word_1_1698' title='bbox 1718 3401 1818 3429; x_wconf 85' lang='lat' dir='ltr'>dimin.</span> <span class='ocrx_word' id='word_1_1699' title='bbox 1841 3397 2030 3435; x_wconf 39' lang='lat' dir='ltr'>[sanguicum]</span> <span class='ocrx_word' id='word_1_1700' title='bbox 2051 3400 2127 3438; x_wconf 83' lang='lat' dir='ltr'>apud</span> <span class='ocrx_word' id='word_1_1701' title='bbox 2143 3399 2258 3436; x_wconf 76' lang='lat' dir='ltr'>Alphen.</span> <span class='ocrx_word' id='word_1_1702' title='bbox 2272 3401 2290 3429; x_wconf 96' lang='lat' dir='ltr'>l.</span> <span class='ocrx_word' id='word_1_1703' title='bbox 2303 3400 2321 3429; x_wconf 71' lang='lat' dir='ltr'>si</span> <span class='ocrx_word' id='word_1_1704' title='bbox 2334 3402 2457 3437; x_wconf 84' lang='lat' dir='ltr'>quando.</span> 
     </span>
     <span class='ocr_line' id='line_1_186' title="bbox 1335 3437 2458 3474; baseline -0.001 -3"><span class='ocrx_word' id='word_1_1705' title='bbox 1335 3441 1370 3471; x_wconf 90' lang='lat' dir='ltr'>D.</span> <span class='ocrx_word' id='word_1_1706' title='bbox 1382 3441 1399 3470; x_wconf 79' lang='lat' dir='ltr'>si</span> <span class='ocrx_word' id='word_1_1707' title='bbox 1409 3441 1498 3471; x_wconf 88' lang='lat' dir='ltr'>servit.</span> <span class='ocrx_word' id='word_1_1708' title='bbox 1512 3440 1624 3469; x_wconf 67' lang='lat' dir='ltr'>vendis.</span> <span class='ocrx_word' id='word_1_1709' title='bbox 1645 3439 1739 3468; x_wconf 85' lang='lat' dir='ltr'>Genus</span> <span class='ocrx_word' id='word_1_1710' title='bbox 1753 3438 1790 3468; x_wconf 78' lang='lat' dir='ltr'>est</span> <span class='ocrx_word' id='word_1_1711' title='bbox 1801 3437 1902 3468; x_wconf 84' lang='lat' dir='ltr'>vasculi</span> <span class='ocrx_word' id='word_1_1712' title='bbox 1913 3438 1988 3467; x_wconf 70' lang='lat' dir='ltr'>curvi</span> <span class='ocrx_word' id='word_1_1713' title='bbox 1999 3460 2006 3472; x_wconf 81' lang='lat'>,</span> <span class='ocrx_word' id='word_1_1714' title='bbox 2029 3439 2104 3474; x_wconf 88' lang='lat' dir='ltr'>quod</span> <span class='ocrx_word' id='word_1_1715' title='bbox 2114 3459 2122 3473; x_wconf 88' lang='lat'>‚</span> <span class='ocrx_word' id='word_1_1716' title='bbox 2145 3447 2174 3466; x_wconf 86' lang='lat' dir='ltr'>ut</span> <span class='ocrx_word' id='word_1_1717' title='bbox 2184 3437 2317 3472; x_wconf 83' lang='lat' dir='ltr'>arbitror,</span> <span class='ocrx_word' id='word_1_1718' title='bbox 2338 3449 2353 3468; x_wconf 89' lang='lat' dir='ltr'>a</span> <span class='ocrx_word' id='word_1_1719' title='bbox 2368 3440 2458 3470; x_wconf 83' lang='lat' dir='ltr'>forma</span> 
     </span>
     <span class='ocr_line' id='line_1_187' title="bbox 1333 3475 2458 3512; baseline 0 -3"><span class='ocrx_word' id='word_1_1720' title='bbox 1333 3479 1490 3509; x_wconf 83' lang='lat' dir='ltr'>cucumeris</span> <span class='ocrx_word' id='word_1_1721' title='bbox 1502 3487 1606 3507; x_wconf 87' lang='lat' dir='ltr'>nomen</span> <span class='ocrx_word' id='word_1_1722' title='bbox 1617 3477 1695 3506; x_wconf 88' lang='lat' dir='ltr'>suum</span> <span class='ocrx_word' id='word_1_1723' title='bbox 1712 3476 1821 3505; x_wconf 86' lang='lat' dir='ltr'>invenit</span> <span class='ocrx_word' id='word_1_1724' title='bbox 1831 3497 1839 3509; x_wconf 70' lang='grc'>.</span> <span class='ocrx_word' id='word_1_1725' title='bbox 1862 3476 1896 3504; x_wconf 79' lang='lat' dir='ltr'>ad</span> <span class='ocrx_word' id='word_1_1726' title='bbox 1907 3477 2030 3505; x_wconf 72' lang='lat' dir='ltr'>eundem</span> <span class='ocrx_word' id='word_1_1727' title='bbox 2040 3475 2118 3505; x_wconf 81' lang='lat' dir='ltr'>usum</span> <span class='ocrx_word' id='word_1_1728' title='bbox 2128 3495 2138 3510; x_wconf 73' lang='lat'>.</span> <span class='ocrx_word' id='word_1_1729' title='bbox 2159 3476 2194 3504; x_wconf 86' lang='lat' dir='ltr'>ad</span> <span class='ocrx_word' id='word_1_1730' title='bbox 2204 3485 2287 3512; x_wconf 79' lang='lat' dir='ltr'>quem</span> <span class='ocrx_word' id='word_1_1731' title='bbox 2300 3477 2326 3505; x_wconf 72' lang='grc' dir='ltr'>ἃ.</span> <span class='ocrx_word' id='word_1_1732' title='bbox 2340 3476 2415 3508; x_wconf 89' lang='lat' dir='ltr'>labra</span> <span class='ocrx_word' id='word_1_1733' title='bbox 2432 3481 2458 3509; x_wconf 83' lang='lat'>&amp;</span> 
     </span>
     <span class='ocr_line' id='line_1_188' title="bbox 1334 3514 1910 3554; baseline -0.007 -8"><span class='ocrx_word' id='word_1_1734' title='bbox 1334 3524 1452 3546; x_wconf 84' lang='lat' dir='ltr'>crateres</span> <span class='ocrx_word' id='word_1_1735' title='bbox 1465 3523 1598 3554; x_wconf 84' lang='lat' dir='ltr'>paratum.</span> <span class='ocrx_word' id='word_1_1736' title='bbox 1642 3516 1707 3544; x_wconf 70' lang='lat' dir='ltr'>Haee</span> <span class='ocrx_word' id='word_1_1737' title='bbox 1717 3524 1751 3544; x_wconf 85' lang='lat' dir='ltr'>ex</span> <span class='ocrx_word' id='word_1_1738' title='bbox 1764 3514 1910 3543; x_wconf 89' lang='lat' dir='ltr'>Connano.</span> 
     </span>
    </p>

    <p class='ocr_par' dir='ltr' id='par_1_95' title="bbox 1298 3548 2458 3627">
     <span class='ocr_line' id='line_1_189' title="bbox 1298 3548 2458 3590; baseline -0.001 -6"><span class='ocrx_word' id='word_1_1739' title='bbox 1298 3554 1498 3588; x_wconf 63' lang='lat' dir='ltr'>cucuma,</span> <span class='ocrx_word' id='word_1_1740' title='bbox 1522 3554 1566 3583; x_wconf 81' lang='lat' dir='ltr'>vel</span> <span class='ocrx_word' id='word_1_1741' title='bbox 1588 3554 1636 3582; x_wconf 72' lang='lat' dir='ltr'>Cu</span> <span class='ocrx_word' id='word_1_1742' title='bbox 1648 3554 1765 3582; x_wconf 63' lang='lat' dir='ltr'>cur-ris</span> <span class='ocrx_word' id='word_1_1743' title='bbox 1777 3574 1784 3587; x_wconf 85' lang='lat'><em>‚</em></span> <span class='ocrx_word' id='word_1_1744' title='bbox 1806 3553 1868 3581; x_wconf 72' lang='lat' dir='ltr'>eris.</span> <span class='ocrx_word' id='word_1_1745' title='bbox 1892 3561 1929 3581; x_wconf 88' lang='grc'><strong>111.</strong></span> <span class='ocrx_word' id='word_1_1746' title='bbox 1958 3548 2085 3587; x_wconf 65' lang='grc' dir='ltr'>[σίκυον]</span> <span class='ocrx_word' id='word_1_1747' title='bbox 2114 3560 2130 3580; x_wconf 83' lang='grc'>3</span> <span class='ocrx_word' id='word_1_1748' title='bbox 2147 3550 2268 3581; x_wconf 85' lang='lat' dir='ltr'>Curvore</span> <span class='ocrx_word' id='word_1_1749' title='bbox 2286 3552 2405 3590; x_wconf 79' lang='lat' dir='ltr'>dicitur,</span> <span class='ocrx_word' id='word_1_1750' title='bbox 2428 3560 2458 3583; x_wconf 87' lang='lat' dir='ltr'>ut</span> 
     </span>
     <span class='ocr_line' id='line_1_190' title="bbox 1335 3589 2014 3627; baseline -0.006 -5"><span class='ocrx_word' id='word_1_1751' title='bbox 1335 3594 1375 3623; x_wconf 82' lang='lat' dir='ltr'>ait</span> <span class='ocrx_word' id='word_1_1752' title='bbox 1388 3593 1462 3622; x_wconf 87' lang='lat' dir='ltr'>Varr.</span> <span class='ocrx_word' id='word_1_1753' title='bbox 1473 3592 1509 3621; x_wconf 83' lang='lat' dir='ltr'>de</span> <span class='ocrx_word' id='word_1_1754' title='bbox 1521 3591 1550 3621; x_wconf 86' lang='lat' dir='ltr'>L.</span> <span class='ocrx_word' id='word_1_1755' title='bbox 1565 3591 1592 3621; x_wconf 92' lang='lat' dir='ltr'>L.</span> <span class='ocrx_word' id='word_1_1756' title='bbox 1603 3603 1629 3627; x_wconf 84' lang='grc'>4.</span> <span class='ocrx_word' id='word_1_1757' title='bbox 1643 3600 1687 3620; x_wconf 84' lang='lat'>21.</span> <span class='ocrx_word' id='word_1_1758' title='bbox 1711 3590 1784 3627; x_wconf 86' lang='lat' dir='ltr'>Virg.</span> <span class='ocrx_word' id='word_1_1759' title='bbox 1796 3601 1821 3625; x_wconf 84' lang='grc'>4.</span> <span class='ocrx_word' id='word_1_1760' title='bbox 1835 3589 1934 3626; x_wconf 83' lang='lat' dir='ltr'>Georg.</span> <span class='ocrx_word' id='word_1_1761' title='bbox 1953 3599 2014 3619; x_wconf 73' lang='lat'>122.</span> 
     </span>
    </p>

    <p class='ocr_par' dir='ltr' id='par_1_96' title="bbox 1311 3628 1978 3741">
     <span class='ocr_line' id='line_1_191' title="bbox 1608 3628 1978 3665; baseline 0 -8"><span class='ocrx_word' id='word_1_1762' title='bbox 1608 3635 1798 3665; x_wconf 87' lang='lat' dir='ltr'>—tortusque</span> <span class='ocrx_word' id='word_1_1763' title='bbox 1808 3637 1856 3665; x_wconf 84' lang='lat' dir='ltr'>per</span> <span class='ocrx_word' id='word_1_1764' title='bbox 1865 3628 1978 3657; x_wconf 82' lang='lat' dir='ltr'>herbam</span> 
     </span>
     <span class='ocr_line' id='line_1_192' title="bbox 1416 3666 1878 3696; baseline -0.006 0"><span class='ocrx_word' id='word_1_1765' title='bbox 1416 3666 1558 3696; x_wconf 84' lang='lat' dir='ltr'>Cresceret</span> <span class='ocrx_word' id='word_1_1766' title='bbox 1567 3667 1595 3695; x_wconf 90' lang='lat' dir='ltr'>in</span> <span class='ocrx_word' id='word_1_1767' title='bbox 1606 3672 1732 3696; x_wconf 89' lang='lat' dir='ltr'>ventrem</span> <span class='ocrx_word' id='word_1_1768' title='bbox 1744 3666 1878 3694; x_wconf 83' lang='lat' dir='ltr'>cucumis.</span> 
     </span>
     <span class='ocr_line' id='line_1_193' title="bbox 1311 3703 1959 3741; baseline -0.005 -6"><span class='ocrx_word' id='word_1_1769' title='bbox 1311 3716 1317 3717; x_wconf 48' lang='lat'><em>⁷</em></span> <span class='ocrx_word' id='word_1_1770' title='bbox 1337 3705 1477 3736; x_wconf 82' lang='lat' dir='ltr'>Caeruleus</span> <span class='ocrx_word' id='word_1_1771' title='bbox 1489 3705 1623 3734; x_wconf 86' lang='lat' dir='ltr'>cucumis.</span> <span class='ocrx_word' id='word_1_1772' title='bbox 1645 3704 1768 3741; x_wconf 82' lang='lat' dir='ltr'>Propert.</span> <span class='ocrx_word' id='word_1_1773' title='bbox 1782 3703 1959 3739; x_wconf 69' lang='lat' dir='ltr'>lib.4.2.43.</span> 
     </span>
    </p>

    <p class='ocr_par' dir='ltr' id='par_1_97' title="bbox 1337 3741 1909 3779">
     <span class='ocr_line' id='line_1_194' title="bbox 1337 3741 1909 3779; baseline -0.007 -6"><span class='ocrx_word' id='word_1_1774' title='bbox 1337 3744 1442 3774; x_wconf 88' lang='lat' dir='ltr'>Tortus</span> <span class='ocrx_word' id='word_1_1775' title='bbox 1453 3742 1587 3772; x_wconf 90' lang='lat' dir='ltr'>cucumis.</span> <span class='ocrx_word' id='word_1_1776' title='bbox 1612 3742 1685 3779; x_wconf 83' lang='lat' dir='ltr'>Virg.</span> <span class='ocrx_word' id='word_1_1777' title='bbox 1699 3752 1724 3775; x_wconf 83' lang='lat'>4·</span> <span class='ocrx_word' id='word_1_1778' title='bbox 1736 3741 1835 3778; x_wconf 83' lang='lat' dir='ltr'>Georg.</span> <span class='ocrx_word' id='word_1_1779' title='bbox 1847 3749 1909 3769; x_wconf 85' lang='lat'>122.</span> 
     </span>
    </p>

    <p class='ocr_par' dir='ltr' id='par_1_98' title="bbox 1338 3774 2460 3930">
     <span class='ocr_line' id='line_1_195' title="bbox 1338 3774 2458 3819; baseline -0.002 -9"><span class='ocrx_word' id='word_1_1780' title='bbox 1338 3782 1494 3812; x_wconf 86' lang='lat' dir='ltr'>Cucumere</span> <span class='ocrx_word' id='word_1_1781' title='bbox 1510 3779 1622 3809; x_wconf 86' lang='lat' dir='ltr'>vescens</span> <span class='ocrx_word' id='word_1_1782' title='bbox 1639 3779 1738 3809; x_wconf 84' lang='lat' dir='ltr'>mulier</span> <span class='ocrx_word' id='word_1_1783' title='bbox 1749 3800 1757 3814; x_wconf 87' lang='lat'>‚</span> <span class='ocrx_word' id='word_1_1784' title='bbox 1769 3778 1876 3819; x_wconf 45' lang='lat' dir='ltr'>-laenam</span> <span class='ocrx_word' id='word_1_1785' title='bbox 1896 3785 1971 3807; x_wconf 74' lang='lat' dir='ltr'>texe.</span> <span class='ocrx_word' id='word_1_1786' title='bbox 2011 3774 2208 3811; x_wconf 68' lang='lat' dir='ltr'>Proverbium.¹</span> <span class='ocrx_word' id='word_1_1787' title='bbox 2229 3778 2305 3814; x_wconf 81' lang='lat' dir='ltr'>quod</span> <span class='ocrx_word' id='word_1_1788' title='bbox 2322 3779 2385 3807; x_wconf 81' lang='lat' dir='ltr'>ideo</span> <span class='ocrx_word' id='word_1_1789' title='bbox 2404 3778 2458 3808; x_wconf 85' lang='lat' dir='ltr'>dici</span> 
     </span>
     <span class='ocr_line' id='line_1_196' title="bbox 1355 3815 2460 3854; baseline -0.001 -6"><span class='ocrx_word' id='word_1_1790' title='bbox 1355 3819 1482 3854; x_wconf 85' lang='lat' dir='ltr'>videtur,</span> <span class='ocrx_word' id='word_1_1791' title='bbox 1504 3818 1567 3853; x_wconf 81' lang='lat' dir='ltr'>quia</span> <span class='ocrx_word' id='word_1_1792' title='bbox 1579 3839 1586 3851; x_wconf 75' lang='grc'><em>,</em></span> <span class='ocrx_word' id='word_1_1793' title='bbox 1607 3827 1643 3846; x_wconf 82' lang='lat' dir='ltr'>ex</span> <span class='ocrx_word' id='word_1_1794' title='bbox 1653 3817 1802 3846; x_wconf 81' lang='lat' dir='ltr'>Aristotelis</span> <span class='ocrx_word' id='word_1_1795' title='bbox 1814 3815 1942 3844; x_wconf 58' lang='lat' dir='ltr'>doctrina</span> <span class='ocrx_word' id='word_1_1796' title='bbox 1952 3837 1960 3849; x_wconf 84' lang='lat'><em>‚</em></span> <span class='ocrx_word' id='word_1_1797' title='bbox 1982 3816 2111 3844; x_wconf 85' lang='lat' dir='ltr'>textrices</span> <span class='ocrx_word' id='word_1_1798' title='bbox 2121 3822 2197 3852; x_wconf 85' lang='lat' dir='ltr'>parte</span> <span class='ocrx_word' id='word_1_1799' title='bbox 2213 3817 2332 3853; x_wconf 53' lang='lat' dir='ltr'>plurimi</span> <span class='ocrx_word' id='word_1_1800' title='bbox 2343 3826 2460 3846; x_wconf 55' lang='lat' dir='ltr'>veneria:</span> 
     </span>
     <span class='ocr_line' id='line_1_197' title="bbox 1357 3853 2459 3892; baseline -0.003 -6"><span class='ocrx_word' id='word_1_1801' title='bbox 1357 3857 1425 3892; x_wconf 82' lang='lat' dir='ltr'>sint,</span> <span class='ocrx_word' id='word_1_1802' title='bbox 1447 3865 1479 3885; x_wconf 90' lang='lat' dir='ltr'>ac</span> <span class='ocrx_word' id='word_1_1803' title='bbox 1490 3855 1649 3891; x_wconf 70' lang='lat' dir='ltr'>impudicae.</span> <span class='ocrx_word' id='word_1_1804' title='bbox 1689 3854 1858 3883; x_wconf 89' lang='lat' dir='ltr'>Cucumeres</span> <span class='ocrx_word' id='word_1_1805' title='bbox 1871 3863 1936 3882; x_wconf 88' lang='lat' dir='ltr'>vero</span> <span class='ocrx_word' id='word_1_1806' title='bbox 1944 3853 2034 3882; x_wconf 84' lang='lat' dir='ltr'>coitus</span> <span class='ocrx_word' id='word_1_1807' title='bbox 2043 3853 2170 3890; x_wconf 75' lang='lat' dir='ltr'>prolubia</span> <span class='ocrx_word' id='word_1_1808' title='bbox 2181 3856 2327 3888; x_wconf 77' lang='lat' dir='ltr'>conciunt,</span> <span class='ocrx_word' id='word_1_1809' title='bbox 2351 3855 2459 3883; x_wconf 80' lang='grc'><strong>11111611-</strong></span> 
     </span>
     <span class='ocr_line' id='line_1_198' title="bbox 1356 3889 2458 3930; baseline -0.006 -6"><span class='ocrx_word' id='word_1_1810' title='bbox 1356 3902 1402 3924; x_wconf 89' lang='lat' dir='ltr'>tur</span> <span class='ocrx_word' id='word_1_1811' title='bbox 1414 3893 1562 3923; x_wconf 87' lang='lat' dir='ltr'>nonnulli:</span> <span class='ocrx_word' id='word_1_1812' title='bbox 1586 3892 1662 3922; x_wconf 87' lang='lat' dir='ltr'>unde</span> <span class='ocrx_word' id='word_1_1813' title='bbox 1672 3890 1748 3919; x_wconf 66' lang='grc' dir='ltr'><strong><em>σίκυον</em></strong></span> <span class='ocrx_word' id='word_1_1814' title='bbox 1763 3891 1933 3930; x_wconf 86' lang='lat' dir='ltr'>appellatum</span> <span class='ocrx_word' id='word_1_1815' title='bbox 1947 3891 2075 3926; x_wconf 82' lang='lat' dir='ltr'>tradunt,</span> <span class='ocrx_word' id='word_1_1816' title='bbox 2097 3889 2169 3927; x_wconf 53' lang='lat' dir='ltr'>aa&amp;</span> <span class='ocrx_word' id='word_1_1817' title='bbox 2183 3889 2210 3917; x_wconf 63' lang='grc' dir='ltr'>τὲ</span> <span class='ocrx_word' id='word_1_1818' title='bbox 2221 3890 2336 3918; x_wconf 59' lang='lat' dir='ltr'>ndso‘tus</span> <span class='ocrx_word' id='word_1_1819' title='bbox 2351 3893 2373 3927; x_wconf 52' lang='grc' dir='ltr'>νο*</span> <span class='ocrx_word' id='word_1_1820' title='bbox 2389 3894 2458 3922; x_wconf 61' lang='grc' dir='ltr'>κυῶ,</span> 
     </span>
    </p>
   </div>
   <div class='ocr_carea' id='block_1_12' title="bbox 1359 3930 1816 3973">
    <p class='ocr_par' dir='ltr' id='par_1_99' title="bbox 1359 3930 1816 3973">
     <span class='ocr_line' id='line_1_199' title="bbox 1359 3930 1816 3973; baseline -0.009 -9"><span class='ocrx_word' id='word_1_1821' title='bbox 1359 3932 1402 3964; x_wconf 78' lang='lat' dir='ltr'>Ex</span> <span class='ocrx_word' id='word_1_1822' title='bbox 1409 3931 1474 3963; x_wconf 70' lang='lat' dir='ltr'>Cael.</span> <span class='ocrx_word' id='word_1_1823' title='bbox 1488 3931 1581 3973; x_wconf 66' lang='lat' dir='ltr'>Rhod.</span> <span class='ocrx_word' id='word_1_1824' title='bbox 1594 3930 1644 3961; x_wconf 89' lang='lat' dir='ltr'>lib.</span> <span class='ocrx_word' id='word_1_1825' title='bbox 1661 3940 1702 3967; x_wconf 83' lang='grc'>14.</span> <span class='ocrx_word' id='word_1_1826' title='bbox 1719 3940 1780 3968; x_wconf 85' lang='lat' dir='ltr'>cap.</span> <span class='ocrx_word' id='word_1_1827' title='bbox 1790 3940 1816 3964; x_wconf 81' lang='grc'>4.</span> 
     </span>
    </p>
   </div>
   <div class='ocr_carea' id='block_1_13' title="bbox 2350 125 2420 159">
    <p class='ocr_par' dir='ltr' id='par_1_100' title="bbox 2350 125 2420 159">
     <span class='ocr_line' id='line_1_200' title="bbox 2350 125 2420 159; baseline 0 0"><span class='ocrx_word' id='word_1_1828' title='bbox 2350 125 2420 159; x_wconf 78' lang='lat'>729</span> 
     </span>
    </p>
   </div>
   <div class='ocr_carea' id='block_1_14' title="bbox 1890 3963 2462 3996">
    <p class='ocr_par' dir='ltr' id='par_1_101' title="bbox 1890 3963 2462 3996">
     <span class='ocr_line' id='line_1_201' title="bbox 1890 3963 2462 3996; baseline 0 0"><span class='ocrx_word' id='word_1_1829' title='bbox 1890 3963 1914 3996; x_wconf 90' lang='lat' dir='ltr'>Z</span> <span class='ocrx_word' id='word_1_1830' title='bbox 1926 3974 1941 3995; x_wconf 89' lang='lat' dir='ltr'><strong>z</strong></span> <span class='ocrx_word' id='word_1_1831' title='bbox 1952 3974 1968 3995; x_wconf 88' lang='lat' dir='ltr'>z</span> <span class='ocrx_word' id='word_1_1832' title='bbox 1977 3974 1993 3994; x_wconf 93' lang='lat' dir='ltr'>z</span> <span class='ocrx_word' id='word_1_1833' title='bbox 2383 3965 2462 3996; x_wconf 81' lang='lat' dir='ltr'>Infic-</span> 
     </span>
    </p>
   </div>
  </div>
 </body>
</html>
