2600 4177
479 165 505 197 A
610 162 632 196 r
724 163 760 217 ji*

40 243 58 271 A
69 251 86 269 ‘r
100 251 113 269 r
125 253 133 270 i
146 253 162 271 c
174 253 199 271 1ss
210 252 221 271 s
232 253 248 271 0
259 265 265 277 ,
288 241 449 279 [Ἀηὶἷμιιῖω]
466 247 518 272 are.
541 243 679 273 Curiosius
691 245 778 274 Attice
789 245 873 282 loqui.
890 245 973 275 Plaut.
989 246 1191 284 Men.prol.i2.

38 279 128 345 A‘r‘lri
141 290 176 345 nli
190 291 205 307 Α
223 291 297 314 ras,
319 281 416 317 Populi
437 281 499 310 sunt
519 282 546 309 in
567 281 641 310 sexta
661 283 774 319 regione
795 283 880 312 ltalize
892 306 900 319 ,
923 294 1041 320 quorum
1064 286 1194 314 meminit

77 321 92 345 1¹
107 327 143 346 in.
169 318 343 350 ib.3.cav.1
370 341 376 347 .

0 380 3 387 .
38 356 85 384 Ai-
96 364 114 382 ἰ-
125 365 133 381 r
143 365 160 382 G
171 365 188 383 0
200 377 206 388 ,
230 329 320 385 smelN
333 329 496 384 aileteribus
506 355 582 384 fuisse
598 356 757 392 usurpatum
768 357 868 394 probat
886 358 994 388 Nonius
1005 369 1055 397 pro
1071 359 1191 396 Attingo.

73 391 238 421 Pia-„atalia
250 402 273 420 2.
288 403 313 422 2.
334 397 392 421 106.
418 392 516 421 Hercle
531 403 594 422 vero
606 400 634 422 tu
647 393 776 428 cavebis,
794 405 882 424 neme
893 397 996 433 attigas.
1025 397 1099 426 ldem
1112 397 1192 426 Most.

75 440 99 458 τι,
113 439 137 457 2.
155 439 187 465 37
219 430 360 459 :lhscedite
372 453 378 461 ,
401 430 462 459 telis
481 440 515 459 ne
528 432 650 467 atiigant.
695 430 782 461 Locus
799 433 898 462 citatus
913 434 941 462 in
955 434 1047 464 multis
1062 435 1195 463 editioni-

75 466 124 495 bus
138 467 171 496 sic
188 467 212 496 se
225 468 306 496 habet
319 491 325 501 ,
350 467 491 496 Ahl'cedite
501 490 508 500 .
531 469 602 497 aedes
614 478 648 496 ne
658 469 795 505 attingite.

75 505 191 541 Attigas,
214 516 263 543 pro
285 506 446 541 Contingat.
487 505 596 543 Turpil.
612 506 729 535 Leucad.
763 507 806 536 Ne
821 516 866 536 me
884 507 1002 544 attigas,
1025 516 1106 546 atque
1120 509 1195 538 auser

92 552 213 571 manum.
255 544 353 573 Accius
374 543 516 580 Erigonis:
548 545 602 580 Age
624 554 692 580 age,
714 544 848 579 amolire,
870 547 984 581 amitte,
1006 557 1071 576 cave
1092 547 1195 576 vestem

52 599 54 601 >
94 585 197 616 attigzis.

39 618 61 649 A
70 627 114 646 ΤΤ
124 628 130 645 i
142 628 159 645 G
171 628 186 646 u
198 628 214 646 υ
224 628 235 647 s
246 639 254 653 ‚
275 617 454 653 [wetma‘lzr]
475 618 509 647 ab
525 619 614 655 Attigo
625 619 739 655 antiquo
750 620 834 649 verbo
845 632 852 655 ς
875 621 960 656 Quod
975 622 1012 651 ita
1024 622 1146 651 vicinum
1157 621 1196 650 est

77 661 107 684 ut
117 655 240 690 attingat.
281 655 358 693 Apul.
376 655 422 684 lib.
435 666 461 690 4.
486 656 587 685 Contra
602 656 725 694 proclive
739 659 842 688 montis
854 660 950 697 attigui
967 660 1085 697 fugaiiie
1097 659 1196 689 libera-

74 693 108 722 vi.
150 693 301 729 Quomodo
317 695 342 723 &
355 693 508 731 Contiguus
521 695 631 724 dicitur.

34 731 247 765 Αττιωυε,
285 731 314 760 V.
337 740 504 760 AT1L1US.

40 769 60 799 A
70 778 88 797 ’r
98 778 117 796 ’r
128 779 137 796 i
147 779 163 797 L
176 779 193 796 A
203 790 210 803 ‚
233 769 277 798 vel
291 770 309 798 A
319 778 364 797 r‘r
375 779 393 797 Y
404 780 419 797 L
430 778 447 797 A
460 791 467 803 ,
489 770 503 805 [
518 765 627 805 Α’πὶλοκ]
648 769 814 799 Hunnorum
829 770 888 799 Rex
898 792 905 804 ‚
931 771 1080 809 Flagellum
1092 771 1142 801 Dei
1155 771 1196 800 di-

75 807 153 839 etus,
174 806 219 842 qui
237 812 324 836 totam
340 816 412 845 pene
432 806 569 844 Europam
594 807 719 836 cladibus
737 809 927 844 &vastatione
944 809 1114 846 complevit,
1136 809 1196 838 Ble-

48 853 51 862 ¹
75 843 141 872 darn
153 843 261 873 fratrem
275 846 298 873 ἃ
309 843 464 873 consortem
479 846 508 873 in
521 854 604 881 regno
616 844 663 873 suo
681 846 818 883 peremit:
859 847 947 875 Unam
957 847 1066 876 cladem
1081 849 1109 876 in
1123 857 1197 876 cam-

74 882 118 920 pis
138 881 326 911 Catulaunicis
348 892 363 910 a
385 882 594 917 Romanorum,
616 882 802 918 Francorum,
824 884 999 919 Gothorum,
1022 885 1196 922 Burgundio-

75 929 198 956 numque
216 920 372 955 conjunctis
387 920 477 957 copiis
493 920 602 958 pass'uS,
625 922 701 949 Aetio
720 921 791 950 duce
803 944 809 956 ‚
831 923 929 951 ceteris
947 917 1070 959 part'ibus
1089 924 1193 957 vietor,

75 958 199 1024 ὓοῷἦςοῑ.
221 958 378 996 haemoptoe
400 958 430 986 in
448 958 529 987 thoro
543 958 663 996 nuptiali
677 959 819 996 oppressus
836 961 925 997 periit.
949 960 1068 998 Prosper.
1090 961 1193 990 Chron-

100 1018 106 1023 .
148 1002 176 1023 iti
191 1005 214 1024 c.

39 1033 61 1064 A
70 1033 160 1061 ‘rTiL
170 1043 184 1062 u
197 1043 209 1062 s
218 1056 225 1067 ,
247 1032 327 1062 Piscis
337 1033 364 1061 in
376 1032 448 1062 Pado
457 1055 465 1067 ,
482 1034 578 1062 inertia
591 1033 791 1070 pinguescens,
807 1035 843 1063 ad
855 1034 932 1063 mille
943 1035 1091 1072 aliquando
1103 1034 1195 1071 libras,

76 1076 203 1100 catenato
215 1078 312 1109 captus
322 1071 419 1105 hamo,
434 1080 487 1100 nec
496 1071 544 1100 nisi
556 1071 641 1100 boum
651 1072 724 1108 jugis
736 1074 882 1101 extrastus.
902 1073 969 1103 Plin.
979 1074 1026 1102 lib.
1039 1084 1063 1109 9.
1075 1083 1135 1111 cap.
1151 1083 1192 1108 15-

39 1107 60 1139 Α
69 1118 116 1137 ττ
127 1109 164 1137 in
174 1119 186 1137 a
196 1119 213 1137 o
225 1131 232 1143 ,
255 1110 282 1137 ui
293 1131 300 1142 ,
322 1106 455 1145 [κατέχει]
477 1112 534 1138 ὅτε.
556 1118 590 1137 ex
602 1109 642 1138 Ad
654 1110 679 1138 ἃ
690 1109 806 1139 Teneo:
830 1111 902 1140 idem
914 1111 1045 1145 significat
1055 1111 1133 1148 quod
1142 1111 1196 1141 Te-

75 1155 148 1175 nere.
173 1146 257 1175 Plaut.
271 1147 348 1183 Capt.
358 1156 382 1175 2.
394 1156 418 1175 2.
437 1150 476 1175 ¹6.
501 1147 585 1176 Nunc
598 1147 652 1182 jani
661 1146 764 1176 cultros
776 1148 883 1178 attinet.
924 1150 1013 1179 Tacit.
1029 1159 1052 1179 1.
1065 1152 1134 1179 Arm.
1151 1158 1195 1186 35.

75 1184 111 1213 Ni
123 1183 419 1221 proximi-prehensam
431 1183 555 1213 dextram
571 1185 598 1213 vi
611 1185 791 1214 attinuissent.

75 1223 196 1251 Attinere
208 1223 329 1259 aliquem
340 1243 347 1256 ,
370 1232 420 1259 pro
430 1222 568 1251 Retinere.
609 1222 699 1252 Tacit.
712 1232 737 1252 2.
754 1223 820 1252 Hist.
837 1234 879 1259 14.
913 1224 1017 1254 Deletae
1033 1234 1132 1254 omnes
1150 1234 1196 1253 co-

115 1260 145 1288 iae
161 1259 251 1288 forent
261 1282 269 1295 ,
291 1261 319 1288 ni
329 1260 462 1289 vidtorem
472 1260 627 1289 exercitum
639 1261 790 1290 attinuisset
798 1261 944 1291 obscurum
958 1264 1055 1292 noctis.
1090 1262 1125 1292 Et
1140 1262 1198 1291 Sal-

93 1270 154 1327 fust.
167 1297 363 1334 Bell.Jugurth.
372 1303 432 1331 108.
449 1298 535 1327 Simul
550 1297 690 1328 Romanos
702 1301 728 1328 ὁὶ
740 1299 892 1329 Numidam
903 1300 948 1337 spe
959 1302 1034 1338 pacis
1045 1300 1193 1330 attinuisse.

76 1336 197 1367 Attinere
209 1336 320 1373 publica
333 1336 464 1365 custodia.
505 1335 594 1365 Tacit.
615 1345 639 1372 3.
656 1338 725 1366 Ann.
742 1340 785 1372 36.
807 1337 990 1367 Precabantur
1003 1338 1127 1373 Drusum,
1150 1339 1197 1367 da-

93 1373 437 1440 retstulgionisspxemplum
452 1396 460 1410 ,
484 1373 576 1403 donec
590 1374 706 1403 accitam
726 1376 938 1412 convictamque
957 1377 1066 1406 attineri
1083 1375 1197 1414 publica

95 1421 129 1441 cu
155 1421 171 1439 o
196 1422 220 1440 ia
234 1422 262 1448 ju
289 1421 315 1440 it.

75 1449 310 1480 Attinerivinculo
321 1448 463 1478 servitutis.
500 1448 590 1478 Tacit.
606 1458 647 1482 η.
666 1450 734 1478 Ann.
749 1459 793 1486 27.
830 1450 909 1487 Quos
927 1450 1049 1481 vindicta
1063 1458 1196 1490 patronus

95 1497 151 1516 non
166 1487 325 1516 liberaverit
337 1509 344 1520 ,
365 1485 442 1515 velut
452 1486 565 1516 vinculo
577 1487 712 1517 servitutis
720 1488 840 1517 attineri.

41 1542 44 1545 -
77 1525 242 1555 Dertcuone
251 1525 371 1554 attineri.
407 1524 496 1553 Tacit.
511 1534 553 1560 13.
569 1527 636 1554 Anii.
650 1535 694 1561 37.
717 1525 868 1562 Vologesen
880 1526 1038 1557 defectione
1049 1527 1196 1565 Hyrcaniae

93 1564 220 1598 attineri,
241 1563 336 1592 suadet
345 1561 472 1600 Tyridati
483 1562 611 1600 precibus
624 1563 756 1592 Caesarem
769 1565 890 1601 aggredi.

75 1601 234 1631 Discordiis.
270 1601 361 1630 Tacit.
377 1610 400 1630 i.
422 1601 492 1630 Ann.
509 1611 551 1637 50.
575 1600 620 1630 Ob
640 1601 765 1630 amissum
779 1603 928 1640 Augustum
944 1602 1088 1633 discordiis
1099 1603 1197 1633 attine-

93 1649 164 1668 mur.

76 1677 158 1707 Domi
168 1676 270 1706 studiis.
307 1675 395 1705 Tacit.
411 1685 453 1709 14·
477 1677 548 1706 Ann.
562 1679 604 1711 56.
626 1676 731 1706 Seneca
744 1686 818 1707 rarus
831 1687 880 1715 per
899 1678 996 1708 urbem
1008 1701 1015 1714 ‚
1036 1679 1110 1716 quafi
1125 1679 1197 1709 vale-

96 1715 193 1744 tudine
203 1713 307 1744 infensa
318 1736 325 1749 ,
348 1721 396 1743 aut
406 1713 545 1750 sapientiae
555 1714 651 1744 studiis
663 1715 740 1743 domi
750 1716 921 1746 attineretur.

39 1754 86 1787 Δί·
96 1763 115 1781 T
124 1756 135 1782 ῗ
145 1763 162 1781 N
175 1763 186 1781 r.
197 1762 215 1781 i·
225 1775 232 1788 ,
255 1749 386 1788 [are-‘mine
398 1752 410 1788 ]
430 1752 487 1781 fere
500 1752 718 1790 impersonaliter
727 1752 843 1790 legitur,
865 1764 914 1791 pro
931 1753 1051 1784 Pertinet
1060 1776 1069 1789 ,
1091 1755 1173 1784 decet
1186 1777 1195 1791 ,

32 1794 34 1796 '
75 1791 217 1820 convenit.
259 1790 315 1820 Cic.
329 1801 355 1825 4.
377 1789 458 1819 Acad.
471 1800 513 1826 37.
536 1790 614 1820 Nihil
630 1791 730 1820 attinet
741 1791 775 1820 de
786 1791 936 1822 asseniione
949 1793 1064 1822 omnino
1076 1792 1163 1831 loqui.

75 1829 136 1858 Nec
148 1838 207 1866 quae
222 1828 289 1857 nihil
302 1828 429 1857 attinent.
454 1828 519 1857 Hor.
534 1838 556 1857 1.
573 1828 662 1857 Carni.
686 1840 726 1863 ιι).
746 1839 788 1858 12.

77 1868 182 1896 Attinet
193 1867 225 1895 ad
241 1867 325 1895 vitem
337 1865 494 1895 colendam.
536 1866 594 1895 Cic.
604 1878 630 1902 4.
644 1866 678 1896 de
690 1866 747 1896 Fin.
762 1873 806 1903 38.
828 1868 856 1897 Si
870 1868 952 1904 igitur
972 1868 1019 1897 illa
1033 1868 1141 1898 cultura
1157 1869 1197 1898 vi-

95 1905 164 1933 tium
176 1905 204 1933 in
215 1905 269 1934 vite
279 1905 349 1939 insit,
361 1903 418 1942 ipsa
430 1912 529 1939 cetera,
548 1905 642 1940 credo,
664 1904 745 1939 velit,
764 1915 823 1942 quae
835 1907 870 1935 ad
880 1907 1028 1936 colendam
1039 1907 1124 1936 vitem
1137 1908 1199 1936 atti-

95 1943 221 1976 nebunt,
245 1941 311 1971 licut
321 1949 409 1971 antea.
430 1943 480 1971 διο.
503 1942 529 1971 h.
544 1952 568 1972 e.
587 1942 767 1980 Spectabunt.

76 1981 223 2010 Attinetad
235 1990 288 2009 me.
328 1980 393 2010 Ter.
408 1980 482 2009 Adel.
495 1989 519 2009 2.
536 1990 557 2009 1.
572 1990 614 2016 32.
637 1980 736 2016 Jamne
746 1991 792 2010 me
800 1981 842 2010 vis
854 1982 947 2011 dicere
965 1982 1040 2019 quod
1055 1982 1090 2011 ad
1099 1988 1126 2012 te
1137 1983 1198 2012 atti-

95 2026 143 2047 net
153 2020 166 2047 ‘.⁷
188 2018 237 2047 Ubi
253 2018 376 2047 Donatus
387 2040 394 2052 ,
416 2018 502 2055 Quod
513 2017 564 2047 tibi
577 2019 687 2056 prodest
703 2020 728 2048 ἃ
743 2020 926 2049 commodum
941 2021 1003 2049 est?
1026 2020 1086 2049 Hoc
1104 2021 1140 2049 ad
1153 2030 1198 2050 me

93 2057 209 2090 attinet.
235 2055 312 2085 Nihil
329 2056 420 2085 adme
431 2056 540 2086 attinet.
568 2056 653 2086 Plaut.
667 2056 764 2086 Bacch.
778 2066 803 2086 2.
815 2067 840 2087 2.
857 2068 898 2094 51.
922 2058 1074 2095 Negotium
1095 2059 1130 2087 ad
1152 2068 1198 2088 me

95 2094 350 2124 attinctaurarium.
373 2094 437 2124 Ter.
453 2094 520 2124 And.
539 2104 560 2122 1.
575 2104 600 2124 2.
619 2099 659 2124 16.
683 2094 761 2124 Nihil
776 2096 811 2124 ad
822 2105 866 2126 me
879 2097 987 2126 attinet.
1012 2096 1100 2126 Idem.
1116 2096 1194 2126 Adel.

96 2141 121 2168 3.
138 2141 160 2165 ι.
175 2137 218 2164 82.
241 2131 324 2161 Illum
334 2142 401 2161 curo
413 2141 498 2161 unum
509 2154 515 2164 .
537 2131 585 2162 ille
600 2133 635 2162 ad
652 2143 696 2162 me
711 2134 818 2163 attinet.

76 2170 152 2207 Quid
168 2170 234 2199 istuc
244 2170 278 2199 ad
288 2180 332 2199 me
342 2170 462 2200 attinet?
483 2170 568 2200 Plaut.
584 2171 662 2208 Epid.
680 2181 702 2200 i.
718 2181 740 2200 1.
751 2180 795 2208 70.

76 2209 160 2244 Qiod
174 2209 208 2237 ad
226 2218 270 2237 me
288 2208 396 2237 attinet.
437 2208 495 2237 Cic.
510 2218 560 2246 pro
574 2208 653 2238 Rosc.
665 2210 755 2239 Amer.
771 2219 831 2239 120.
852 2209 950 2240 Servos
960 2210 1032 2249 ipsos
1043 2232 1052 2246 ,
1072 2210 1149 2248 quod
1162 2211 1197 2240 ad

44 2274 52 2283 ,
94 2256 139 2275 me
153 2247 268 2280 attinet,
290 2256 381 2282 neque
390 2255 473 2284 arguo
484 2267 492 2280 ‚
513 2256 604 2283 neque
619 2256 716 2285 purgO.
1054 2260 1059 2262 ·

75 2284 167 2321 Quam
179 2285 214 2313 ad
226 2293 284 2313 rem
296 2284 386 2313 dicam
399 2284 453 2313 hoc
466 2284 583 2317 attinere
594 2284 731 2316 somnium
741 2287 755 2315 ‘3
775 2285 861 2315 Plaut.
874 2285 947 2316 Rud.
962 2294 986 2323 3.
1001 2296 1024 2316 1.
1040 2296 1082 2322 19.

76 2322 152 2359 Quid
163 2323 265 2352 attinet
279 2344 287 2356 ,
308 2323 360 2352 διο.
384 2321 450 2351 Hor.
463 2321 552 2359 Epod.
566 2333 592 2358 4.
608 2332 650 2360 17.

155 2361 230 2396 Quid
240 2361 337 2389 attinet
346 2366 388 2389 tot
398 2369 446 2389 ora
455 2360 566 2390 navium
580 2361 656 2398 gravi

59 2426 61 2430 ,
154 2398 277 2427 Rostrata
290 2398 355 2427 duci
366 2398 492 2435 pondere
604 2398 708 2428 Contra
723 2398 868 2429 latrones?

3 2445 12 2464 i
40 2436 215 2466 A'rrrnco
227 2458 234 2470 ,
255 2436 292 2471 igi
305 2457 313 2470 ‚
335 2438 443 2470 aetum,
475 2435 606 2472 [ἅπῖςμαι
617 2458 625 2473 ,
648 2436 789 2473 managam
801 2459 809 2473 ‚
831 2435 971 2473 s’mdaeom'a]
1000 2439 1055 2468 e‘re,
1087 2436 1198 2469 Leviter

34 2507 40 2510 .
75 2481 196 2512 tangere.
218 2474 290 2510 Virg.
305 2484 328 2509 ς,
342 2473 402 2503 Ecl.
413 2476 458 2503 26.

198 2526 234 2531 —-
246 2521 298 2540 nec
309 2512 439 2549 graminis
458 2511 550 2549 attigit
564 2511 686 2541 herbam.

28 2575 30 2577 ,
74 2550 114 2579 tui
127 2548 257 2586 aliquid‘.>
282 2559 308 2579 c.
329 2549 504 2584 siattiaisses,
522 2550 605 2579 ferres
617 2550 810 2581 infortunium.
853 2551 905 2580 Ubi
917 2552 1060 2587 Donatus,
1083 2553 1143 2583 Plus
1156 2554 1196 2582 di-

74 2588 115 2617 xit
128 2587 262 2625 Attigisses
272 2609 279 2621 ,
302 2597 384 2625 quam
395 2584 550 2625 Tetigiss'es.
592 2588 634 2618 Est
646 2589 721 2617 enim
732 2589 823 2618 multo
839 2590 930 2618 minus
947 2590 1096 2627 Afflngere,
1112 2601 1196 2629 quam

75 2625 208 2662 Tangere.
250 2625 326 2654 idem
337 2626 406 2655 Eun.
420 2637 448 2659 4.
461 2630 486 2655 6.
502 2635 527 2655 2.
552 2627 631 2663 Atqui
648 2626 665 2655 li
684 2626 761 2655 illam
774 2627 863 2665 digito
885 2629 1006 2665 attigerit
1025 2638 1098 2664 uno,
1120 2630 1196 2659 oculi

75 2663 140 2693 ilico
150 2663 328 2692 effodientur.
369 2663 422 2693 Ubi
434 2658 558 2693 Donatus
568 2686 575 2699 ‚
601 2664 693 2701 Digito
702 2674 760 2693 uno
771 2687 779 2700 ‚
800 2665 888 2694 Moris
900 2666 1133 2696 comminantium
1146 2667 1194 2703 est,

75 2704 108 2731 ad
120 2702 250 2738 exiguum
262 2711 390 2730 revocare
401 2700 543 2731 commissa
553 2711 613 2738 quae
624 2702 649 2731 se
663 2703 768 2732 ulturos
782 2704 946 2741 praedicent.
959 2703 1193 2744 V.DigitoAtting.

77 2740 178 2776 Aquam
190 2740 324 2775 attingere
336 2747 441 2769 mento.
464 2739 521 2769 Cic.
537 2749 559 2769 1.
572 2739 654 2770 Tusc.
673 2751 714 2770 10.
1062 2750 1065 2753 ’

77 2777 114 2807 Ad
125 2787 183 2806 rem
195 2776 401 2814 nihilitiingit,
423 2787 474 2815 pro
487 2777 564 2807 Nihil
574 2778 682 2808 attinet.
711 2778 797 2808 Plaut.
811 2778 896 2807 Mero.
909 2778 978 2816 prol.
993 2789 1034 2816 32.
1057 2780 1120 2810 Hoc
1131 2781 1195 2811 ideo

56 2846 57 2849 Ἴ
93 2815 137 2849 fit,
159 2815 222 2852 quia
235 2825 294 2852 quae
306 2815 375 2844 nihil
389 2816 531 2852 attingunt
543 2816 577 2844 ad
590 2826 664 2852 rem,
686 2826 739 2847 nec
755 2816 879 2855 sumptus
898 2818 992 2854 videt,
1013 2825 1074 2848 tum
1089 2827 1196 2849 amator

93 2853 198 2890 profert
208 2852 278 2890 saepe
292 2853 403 2882 adverso
419 2861 554 2891 tempore.

74 2890 240 2921 Britanniam
253 2891 359 2928 attigit,
379 2901 430 2929 pro
440 2892 565 2921 Pervenit
577 2892 606 2920 iri
619 2891 660 2920 ΒΓ.
703 2891 768 2921 Caes.
779 2903 805 2928 4.
821 2891 889 2921 Bell.
902 2892 972 2922 Gall.
985 2902 1027 2930 33.
1050 2894 1111 2932 Ipse
1128 2895 1196 2926 hora

93 2929 202 2958 circiter
213 2929 267 2957 diei
279 2937 372 2966 quarta
381 2951 388 2963 ,
411 2939 474 2958 curn
490 2929 586 2966 primis
597 2928 712 2958 navibus
724 2930 894 2959 Britanniam
906 2931 1003 2967 attigit.

75 2966 212 2996 Dostrinae
222 2966 335 3002 aliquid.
377 2966 434 2996 Cic.
449 2977 472 2996 2.
488 2967 523 2996 de
535 2967 611 2997 Orat.
629 2979 651 2996 i.
685 2968 792 3000 Opinio
803 2969 854 2996 fuir
874 2968 900 2997 L.
931 2969 1050 2998 Crassum
1064 2980 1119 2999 non
1133 2971 1196 3007 plus

93 3004 208 3041 attigisse
220 3005 361 3034 doctrinae.
369 3015 451 3041 quam
461 3011 594 3043 quantum
608 3005 696 3043 prima
707 3005 753 3035 illa
763 3005 861 3044 puerili
873 3006 1045 3036 institutione
1054 3009 1193 3046 potuisset.

74 3042 183 3072 Porum.
225 3043 283 3071 Cic.
297 3053 321 3079 5.
338 3043 411 3072 Fam.
422 3049 447 3077 8.
478 3043 574 3072 Deme
591 3044 626 3072 lic
640 3044 796 3079 existimes,
816 3053 848 3073 ac
866 3045 916 3074 tibi
935 3045 1100 3082 persuadeas
1115 3049 1196 3076 vehe-

95 3088 201 3109 menter
210 3080 292 3109 velim
304 3103 311 3114 .
334 3090 378 3109 me
389 3091 446 3109 non
456 3103 464 3115 ,
477 3082 530 3110 ἃς.
553 3080 599 3110 sed
608 3103 616 3116 ‚
636 3087 667 3110 ut
677 3082 799 3119 primum
809 3083 898 3111 sorum
909 3084 1046 3120 attigerim
1056 3105 1063 3118 ,
1081 3084 1197 3121 specffas-

95 3118 120 3147 se
131 3118 235 3156 semper
247 3141 255 3153 ,
276 3127 306 3147 ut
316 3119 365 3147 tibi
378 3118 483 3156 possem
495 3119 701 3156 quammaxime
712 3119 766 3149 effe
776 3121 951 3155 conjunctus.
994 3120 1022 3149 V.
1046 3131 1059 3150 r
1069 3132 1086 3150 o
1096 3132 1112 3150 a
1122 3132 1139 3150 u
1149 3133 1179 3151 M.

76 3155 270 3186 Haereditatem
294 3157 438 3193 attingere.
479 3156 536 3186 Cic.
550 3161 575 3186 6.
591 3158 642 3186 Att.
658 3168 683 3193 9.
714 3157 833 3187 Procura
844 3180 851 3192 ‚
872 3158 1118 3196 quantulacunque
1137 3160 1194 3197 est,

94 3194 244 3224 Pretianani
255 3194 440 3224 haereditatem
450 3217 470 3232 ,¹
483 3195 591 3232 prorsus
601 3195 677 3224 illam
693 3205 727 3225 ne
740 3197 867 3233 attingas.

38 3248 50 3253 —
75 3230 183 3261 Leviter
192 3232 295 3267 aliquid
308 3232 464 3262 intransitu.
491 3232 609 3269 Quintil.
625 3232 672 3262 lib.
688 3243 713 3270 7.
725 3243 784 3272 cap.
798 3245 825 3270 4.

76 3269 187 3299 Librum
197 3270 316 3306 aliquem
328 3271 449 3300 strictim.
473 3270 530 3300 Cic.
543 3281 569 3300 2.
589 3272 641 3300 Att.
658 3281 681 3301 1.

76 3307 186 3337 Literas.
228 3308 286 3349 Cic.
304 3321 323 3337 ι.
334 3309 368 3337 de
378 3308 454 3337 Orat.
467 3314 510 3342 82.
534 3309 661 3346 Namque
680 3316 792 3347 egomet
806 3310 852 3345 qui
864 3309 921 3339 sero
940 3319 972 3339 ac
982 3309 1079 3341 leviter
1089 3311 1196 3343 Graecas

57 3355 59 3358 ·
94 3345 185 3375 literas
197 3345 352 3382 attigisleni.
374 3347 390 3375 i.
404 3356 427 3375 e.
454 3346 548 3376 Parum
562 3347 719 3377 studuissem
732 3347 833 3377 Graecis
843 3347 939 3376 literis.

76 3382 154 3419 Legis
167 3384 278 3413 initium
298 3394 367 3413 voce
384 3391 493 3413 tantum
506 3385 652 3422 attingere.
688 3386 747 3414 Cic.
760 3386 794 3414 de
808 3385 900 3423 Arusp.
913 3385 993 3423 Resp.
1008 3396 1033 3422 7.
1062 3386 1197 3426 Hesterno

96 3421 141 3450 die
154 3432 238 3458 quum
255 3422 323 3450 mihi
339 3422 418 3450 stanti
429 3430 525 3451 tacens
535 3423 704 3458 minaretur,
724 3433 794 3452 voce
806 3430 915 3452 tantum
935 3424 1013 3461 attigi
1031 3424 1125 3462 legum
1145 3427 1198 3456 ini.

96 3459 164 3488 tium
174 3461 199 3488 Sc
212 3460 318 3494 iudicii,
339 3459 527 3490 conseditille.
568 3460 699 3490 Clodium
710 3461 850 3497 intelligit.

76 3496 206 3526 Naturam
218 3496 368 3526 humanam
380 3498 501 3535 attingit.
541 3497 599 3528 Cic.
616 3508 638 3528 i.
653 3498 710 3528 Off.
726 3505 766 3533 18.
798 3499 839 3528 Ex
857 3504 974 3536 quatuor
987 3498 1057 3528 locis
1076 3500 1105 3529 in
1126 3512 1197 3538 quos

94 3534 199 3563 honesti
217 3542 341 3564 naturam
353 3535 464 3572 vimque
476 3535 617 3566 divisimus
629 3558 637 3570 ,
660 3537 765 3574 primus
784 3537 831 3566 ille
851 3537 898 3574 qui
914 3537 945 3565 in
957 3537 1015 3566 veri
1034 3539 1197 3575 cognitione

95 3572 211 3602 consistit
222 3594 229 3606 ,
251 3574 372 3602 maxime
386 3582 512 3603 naturam
524 3574 635 3612 attingit
646 3574 804 3604 humanam.

76 3609 188 3641 Nomen
199 3610 267 3647 legis
279 3612 421 3648 attingere.
460 3611 520 3641 Cic.
532 3620 557 3641 2.
573 3612 608 3641 de
621 3611 714 3649 Legib.
729 3622 771 3649 13.
789 3611 866 3648 Quid
877 3612 953 3649 quod
964 3610 1052 3641 rnulta
1060 3614 1196 3650 pernicio.

95 3647 138 3683 se,
159 3647 245 3677 multa
258 3648 385 3686 pestifere
397 3648 546 3678 sciscuntur
555 3650 583 3678 in
593 3651 723 3688 populis,
746 3659 806 3687 quae
826 3659 883 3678 non
902 3650 988 3686 magis
1008 3649 1075 3688 legis
1091 3661 1198 3684 nomen

95 3686 255 3722 attingunt,
277 3696 360 3723 quam
374 3686 392 3715 si
406 3686 505 3717 latores
521 3686 613 3725 aliqua
634 3688 764 3718 concessu
785 3687 833 3717 suo
852 3687 1024 3717 sanxerunt?
1053 3689 1070 3718 i.
1084 3698 1108 3718 e.
1130 3690 1197 3721 Non

96 3725 181 3761 magis
192 3723 347 3761 sunsseges,
368 3726 419 3754 &a

3 3767 10 3786 1
77 3760 162 3790 oram
175 3761 292 3798 aliquam
303 3784 311 3795 ,
329 3761 381 3791 sive
391 3762 548 3800 Regionem
557 3763 690 3800 attingere
702 3785 710 3798 ,
728 3773 779 3801 pro
788 3763 918 3792 Vicinum
928 3762 991 3792 effe.
1015 3763 1079 3794 Caes.
1092 3775 1112 3795 i.
1125 3765 1194 3797 Bell.

0 3799 18 3818 ζ’
96 3798 164 3828 Gall.
173 3799 315 3836 1.Attingit
324 3800 409 3829 etiarn
419 3810 434 3829 a
446 3800 580 3837 Sequanis
590 3803 617 3831 &
629 3801 762 3831 Helvetiis
775 3801 880 3830 flumen
890 3800 1036 3830 Rhenum:
1058 3805 1148 3841 vergit
1160 3805 1197 3834 ad

69 3860 72 3864 .
95 3836 303 3874 septentriones.
344 3836 402 3866 Cic.
416 3849 439 3872 ς.
455 3840 506 3867 Att.
520 3847 564 3868 20.
587 3839 736 3869 Perrexiin
747 3839 872 3869 Ciliciam
884 3848 933 3877 per
943 3838 1128 3877 Cappadociae
1138 3852 1198 3880 par.

96 3880 151 3903 tem
164 3884 224 3903 eam
235 3885 293 3911 quae
305 3874 430 3904 Ciliciam
446 3877 567 3913 attingit.

77 3911 209 3948 Perquam
218 3912 335 3942 breviter
349 3914 529 3951 perit-ringere
542 3920 624 3950 atque
633 3915 777 3951 attingere.
819 3914 878 3943 Cic.
895 3914 930 3943 de
945 3914 1022 3944 Orat.
1035 3925 1059 3944 2.
1073 3925 1137 3946 201.
1163 3917 1199 3947 Ut

98 3951 133 3979 de
142 3950 201 3987 lege
212 3949 326 3988 Apuleia
333 3951 453 3980 dicerem
467 3974 475 3986 ,
496 3958 528 3980 ut
541 3952 609 3989 quid
616 3952 682 3981 esset
691 3953 818 3982 minuere
828 3952 998 3989 majestatem
1008 3953 1178 3992 explicarem
1188 3977 1196 3992 ‚

65 4000 70 4006 =
90 3997 232 4054 9525,an
242 3988 360 4019 breviter
369 3989 515 4026 perstrinxi
526 3997 608 4027 atque
617 3990 702 4028 attigi.

1238 2410 1245 2412 ’
1293 2400 1418 2431 Versibus
1429 2402 1455 2430 Sc
1467 2401 1608 2430 inchoare.

764 2512 828 2542 Ter.
843 2513 918 2543 Adel.
931 2523 956 2543 2.
972 2522 994 2543 i.
1007 2523 1052 2550 24.
1073 2514 1196 2552 Tetigin'
1237 2534 1245 2539 -

1693 171 1720 204 A
1818 170 1850 205 T
1944 172 1977 207 T
2334 189 2401 220 291

1285 245 1392 277 Partem
1405 248 1525 286 aliquam
1540 249 1646 279 sceleris
1656 249 1785 286 alicujus.
1823 252 1882 281 Cic.
1898 262 1947 289 pro
1959 253 2034 283 Sext.
2051 259 2096 289 68.
2119 255 2249 293 Quisquis
2266 265 2338 294 erat,
2360 260 2409 296 qui

1306 284 1540 352 aliquamkpartem
1553 290 1580 317 in
1594 297 1656 317 meo
1667 287 1743 318 luctu
1755 287 1863 319 sceleris
1879 290 2008 319 Clodiani
2021 292 2164 330 attigisset,
2186 304 2352 333 quocunque
2364 307 2409 326 ve-

1305 331 1382 351 nerat
1395 345 1402 356 ,
1418 327 1469 353 ce.

1286 358 1507 402 Rflempublicam.
1549 362 1606 391 Cic.
1621 371 1644 391 2.
1662 363 1716 393 Att.
1730 373 1774 393 22.
1799 363 2012 402 Rempublicam
2023 365 2098 395 nulla
2110 377 2144 397 ex
2176 377 2232 397 arte
2246 369 2407 408 attingimus

1307 406 1333 424 in
1346 406 1360 425 c
1371 400 1448 427 iulis:
1471 406 1551 435 atquc
1563 400 1589 427 in
1603 400 1741 438 illaopera
1752 402 1946 431 nostraforenli
1960 404 2062 432 summa
2082 378 2212 434 indiissriii
2224 406 2368 438 vers-miur.

1286 433 1355 475 lle-m
1368 434 1486 469 aliquam
1499 458 1507 469 ,
1529 446 1579 473 pro
1590 437 1725 467 Truftare.
1749 440 1806 468 Cic.
1822 451 1847 475 4.
1862 440 1896 468 de
1913 440 1969 469 Fin.
1983 445 2025 477 76.
2052 441 2170 471 Priorem
2179 451 2270 472 aurern
2284 445 2322 472 illi
2334 456 2409 482 egre-

1306 473 1546 514 gietradidcrunt,
1570 474 1596 502 hi
1610 477 1726 504 omnino
1738 487 1772 505 ne
1784 478 1934 514 attigerunt
1943 479 2067 515 quidem.
2094 480 2112 508 i.
2124 489 2148 508 e.
2171 480 2283 509 Nullam
2301 484 2408 519 prorsus

1304 517 1477 538 mentionem
1489 511 1523 538 de
1535 521 1565 539 ea
1578 512 1710 542 fecerunt.
1734 514 1801 543 Plin.
1816 516 1843 543 in
1853 515 2013 552 praefatione
2024 518 2116 555 operis
2126 540 2134 553 ,
2150 516 2210 553 Jam
2220 520 2316 548 omnia
2326 522 2410 551 attin-

1305 547 1394 581 genda
1410 557 1468 582 qua:
1481 548 1567 576 Graeci
1580 547 1620 573 ταῖς
1642 550 1853 581 ἐῇυκλοπωὸᾱκ,
1868 562 1976 582 vocant.

1287 581 1357 625 Rern
1366 585 1501 627 attingere
1509 586 1542 613 ad
1554 587 1676 616 verbum.
1700 588 1758 617 Cic.
1770 600 1820 626 pro
1832 591 1933 619 Caecin.
1947 601 1990 625 49.
2006 591 2131 622 Potestne
2143 593 2254 622 detrudi
2265 594 2408 631 quisquam

1308 629 1354 656 qui
1370 630 1427 649 non
1442 624 1608 658 attingitur?
1635 634 1747 661 nonne,
1770 627 1785 655 li
1800 628 1914 657 verbum
1934 628 2008 665 sequi
2027 630 2173 664 volumus,
2200 631 2254 660 hoc
2275 633 2411 676 intelliga-

1308 666 1369 686 mus
1380 657 1487 687 necesse
1504 660 1541 688 est
1554 682 1561 693 .
1584 671 1647 689 eum
1662 663 1792 699 detrudi,
1817 666 1862 693 cui
1880 675 1978 695 manus
1998 667 2165 697 afferantur?
2186 668 2293 698 neccsse
2312 672 2349 699 est
2369 681 2410 700 in-

1309 704 1392 738 quam
1407 715 1414 727 ,
1433 696 1451 724 si
1468 697 1624 739 adverbum
1646 709 1702 728 rem
1723 701 1852 730 volumus
1871 704 2005 740 attingere
2017 727 2024 739 ,
2039 706 2179 734 neminem
2193 707 2259 735 statu
2270 707 2410 740 detrusum

1309 741 1354 768 qui
1368 742 1425 762 non
1437 734 1560 762 adhibita
1570 736 1596 763 vi
1608 757 1620 777 ,q
1637 746 1720 766 manu
1731 739 1858 768 demotus
1869 742 1893 769 ἃ
1906 745 1981 770 actus
1993 752 2115 780 praeceps
2125 743 2305 781 intelligatur.

1289 769 1358 799 Rern
1371 780 1593 808 unamquamque
1606 774 1759 810 singulatim
1771 777 1911 813 attingere.
1937 780 1994 807 Cic.
2010 789 2031 808 i.
2043 781 2078 809 dc
2092 781 2197 810 lnvent.
2214 792 2255 818 34.

1288 807 1476 873 Sgnectptem.
1488 846 1507 874 ‘t
1518 809 1655 840 Columel.
1670 811 1718 841 lib.
1733 822 1755 841 1.
1776 813 1907 844 Necdum
1916 815 2089 846 senectutem
2101 819 2229 855 attigerit.
2251 819 2278 849 h.
2291 830 2316 850 e.
2333 820 2412 858 Non..

1330 855 1376 874 [lm
1398 855 1493 875 enuerl
1510 869 1515 874 .

1287 883 1393 912 Studia.
1416 884 1492 913 Suet.
1506 884 1541 912 de
1555 884 1625 914 Clar.
1643 886 1734 916 Grani.
1750 897 1810 925 cap.
1823 899 1848 922 9-

1289 920 1331 950 De
1342 931 1371 949 re
1383 920 1474 964 aliqua
1484 923 1627 959 attingere.
1659 924 1718 953 Cic.
1735 935 1757 953 i.
1770 926 1806 962 Q.
1817 926 1876 955 frat.
1891 937 1913 956 i.
1936 927 1977 957 De
1985 928 2028 957 his
2038 929 2118 959 rebus
2130 931 2233 966 nequid
2246 932 2371 969 attingat.

1289 958 1524 995 Teattingithaec
1535 970 1585 989 res.
1628 961 1686 990 Cic.
1704 972 1728 991 2.
1746 962 1781 992 de
1794 964 1884 1001 Legib.
1897 975 1922 1001 3.
1944 966 1998 995 Sed
2013 967 2144 997 nimirum
2167 979 2212 997 nie
2229 969 2281 998 alia
2300 980 2412 1008 quoque

1309 997 1388 1025 causa
1396 996 1515 1026 delectat
1525 1020 1532 1031 ‚
1554 1008 1614 1034 quae
1624 1005 1651 1028 te
1662 1009 1717 1028 non
1731 1001 1841 1037 attingit
1851 1003 1897 1032 ita.

1287 1033 1411 1063 Pertinet
1425 1036 1459 1063 ad
1473 1057 1480 1069 ‚
1503 1036 1527 1064 δι
1538 1036 1656 1073 attingit.
1688 1037 1746 1066 Cic.
1762 1049 1785 1073 ς.
1803 1040 1837 1068 de
1849 1040 1905 1069 Fin.
1921 1049 1965 1076 24.
1988 1041 2083 1077 Quum
2093 1043 2194 1072 animal
2207 1045 2414 1083 proceffitpau.

1308 1072 1389 1115 lum,
1411 1074 1436 1102 Sc
1448 1080 1583 1109 quatenus
1595 1075 1726 1112 quicquid
1739 1075 1765 1105 se
1775 1077 1906 1113 attingat,
1929 1080 1963 1106 ad
1982 1079 2064 1115 seque
2082 1083 2235 1117 pertineat,
2258 1084 2411 1120 perspicere

1308 1116 1420 1154 coepit..
1435 1118 1495 1153 tum
1504 1110 1600 1141 sensim
1611 1113 1712 1150 incipit
1721 1115 1849 1151 progredi
1861 1137 1869 1150 ,
1890 1116 1915 1144 se
1936 1125 1970 1144 ue
1979 1117 2125 1152 agnoscere
2139 1121 2164 1147 &
2178 1120 2341 1153 intelliucrc.

1290 1147 1362 1177 Cura
1373 1155 1492 1185 attingit.
1534 1149 1591 1178 Cic.
1606 1160 1631 1185 9.
1655 1152 1706 1180 Att.
1722 1160 1761 1187 ¹3·
1784 1152 1867 1189 Siqua
1881 1154 1915 1182 de
1948 1155 2061 1191 ompeio
2081 1156 2170 1184 nostro
2187 1159 2311 1192 tuendo.
2333 1162 2358 1188 St
2379 1160 2414 1188 ti-

1309 1185 1336 1214 bi
1348 1195 1380 1215 ac
1392 1186 1471 1224 Reip.
1483 1187 1691 1217 reconciliando
1703 1199 1769 1219 cura
1779 1196 1807 1219 te
1817 1192 1936 1229 attingit.
1958 1192 1974 1220 i.
1994 1202 2019 1221 e.
2045 1193 2128 1230 Siqua
2144 1194 2242 1224 esttibi
2254 1206 2318 1226 cura
2327 1198 2412 1228 etiam

1310 1224 1435 1254 minima.
1467 1223 1558 1254 Velut
1576 1226 1613 1254 ait
1625 1225 1697 1263 Virg.
1715 1237 1737 1256 i.
1754 1228 1814 1257 AEn.
1828 1232 1891 1264 265.
2389 1238 2393 1241 '

1485 1276 1522 1283 -
1534 1264 1645 1300 quando
1657 1264 1715 1294 haec
1724 1272 1751 1294 te
1762 1275 1827 1295 cura
1838 1267 1987 1297 remordet.

1289 1298 1385 1336 Digito
1400 1298 1502 1343 coelum
1513 1302 1646 1338 attingere
1657 1302 1789 1332 dicuntur
1799 1325 1808 1338 ,
1830 1304 1887 1341 Qui
1899 1304 1983 1342 longe
1998 1304 2077 1342 supra
2095 1306 2254 1337 mortalium
2276 1310 2414 1340 conditio.

1309 1347 1375 1366 nem
1387 1359 1395 1372 ,
1417 1347 1448 1380 ac
1460 1338 1513 1367 diis
1524 1340 1643 1376 proximi
1656 1339 1710 1370 esse
1718 1341 1855 1371 videntur.
1898 1342 1955 1372 Cic.
1969 1352 1995 1372 2.
2015 1346 2066 1372 Att.
2084 1354 2105 1373 1.
2131 1345 2219 1374 Nostri
2232 1354 2325 1375 autem
2340 1350 2415 1383 prin..

1309 1376 1386 1418 cipes
1395 1375 1483 1412 digito
1496 1376 1521 1405 se
1533 1377 1638 1406 coelum
1647 1384 1746 1415 putant
1755 1381 1891 1417 attingere
1900 1402 1908 1416 ‚
1929 1380 1948 1409 fi
1959 1380 2039 1410 mulli
2049 1381 2155 1411 barbati
2168 1382 2197 1412 in
2211 1384 2323 1421 piscinis
2332 1385 2393 1415 sunt
2403 1408 2413 1422 ‚

1310 1422 1356 1457 qui
1370 1413 1404 1442 ad
1415 1423 1529 1443 manum
1539 1416 1684 1445 accedant.
1722 1416 1855 1447 Erasmus.

1291 1450 1387 1488 Digito
1397 1452 1539 1489 attingere.
1582 1453 1639 1483 Cic.
1652 1465 1675 1490 5.
1694 1453 1776 1484 Tusc.
1788 1465 1830 1490 55.
1860 1454 1956 1485 Laelius
1966 1455 1985 1485 si
1996 1456 2084 1493 digito
2093 1466 2176 1494 quem
2185 1458 2314 1495 attigisset
2326 1482 2335 1494 ,
2355 1471 2416 1498 poe-

1310 1498 1360 1518 nas
1372 1489 1494 1519 dedisset.
1518 1492 1535 1519 i.
1553 1500 1576 1520 e.
1602 1491 1630 1520 Si
1643 1491 1684 1520 vel
1698 1492 1831 1522 levissime
1840 1493 1987 1530 tetigisset:
2015 1494 2052 1523 ita
2064 1495 2140 1524 enim
2156 1495 2322 1526 levissimum
2333 1499 2358 1527 ἃ
2368 1509 2418 1536 pe.

1310 1526 1467 1594 &eff-ullum
1478 1530 1582 1558 tactum
1594 1530 1750 1567 exprimere
1768 1530 1908 1567 solebant,
1931 1539 1963 1561 ut
1979 1532 2009 1561 in
2025 1534 2224 1570 epigrammate
2239 1537 2326 1564 veteri
2342 1538 2417 1574 apud

1337 1575 1352 1594 e
1376 1575 1432 1594 ium
1443 1588 1451 1599 ,

1371 1603 1399 1632 Si
1423 1604 1510 1639 digito
1528 1604 1645 1642 attigero
1664 1606 1813 1635 incendam
1825 1606 1918 1636 silvam
1933 1605 2013 1637 simul
2036 1617 2160 1639 omnem.

1309 1640 1442 1670 levissime
1455 1642 1579 1678 tetigero.
1622 1643 1652 1671 V.
1675 1654 1689 1672 a
1706 1645 1794 1681 princ.
1812 1645 1838 1674 h.
1856 1655 1881 1673 v.

1291 1678 1392 1712 Digitis
1411 1680 1542 1709 extremis
1563 1681 1699 1717 attingere
1716 1681 1828 1719 aliquod
1846 1692 1933 1720 genus
1953 1683 2035 1718 vitae,
2063 1684 2273 1721 proverbialiter
2296 1686 2414 1720 dit‘tum.

1311 1716 1369 1746 Cic.
1381 1727 1430 1754 pro
1446 1717 1516 1746 Coel.
1531 1723 1575 1753 28.
1600 1718 1632 1747 Et
1645 1719 1738 1749 audivi
1748 1730 1805 1749 non
1818 1721 1903 1749 modo
1918 1721 1963 1757 qui
1978 1721 2147 1758 primoribus
2168 1723 2249 1752 labris
2270 1725 2416 1757 aiiltaiseut

1311 1764 1397 1792 genus
1408 1755 1462 1784 lioc
1471 1755 1533 1784 vitae
1544 1778 1552 1791 ,
1571 1757 1737 1786 &extremis
1758 1758 1920 1792 (utdicitur
1933 1759 1944 1793 )
1966 1760 2060 1796 digitis
2071 1759 2240 1797 attigissent,
2258 1761 2305 1791 sed
2316 1765 2362 1800 qui
2376 1774 2420 1794 to..

1310 1800 1366 1821 tam
1378 1793 1593 1823 adolescentium
1608 1794 1797 1833 voluptatibus
1807 1795 1952 1825 dediffent.

1292 1830 1395 1860 Dolore
1415 1832 1521 1869 attingi.
1563 1832 1621 1861 Cic.
1636 1842 1658 1868 3.
1675 1833 1710 1862 de
1722 1833 1781 1863 Fin.
1796 1844 1838 1869 30.
1872 1834 1952 1864 [dita
1964 1833 2019 1863 esse
2038 1834 2073 1865 sic
2085 1846 2128 1874 pr(
2138 1835 2206 1866 ban‘t
2218 1858 2226 1873 ,
2249 1839 2323 1875 quod
2342 1848 2420 1870 ante-

1311 1878 1392 1905 quam
1404 1869 1531 1936 volgptas
1545 1879 1592 1900 aut
1612 1871 1693 1900 dolor
1705 1873 1843 1910 attigerit,
1863 1872 1990 1902 salutaria
2008 1880 2142 1911 appetant
2157 1875 2251 1911 parvi,
2273 1877 2420 1915 aspernen-

1312 1913 1431 1943 turque,
1462 1912 1498 1936 '‘c.

1290 1942 1410 1988 Insa-iiiia
1419 1945 1540 1983 attingit.
1580 1945 1637 1976 Liv.
1651 1946 1760 1990 7„Bell.
1774 1946 1842 1977 Pun.
1863 1947 1919 1978 Sed
1934 1954 2013 1978 erant
2025 1949 2159 1986 perpauci
2178 1960 2246 1987 quos
2262 1953 2418 1984 eainfamia

1311 1989 1467 2020 attingeret.

1292 2020 1400 2051 Invidia
1412 2031 1476 2050 eum
1487 2021 1605 2058 attingit.
1643 2020 1700 2051 Cic.
1715 2031 1738 2058 3.
1752 2021 1825 2052 Fam.
1838 2033 1880 2053 10.

1313 2058 1387 2088 illius
1397 2060 1531 2097 temporis
1543 2059 1647 2088 invidia
1658 2061 1814 2096 attingeret.

1293 2096 1387 2126 Labris
1396 2097 1563 2134 primoribus
1574 2097 1687 2134 aliquid.
1729 2098 1789 2127 Cic.
1805 2108 1828 2128 1.
1840 2099 1876 2128 de
1890 2099 1968 2128 Orat.
1982 2105 2026 2137 87.
2050 2100 2117 2130 Haec
2129 2108 2222 2131 autem
2244 2101 2298 2133 esse
2308 2105 2420 2142 penitus

1314 2136 1342 2164 in
1354 2136 1446 2163 media
1456 2135 1631 2173 philosophia
1641 2135 1743 2166 retrusa
1754 2143 1782 2165 at
1802 2146 1836 2165 ue
1845 2138 1939 2166 abdita
1950 2159 1957 2173 ‚
1980 2148 2040 2175 quae
2051 2139 2093 2168 isti
2103 2139 2226 2169 rhetores
2243 2139 2421 2179 ne'primori.

1312 2172 1363 2202 bus
1374 2173 1486 2209 quidem
1498 2173 1579 2202 labris
1590 2173 1747 2211 attigissent.
1803 2197 1810 2203 .
1833 2175 1932 2212 Digitis
1941 2177 2072 2205 extremis
2083 2178 2180 2212 atting.

1292 2211 1432 2247 Sanguine
1443 2233 1451 2246 ,
1472 2211 1638 2247 cognatione
1648 2234 1656 2247 ‚
1678 2209 1810 2241 affinitate
1820 2235 1828 2247 ,
1851 2213 2051 2243 necessitudine
2061 2215 2182 2252 aliquem
2193 2216 2336 2254 attingere.
2358 2218 2417 2249 Cic.

1310 2260 1337 2284 4.
1353 2249 1427 2278 Verr.
1443 2259 1488 2285 27.
1511 2249 1576 2285 Quo
1587 2249 1701 2287 quisquc
1715 2258 1743 2279 te
1762 2250 1884 2281 maxime
1895 2253 2080 2288 cognatione,
2102 2252 2253 2290 affinitate,
2275 2256 2420 2287 necessitu-

1311 2288 1378 2316 dine
1393 2287 1485 2324 aliqua
1497 2286 1657 2324 attingebat.

1292 2324 1467 2363 Suspicione.
1508 2326 1567 2354 Cic.
1583 2336 1604 2359 3.
1625 2326 1660 2355 de
1677 2325 1740 2355 Nat.
1752 2326 1834 2356 Deor.
1846 2336 1890 2361 24.
1911 2326 2021 2356 Deinde
2033 2337 2102 2364 quos
2112 2329 2141 2357 in
2155 2329 2257 2359 Senatu
2271 2341 2306 2360 ne
2315 2333 2418 2363 tenuis-

1313 2363 1377 2392 sima
1387 2363 1501 2399 quidem
1514 2363 1669 2400 suspicione
1680 2365 1808 2400 attigerat
1821 2386 1828 2398 ‚
1845 2375 1893 2394 eos
1904 2366 2067 2394 nominavit.

1650 2402 1710 2431 Cic.
1725 2412 1774 2440 pro
1788 2403 1867 2432 Arch.
1879 2408 1924 2436 28.
1947 2403 2024 2440 Quas
2032 2414 2074 2433 res
2083 2413 2133 2433 nos
2150 2405 2179 2433 in
2200 2405 2350 2437 Consulatu
2369 2418 2420 2437 no-

1311 2439 1365 2468 stro
1374 2439 1517 2468 vobiscum
1527 2439 1605 2468 simul
1615 2450 1664 2477 pro
1678 2440 1762 2469 salute
1774 2440 1856 2476 hujus
1872 2440 1947 2470 urbis
1960 2447 2042 2478 atque
2055 2441 2165 2479 imperii
2176 2466 2183 2478 ,
2205 2446 2230 2474 ὅ(
2248 2455 2298 2482 pro
2316 2446 2370 2475 vita
2383 2447 2421 2475 ci..

1312 2478 1389 2544 vssum
1399 2499 1410 2520 '.
1429 2487 1536 2515 proque
1547 2477 1671 2508 universa
1682 2480 1777 2516 repub.
1786 2478 1931 2517 gessimus,
1955 2480 2045 2517 attigit
2056 2479 2102 2509 hic
2116 2481 2237 2512 versibus
2252 2504 2260 2518 ‚
2282 2490 2365 2520 atque
2380 2485 2420 2513 in.

1313 2525 1328 2544 c
1350 2523 1432 2544 oavit.
1722 2544 1725 2546 .

1292 2553 1437 2590 Attingere
1448 2552 1585 2590 aliquem,
1606 2563 1657 2591 pro
1669 2553 1832 2583 Nominare.
1873 2554 1932 2584 Cic.
1946 2565 1998 2592 pro
2010 2555 2089 2585 Rosc.
2104 2556 2192 2586 Amer.
2215 2557 2304 2595 Usque
2319 2569 2352 2588 eo
2364 2560 2422 2590 ani.

1312 2592 1449 2620 madverti
1462 2613 1470 2625 ,
1495 2591 1608 2627 Judices
1619 2613 1627 2626 ,
1643 2601 1707 2620 eum
1719 2592 1824 2627 jocari,
1845 2598 1928 2629 atque
1936 2593 2002 2622 alias
2017 2603 2059 2622 res
2067 2603 2159 2631 agere,
2172 2603 2236 2624 ante
2247 2606 2326 2633 quam
2338 2598 2423 2635 Chry-

1313 2629 1449 2666 sogonum
1459 2629 1612 2658 nominavi.
1635 2639 1719 2663 quem
1730 2630 1808 2658 simul
1819 2637 1901 2667 atque
1912 2631 2008 2668 attigi,
2031 2631 2119 2660 statim
2133 2632 2219 2662 honio
2228 2633 2253 2662 se
2264 2636 2360 2669 erexit.

1293 2668 1434 2705 Attingere
1446 2667 1567 2704 aliquid,
1585 2666 1837 2704 autsensugustare.
1880 2668 1937 2698 Cic.
1952 2679 2002 2707 pro
2015 2669 2095 2698 Arch.
2113 2680 2153 2706 ¹7·
2176 2671 2262 2708 Quod
2275 2673 2291 2701 si
2304 2673 2349 2710 ipli
2360 2673 2420 2704 haec

1311 2715 1402 2772 negiu&
1413 2706 1550 2742 attingere
1563 2726 1572 2742 ,
1592 2714 1684 2742 neque
1696 2705 1773 2735 sensu
1782 2705 1875 2735 nostro
1892 2707 1997 2744 gustare
2009 2707 2164 2746 possemus,
2185 2716 2279 2739 tamen
2295 2721 2327 2740 ea
2338 2711 2418 2741 mira-

1312 2753 1334 2772 ri
1365 2753 1380 2772 e
1401 2753 1518 2772 eremus.

1256 2783 1278 2812 A
1287 2791 1359 2811 TTA
1368 2791 1412 2810 c'r
1421 2791 1439 2810 u
1449 2791 1461 2810 s
1472 2803 1480 2816 ‚
1502 2781 1599 2810 Partic.
1621 2787 1653 2811 ut
1663 2804 1671 2817 ,
1694 2782 1816 2811 Attaffms
1831 2781 1900 2811 telis.
1923 2781 1970 2812 Sil.
1984 2781 2031 2812 lib.
2050 2793 2092 2812 11.
2110 2793 2170 2821 147.

1255 2822 1276 2850 A
1287 2830 1306 2849 ‘r
1316 2829 1362 2848 TA
1373 2829 1417 2848 cr
1428 2829 1445 2848 u
1455 2829 1466 2848 s
1477 2841 1484 2853 ,
1499 2819 1538 2848 us.
1561 2829 1598 2848 m.
1620 2820 1753 2856 [ἐπαφὴ]
1777 2819 1848 2857 Virg.
1864 2830 1889 2857 7.
1909 2819 1972 2850 AEn.
1987 2830 2048 2858 350.
2071 2821 2106 2851 de
2117 2821 2254 2860 serpente,
2266 2832 2348 2861 quein
2359 2823 2419 2855 Ale.

1296 2859 1342 2888 eto
1357 2858 1385 2886 in
1398 2857 1486 2886 finum
1499 2858 1601 2886 Amatae
1612 2857 1789 2893 conjecerat,

1372 2894 1423 2925 Ille
1439 2895 1511 2924 inter
1528 2896 1631 2931 vestes,
1656 2897 1681 2926 ἃ
1694 2895 1770 2926 laevia
1779 2897 1894 2933 peoora
1905 2895 1997 2933 lapsus

1372 2932 1500 2962 Volvitur
1517 2935 1618 2963 attactu
1634 2933 1722 2964 nullo.
1819 2934 1872 2963 Ubi
1891 2934 2019 2971 Servius,
2040 2935 2105 2965 Sine
2123 2934 2243 2972 morsu,x
2256 2936 2311 2966 sine
2329 2936 2417 2968 sensu.

1293 2970 1377 3000 Varro
1390 2972 1425 3000 de
1435 2971 1466 3000 R.
1480 2971 1511 3000 R.
1525 2971 1571 3001 lib.
1583 2981 1609 3001 2.
1625 2981 1687 3010 cap.
1704 2983 1727 3008 5.

1257 3010 1276 3039 A
1287 3019 1306 3038 τ
1317 3020 1335 3037 ·r
1347 3019 1365 3037 Η
1377 3020 1385 3037 1
1397 3019 1424 3044 s,
1445 3010 1508 3037 idis.
1532 3008 1663 3045 [Ar-5⁸25]
1681 3009 1779 3039 Cranai
1791 3009 1862 3044 filia,
1882 3020 1898 3039 a
1909 3020 1962 3048 qua
1976 3011 2052 3048 regio
2067 3010 2151 3040 Attica
2165 3033 2173 3045 ‚
2195 3012 2344 3048 utquidam
2358 3015 2416 3043 exi.

1292 3048 1419 3076 stimant,
1441 3047 1514 3076 dieta
1525 3047 1563 3076 est
1578 3069 1586 3083 ,
1607 3057 1693 3084 quum
1706 3048 1782 3086 prius
1795 3049 1859 3077 Acie
1871 3049 1902 3080 ,δι
1922 3049 2012 3078 At‘tica
2021 3049 2054 3078 ab
2074 3051 2162 3077 Actaeo
2179 3059 2240 3084 reae
2258 3050 2415 3082 diceretur:

1293 3095 1324 3114 ut
1338 3085 1470 3114 Favorino
1488 3085 1563 3123 apud
1576 3085 1672 3124 Steph.
1687 3085 1896 3123 &Lycophroni
1908 3086 2011 3124 placet:
2051 3087 2113 3115 Sive
2124 3086 2156 3115 ab
2165 3086 2226 3115 alm->i
2237 3109 2245 3121 ,
2270 3090 2345 3124 quod
2361 3089 2417 3119 Lit-

1292 3130 1336 3152 tus
1351 3123 1501 3160 significat:
1524 3133 1610 3159 quum
1621 3134 1653 3153 ea
1667 3125 1742 3159 regio
1764 3125 1817 3158 (ut
1826 3123 1924 3153 Strabo
1948 3125 1976 3153 in
1992 3124 2130 3161 principio
2142 3123 2203 3153 libri
2222 3126 2288 3154 noni
2299 3126 2415 3164 scribit)

1293 3170 1392 3197 magna
1403 3170 1437 3190 ex
1450 3170 1527 3198 parre
1537 3161 1663 3191 littoralis
1680 3163 1718 3191 lit.
1744 3162 1810 3191 Plin.
1825 3162 1842 3190 l.
1853 3173 1879 3196 4.
1891 3171 1916 3198 7.
1938 3161 2045 3191 Pausan.
2068 3163 2095 3190 in
2111 3163 2190 3190 Attic.
2203 3163 2278 3192 cons.
2301 3174 2320 3192 A
2330 3174 2413 3196 CTA.

1293 3199 1324 3228 In
1337 3198 1388 3228 hac
1401 3198 1464 3228 sunt
1477 3199 1590 3228 Athenae
1601 3221 1607 3231 ,
1621 3202 1648 3229 «Sc
1658 3197 1806 3230 Marathdn
1817 3209 1940 3237 campus,
1952 3209 2017 3228 cum
2028 3199 2133 3238 oppido
2144 3200 2272 3235 ejusdem
2281 3203 2414 3234 nominis.

1255 3237 1276 3266 A
1288 3247 1334 3265 'rr
1345 3248 1350 3264 i
1362 3247 1391 3272 s,
1413 3237 1476 3266 idis.
1501 3238 1681 3275 Atticaregio.
1706 3238 1812 3267 Lucret.
1826 3237 1874 3266 lib.
1887 3241 1912 3266 6.
1928 3246 2006 3271 1114.

1292 3275 1386 3304 Attide
1401 3275 1543 3304 tentantur
1553 3275 1669 3311 gressus.
1692 3275 1822 3311 oculique
1832 3275 1861 3303 in
1874 3275 1979 3303 Achaeis

1294 3313 1417 3343 Finibus.
1461 3312 1699 3343 li.e.Atlienienses
1712 3313 1832 3351 podagra
1843 3321 1941 3349 magna
1955 3321 1988 3340 ex
1997 3319 2074 3349 parte
2083 3311 2411 3353 laborant.V.di‹ft.praec.

1253 3351 1388 3385 ATTrs,
1409 3351 1473 3380 idis.
1498 3350 1601 3387 [οὶ-ἦα]
1624 3351 1749 3380 Luscinia
1759 3351 1879 3384 dicitur,
1901 3349 1973 3386 qnasi
1994 3351 2089 3381 Attica.
2134 3351 2251 3382 Martial.
2267 3353 2313 3382 lib.
2331 3366 2349 3382 v.
2368 3366 2410 3388 ς..

1371 3389 1418 3418 Sic
1427 3389 1474 3418 ubi
1486 3389 1634 3418 multisona
1643 3390 1729 3418 fervet
1745 3389 1817 3418 sacer
1827 3387 1912 3416 attide
1924 3388 2013 3417 Lucus.
2095 3388 2201 3419 Alludit
2211 3391 2245 3419 ad
2255 3390 2414 3421 Philomelae

1292 3427 1537 3464 metamorphosin.
1957 3462 1963 3468 ,

1254 3465 1331 3494 ATT
1340 3475 1379 3494 vs
1390 3487 1398 3500 ,
1420 3465 1462 3493 vel
1483 3465 1499 3494 A
1511 3474 1531 3493 T
1540 3474 1560 3493 ’r
1571 3475 1579 3493 1
1589 3475 1601 3494 s
1612 3487 1618 3499 ,
1640 3464 1684 3494 vel
1705 3465 1753 3493 AT
1762 3474 1781 3492 Y
1791 3472 1811 3492 s.
1853 3461 1987 3491 Pausamae
2000 3463 2076 3493 Attes
2086 3485 2093 3498 ‚
2113 3463 2183 3494 Α”πῑίης
2194 3488 2203 3501 ,
2225 3467 2327 3496 dicitur
2336 3489 2345 3503 ,
2363 3467 2415 3497 Ca-

1293 3502 1330 3531 lai
1344 3502 1454 3540 Phrygis
1465 3502 1554 3537 filius,
1576 3503 1716 3540 impotens
1728 3500 1879 3537 generandi
1897 3509 1912 3528 a
1929 3508 2015 3529 matre
2036 3502 2146 3538 genitus
2158 3525 2165 3537 ‚
2187 3504 2298 3534 adultus
2315 3506 2342 3534 in
2363 3504 2415 3543 Ly.

1293 3540 1369 3569 diam
1378 3542 1525 3578 migravit,
1547 3540 1640 3577 ibique
1656 3540 1764 3576 Magnae
1776 3538 1870 3567 matris
1882 3539 2053 3580 ceremonias
2072 3540 2177 3570 docuit.
2219 3542 2311 3580 Usque
2321 3552 2355 3572 eo
2368 3554 2415 3572 au-

1292 3586 1350 3608 tem
1368 3578 1431 3608 Deae
1449 3578 1561 3607 charum
1579 3577 1658 3606 fuiffe
1671 3577 1759 3611 dicit,
1781 3583 1812 3605 ut
1828 3575 1938 3613 Jupiter
1955 3577 2133 3607 aemulatione
2153 3579 2270 3614 ductus,
2293 3580 2412 3610 immisso

1293 3626 1360 3654 apro
1373 3639 1380 3651 ,
1401 3624 1466 3645 eum
1483 3615 1698 3644 inter-irriendum
1711 3614 1855 3642 curaverit.
1890 3613 1962 3655 'Haec
1979 3613 2024 3643 ille
2040 3615 2069 3644 iri
2080 3616 2188 3645 Achaic.
2212 3627 2246 3647 ex
2265 3619 2416 3648 tiermesia-

1292 3655 1382 3683 nacte.
1422 3654 1477 3683 Sed
1488 3653 1594 3682 ibidem
1606 3652 1688 3681 aliam
1698 3651 1818 3680 fabulam
1836 3651 1965 3686 subiicit,
1987 3663 2069 3689 quam
2087 3653 2249 3691 Gallograeci
2265 3657 2410 3692 jactarent.

1293 3691 1378 3722 Aliter
1385 3692 1459 3721 Serv.
1470 3692 1504 3720 ad
1513 3690 1574 3720 AEn.
1589 3701 1613 3723 ι).
1630 3693 1689 3718 116.
1703 3689 1794 3724 refert,
1807 3690 1832 3719 δι
1842 3688 1921 3718 aliter
1930 3690 2019 3719 rursus
2029 3690 2154 3721 Catullus
2165 3693 2256 3723 Carni.
2270 3698 2315 3723 60.
2327 3694 2411 3724 Ovid,

1297 3740 1340 3761 10.
1354 3730 1424 3759 Met.
1439 3739 1497 3763 103.
1519 3729 1549 3756 in
1561 3728 1656 3757 Pinum
1666 3726 1830 3756 conversum
1841 3727 1942 3756 docet:

1374 3767 1407 3797 Et
1417 3766 1554 3795 succint‘ta
1563 3775 1657 3794 comas
1669 3787 1677 3799 ,
1697 3764 1854 3801 hirsutaque
1867 3765 1970 3794 vertice
1980 3766 2080 3803 pinus,

1373 3805 1454 3833 Grata
1467 3803 1556 3832 Deum
1568 3803 1663 3831 matri:
1685 3802 1828 3839 Siquidem
1841 3802 1990 3840 Cybeleius
2001 3805 2072 3833 Attis

1372 3842 1457 3871 Exuit
1467 3840 1518 3869 hac
1529 3840 1687 3875 hominem;
1708 3848 1866 3878 truncoque
1880 3841 2007 3871 induruit
2018 3841 2077 3871 illo.

1295 3881 1322 3910 &
1335 3879 1370 3909 ad
1380 3878 1480 3907 Catull.
1493 3880 1519 3907 ἃ
1531 3878 1612 3907 Ovid.
1625 3878 1694 3907 Ibin.
1708 3888 1733 3907 v,
1747 3888 1809 3915 457.

1257 3919 1277 3947 A
1289 3928 1307 3946 ·r
1317 3927 1335 3945 'r
1345 3928 1353 3945 1
1363 3919 1455 3945 Tuto
1469 3938 1476 3951 ‚
1498 3919 1549 3944 are.
1574 3915 1702 3945 Titulum
1717 3925 1867 3953 apponere.
1904 3915 2029 3945 Rufinus.

1258 3957 1305 3985 ΛΤ
1315 3965 1334 3982 τ
1343 3966 1351 3982 i
1363 3964 1400 3983 us
1410 3974 1416 3983 ‚
1427 3954 1510 3983 Nom.
1523 3962 1597 3990 gent.
1610 3954 1689 3983 Rom.
1703 3954 1826 3983 Plebeiae.
1842 3955 1871 3983 ln
1883 3955 2005 3983 nummis
2017 3964 2106 3984 ATiUS
2117 3955 2251 3989 scribitur,
2262 3956 2328 3985 teste
2336 3955 2415 3986 Fuiv.

1296 3992 1392 4022 Ursino
1408 4001 1434 4029 q.
1453 3991 1485 4022 V.
1502 3992 1567 4022 Attii
1577 3992 1722 4029 cujusdam
1729 3992 1910 4061 Pignentarii
1921 3992 2049 4022 meminit
2060 3993 2118 4023 Cic.
2133 4004 2176 4030 15.
2188 3994 2263 4023 Fam.
2278 4004 2319 4031 17.

1800 4039 1818 4060 o
1845 4039 1863 4060 ²

2244 1610 2263 1640 i.
2283 1620 2307 1640 e.
2327 1612 2355 1642 Si
2372 1613 2418 1644 vel

1912 2023 1977 2060 Quo
1993 2024 2084 2054 studio
2103 2026 2244 2063 providit,
2265 2037 2356 2065 nequa
2372 2040 2418 2060 me

2161 3841 2216 3873 Ubi
2232 3843 2356 3882 interpp.
2378 3843 2411 3875 V.

2331 4031 2360 4061 L.
2375 4032 2420 4060 At.
