2604 4222
110 70 178 109 7¹8
508 58 536 92 C
631 57 663 93 R
756 55 783 90 E

230 142 310 171 Creta
321 140 395 176 ,Iovis
405 140 496 177 magni
511 138 604 168 medio
616 139 686 173 iacet
695 136 780 165 insula
789 140 893 173 ponto:

231 181 313 209 Mons
322 179 408 207 ldaeus
420 178 482 211 ubi,
504 179 529 207 ἃ
540 178 628 213 gentis
639 174 772 204 cunabula
781 172 874 214 nostrae
1147 198 1153 204 ,
1232 196 1253 225 st

233 217 351 246 Centum
368 216 449 244 urbes
465 215 589 243 habitant
608 221 734 249 magnas.
755 210 891 239 uberrima
909 213 1002 241 regna.
1116 198 1198 243 plc'la
1215 206 1229 225 Ε

155 256 253 284 Cureta
265 277 272 289 ,
292 255 325 282 ab
336 252 521 282 habitantibus
531 251 691 280 Curetibus:
713 249 737 277 ἂ
747 257 795 284 per
805 246 944 282 syncopen
953 242 1042 270 Creta.
1082 236 1254 281 A¹¹¹..d¹⁰}mt

157 294 265 322 Cretam
275 292 375 320 dictam
388 312 395 323 ,
416 300 431 318 a
442 290 521 318 Crete
531 289 648 324 quodam
659 286 735 321 Jovis
752 284 807 312 filio
817 305 825 317 ,
848 282 979 324 Curetum
989 286 1059 313 rege.
1100 274 1149 303 Alii
1162 283 1177 301 a
1190 274 1255 301 Cre-

156 338 184 360 te
198 329 343 367 Nympha,
364 327 542 364 Hesperidum
554 334 624 358 una,
645 322 756 352 Atlantis
766 321 828 350 filia.
870 320 995 361 Arrianus
1005 324 1062 343 non
1075 322 1090 341 a
1101 311 1190 355 Crete,
1209 308 1256 338 sed

156 378 171 397 a
183 368 247 396 Cres
259 389 266 401 ,
287 367 374 395 Cretis
384 365 531 401 genitivum
541 362 659 391 faciente
671 382 678 395 ‚
699 360 876 388 110111111313111Ξ
889 356 973 386 dicit,
994 352 1028 381 ab
1044 360 1078 380 eo
1095 359 1141 392 qui
1156 348 1255 393 Jovem

158 405 302 434 abscondit
312 404 338 431 in
349 409 441 430 monte
456 401 558 437 Lycaeo.
599 398 678 427 Unde
690 395 778 426 Cressa
789 417 797 429 ,
820 400 927 423 tantum
940 393 1003 420 fem.
1027 398 1087 426 geri.
1100 425 1105 430 Δ
1118 397 1135 414 1.
1149 396 1171 414 e.
1193 385 1256 413 Cre-

156 442 247 472 tensis.
286 440 416 470 Similiter
425 437 544 467 Creffeus
553 458 560 471 ,
583 438 607 467 δι
619 434 741 464 Cressius.
781 434 849 462 Sunt
857 437 948 460 autem
962 429 1020 472 haec
1031 434 1143 455 nomina
1154 432 1212 469 quae
1222 430 1257 474 eit

157 479 308 509 masculino
321 477 481 506 femininum
492 475 525 503 ad
538 468 650 502 ssmilem
663 473 775 501 formam
788 471 915 499 mittunt:
936 466 1040 496 scilicet
1049 463 1113 505 Cres
1124 483 1133 497 ,
1155 459 1254 488 Cressa.

159 517 240 555 Libys
252 539 260 550 ,
287 514 406 550 Libyssa:
441 512 553 541 Phoenix
563 533 571 546 ‚
598 509 747 540 Phoeniffa:
783 508 898 544 Magnes
909 527 917 541 ,
946 502 1101 541 Magneila:
1142 497 1236 528 Thrax
1247 517 1256 531 ,

159 555 269 585 Thressa
281 575 288 588 ‚
309 548 474 582 &Threiffa.
496 548 598 578 Tibull.
612 560 637 582 4-
658 558 679 576 1.
694 553 733 590 8..

422 603 458 608 -
467 588 548 616 etiam
559 586 660 614 Plioebo
669 583 812 621 gratissima
824 582 898 610 dona

249 628 311 657 Cres
321 627 391 656 tulit.
484 623 614 653 Ausonius
629 621 774 659 Monosyll.
794 630 818 649 v.
832 625 876 655 87.

249 665 412 702 Praepetibus
424 663 520 700 pennis
534 662 611 698 super
622 663 683 689 affra
694 661 786 688 vectus
798 658 883 700 horno
899 655 973 685 Cres.

160 705 218 735 dor.
230 703 277 732 lib.
290 707 314 731 6.
328 703 352 731 6<
363 701 427 730 Plin.
440 700 485 728 lib.
499 710 524 733 4.
537 708 596 736 cap.
612 708 653 727 12.
683 697 773 727 Hodie
783 697 887 723 Candia.

160 743 217 772 Alta
228 740 312 768 Creta.
337 739 404 776 virg.
421 748 443 772 5.
459 737 517 766 AEn.
534 742 593 769 ‹88-
1155 762 1160 768 ι
1229 759 1236 766 .

159 778 261 809 Caerula
277 777 363 806 Crete.
403 775 464 805 Seri.
477 775 504 803 in
517 774 596 803 Herc.
611 772 700 802 OEtli.
717 781 757 808 15.
791 769 926 801 Caerulam
947 771 1047 801 vocat,
1076 770 1208 800 quoni-am
1228 768 1258 789 m

177 816 241 844 mari
253 815 289 843 est
299 815 352 842 sita.

157 853 327 884 Dominatrix
340 851 399 880 freti
414 850 500 879 Creta.
521 850 584 879 Seri.
598 847 711 885 Hippol.
725 856 751 876 2.

156 889 264 921 Nobilis
276 896 384 917 centum
396 888 515 916 urbibus.
534 887 599 916 Hor.
614 886 699 922 Epod.
714 895 738 920 9.
751 894 794 918 29.

154 927 252 957 Potens
267 934 376 956 centum
388 926 505 962 oppidis.
528 925 593 954 Hor.
610 933 632 960 3.
647 924 735 952 Carm.
751 932 794 958 27.
810 930 855 957 24.

157 964 287 1000 spatiosa.
310 964 371 992 Seri.
384 963 516 996 Troade.

154 1002 231 1032 Est&
242 1002 320 1032 Creta
332 1000 467 1038 oppidum
483 999 607 1036 Scythiae.
628 998 714 1027 Valet.
731 1007 752 1026 i.
771 997 868 1031 Argon.
880 1003 942 1030 330.

420 1053 456 1058 -
465 1037 569 1073 quoties
579 1046 680 1074 paucos
692 1035 726 1064 ad
737 1035 824 1063 litoris
839 1034 913 1062 aetus

280 1075 430 1110 Deficiam‚
449 1075 587 1112 Scyricum
598 1081 739 1107 metuens,
761 1073 948 1106 Pontumque,
969 1067 1143 1102 Cretamque.

118 1114 207 1145 Cass
218 1136 226 1148 ‚
250 1114 345 1143 cretis.
365 1113 471 1149 [Kese]
493 1112 594 1149 Quiest
603 1121 636 1140 ex
647 1111 732 1140 Creta.
773 1109 828 1137 Cic.
841 1117 890 1145 pro
903 1107 1010 1136 Muren.
1023 1114 1067 1141 74.
1097 1104 1193 1139 Neque
1207 1110 1255 1132 ve-

153 1163 184 1183 ro
195 1152 301 1184 Cretes,
322 1160 435 1188 quorum
450 1160 532 1179 nemo
543 1149 656 1186 gustavit
664 1156 781 1185 unquam
790 1146 909 1180 cubans,
920 1146 971 1174 dcc.
994 1142 1024 1172 V.
1047 1152 1064 1170 c
1073 1151 1088 1170 13
1098 1151 1111 1169 E
1120 1150 1139 1168 T
1147 1150 1178 1169 A.

153 1189 329 1227 Epimenides
339 1188 411 1217 Cres.
433 1187 488 1217 Cic.
504 1197 524 1216 1.
540 1188 574 1215 de
589 1187 676 1215 Divin.
690 1195 732 1221 3⁴·
952 1219 957 1224 ι

153 1228 245 1257 Cretes
255 1226 355 1255 nescire
368 1225 478 1263 pelagiis
489 1247 496 1260 ‚
518 1224 690 1254 Proverbium
707 1230 790 1258 quum
804 1220 864 1257 quis
885 1219 988 1262 nescire
1001 1216 1106 1260 simulat
1117 1225 1177 1250 uuae
1192 1224 1253 1258 perf

171 1265 267 1294 callet:
289 1263 380 1293 exilio
392 1263 519 1292 traditum
533 1284 540 1296 ‚
561 1262 635 1298 quod
646 1270 728 1290 nemo
748 1258 882 1288 Cretensis
902 1256 1097 1287 naviculariam
1117 1255 1143 1283 &
1161 1253 1253 1291 pelagi

171 1303 335 1331 commercia
344 1300 464 1330 nesciret.
488 1300 516 1329 V.
540 1299 635 1328 Erasm.
650 1300 679 1328 in
690 1297 806 1327 Chiliad.

117 1339 253 1370 caussa
265 1361 273 1371 ,
294 1349 323 1368 ae.
346 1340 364 1368 f.
386 1338 518 1374 [κςιίωη]
539 1344 585 1372 ut,

153 1377 243 1407 Puella
254 1376 351 1405 Cressa.
375 1376 490 1405 Ον111.2.
504 1375 583 1410 Epist.
597 1377 640 1409 76.
925 1407 931 1413 ι

150 1415 288 1452 Pugnaces
300 1413 396 1443 Creffae
407 1435 414 1448 ‚
436 1413 522 1442 Canes
536 1412 569 1441 de
578 1412 656 1441 Creta
667 1411 802 1440 dicuntur.
823 1408 886 1439 Sen.
897 1406 1013 1445 Hippol.
1031 1415 1056 1436 v.
1073 1413 1117 1442 3²·

239 1451 365 1481 Teneant
372 1460 445 1480 acres
454 1451 508 1478 lora
519 1449 664 1484 molossos,
794 1455 797 1459 “

239 1489 272 1518 Ε1
286 1498 421 1526 pugnaces
432 1488 544 1517 tendant
556 1486 652 1516 Creffae

241 1526 329 1555 Fortia
341 1527 404 1554 trito
414 1526 521 1555 vincula
533 1524 616 1555 collo.

150 1564 222 1595 Nota
233 1563 328 1592 Cressa.
351 1564 367 1592 i.
379 1573 401 1592 e.
422 1563 536 1600 Signum
546 1561 706 1592 candidum.
728 1561 793 1590 Hor.
806 1570 829 1590 1.
844 1560 932 1603 Carni.
944 1561 987 1594 36.
1006 1567 1048 1587 ιο.
1138 1592 1144 1599 ⁸

228 1602 316 1631 Cressa
331 1611 366 1630 ne
376 1601 584 1638 careatpulchra
603 1601 661 1629 dies
679 1605 754 1628 nota.
836 1598 941 1627 Alludit
958 1595 994 1625 ad
1013 1602 1120 1624 morem
1137 1592 1217 1623 illum
1235 1602 1252 1623 a

167 1639 290 1669 Thraciae
306 1638 414 1676 populis
424 1638 497 1675 prius
508 1638 648 1667 defluxum
657 1660 664 1670 ‚
685 1647 738 1674 quo
748 1637 854 1665 dierum
864 1634 1028 1671 singulorum
1040 1633 1162 1661 fortunas
1173 1637 1252 1675 nota-

168 1686 196 1705 re
210 1676 330 1705 solebant
343 1683 463 1711 veteres,
485 1676 608 1705 adversas
623 1675 732 1711 quidem
746 1673 839 1710 lapillo
851 1680 908 1702 atro
919 1694 927 1704 ‚
949 1672 1043 1701 felices
1054 1676 1144 1699 autem
1156 1669 1251 1698 candi-

167 1715 212 1743 do.
254 1714 335 1743 Hunc
347 1723 451 1742 morem
464 1715 550 1742 Acron
563 1715 586 1743 81,
600 1712 767 1750 Porphyrion
778 1712 860 1740 etiam
880 1709 1054 1740 Cretensibus
1072 1716 1251 1736 communem

167 1751 244 1782 fuisse
254 1751 359 1780 volunt.
399 1750 545 1780 Lambinus
566 1751 661 1785 aliter,
683 1759 764 1787 quem
784 1749 860 1779 vide.
901 1747 969 1777 Vide
979 1745 1155 1785 proverbium
1167 1745 1249 1774 Creta

167 1797 261 1819 notare
275 1812 282 1824 ‚
302 1791 330 1818 iri
352 1798 441 1818 cam·
452 1799 469 1817 A
482 1811 489 1823 ‚
510 1788 592 1818 Terra
608 1788 676 1817 alba.

113 1829 157 1858 CR
167 1837 179 1856 Β
188 1837 217 1856 88
227 1838 234 1855 ¹
246 1837 262 1856 U
272 1836 284 1856 S
297 1849 304 1861 ⁷
325 1836 339 1856 Β
352 1848 358 1860 1
379 1836 433 1856 um·
456 1827 469 1861 s
481 1826 616 1862 Reimea]
638 1825 697 1861 Adj.
720 1830 759 1860 ut,
772 1824 893 1854 Nemora
903 1821 1012 1853 Cressia.
1026 1819 1247 1859 Virg.4.IEn.70.

150 1865 252 1901 Regna.
275 1864 355 1893 Ovid.
374 1867 414 1893 16.
428 1863 506 1901 Epist.
518 1873 579 1898 ²99·
950 1890 959 1894 ,
1173 1895 1180 1902 ⁶

111 1904 266 1937 CRETIS,
286 1902 348 1931 idis.
369 1901 387 1930 f.
409 1901 533 1937 [κςῆτις]
553 1907 599 1937 ut,
620 1899 756 1938 Nymphae
777 1899 921 1934 Creddes,
951 1897 1021 1934 Quae
1042 1897 1153 1927 Cretam
1171 1904 1250 1925 inco-

150 1940 217 1969 lunt.
240 1939 355 1975 Ovid.3.
372 1939 436 1968 Fast.
449 1949 512 1974 44⁴-

111 1978 306 2012 Cairaeus,
327 1987 355 2012 a,
377 1986 432 2006 um.
454 1975 628 2013 [κςητοιῖωι]
647 1974 708 2010 Adj.
729 1980 760 2004 ut
772 1996 780 2011 ,
801 1974 905 2004 Cretaea
923 1974 1044 2010 humus,
1063 1972 1138 2011 apud
1163 1970 1249 2001 Ovid.
1264 1996 1266 1998 .

150 2025 192 2044 10.
203 2015 221 2043 F.
244 2015 279 2043 ist.
299 2018 357 2044 106.

147 2025 240 2082 ccxviii)
248 2052 356 2082 Cretaeae
365 2074 372 2087 ,
391 2052 454 2089 quia
464 2053 491 2081 iri
503 2051 582 2080 Creta
595 2050 718 2088 plurimae
730 2049 808 2085 sunt,
829 2049 856 2078 in
869 2058 921 2086 qua
937 2047 1024 2078 insula
1038 2046 1155 2078 nascitur
1166 2046 1253 2077 dista-

167 2099 247 2119 mnus
257 2111 265 2124 ,
286 2099 340 2126 quo
350 2090 452 2127 gustato
462 2089 597 2118 vulnerati
606 2089 678 2117 cervi
690 2087 825 2117 sanantur.
847 2087 910 2116 Sen.
922 2085 1038 2124 Hippol.
1051 2094 1075 2115 1.

147 2127 283 2162 ,Iuvencus
298 2127 423 2156 Cretaeus.
445 2127 463 2154 i.
476 2135 499 2155 e.
521 2126 704 2155 Minotaurus.
724 2123 846 2162 Propert.
856 2124 904 2154 lib.
920 2133 945 2161 3.
957 2134 1000 2159 19.
1014 2133 1056 2153 11.

149 2164 232 2194 Urbes
246 2164 363 2194 Cretaeae.
385 2163 467 2193 Ovid.
480 2173 504 2198 9.
520 2163 586 2192 Met.
597 2167 658 2198 ⁶65·

110 2202 134 2232 C
143 2212 158 2232 Β
166 2212 181 2231 ι
190 2211 240 2230 '1'AE
249 2212 266 2230 υ
275 2211 287 2231 s
297 2223 305 2235 ‚
326 2203 344 2231 i.
366 2211 403 2230 m.
426 2200 505 2229 Poeta
514 2200 623 2237 quidam
635 2199 707 2237 apud
716 2199 887 2237 Propertium
898 2207 923 2228 2.
936 2207 980 2234 2ς.
992 2207 1037 2233 29.
1054 2198 1154 2227 Scribit
1161 2198 1249 2233 enim,

226 2241 276 2268 Aut
287 2239 352 2275 quid
364 2238 459 2267 Cretaei
477 2239 524 2267 tibi
540 2237 652 2275 prosunt
660 2238 781 2266 carmina
795 2236 886 2266 ledia?
967 2236 1094 2265 Ceterum
1106 2236 1166 2272 quis
1177 2235 1206 2264 sit
1216 2236 1248 2270 is,

146 2277 269 2306 nondum
281 2276 341 2305 satis
351 2275 489 2305 convenit.
526 2274 674 2304 Beroaldus
694 2275 729 2303 de
750 2273 913 2311 Epimenide
935 2273 1016 2302 Crete
1032 2273 1135 2302 distum
1152 2280 1248 2309 putat,

145 2324 225 2350 quem
235 2314 389 2351 scriptorem
398 2313 549 2342 carminum
560 2311 637 2341 fuisse
655 2311 726 2341 nulli
743 2312 858 2340 dubium
872 2310 918 2340 est.
956 2311 1009 2340 Alii
1029 2310 1136 2340 Lucreti
1154 2311 1248 2346 legen-

145 2352 210 2380 dum
223 2352 391 2385 existimarit,
411 2351 489 2385 cujus
504 2349 698 2386 elegantissima
720 2350 840 2378 carmina
861 2350 896 2377 de
916 2357 1007 2378 rerum
1027 2355 1123 2377 natura
1141 2353 1246 2377 extant.

145 2388 260 2418 Fortasse
271 2390 344 2417 enim
357 2398 387 2417 ea
398 2387 562 2424 perstudiose
573 2386 697 2424 Lynceus
707 2386 832 2424 legebat,
855 2396 939 2423 quum
951 2387 976 2415 &
993 2386 1049 2423 ipse
1068 2392 1162 2423 poetas
1175 2395 1248 2414 ama-

144 2434 201 2461 ret,
223 2428 247 2455 ἃ
261 2425 350 2455 versus
360 2425 485 2455 scriberet
499 2447 506 2460 ‚
529 2426 554 2454 &
569 2434 602 2454 ex
618 2424 691 2454 illius
700 2425 786 2453 aetatis
799 2424 868 2453 secra
881 2424 906 2453 se
916 2424 950 2453 ad
962 2424 1070 2461 Epicuri
1083 2422 1248 2452 sententiam

143 2463 346 2501 propensiorem
358 2465 384 2493 ἃ
398 2462 558 2492 dociliorem
569 2463 707 2499 praeberet.
749 2461 917 2490 probabilior
932 2470 1024 2490 tamen
1041 2460 1166 2490 Beroaldi
1188 2460 1249 2489 sen-

141 2502 226 2530 tentia
239 2501 356 2530 videtur.
397 2500 505 2536 [Immo
526 2499 665 2536 Turnebi,
686 2498 815 2537 Scaligeri
826 2521 834 2535 ‚
854 2498 1011 2529 Broekhusii
1022 2521 1031 2535 ‚
1052 2499 1098 2536 qui
1120 2499 1247 2528 certatim

143 2538 248 2568 Lucreti
263 2538 446 2576 praetulerunt.

105 2575 128 2605 C
137 2586 151 2604 11
161 2586 201 2604 ιτ
213 2586 225 2604 ii
235 2586 258 2604 tr.
267 2597 275 2610 ‚
295 2585 379 2605 arum.
403 2575 420 2604 f.
442 2574 536 2604 Insulae
544 2574 666 2611 quaedam
676 2574 849 2612 appellantur
865 2575 893 2603 in
905 2574 1016 2610 Moesia,
1037 2580 1134 2604 contra
1150 2573 1248 2604 Libur-

142 2623 193 2642 nos
208 2612 342 2650 populos,
363 2622 475 2650 quarum
485 2613 611 2641 meminit
623 2611 688 2641 Plin.
704 2612 751 2641 lib.
763 2623 788 2646 4.
800 2622 859 2650 cap.
872 2612 922 2641 ult.

106 2651 327 2681 CRBTENsls.
351 2651 409 2686 Adj.
431 2648 577 2685 [itersatls]
597 2648 675 2678 Idem
693 2650 767 2686 quod
781 2650 907 2678 Cretaeus.
929 2655 979 2683 ut,
1000 2649 1133 2679 Cretensis
1151 2649 1246 2680 homo.

144 2688 174 2717 V.
196 2688 372 2725 proverbium
382 2710 390 2722 ,
413 2687 549 2716 Cretizare
570 2696 633 2716 cum
653 2687 771 2716 Cretensi
780 2709 789 2722 ,
810 2687 884 2725 apud
904 2686 1052 2717 Erasmum.
1078 2688 1108 2716 in
1126 2687 1247 2718 Chiliad.

143 2726 160 2754 i.
173 2735 195 2754 e.
220 2725 363 2754 Adversum
375 2725 536 2754 mendacem
545 2724 695 2753 mendaciis
705 2725 754 2754 uti.

142 2762 230 2829 Jrudex
241 2762 382 2791 Cretensis.
405 2762 460 2791 Cic.
476 2773 498 2796 ς.
513 2761 630 2799 Philipp.
645 2772 686 2796 14.
707 2761 798 2798 Jiidex
809 2761 951 2797 Cretensis,
974 2761 1048 2799 isque
1059 2762 1247 2799 nequiffimus.

169 2801 250 2829 ertius
259 2800 365 2837 Jupiter
375 2800 507 2829 Cretensis
518 2800 625 2828 Saturni
637 2798 716 2828 filius.
740 2800 797 2829 Cic.
810 2808 833 2835 3.
847 2801 881 2828 de
889 2800 954 2829 Nat.
965 2799 1047 2829 Deor.
1060 2809 1102 2835 ς3.

106 2837 290 2866 ena-rreus
303 2859 310 2872 ,
331 2847 363 2871 a,
384 2846 439 2866 um.
463 2837 522 2873 Adj.
545 2833 698 2873 [κςηῗυιὸς]
718 2836 803 2873 Quod
822 2847 857 2867 ex
877 2837 956 2867 Creta
970 2837 1017 2867 est.
1041 2844 1087 2872 ut,
1108 2837 1248 2867 Creticum

141 2884 223 2904 mare.
247 2875 311 2903 Hor.
327 2884 348 2903 1.
361 2874 449 2904 Carni.
466 2879 508 2904 26.
518 2883 544 2903 2.

142 2912 266 2943 Calamus
278 2913 409 2941 Creticus.
450 2912 517 2941 Plin.
530 2911 576 2940 lib.
592 2914 633 2940 16.
645 2920 704 2948 cap.
720 2915 763 2947 36.
784 2911 868 2941 Suum
887 2921 973 2950 genus
985 2934 993 2947 ,
1014 2912 1125 2950 inquit,
1143 2912 1248 2951 sagitta-

160 2950 199 2978 rio
216 2949 320 2978 calamo
330 2971 338 2983 ,
358 2956 388 2978 ut
398 2949 517 2978 diximus
528 2971 537 2982 ,
557 2949 602 2978 scd
613 2949 722 2978 Cretico
732 2948 1074 2987 longissimisinternodiis,
1096 2950 1248 2986 obsequen-

160 2988 235 3023 tiquc
246 2996 300 3022 quo
315 2986 399 3015 libeat
408 2986 480 3016 flecti
493 2986 633 3016 calefacio.

142 3023 189 3053 Pes
201 3024 237 3052 etl
247 3023 397 3060 trisyllabus
418 3025 446 3052 in
463 3024 603 3058 Prosodia,
625 3033 706 3061 quem
722 3023 861 3054 Creticum
879 3030 1002 3061 vocant,
1023 3025 1069 3062 qui
1089 3025 1195 3056 constat
1212 3034 1248 3056 ex

159 3061 255 3098 longa,
279 3061 406 3095 &brevi,
429 3063 453 3091 ἃ
464 3061 552 3098 longa.
575 3061 632 3090 Cic.
643 3071 667 3097 3.
683 3062 717 3089 de
727 3061 804 3092 Orat.
820 3068 879 3097 183.

107 3097 151 3127 Cn
161 3108 200 3126 111
210 3109 218 3126 ι
228 3108 244 3127 c
254 3108 270 3127 u
281 3108 293 3127 s
306 3120 313 3133 ‚
335 3099 374 3128 M.
392 3100 544 3128 Antoninus
558 3098 705 3128 Triumviri
715 3106 791 3136 pater
801 3100 908 3133 dietus,
931 3099 1007 3136 quod
1021 3099 1107 3129 Cretae
1122 3107 1247 3132 mortuiis

142 3136 186 3165 est.
227 3135 382 3165 Plutarchus
397 3136 425 3164 in
437 3136 556 3166 Antonio
569 3147 608 3174 pr.
628 3136 758 3166 Meminit
768 3137 889 3172 ejusdem
902 3137 1034 3166 Pedianus
1053 3138 1081 3166 in
1095 3148 1118 3167 i.
1132 3139 1205 3169 Verr.
1219 3148 1244 3175 3.

144 3174 169 3202 ἃ
180 3184 205 3207 4.
229 3173 404 3202 Hunctamen
414 3174 524 3210 quidam
538 3175 684 3202 Antonium
695 3173 848 3204 Cicereium
861 3175 955 3203 vitiose
966 3174 1120 3205 nominant.

143 3211 303 3276 ngnomegi
314 3211 386 3240 idem
396 3210 490 3247 suitQ.
505 3211 629 3246 Metelli,
651 3210 696 3248 qui
706 3211 819 3241 insulam
830 3213 911 3241 armis
920 3212 1037 3242 domuit.
1061 3212 1131 3244 Flor.
1146 3221 1169 3250 3.
1181 3222 1207 3251 7.
1221 3215 1248 3245 &

185 3255 271 3284 utrop.
303 3258 343 3282 .9.

144 3284 262 3314 Creticus
274 3307 282 3319 ,
304 3285 425 3314 Oratoris
437 3295 538 3314 nomen
550 3308 557 3318 ,
578 3286 656 3321 cujus
670 3286 797 3315 meminit
807 3286 905 3321 Juven.
918 3296 944 3316 2.
956 3286 1011 3316 Sat.
1025 3292 1070 3324 78.

234 3323 297 3350 Acer
307 3324 331 3351 ἃ
343 3323 493 3351 indomitus
501 3346 509 3357 ,
529 3322 713 3359 libertatisque
722 3324 844 3360 magister
855 3345 863 3360 ,

233 3359 337 3388 Cre-tice
348 3382 355 3392 ,
377 3360 507 3396 pelluces.

108 3394 129 3424 C
139 3398 175 3423 11ῐ
184 3404 201 3423 τ
212 3406 226 3424 Λ
237 3418 244 3428 ,
265 3407 294 3425 aa
316 3397 333 3425 s.
356 3398 461 3433 [κςήτη.
481 3397 614 3432 κιμωλίη]
634 3397 716 3427 Terra
726 3398 787 3427 alba
804 3400 921 3428 &tenax
932 3421 941 3434 ‚
961 3409 977 3428 a
988 3396 1143 3430 Crescendo
1154 3400 1227 3431 die'ta
1238 3424 1247 3437 ‚

145 3441 174 3461 ut
184 3433 239 3461 vult
253 3434 389 3463 Perottus:
412 3437 542 3470 quoniam
551 3436 701 3472 proprietas
719 3437 778 3471 ejus
787 3437 824 3464 est
835 3458 842 3471 ‚
865 3443 895 3465 ut
906 3438 934 3465 in
948 3439 1114 3467 macerando
1127 3439 1246 3469 crescat:

144 3471 216 3505 quod
228 3471 253 3498 in
267 3472 360 3508 primis
370 3480 447 3500 cretze
457 3472 592 3501 Umbricae
602 3473 710 3501 accidit.
750 3474 836 3502 Cretze
847 3483 946 3511 genera
958 3476 1023 3504 vide
1035 3477 1109 3514 apud
1122 3474 1188 3506 Plin.
1198 3477 1246 3507 lib.

146 3516 188 3540 ³5.
203 3517 260 3544 cap.
278 3519 315 3542 17.

144 3544 223 3585 Creta
236 3545 350 3574 Asiatica.
380 3546 437 3575 Cic.
450 3556 499 3583 pro
514 3547 599 3576 Flacc.
617 3554 660 3582 37.
683 3547 747 3576 Haec
760 3558 818 3585 quae
829 3549 890 3578 esta
904 3547 985 3578 nobis
994 3551 1097 3586 prolata
1110 3551 1248 3587 laudatio,

163 3581 297 3617 oblignata
312 3591 368 3612 erat
378 3591 451 3612 creta
463 3584 507 3613 illa
520 3585 629 3612 Aliatica
639 3606 646 3617 ,
667 3594 725 3620 quae
736 3585 790 3614 sere
804 3607 812 3620 ,
831 3589 883 3615 dte.
924 3587 997 3616 Inter
1009 3588 1132 3619 Asiaticas
1142 3597 1247 3625 cretam,

165 3618 282 3647 Galenus
291 3619 378 3649 laudat
389 3629 488 3649 cretam
497 3622 651 3650 Cimoliam.

146 3653 260 3697 Cimolia
273 3663 343 3685 creta
353 3678 359 3689 .
380 3658 416 3685 est
426 3679 432 3690 .
454 3659 516 3692 Qua
527 3666 641 3687 utuntur
652 3661 775 3695 pannarii
789 3663 817 3691 in
834 3660 953 3691 lanificio
965 3684 973 3696 ,
993 3663 1026 3692 ad
1037 3663 1105 3695 lanae
1116 3664 1250 3698 duritiem

164 3691 364 3721 emolliendam.
389 3695 499 3724 Nebrill'.
524 3697 561 3724 Ue
572 3696 622 3724 liae
633 3698 695 3725 vide
707 3699 841 3729 Cin-iulius
857 3700 885 3727 in
900 3709 964 3728 eim
974 3709 1064 3732 0L18.

145 3727 227 3756 Exesii
241 3729 321 3763 nigris
332 3730 475 3766 chelydris.
499 3733 567 3769 Virg.
581 3745 604 3762 2.
619 3734 717 3770 Georg.
733 3745 795 3771 214.

147 3765 275 3794 Humida.
304 3766 364 3794 lior.
381 3768 464 3803 inpod.
482 3779 520 3797 12.
538 3780 577 3798 10.

147 3802 284 3844 figularis.
309 3803 374 3831 l'liri.
392 3804 427 3831 lib
449 3814 490 3839 ³¹-
504 3816 562 3843 erip.
578 3817 600 3842 3.
623 3809 655 3838 Et
667 3809 803 3841 Coluniel.
817 3810 970 3850 lib.6.cap.
984 3821 1026 3849 17.

147 3838 241 3867 Putris.
265 3839 436 3869 11111111111111.
454 3852 492 3870 ia.
505 3847 548 3871 6².

147 3875 252 3906 Sutoria
261 3884 340 3906 creta.
363 3877 391 3907 V.
413 3888 433 3906 »1
444 3888 457 3907 11
467 3889 482 3906 1.
492 3889 510 3908 Α
520 3888 539 3908 Ν
549 3890 630 3910 ‘rani
641 3893 671 3912 Λ.

1065 650 1108 681 De
1121 648 1174 678 hac
1193 646 1260 677 Dio-

1749 35 1778 70 C
1877 37 1908 72 R
1998 37 2014 72 1

1348 118 1454 148 Tenax.
1477 117 1549 155 Virg.
1567 128 1590 147 1.
1607 118 1707 154 Georg.
1725 125 1785 152 179.

1350 157 1455 186 Notare
1467 163 1547 184 creta.
1589 154 1656 184 Pers.
1671 166 1692 188 ς.
1706 155 1762 184 Sat.
1780 164 1840 191 107.
1863 155 1880 182 i.
1893 165 1917 183 e.
1940 155 2118 193 Approbare;
2141 162 2238 187 contra
2248 156 2376 186 Carbone
2390 162 2468 186 nota-

1369 202 1414 227 re,
1436 194 1581 222 Damnare.
1624 192 1722 220 Album
1733 193 1808 222 enini
1818 193 1853 221 ad
1861 193 1927 221 boni
1940 202 2067 223 naturam
2077 195 2236 231 pertinere,
2257 195 2468 232 censuiththa-

1374 240 1470 267 goras:
1494 231 1588 258 Atrum
1599 230 1632 257 ad
1647 230 1722 258 mali.

1352 268 1476 297 Solidare
1487 277 1576 297 aream
1587 274 1670 296 creta.
1695 267 1764 304 Virg.
1778 275 1799 296 1.
1814 267 1913 304 Georg.
1929 272 1990 297 162.

1353 306 1432 334 Creta
1443 316 1494 341 qua
1507 304 1577 334 fiunt
1586 305 1733 342 amphorae.
1756 304 1892 333 Columel.
1905 305 1953 335 lib.
1970 315 2010 335 12.
2027 315 2087 343 cap.
2102 315 2148 343 43.

1317 343 1338 372 C
1348 353 1362 370 R
1373 352 1386 370 ii
1396 347 1438 371 ΤΚ
1448 353 1464 372 c
1474 353 1486 371 ir.
1497 353 1513 371 11
1524 353 1551 377 s,
1576 352 1609 377 a,
1629 352 1686 371 uni.
1710 342 1770 376 Adi.
1794 344 1943 378 [κςηηιὸς]
1965 343 2050 379 Quod
2060 345 2097 373 est
2108 354 2142 373 ex
2156 349 2238 374 creta.

1352 380 1587 417 Cretaceasiligo,
1610 380 1678 415 Quae
1689 380 1773 409 crevit
1785 379 1887 408 inloco
1902 380 2018 410 cretoso.
2055 381 2121 410 Plin.
2134 382 2181 411 lib.
2198 387 2239 416 18.
2254 390 2314 419 cap.
2327 391 2353 417 9.
2376 381 2396 411 Ε
2417 381 2470 411 fili-

1371 418 1436 454 gine
1446 418 1606 447 lautiilirnus
1616 417 1694 455 panis
1705 439 1712 449 ,
1734 417 1962 454 pistrinarumque
1972 419 2253 456 operalaudatissima.
2294 419 2429 450 Praecellit
2438 420 2469 449 in

1373 456 1450 485 ltalia
1462 478 1469 490 ‚
1492 456 1507 484 si
1519 457 1658 492 Campana
1672 455 1732 483 Pisis
1742 454 1976 484 nataeinisceatur.·
1992 456 2075 485 rufior
2086 457 2133 486 illa
2144 479 2152 493 ,
2172 464 2201 486 at
2212 456 2304 487 Pisana
2313 457 2470 493 candidior,

1372 493 1549 531 ponderosior
1557 502 1622 522 vero
1629 499 1763 522 cretacea.

1316 530 1339 559 C
1349 540 1363 559 11
1373 541 1414 559 111·
1424 534 1439 560 Ti
1449 542 1464 559 R
1474 542 1483 559 i
1493 541 1510 559 u
1520 540 1549 566 s,
1571 541 1585 560 a
1596 552 1604 565 ‚
1620 540 1683 560 um.
1703 531 1765 565 Adj.
1787 535 1818 559 ut
1831 551 1840 565 ,
1861 529 2109 561 Cretariataberna.
2132 531 2213 561 Varro
2226 532 2253 561 L.
2266 532 2295 562 L.
2310 541 2335 568 7.
2353 539 2411 567 3ο.’

1318 567 1387 597 Cas
1396 579 1414 596 *r
1424 573 1440 597 ii·
1450 578 1469 596 ’1-
1478 579 1495 597 11
1505 579 1516 597 s
1525 590 1533 603 ,
1553 578 1568 597 3
1580 590 1587 602 ,
1609 578 1665 597 um.
1688 566 1850 603 [κςηπιτὲς]
1876 567 1951 596 aliud
1965 569 2024 603 Adj.
2047 569 2128 598 Creta
2137 569 2263 599 infestus.
2285 570 2351 599 Plin.
2365 569 2411 599 lib.
2424 570 2482 604 3ς.’

1355 616 1415 643 cap.
1429 612 1469 640 18.
1491 606 1669 642 Tantumque
1680 615 1739 634 non
1750 615 1815 634 cum
1825 605 1954 634 laureatis
1964 606 2080 636 fascibus
2095 607 2197 636 remitti
2207 607 2264 641 illo,
2277 608 2352 637 unde
2362 608 2474 637 cretatis

1353 645 1472 683 pedibus
1490 643 1672 673 advenissent.
1713 643 1848 679 intelligit
1863 643 1930 672 Plin.
1958 643 2074 673 Venales
2085 645 2224 681 quondam
2239 644 2329 674 servos
2342 667 2349 680 ,
2371 646 2418 683 qui
2433 646 2470 674 ad

1352 684 1473 713 summos
1497 683 1616 710 honores
1634 681 1789 711 libertatem
1807 681 1901 718 adepti
1922 681 2115 720 pervenissent.
2163 681 2240 711 Idem
2270 682 2317 711 lib.
2339 692 2381 718 35.
2407 691 2468 720 cap.

1355 731 1398 758 17.
1420 722 1462 750 Est
1472 722 1497 750 &
1507 720 1642 753 vilissima,
1665 729 1717 755 qua
1728 719 1839 748 Circum
1851 720 2010 756 praeducere
2023 720 2057 748 ad
2071 720 2192 749 victoriae
2205 726 2311 755 notam,
2332 720 2471 757 pedesque

1353 759 1493 789 venalium
1505 765 1578 786 trans
1589 767 1662 786 mare
1673 758 1855 787 advectorum
1865 757 1998 786 denotare
2010 757 2187 788 instituerunt
2200 759 2326 795 majores.
2338 757 2470 793 Juvens.

1350 797 1410 828 Sat.
1425 807 1485 826 111.
1507 796 1535 824 in
1547 795 1666 824 eandem
1674 795 1838 824 sententiam
1851 795 1922 823 dixit
1932 817 1939 828 ,

1432 834 1528 871 Nuper
1538 834 1566 862 in
1577 833 1650 861 hanc
1658 832 1756 863 urbem
1766 832 1885 871 pedibus
1895 833 1941 870 qui
1950 839 2064 863 venerat
2073 832 2152 864 albis.

1350 872 1472 909 Propert.
1490 883 1515 906 4.
1528 882 1552 907 ς.
1565 881 1606 905 ς2.

1350 911 1473 940 Ambitio
1485 916 1596 938 cretata.
1620 907 1688 938 Pers.
1701 919 1724 943 ς.
1738 908 1793 937 Sat.
1803 917 1864 945 ¹77·
1887 908 1905 937 i.
1921 918 1946 937 e.
1969 907 2111 945 Candida3
2134 918 2196 939 mos
2210 914 2268 939 erat
2280 909 2471 947 Magistratum

1369 949 1488 985 aliquem
1497 946 1685 976 ambientibus
1694 947 1841 976 circumire
1854 947 1882 975 in
1895 947 1967 975 veste
1981 947 2101 975 candida
2112 948 2136 976 δι
2147 953 2221 976 creta
2230 947 2319 977 indita
2332 946 2469 977 dealbata.

1367 986 1442 1016 Hinc
1454 985 1555 1014 Persius
1566 985 1749 1014 ambitionem
1760 991 1901 1014 cretatam.
1923 985 1943 1014 i.
1956 984 1982 1014 e}
2003 984 2161 1015 Candidam
2175 985 2255 1016 dixit.
2277 985 2310 1016 V.
2332 985 2471 1016 Candida.

1367 1031 1411 1054 tiis
1426 1034 1454 1052 in
1476 1032 1641 1052 caunos.

1347 1062 1401 1092 Bos
1410 1067 1528 1092 cretatus
1538 1082 1546 1095 ,
1567 1059 1792 1089 Candidiffimus.
1813 1060 1940 1097 Juvenal.
1955 1070 1998 1090 10.
2013 1061 2067 1090 Sat.
2081 1064 2127 1097 65.

1440 1100 1515 1129 Pone
1524 1099 1601 1127 domi
1614 1098 1704 1127 lauros
1714 1120 1722 1133 ,
1743 1098 1833 1128 ducin
1842 1098 1981 1137 Capitolia
1995 1109 2128 1137 magnum

1437 1137 1635 1173 Cretatumque
1651 1136 1753 1165 bovem
1764 1158 1772 1171 ‚
1797 1138 1849 1166 διο.

1346 1176 1475 1214 Crepidae
1483 1181 1601 1204 cretatae.
1623 1175 1640 1203 i.
1657 1184 1681 1203 e.
1704 1174 1846 1204 Candidae.
1868 1174 1984 1212 Septim.
2008 1173 2130 1204 Florens.
2151 1174 2342 1205 Tertullianus
2355 1174 2391 1205 de
2399 1172 2470 1206 Pali.

1365 1222 1490 1250 c.4.extr.
1514 1213 1620 1248 [immo
1632 1212 1771 1248 Graecatae,
1784 1219 1815 1242 ut
1830 1213 1860 1241 in
1871 1213 2004 1250 vulgatis,
2016 1213 2060 1242 vel
2075 1219 2106 1243 ut
2121 1223 2157 1243 ex
2169 1213 2246 1243 MSS.
2261 1213 2359 1251 Rigalt.
2371 1223 2402 1243 ac
2411 1212 2470 1244 Sal-

1364 1252 1429 1282 mas.
1452 1251 1578 1288 Crepidae
1589 1250 1744 1280 Graecatum
1754 1250 1911 1289 AEsculapio
1922 1250 2080 1281 adulantur.
2104 1251 2134 1282 V.
2155 1258 2214 1282 not.
2226 1250 2336 1283 Salmas.
2347 1261 2376 1290 p.
2389 1261 2453 1289 359.

1344 1290 1443 1320 Fasciae
1453 1295 1570 1318 cretatae.
1595 1288 1654 1317 Cic.
1667 1297 1693 1317 ².
1708 1289 1762 1317 Att.
1774 1297 1798 1325 3.
1819 1288 1851 1318 V.
1873 1299 1892 1318 n
1902 1299 1913 1318 1
1921 1298 1941 1318 A
1949 1299 1968 1318 n
1977 1299 1992 1319 11
2000 1300 2023 1319 M
2031 1299 2062 1320 A.

1344 1328 1450 1367 Mappa
1460 1333 1570 1357 cretata.
1593 1325 1712 1355 Martial.
1727 1326 1777 1355 lib.
1793 1335 1888 1362 ¹2²9·

1426 1366 1565 1395 Cretatam
1576 1364 1675 1393 Praetor
1684 1373 1770 1401 quum
1780 1364 1864 1394 vellet
1876 1365 1988 1394 mittere
1997 1375 2137 1405 mappam.

1307 1405 1449 1438 Uesuius,
1459 1414 1483 1439 a,
1501 1413 1555 1432 um.
1569 1402 1629 1438 Adj.
1643 1402 1728 1438 Quod
1738 1402 1768 1431 fit
1778 1412 1813 1431 ex
1822 1408 1905 1432 creta.
1919 1409 1959 1437 ut,
1974 1403 2071 1434 Cretea
2081 1402 2470 1441 ρε1Γοη3.Ι.ι1ῦ1-εῑ.11114298.

1425 1442 1471 1472 Sic
1481 1441 1594 1470 eliditur
1603 1462 1611 1476 ,
1633 1446 1664 1470 ut
1674 1440 1693 1469 si
1703 1441 1762 1477 quis
1776 1440 1853 1478 prius
1864 1463 1872 1473 ,
1890 1441 1968 1470 arida
1982 1451 2066 1479 quam
2078 1443 2110 1472 sit

1425 1480 1524 1509 Cretea
1532 1478 1664 1517 persona,
1684 1477 1791 1507 adlidat
1800 1478 1918 1516 pilaeve,
1940 1478 2048 1509 trabive
2059 1502 2067 1516 ,
2090 1482 2143 1510 Sec.

1308 1520 1332 1551 C
1341 1530 1356 1550 1³
1366 1529 1381 1549 11
1390 1528 1409 1547 T
1418 1522 1479 1547 osu
1488 1527 1500 1547 s
1512 1539 1520 1553 ‚
1540 1527 1556 1546 a
1567 1539 1575 1552 ,
1597 1526 1653 1545 um.
1677 1513 1839 1552 [κςηπόδὴε]
1858 1516 1934 1546 aliud
1946 1517 2006 1553 Adj.
2029 1518 2115 1554 Quod
2132 1523 2207 1548 creta
2219 1517 2353 1548 abundat.
2392 1517 2464 1549 Plin.

1344 1557 1393 1587 lib.
1411 1567 1452 1592 15.
1465 1565 1525 1593 cap.
1541 1560 1582 1589 18.
1605 1553 1676 1584 Cato
1691 1554 1727 1583 de
1737 1554 1796 1583 ficis
1808 1554 1845 1584 ita
1855 1560 2008 1592 memorat,
2029 1556 2110 1585 Ficos
2121 1556 2248 1586 mariscas
2260 1557 2289 1585 in
2300 1555 2364 1586 loco
2377 1562 2466 1586 creto-

1344 1595 1373 1625 so
1383 1601 1430 1625 aut
1438 1600 1534 1632 aperto
1545 1593 1636 1622 serito.
1661 1592 1694 1621 Et
1702 1592 1787 1621 Ovid.
1801 1601 1825 1629 7.
1846 1593 1915 1622 Met.
1928 1596 1992 1629 463.
2026 1593 2137 1623 Cretosa
2145 1603 2216 1623 rura.

1307 1635 1353 1665 CR
1362 1644 1375 1663 11
1385 1643 1405 1662 τ
1415 1643 1424 1661 1
1433 1643 1446 1661 i·
1455 1642 1471 1661 o
1483 1642 1500 1660 D
1511 1643 1520 1660 1
1530 1640 1549 1660 N
1561 1641 1580 1659 A
1592 1652 1599 1666 ‚
1615 1640 1645 1660 ae.
1667 1629 1685 1659 f.
1709 1629 1763 1659 Ubi
1774 1636 1849 1660 creta
1857 1631 1972 1660 foditur.
1995 1628 2107 1669 Ulpian.
2123 1631 2142 1662 l.
2156 1640 2182 1669 7.
2197 1632 2233 1662 de
2244 1630 2334 1661 soluto
2342 1632 2463 1662 matrim.

1343 1673 1365 1710 §.
1381 1681 1422 1706 14.
1437 1672 1463 1699 &
1478 1670 1495 1701 l,
1511 1669 1588 1706 13.§.
1606 1679 1629 1704 5.
1645 1668 1707 1705 Dig.
1723 1668 1758 1697 de
1770 1668 1852 1698 ususr.
1867 1670 1892 1698 &
1904 1669 2063 1706 quemadm.
2104 1685 2111 1693 ι

1306 1711 1328 1741 C
1336 1721 1353 1740 R
1362 1713 1377 1738 Ε
1386 1719 1405 1737 T
1415 1710 1432 1737 ti
1441 1719 1457 1736 L
1466 1718 1486 1737 A
1495 1729 1502 1742 ,
1523 1717 1554 1736 ae.
1576 1706 1595 1736 f.
1617 1707 1716 1735 dimin.
1739 1706 1797 1736 Cic.
1809 1709 1834 1736 6.
1847 1706 1923 1736 Verr.
1938 1712 1980 1742 58.
2002 1707 2099 1744 Quum
2107 1706 2239 1737 Valentio
2248 1707 2308 1743 ejus
2319 1707 2464 1745 interpreti

1342 1746 1457 1785 epistola
1467 1746 1614 1783 Agrigento
1626 1744 1709 1773 allata
1718 1744 1802 1778 esset,
1823 1744 1885 1775 casu
1901 1745 2007 1782 signum
2028 1745 2076 1775 iste
2095 1745 2333 1775 animadvertitin
2350 1745 2464 1776 cretula.

1342 1784 1460 1815 Cretula.
1481 1784 1499 1813 i.
1514 1793 1539 1812 e.
1561 1782 1647 1812 Terra
1655 1781 1960 1819 argillosa&candida‚
1982 1793 2036 1820 qua
2055 1789 2162 1814 veteres
2181 1784 2210 1812 in
2221 1783 2343 1821 epistolis
2358 1783 2467 1821 (ignari-

1342 1825 1386 1853 dis
1397 1823 1436 1851 uti
1447 1821 1571 1851 solebant
1585 1842 1593 1856 ,
1615 1820 1683 1849 sicut
1699 1822 1723 1850 81
1736 1829 1808 1850 cera.

1343 1860 1455 1891 Cretula
1464 1882 1472 1894 ,
1490 1859 1583 1888 Geniis
1594 1858 1704 1888 eoloris.
1746 1858 1814 1887 Plin.
1826 1858 1875 1888 lib.
1890 1868 1934 1895 35.
1944 1869 2004 1897 cap.
2016 1868 2043 1896 7.
2065 1859 2107 1889 Ex
2116 1859 2248 1889 omnibus
2259 1858 2399 1890 coloribus
2409 1869 2472 1890 cre-

1362 1899 1449 1929 tulam
1461 1907 1551 1927 amare
1562 1918 1571 1931 ‚
1591 1897 1704 1933 udoque
1714 1895 1787 1925 illini
1798 1897 1924 1927 recusant
1934 1898 2136 1936 purpurissum,
2157 1897 2286 1928 Indicum
2298 1918 2308 1933 ‚
2331 1899 2382 1928 &c.

1308 1938 1523 1971 CRETRRRA‚
1547 1935 1576 1964 V.
1599 1943 1811 1964 CRATERRA.

1306 1976 1329 2006 C
1338 1986 1353 2005 R
1363 1985 1377 2004 n
1386 1984 1406 2002 T
1415 1983 1434 2002 H
1445 1983 1458 2002 13
1469 1983 1486 2002 u
1496 1983 1508 2002 s
1518 1995 1526 2008 ‚
1546 1973 1603 2002 eos.
1626 1982 1662 2001 m.
1685 1972 1830 2008 [Κρηθεὺς]
1851 1972 1987 2012 dissyllab.
2010 1973 2094 2004 Filius
2111 1974 2165 2003 fuit
2182 1972 2254 2003 AEoli
2269 1995 2277 2007 ,
2297 1972 2374 2008 Jovis
2395 1972 2446 2002 filii
2455 1994 2466 2009 ,

1344 2013 1390 2050 qui
1403 2021 1437 2041 ex
1446 2011 1521 2048 Tyro
1533 2010 1674 2040 Salmonei
1684 2011 1772 2040 fratris
1783 2010 1839 2040 filia
1850 2011 1979 2041 AEsonem
1988 2012 2095 2048 genuit,
2115 2012 2337 2041 Alcimedontem
2351 2013 2377 2040 ἀ
2386 2012 2468 2049 Amy-

1341 2052 1476 2080 thaonem
1487 2071 1495 2085 ,
1515 2055 1547 2078 ut
1555 2049 1593 2078 est
1602 2049 1677 2086 apud
1689 2049 1843 2093 Homerum
1853 2071 1860 2082 ,
1882 2049 1954 2093 libro
1972 2049 2101 2087 Odyffeae
2120 2060 2162 2080 11.
2187 2049 2275 2080 Valer.
2291 2048 2365 2079 Flac.
2380 2058 2404 2080 1.
2419 2051 2466 2079 Ar-

1343 2098 1407 2127 ἕω·
1421 2097 1572 2159 &atheos
1593 2129 1623 2153 ut
1641 2087 2112 2167 p...1¹33Pffgssgginilssg'geel'sssiss‘gss?

1341 2164 1379 2194 ad
1394 2163 1515 2192 Iasonem
1528 2168 1678 2199 nepotem.

1305 2202 1432 2232 01111111
1443 2211 1455 2229 Ε
1466 2211 1474 2229 1
1485 2209 1524 2229 us
1537 2221 1544 2235 ,
1566 2209 1598 2232 a.
1622 2209 1677 2228 um.
1699 2200 1759 2236 Adj.
1783 2205 1829 2236 ut,
1849 2199 1932 2238 Virgo
1949 2200 2078 2231 Cretheia
2089 2223 2098 2237 ‚
2119 2200 2201 2231 Helle
2217 2200 2353 2231 Cretheos
2371 2199 2464 2239 neptis

1342 2239 1462 2273 dicitur,
1483 2247 1543 2274 quae
1555 2236 1737 2275 Hellesponto
1748 2238 1827 2267 dedit
1840 2247 1955 2268 nomen.
1976 2239 2067 2277 Valet.
2080 2248 2106 2269 2.
2118 2240 2215 2279 Argon.
2227 2242 2291 2270 612.

1432 2276 1574 2305 Undarum
1588 2275 1673 2304 decus
1685 2277 1709 2305 &
1726 2276 1816 2313 gentis
1827 2276 1955 2306 Cretheia
1969 2277 2056 2315 virgo.

1340 2313 1432 2344 Proles
1445 2313 1581 2343 Cretheia.
1604 2312 1693 2342 Valer.
1706 2314 1853 2351 Argonaut.
1866 2319 1892 2348 8.
1908 2324 1969 2344 112.

1305 2351 1328 2382 C
1337 2363 1353 2381 R
1364 2362 1405 2381 ετ
1415 2362 1434 2380 H
1445 2361 1490 2380 Mo
1502 2360 1537 2385 N,
1555 2352 1573 2379 i.
1595 2360 1623 2380 n.
1646 2348 1803 2387 [κςῖιθμρν]
1824 2352 1914 2388 inquit
1926 2352 2048 2382 Galenus
2057 2352 2106 2382 lib.
2119 2362 2144 2390 7.
2157 2351 2193 2382 de
2204 2351 2303 2390 Simpl.
2316 2351 2464 2382 medicam.

1342 2390 1436 2419 facult.
1458 2387 1626 2426 gustantibus
1634 2387 1731 2418 salsum
1742 2390 1794 2422 est.
1816 2399 1880 2419 cum
1890 2391 2177 2429 pauculaamaritate:
2200 2400 2281 2428 quam
2295 2389 2332 2418 ob
2350 2399 2408 2419 rem
2423 2390 2467 2419 via

1342 2428 1402 2464 ejus
1412 2428 1449 2456 est
1457 2426 1631 2456 exsiccatoria
1641 2449 1649 2460 ,
1670 2428 1695 2457 Sc
1707 2426 1874 2457 abstersoria.
1915 2428 2034 2466 Utraque
2043 2436 2136 2457 tamen
2147 2427 2315 2458 imbecillior
2325 2428 2354 2456 in
2370 2437 2404 2456 eo
2416 2427 2464 2462 est,

1340 2475 1421 2501 quain
1432 2466 1460 2493 in
1470 2465 1575 2494 amaris.
1618 2464 1685 2494 Plin.
1698 2464 1747 2495 lib.
1761 2469 1805 2495 26.
1820 2475 1882 2503 cap.
1896 2466 1946 2496 ult.
1967 2467 2084 2496 herbam
2100 2466 2279 2496 diciturilem
2289 2464 2467 2495 interioribus

1338 2503 1505 2532 feminarum
1518 2502 1631 2531 morbis.

1341 2541 1385 2571 Est
1399 2542 1423 2570 Sc
1435 2540 1580 2570 Crethmos
1590 2539 1697 2577 agrios,
1718 2541 1765 2577 qui
1778 2541 1896 2579 gramias
1909 2541 1984 2571 tollit
1993 2538 2305 2580 oculorumimpofitus,
2324 2546 2466 2571 tumorem

1323 2612 1326 2615 γ
1360 2588 1472 2615 quoque
1483 2578 1595 2615 polenta
1604 2578 1706 2608 addita.
1733 2579 1763 2607 V.
1785 2579 1908 2609 eundem
1922 2580 1990 2609 Plin.
2005 2580 2053 2609 lib.
2064 2590 2107 2612 at.
2122 2590 2152 2610 ca
2178 2603 2183 2609 .
2200 2590 2242 2617 13.

1305 2615 1328 2646 C
1337 2626 1352 2645 R
1363 2620 1380 2646 ἓ
1389 2626 1407 2645 T
1417 2626 1434 2645 H
1447 2626 1464 2645 0
1474 2626 1494 2644 N
1510 2638 1517 2651 ,
1540 2616 1672 2652 [Κρήθων]
1693 2618 1719 2646 Sc
1734 2616 1894 2647 Orsilochus
1905 2639 1913 2653 ,
1934 2618 1984 2647 filii
1997 2618 2073 2647 fuere
2083 2590 2197 2648 Dioclis.
2235 2617 2273 2648 Hi
2287 2627 2341 2647 una
2351 2626 2416 2646 cum
2425 2626 2465 2646 re-

1341 2655 1424 2691 liquis
1437 2654 1593 2683 Graecorum
1605 2654 1778 2691 principibus
1788 2655 1824 2683 ad
1837 2654 1952 2691 Trojam
1963 2655 2082 2694 profeeti
2101 2656 2164 2686 sunt
2181 2665 2216 2687 ex
2231 2655 2323 2685 Pheris
2340 2655 2465 2684 civitate..

1343 2693 1443 2721 Audtor
1455 2692 1590 2720 Homerus
1600 2691 1649 2721 lib.
1663 2691 1740 2721 iliad.
1755 2703 1777 2727 ς.
1791 2702 1815 2722 v.
1831 2702 1893 2728 541.

1305 2729 1327 2759 C
1339 2740 1355 2758 a
1364 2739 1378 2757 a
1387 2732 1426 2758 τί
1437 2739 1454 2758 c
1463 2739 1487 2763 iz,
1497 2738 1533 2758 es.
1548 2729 1566 2758 f.
1579 2729 1678 2765 Herba,
1689 2730 1816 2759 hibiscus.
1841 2730 1960 2766 Ρ1111.2ς.
1977 2737 2004 2765 8.
2023 2731 2100 2770 Apul.
2109 2732 2145 2761 de
2157 2730 2241 2762 Herb.
2253 2739 2314 2768 cap.
2327 2735 2370 2765 38.
2381 2731 2407 2760 81
2417 2732 2463 2759 62.

1304 2768 1515 2802 Camicus,
1538 2767 1816 2798 CRETIFODINA.
1839 2768 1871 2798 V.
1893 2779 2025 2800 csssTA.

1303 2805 1444 2834 CanTio
1459 2826 1467 2838 ,
1490 2804 1615 2834 Cizavi.
1653 2805 1684 2834 In
1706 2815 1834 2835 CERNO.

1303 2843 1325 2872 C
1334 2853 1348 2871 R
1358 2853 1371 2871 E
1379 2846 1397 2871 ῦ
1407 2853 1418 2871 s
1428 2853 1445 2873 A
1459 2864 1465 2877 .
1488 2852 1518 2871 ae.
1542 2843 1559 2871 s.
1583 2841 1725 2878 [xerse-a]
1747 2844 1875 2874 Creontis
1887 2844 2093 2874 Corinthiorum
2102 2845 2173 2882 regis
2188 2843 2244 2874 filia
2255 2865 2263 2878 ‚
2284 2852 2366 2880 quain
2374 2841 2463 2878 Iason.

1340 2881 1483 2917 repudiata
1498 2880 1596 2909 Medea
1611 2902 1618 2915 ,
1640 2891 1757 2910 uxorein
1771 2882 1861 2911 duxit.
1902 2883 1934 2912 Ei
1954 2883 2097 2920 indignata
2109 2883 2227 2913 Medea.
2248 2881 2377 2910 scriniola
2393 2890 2466 2917 quae-

1341 2919 1404 2947 dam
1417 2919 1494 2947 dono
1511 2918 1581 2947 misit
1591 2940 1599 2953 ,
1621 2919 1720 2955 quibus
1738 2921 1840 2956 apertis
1860 2920 1972 2950 flamma
1992 2921 2118 2958 protinus
2140 2921 2231 2956 exiit,
2251 2929 2312 2957 quae
2336 2917 2464 2949 Creusam

1341 2966 1407 2985 cum
1417 2963 1473 2985 tota
1485 2957 1557 2992 regia
1569 2955 1724 2986 Combuffit.
1749 2957 1870 2994 Propert.
1884 2958 1934 2987 lib.
1948 2968 1973 2988 2.
1988 2962 2030 2988 16.
2044 2968 2090 2994 29.
2262 2962 2264 2965 ’

1433 2993 1528 3030 Aspice
1540 2994 1607 3030 quid
1618 2994 1699 3023 donis
1708 2994 1838 3032 Eryphila
1846 2996 1955 3025 invenit
1963 2996 2063 3026 amaris
2071 3018 2080 3032 ‚

1477 3031 1609 3061 Arserit&
1621 3033 1729 3068 quantis
1742 3039 1830 3070 nupta
1847 3032 1945 3063 Creusa
1956 3033 2044 3063 malis.

1341 3069 1404 3099 Fuit
1422 3070 1447 3099 &
1463 3069 1579 3103 Creusa,
1602 3069 1694 3098 AEneae
1705 3080 1774 3099 uxor
1785 3093 1792 3104 ,
1815 3071 1890 3109 apud
1907 3071 1976 3109 Virg.
1990 3082 2016 3101 2.
2034 3071 2095 3102 AEn.
2107 3073 2173 3106 651.

1435 3107 1494 3136 Nos
1503 3114 1598 3136 contra
1613 3107 1689 3136 effusi
1700 3107 1827 3144 lacrymis
1837 3129 1845 3143 ,
1865 3110 2026 3145 conjuxque
2035 3108 2144 3138 Creusa.

1307 3145 1329 3174 C
1340 3155 1355 3173 R
1365 3155 1378 3173 13
1390 3155 1406 3173 u
1416 3154 1465 3174 sis
1477 3167 1484 3179 ‚
1506 3145 1644 3181 [κςεῦσις]
1667 3145 1812 3187 Oppidum
1826 3147 1864 3175 est
1874 3147 1901 3175 in
1912 3146 2035 3177 confinio
2047 3147 2171 3180 ssoeotiae‚
2191 3143 2344 3176 Locrorum
2356 3143 2464 3177 &AEto-

1343 3182 1448 3217 lorum,
1471 3188 1501 3211 ut
1513 3183 1655 3211 annotavit
1670 3182 1808 3214 Vadianus
1819 3184 1848 3213 in
1862 3184 1996 3223 Pompon.
2011 3185 2059 3214 lib.
2072 3194 2098 3214 2.
2114 3194 2137 3213 c.
2153 3193 2177 3219 3.

1304 3219 1350 3249 Cir.
1359 3229 1399 3249 ax
1408 3230 1426 3249 A
1439 3243 1448 3257 ,
1469 3219 1559 3250 Insula
1568 3220 1605 3250 est
1615 3221 1643 3249 in
1658 3220 1769 3258 Illyrico
1782 3244 1790 3257 ‚
1810 3220 1890 3258 cujus
1903 3223 2032 3252 meminit
2043 3222 2111 3252 Plin.
2123 3221 2172 3252 lib.
2184 3229 2210 3257 3.
2224 3230 2286 3259 cap.
2295 3230 2342 3252 21.

1756 3285 1784 3318 C
1874 3284 1906 3321 R
2000 3286 2015 3321 1

1306 3328 1329 3359 C
1341 3339 1355 3358 R
1366 3340 1375 3357 1
1386 3337 1502 3373 Aaou,
1523 3330 1540 3360 i.
1564 3341 1591 3360 n.
1613 3331 1759 3370 Oppidum
1777 3331 1806 3361 in
1829 3331 1934 3371 Libyco
1946 3355 1955 3368 ‚
1975 3333 2054 3370 juxta
2068 3333 2161 3363 lacum
2179 3331 2326 3368 Moeridi's,
2354 3331 2390 3360 de
2406 3339 2463 3368 quo

1344 3367 1411 3396 Plin.
1423 3367 1470 3397 lib.
1488 3380 1511 3403 ς.
1525 3379 1584 3406 cap.
1600 3380 1625 3405 9.
1651 3371 1678 3398 in
1689 3370 1875 3408 descriptione
1888 3371 1960 3401 Asiae.

1306 3405 1549 3441 Cainatcum,
1572 3407 1782 3442 Cirisiznco,
1802 3410 1854 3438 dcc.
1882 3408 1913 3438 V.
1935 3416 2106 3438 caranum.

1305 3442 1418 3510 Clkliidk
1431 3453 1494 3479 υΜ,
1516 3445 1533 3473 i.
1557 3454 1584 3474 n.
1607 3442 1750 3481 [mim-mov,
1775 3444 1896 3482 λίνιμΘυ,
1921 3445 2091 3481 σινιοιτῆμσν]
2110 3444 2254 3475 Pistorlum
2276 3452 2332 3474 vas.
2374 3442 2462 3474 Plaut.

1370 3491 1386 3510 u
1409 3503 1415 3510 .
1433 3491 1454 3510 1.
1468 3491 1492 3510 2.
1510 3492 1552 3518 ¹4·

1436 3518 1533 3548 Villam
1544 3519 1724 3556 integundam
1737 3519 1863 3557 intelligo
1875 3526 1961 3550 totam
1976 3520 2064 3552 mihi:

1434 3555 1504 3586 Nam
1517 3557 1781 3595 nuncpellucetea,
1802 3568 1884 3595 quam
1906 3559 2026 3588 cribrum
2047 3557 2178 3588 crebrius.
2260 3554 2277 3585 1.
2290 3565 2313 3586 e.
2335 3554 2463 3586 Plurimis

1340 3592 1413 3622 locis
1425 3603 1456 3622 ac
1473 3594 1578 3631 passim.
1620 3596 1677 3624 Cic.
1688 3603 1712 3624 2.
1727 3595 1761 3624 de
1774 3594 1865 3626 Divin.
1878 3607 1922 3632 59.
1943 3597 2026 3633 Quasi
2035 3607 2100 3626 vero
2111 3596 2259 3633 quicquam
2269 3594 2384 3630 interfit,
2402 3603 2463 3623 mu·

1342 3640 1384 3660 res
1394 3652 1401 3665 ,
1424 3631 1498 3660 diem
1511 3633 1621 3661 noctem
1641 3632 1745 3670 aliquid
1758 3634 1887 3663 rodentes
1899 3656 1907 3669 ‚
1928 3633 2002 3664 scuta
2014 3644 2049 3664 an
2059 3633 2148 3664 cribra
2159 3631 2330 3663 corroserint.

1342 3668 1540 3697 Carnificinum
1553 3670 1684 3699 cribrum.
1708 3670 1792 3699 Plaut.
1810 3671 1890 3701 Most.
1907 3681 1929 3700 1.
1947 3682 1967 3701 1.
1982 3681 2023 3706 52.

1435 3706 1461 3734 O
1473 3707 1664 3738 cnrnifieinum
1679 3708 1800 3737 cribrum
1814 3730 1821 3740 .
1843 3710 1910 3745 quid
1920 3710 2003 3738 credo
2012 3708 2079 3738 fore.
2158 3706 2196 3737 Al.
2219 3705 2397 3737 Carnificum.
2421 3704 2464 3735 De

1361 3743 1476 3772 homine
1487 3744 1557 3773 dixit
1567 3766 1574 3779 ,
1598 3746 1677 3781 cujus
1688 3746 1768 3783 pellis
1777 3746 1842 3776 loris
1853 3749 1879 3777 δι
1890 3747 1973 3785 virgis
1982 3747 2019 3777 ita
2030 3745 2168 3785 perforata
2183 3745 2222 3776 est
2231 3766 2240 3782 ,
2262 3751 2292 3776 ut
2309 3744 2390 3775 cribri
2405 3744 2465 3782 spe-

1367 3781 1437 3809 ciem
1451 3781 1581 3811 exhibere
1591 3784 1726 3812 videatur.

1344 3817 1512 3848 Farinarium
1527 3820 1657 3849 cribrum.
1681 3821 1746 3850 Plin.
1763 3826 1803 3855 ¹8·
1819 3831 1861 3851 11.

1345 3855 1524 3889 Pollinarium
1534 3857 1663 3889 cribrum.
1686 3858 1773 3890 Plaut.
1783 3860 1860 3891 Poen.
1876 3869 1903 3898 3.
1917 3870 1941 3892 ι.
1957 3867 2000 3890 ιο.

2211 2124 2302 2156 Verba
2311 2124 2375 2154 sunt
2383 2122 2468 2154 Pelia

2360 3893 2464 3925 Rarum

2234 832 2266 863 V.
2286 832 2422 863 Broeclth.
2434 833 2472 864 ad
2504 826 2506 830 ⁵

2575 2047 2604 2638 *ua-..ecmaffissamfflssw
2594 2031 2597 2034 .
2600 1901 2601 1905 .
2600 1883 2604 1885 .
2595 1864 2597 1866 ·
2590 1787 2604 1834 «;--»

2577 3577 2582 3587 -
2575 3530 2583 3543 -.
2578 3450 2598 3517 *⁶:⁵³⁴
2585 3366 2604 3439 (ἵν-φ...
2586 3342 2587 3346 ⁴
