2600 4177
17 1950 20 1975 l

18 2019 21 2034 ι

19 2037 21 2061 i

71 204 174 240 aliquid
195 212 351 248 requireret.
392 209 461 238 Cum
485 214 578 238 autem
593 210 720 238 omniurn
739 219 828 239 rerum
848 209 980 240 summam
1001 212 1163 249 potestatem

69 246 154 276 Caeiar
164 249 234 277 solus
245 248 384 281 obtinuit,
407 247 504 275 Cicero
516 256 530 274 a
543 245 613 283 Rep.
627 247 653 274 in
666 257 718 282 qua
729 247 798 276 nihil
811 249 901 284 potuit
919 271 926 282 ,
949 249 974 278 se
992 252 1113 288 recepit,
1136 252 1161 279 Sc

68 291 99 313 ut
111 286 167 319 ait,
191 286 226 314 de
238 286 295 315 Off.
309 296 331 313 ι.
348 295 371 313 2.
390 294 454 312 curn
471 284 615 312 dominatu
627 285 707 313 unius
720 286 812 313 omnia
823 293 983 316 tenerentur
996 310 1002 320 ,
1025 298 1114 324 neque
1125 287 1163 316 es-

69 321 109 350 set
117 323 228 356 usquam
240 322 353 351 consilio
364 329 411 350 aut
421 321 575 350 auctoritati
587 321 663 350 locus
676 344 683 355 ,
705 323 738 351 ad
754 322 956 360 Philosophiam
967 347 974 358 ,
990 327 1033 353 cui
1045 326 1164 353 multum

70 359 228 389 adolescens
241 360 362 388 discendi
377 358 455 387 causa
475 359 608 395 temporis
625 359 773 393 tribuerat,
795 360 821 388 se
843 361 955 392 retulit.
978 364 1003 391 &
1025 362 1164 399 sapientiae

65 397 190 426 studium
200 397 284 434 longo
297 395 441 426 intervallo
456 395 638 424 intermissum
648 397 992 428 revocavit.Conf.Tusc.1.
1013 401 1039 429 δι
1051 400 1086 429 de
1101 400 1162 428 Nat.

70 433 153 464 Deor.
168 445 190 464 r.
202 435 230 463 in
242 435 330 472 princ.
354 434 455 470 Expers
466 442 558 462 tamen
573 434 774 469 conjurationis
785 436 812 463 in
825 435 953 465 Caesareni
965 437 1026 472 fuit,
1041 438 1087 466 etsi
1102 437 1166 466 Bru-

69 479 99 501 to
111 473 230 501 amicitia
239 474 264 501 &
275 471 475 500 necessitudine
486 470 631 500 arctissime
645 473 810 507 conjunctus
826 472 902 502 esset.

51 508 112 540 Post
124 509 232 539 Caesaris
243 518 362 538 mortem
379 509 512 538 Antonius
523 509 589 537 odio
599 509 782 546 intemperato
797 510 961 540 Ciceronem
974 511 1140 549 prosequeris
1156 533 1165 545 ,

71 547 158 577 multa
172 547 268 576 acerba
279 554 373 576 contra
383 556 447 575 eum
460 546 535 575 fecit.
574 546 670 575 Cicero
690 547 806 576 vicissim
821 549 932 577 Antonii
943 550 1081 578 furon'bus
1095 550 1167 578 resti-

71 586 105 614 tit
115 585 294 614 Orationibus
303 583 463 621 Philippicis
473 583 589 612 inillum
602 583 710 621 scriptis
722 606 729 618 ,
752 586 777 614 δι
791 592 880 621 partes
901 587 965 615 Caes.
990 588 1100 616 Octavii
1111 597 1167 616 am-

70 622 168 662 plexus
181 623 234 652 est:
252 623 298 660 qui
308 622 403 651 consul
413 622 499 650 sactus
509 621 671 651 Ciceronem
680 621 770 651 valere
781 623 862 658 jussit,
874 633 992 661 eumque
1005 626 1071 653 odio
1085 626 1110 654 &
1121 626 1167 653 irae

73 660 184 690 Antonii
198 660 393 698 ingratissimus
414 660 524 695 objecit.
567 659 637 688 Cuni
650 659 737 688 Caesar
747 681 755 693 ,
777 662 912 690 Antonius
933 663 957 690 δι
980 662 1015 691 Le
1026 663 1099 691 sidus
1113 662 1171 692 Ro-

71 707 185 728 manum
203 698 356 736 Imperium
372 697 444 726 inter
463 697 489 726 se
508 696 675 731 diviserunt,
698 699 723 727 ἃ
746 698 879 727 convenit
895 706 925 727 ut
947 700 994 737 ipsi
1022 700 1167 729 sriumviri

73 737 140 773 reip.
153 736 352 765 constituendae
362 745 410 773 per
423 734 643 772 quinquennium
654 735 756 768 esl‘cnt,
777 736 907 765 statutum
923 737 960 765 est
979 745 1008 766 iit
1022 738 1083 766 suos
1100 737 1169 774 quis-

74 783 126 810 que
137 774 265 803 inimicos
276 773 475 811 proscriberet,
495 781 547 801 nec
558 772 722 801 Ciceronem
733 773 766 800 ab
774 772 827 802 hac
836 774 1036 811 proscriptione
1045 776 1168 804 eximere

94 811 185 840 lacuit.
226 812 292 848 Quo
308 811 380 840 facto
392 833 400 845 ‚
421 810 490 847 fugit
506 809 555 839 ille
568 809 657 849 Roma
671 831 679 845 ,
702 811 728 839 Sc
751 810 785 838 ad
808 811 932 840 Caietam
952 813 1092 849 proscenis
1118 814 1167 842 est.

70 821 240 878 Percuffores
250 858 315 878 vero
326 848 360 878 ab
379 848 501 878 Antonio
523 847 613 881 missi,
635 848 799 876 Ciceronem
816 849 845 876 in
864 848 963 878 lectica
982 851 1167 885 invenerunt,

71 885 203 923 squaloris
212 887 329 925 plenum
342 908 349 921 ,
370 888 396 916 &
406 885 508 923 capillo
520 884 636 914 demisso
647 906 655 919 ‚
675 885 821 921 macieque
837 885 873 914 ob
890 886 1082 918 solicitudines
1101 898 1168 917 con-

71 924 174 954 fectum
187 935 195 959 3
218 924 322 954 occisus
332 924 370 954 est
380 924 503 962 praebens
516 924 654 952 cervicem
668 929 744 951 extra
762 922 887 965 lecticam
900 946 908 959 ,
930 935 995 954 cum
1007 936 1111 954 annum
1131 926 1169 954 se-

72 962 237 999 xagesimum
248 969 374 999 quartum
387 968 486 999 ageret.
525 960 712 989 Praeciderunt
721 960 761 989 illi
773 961 842 996 jussu
858 962 970 991 Antonii
980 970 1064 1001 caput
1075 965 1101 993 &
1115 973 1171 993 ma-

71 1009 138 1030 rium
146 1000 270 1029 dextram
281 1022 289 1035 ‚
312 1009 365 1037 qua
375 999 540 1036 Philippicas
550 997 699 1034 scripserat.
739 998 811 1027 Cum
824 1000 948 1028 membra
961 1001 1103 1030 Ciceronis
1116 1001 1170 1030 Ro-

72 1047 145 1068 mam
156 1038 246 1067 delata
258 1038 344 1067 essent
356 1058 364 1072 ,
387 1037 521 1066 Antonius
530 1057 537 1071 ‚
560 1036 605 1072 qui
617 1042 677 1064 tum
687 1036 757 1065 forte
767 1037 881 1066 comitia
890 1038 1028 1074 habebat,
1050 1039 1085 1068 iis
1096 1038 1168 1074 visis,

71 1074 237 1105 exclamavit
246 1075 472 1112 Proscriptionem
485 1074 542 1109 jani
551 1075 690 1111 peractam
704 1073 776 1109 esse;
800 1080 884 1111 caput
899 1081 992 1105 autem
1007 1078 1034 1105 &
1053 1086 1169 1106 manum

70 1123 122 1158 pro
133 1113 223 1142 rostris
237 1114 305 1150 poni
316 1112 389 1149 jussit
401 1133 410 1147 ,
432 1118 462 1141 ut
473 1111 548 1140 unde
563 1112 591 1139 in
604 1110 692 1149 ipsum
705 1111 788 1140 verba
801 1112 905 1141 faciens
926 1115 1037 1143 auditus
1061 1114 1150 1143 fuerat
1161 1135 1170 1150 ,

71 1151 110 1180 ibi
122 1160 152 1179 ca
176 1158 205 1180 ut
213 1152 272 1186 ejus
283 1160 347 1180 cum
366 1159 451 1179 manu
474 1148 696 1186 conspiceretur:
719 1148 906 1186 spectaculum
925 1152 1039 1188 quidem
1059 1151 1172 1180 horren-

72 1189 141 1218 dum
174 1189 282 1218 omanis
294 1211 302 1223 ,
323 1189 371 1225 qui
390 1189 444 1223 (ut
453 1187 490 1216 ait
501 1186 681 1222 Plutarchus)
703 1186 730 1215 se
743 1196 802 1215 non
815 1187 960 1218 Ciceronis
970 1189 1079 1218 vultum
1092 1211 1100 1225 ,
1123 1188 1170 1219 sed

69 1226 218 1264 imaginem
232 1226 317 1256 animi
330 1226 442 1255 Antonii
456 1225 551 1254 videre
563 1224 707 1262 putabant.
747 1225 832 1261 Quod
854 1226 994 1263 eleganter
1016 1227 1057 1256 his
1079 1227 1171 1257 verbis

69 1264 200 1302 expressit
213 1286 221 1299 ,
241 1265 277 1293 de
289 1264 425 1293 Cicerone
439 1264 464 1292 8ι
476 1262 661 1292 Demosthene
675 1262 791 1299 loquens
800 1284 807 1297 ,
829 1262 929 1298 Juven.
940 1265 995 1294 Sat.
1007 1274 1051 1295 10.
1066 1270 1129 1300 118.

141 1302 261 1339 Eloquio
270 1302 316 1331 sed
327 1308 441 1338 uterque
453 1300 526 1338 perit
534 1309 628 1329 orator
639 1321 648 1335 ‚
670 1308 817 1337 utrumque

140 1338 244 1377 Largus
255 1341 281 1369 ἃ
292 1339 436 1368 exundans
448 1339 505 1367 leto
515 1337 593 1367 dedit
608 1339 714 1375 ingenii
725 1338 798 1367 fons.

142 1377 261 1415 Ingenio
272 1386 370 1406 manus
383 1377 420 1406 est
429 1377 455 1405 3<
466 1375 560 1405 cervix
575 1375 641 1405 caesa
650 1398 659 1410 ‚
680 1385 732 1405 nec
742 1385 865 1413 unquam

142 1415 282 1452 Sanguine
298 1414 438 1444 cauffidici
457 1413 626 1443 maduerunt
642 1414 727 1443 rostra
740 1414 840 1451 pusilli.
966 1414 1120 1453 Repertum
1133 1416 1173 1446 est

71 1458 103 1484 ut
112 1453 189 1482 aiunt
203 1454 232 1482 A.
245 1452 278 1482 D.
290 1464 311 1481 M
322 1462 340 1481 o
352 1462 368 1481 x
378 1463 411 1481 ω
422 1462 439 1481 ν
447 1474 456 1487 ,
478 1451 623 1482 Ciceronis
631 1452 714 1481 nostri
726 1457 940 1481 monumentum
951 1452 1023 1482 hanc
1037 1454 1173 1484 exhibens

71 1491 153 1521 Inscri
177 1491 302 1526 tionem,
333 1490 374 1520 M.
398 1488 507 1519 TVLLI
528 1489 665 1519 CICERO
688 1489 784 1519 HAVE
812 1489 859 1519 ET
887 1490 935 1519 TV
957 1491 1091 1521 TERTIA
1113 1492 1174 1522 AN-

71 1528 153 1559 TON
169 1530 204 1563 A,
226 1538 291 1558 cum
311 1538 380 1557 urna
398 1527 530 1565 inscripta
548 1527 639 1556 verbis
666 1527 754 1557 MAR.
775 1527 878 1557 TVLL.
907 1527 990 1563 AVE,
1012 1531 1038 1559 &
1063 1528 1174 1559 vasculo

71 1566 246 1604 excipiendis
259 1566 395 1604 lacrymis.
417 1564 476 1602 [vel
485 1565 580 1602 potius
592 1565 796 1603 Unguentario]
817 1565 847 1594 V.
861 1564 1100 1596 Fabric.Biblioth.
1115 1568 1172 1597 Lat.

71 1604 118 1635 lib.
126 1614 148 1634 i.
160 1610 249 1642 cap.8.
260 1606 286 1634 ἂ
294 1602 518 1642 Supplem.conf.
531 1605 593 1632 Aur.
599 1603 667 1632 Vici.
681 1603 716 1633 de
725 1603 795 1632 Viris
806 1602 903 1632 Illustr.
916 1610 1026 1641 cap.81.
1040 1606 1066 1635 &
1075 1605 1174 1644 Elogia

72 1642 218 1681 magnifica
226 1641 325 1672 Velleii
339 1652 362 1672 1.
380 1651 423 1679 17·
438 1643 465 1671 ἃ
478 1650 505 1671 2.
517 1644 562 1671 26.
579 1641 697 1678 Quintil.
715 1649 738 1678 3.
750 1650 774 1671 i.
788 1642 814 1671 δε
828 1651 871 1671 10.
883 1651 907 1671 ι.
922 1643 948 1671 &
961 1651 1004 1672 12.
1017 1652 1041 1673 1.

249 1731 363 1774 Scripta
385 1732 545 1772 Ciceronis,
571 1741 636 1777 quae
654 1727 736 1763 hodie
752 1730 884 1774 exstant,
904 1730 981 1773 sum

56 1835 82 1857 1.
102 1824 177 1856 Libri
186 1826 259 1862 duo,
280 1827 329 1864 qui
339 1827 423 1865 vulgo
433 1827 461 1854 de
474 1824 820 1854 Inventioneinscribuntur
830 1846 839 1860 ,
860 1826 887 1855 ἃ
902 1825 952 1855 soli
968 1826 1056 1857 tulere
1067 1832 1176 1856 aetatem

72 1874 89 1893 e
99 1864 176 1894 libris
186 1872 303 1902 quatuor
313 1887 321 1900 ,
342 1875 411 1903 quos
422 1866 525 1894 fecerat
535 1863 694 1893 adolescens
708 1864 743 1892 de
753 1872 810 1894 arte
819 1863 978 1894 Rhetorica.
1006 1865 1080 1895 conf.
1102 1864 1174 1896 Voss.

73 1904 110 1931 de
123 1903 184 1932 Nat.
197 1903 351 1932 Rhetoricae
363 1913 423 1941 cap.
437 1911 477 1938 13.

53 1949 82 1970 2.
105 1940 212 1978 Dialogi
221 1948 275 1970 tres
286 1942 314 1968 de
323 1945 430 1968 Oratore
442 1940 476 1969 ad
488 1939 626 1976 Quintum
636 1937 769 1968 Fratrem.

55 1987 81 2015 3.
102 1978 203 2008 Brutus
211 2000 219 2014 ‚
239 1979 292 2008 sive
300 1979 370 2008 liber
379 1980 408 2006 de
418 1979 499 2005 Claris
508 1976 665 2006 Oratoribus.

54 2027 82 2052 4.
104 2020 198 2043 Orator
209 2037 217 2047 ‚
237 2017 290 2046 sive
302 2019 338 2046 de
349 2017 458 2054 optimo
468 2024 567 2053 genere
583 2014 715 2050 dicendi,
736 2014 772 2044 ad
782 2013 823 2045 Μ.
834 2013 960 2045 Brutum.

58 2064 82 2090 ς.
107 2056 193 2090 Topica
203 2054 237 2083 ad
245 2054 407 2083 Trebatium
419 2054 435 2090 J
438 2054 530 2083 Ctum.

55 2096 83 2121 6.
104 2095 144 2118 De
154 2094 291 2119 Partitione
299 2095 419 2120 oratoria
430 2090 572 2128 Dialogus.

55 2137 83 2168 7.
104 2133 142 2156 De
151 2132 249 2164 Optimo
258 2137 476 2165 genereoratorum
486 2129 576 2158 brevis
584 2126 734 2165 disputatio
744 2150 752 2163 ,
773 2137 855 2166 quam
874 2128 972 2159 Cicero
993 2128 1101 2168 Prologi
1116 2130 1178 2160 vice

72 2167 237 2205 praemiserat
248 2167 427 2197 Orationibus
437 2167 581 2197 contrariis
593 2166 786 2196 Demosthenis
799 2168 825 2196 δι
836 2166 971 2197 AEschinis
983 2189 991 2202 ‚
1011 2167 1106 2197 Latine
1120 2179 1135 2198 a
1152 2168 1179 2198 se

73 2205 218 2234 conversis.
241 2205 320 2235 Hanc
330 2205 482 2235 versionem
494 2203 602 2243 periisse
610 2204 790 2233 vehementer
798 2204 955 2246 dolendum
966 2205 1003 2234 est
1014 2228 1021 2240 ‚
1042 2207 1176 2242 quoniam

73 2242 170 2273 Cicero
181 2243 241 2273 illas
252 2243 400 2274 Orationes
409 2265 418 2278 ,
431 2243 509 2273 velut
521 2242 670 2279 Exemplar
684 2243 790 2277 Atticae‚
805 2242 987 2286 ejusdemque
1005 2244 1181 2288 consumma-

71 2280 176 2310 tiffimae
188 2281 357 2318 eloquentiae
367 2304 375 2318 ,
396 2282 432 2311 de
447 2280 579 2311 industria
592 2279 743 2317 delegerat,
765 2290 798 2310 ac
811 2280 945 2310 Romanis
956 2281 1009 2311 suis
1023 2282 1058 2311 ad
1068 2283 1181 2312 imitan-

76 2318 143 2348 dum
151 2319 339 2358 proposuerat.
849 2356 854 2362 ¹
870 2356 876 2362 .
1156 2359 1162 2365 ·

55 2361 83 2392 3.
103 2356 177 2386 Libri
187 2365 306 2394 quatuor
315 2360 349 2386 ad
357 2361 388 2386 C.
400 2357 554 2385 Herennium
567 2361 717 2393 cognatum
737 2365 769 2385 ac
788 2355 956 2386 familiarem
975 2356 1064 2387 suum.
1105 2358 1178 2395 Quis

75 2394 106 2424 sit
115 2394 228 2431 hujusce
240 2396 331 2434 operis
343 2405 422 2426 verus
432 2405 464 2425 ac
474 2394 647 2424 indubitatus
659 2395 757 2423 auctor
766 2415 774 2428 ,
798 2394 871 2423 inter
890 2394 989 2424 doctos
1004 2405 1062 2425 non
1076 2406 1179 2426 conve.

73 2432 123 2462 nit.
162 2433 289 2471 Plerique
297 2433 393 2464 Tullio
407 2433 457 2463 hos
465 2433 552 2462 libros
561 2431 694 2469 abrogant
707 2453 716 2467 ,
738 2431 920 2468 tribuuntque
930 2433 974 2462 vel
983 2433 1012 2463 L.
1024 2433 1177 2464 Cornificio

73 2471 142 2509 patri
155 2492 162 2505 ,
183 2472 219 2500 ad
231 2482 314 2509 quem
327 2472 471 2502 Ciceronis
486 2470 614 2508 Epistolae
625 2475 738 2504 extant,
760 2469 805 2499 vel
824 2469 854 2499 L.
871 2469 1021 2500 Cornificio
1032 2471 1107 2507 filio,
1130 2473 1178 2510 qui

73 2508 109 2538 de
118 2508 269 2539 Rhetorica
279 2516 336 2540 arte
347 2509 477 2548 scripsisse
490 2518 506 2538 e
523 2507 703 2545 Quintiliano
713 2507 889 2544 intelligitur,
909 2509 954 2538 vel
967 2508 1096 2539 Ciceroni
1106 2509 1176 2547 filio,

73 2546 116 2577 vel
128 2546 239 2577 Laureae
251 2547 286 2578 T.
298 2547 440 2578 Ciceronis
451 2547 553 2576 liberto
565 2568 573 2581 ,
595 2545 641 2583 qui
660 2545 718 2583 ipse
729 2545 828 2575 Cicero
840 2546 1003 2582 vocabatur,
1022 2547 1067 2578 vel
1083 2548 1178 2578 Tullio

73 2583 192 2621 Tironi,
215 2595 298 2620 quem
308 2587 380 2615 inter
391 2585 527 2615 Rhetores
536 2590 694 2613 memorant
702 2583 807 2613 Plinius
827 2593 861 2614 ac
879 2585 1030 2616 Suetonius
1043 2607 1052 2621 ,
1073 2586 1177 2625 aliique

74 2621 141 2652 aliis.
163 2623 195 2653 V.
216 2623 324 2653 Fabric.
338 2624 470 2653 Biblioth.
487 2623 544 2652 Lat.
557 2622 576 2651 l.
585 2631 610 2651 c.

53 2669 81 2698 9.
101 2662 231 2689 Orationes
247 2662 447 2700 quinquaginta
459 2662 485 2691 &
505 2670 619 2690 novem.

23 2721 26 2726 ,
58 2707 101 2728 ιο.
119 2698 282 2735 Epistularum
295 2698 359 2729 libri
369 2700 482 2737 triginta
493 2700 519 2729 ἃ
531 2698 593 2733 sex,
615 2696 716 2726 scil.ad
727 2696 886 2727 Familiares
905 2707 987 2736 xvr,
1009 2699 1044 2728 ad
1055 2700 1179 2731 Atticum

84 2745 146 2765 xvi
155 2758 164 2771 ,
185 2737 220 2767 ad
231 2737 267 2773 Q.
280 2737 400 2767 Fratrem
415 2749 424 2766 1
435 2748 444 2766 1
454 2748 463 2765 i
473 2759 481 2771 ,
503 2736 538 2766 ad
553 2735 595 2766 M.
607 2735 722 2764 Brutum
731 2734 801 2765 liber
812 2745 893 2765 unus.

68 2782 110 2804 11.
132 2774 172 2804 Ex
185 2776 390 2803 Academicarum
399 2775 564 2813 Qastionum
576 2773 652 2802 libris
671 2780 807 2808 quatuor,
829 2783 898 2811 quos
916 2774 951 2803 ad
972 2774 1013 2805 Μ.
1027 2774 1181 2808 Varronem

83 2810 199 2850 scripsit,
222 2813 329 2843 exstant
339 2814 445 2856 primus
455 2814 482 2843 &
495 2818 617 2850 quartus.
657 2810 715 2840 Nisi
727 2818 855 2848 quartum
867 2812 1005 2842 malumus
1019 2813 1073 2843 esse
1087 2814 1184 2845 secun-

0 2859 4 2878 :
29 2877 33 2890 7
83 2850 150 2880 dum
160 2851 258 2889 primae
270 2851 420 2886 editionis,
442 2851 596 2880 abauc‘tore
604 2848 768 2886 inscriptum
784 2851 907 2879 Lucullus.
948 2850 1026 2880 Duos
1043 2854 1119 2882 enim
1138 2853 1183 2882 Li.

83 2886 146 2918 bros
167 2889 346 2919 Academicos
367 2889 440 2926 prius
460 2888 601 2926 scripserat
620 2886 718 2916 Cicero
729 2909 737 2921 ,
765 2888 887 2913 Catulum
904 2889 1082 2931 &Lucullum
1123 2891 1183 2921 Hos

85 2926 187 2955 deinde
196 2927 316 2957 contulit
327 2928 357 2957 in
367 2927 464 2957 Libros
475 2934 593 2963 quatuor
604 2947 612 2960 ,
634 2926 660 2954 ἅ
674 2925 709 2953 ad
722 2924 873 2968 Varronem
884 2928 963 2955 milit.
1003 2926 1096 2957 Postea
1109 2929 1181 2959 duos

84 2974 193 3001 quoque
204 2965 268 2995 illos
277 2966 367 2995 edidit
378 2964 520 3004 praemiffis
529 2964 610 2993 novis
621 2963 765 3001 prooemiis
773 2984 782 2998 ,
804 2962 905 3000 quibus
914 2963 1027 2993 Catulus
1044 2967 1070 2995 &
1080 2965 1181 2996 Lucul-

83 3001 125 3032 lus
134 3002 291 3033 laudantur.
333 3003 364 3033 V.
387 3004 467 3041 Epist.
482 3003 517 3032 ad
527 3002 602 3032 Fam.
614 3011 639 3036 9-
651 3006 677 3034 8.
699 3001 734 3044 ad
748 3002 801 3030 Att.
818 3009 859 3036 13.
876 3009 918 3037 13.
931 3003 956 3036 &.
969 3010 1012 3037 3²·

68 3048 110 3070 12.
132 3045 170 3068 De
184 3041 280 3068 Finibus
289 3041 405 3069 bonorum
416 3041 449 3074 ό»
461 3041 583 3068 malarum
592 3039 656 3069 libri
668 3048 792 3076 quinque
802 3039 837 3067 ad
851 3038 890 3068 Μ.
904 3038 1028 3069 Brutum.
1051 3040 1182 3077 Quorum

83 3079 172 3116 primo
184 3079 294 3116 Epicuri
302 3079 439 3109 sententia
447 3078 607 3117 exponitur,
619 3086 701 3114 quam
714 3076 817 3106 refellit
826 3075 982 3120 secundusf
1004 3079 1101 3108 tertius
1111 3079 1184 3109 Stoi-

81 3125 178 3146 corum
189 3117 321 3155 dogmata
330 3117 453 3156 explieat
462 3139 469 3152 ,
490 3126 551 3154 quae
563 3116 592 3144 in
602 3120 698 3152 quarto
709 3115 904 3150 confutantum
928 3122 1040 3152 quintus
1060 3116 1182 3156 denique

83 3153 290 3190 Peripateticam
302 3156 459 3185 doctrinam
469 3154 615 3192 expendit.
873 3190 879 3196 ,
1008 3192 1011 3197 Ι
1102 3194 1107 3199 ⁸

67 3199 110 3226 η.
131 3193 325 3227 Tusculanarum
335 3193 499 3231 Qastionum
509 3214 517 3228 ,
539 3192 593 3221 five
608 3196 639 3221 ut
651 3189 711 3220 vult
727 3189 792 3220 clar.
810 3189 934 3220 Davisius
944 3211 953 3226 ‚
977 3191 1183 3228 Disputatmnum

82 3228 146 3259 libri
164 3232 295 3268 quinque.
332 3231 438 3261 Primus
458 3230 579 3268 disputat
589 3229 624 3259 de
637 3228 847 3272 contemnenda
859 3234 948 3257 morte
959 3249 968 3263 ,
987 3228 1126 3260 secundus
1146 3232 1183 3261 de

83 3267 180 3298 dolore
189 3268 354 3304 tolerando,
374 3269 471 3298 tertius
484 3269 520 3298 de
538 3267 670 3297 lenienda
688 3266 866 3304 aegritudine,
887 3272 999 3310 quartus
1018 3267 1054 3296 de
1069 3268 1183 3307 reliquis

83 3306 170 3335 animi
183 3306 437 3344 perturbationibus
447 3328 456 3341 ‚
477 3306 590 3343 quintus
600 3305 722 3347 denique
735 3313 770 3333 ex
781 3304 916 3333 sententia
932 3304 1092 3335 Steicorum
1102 3329 1111 3343 ,
1133 3309 1183 3337 do.

84 3350 129 3373 cet
136 3344 266 3375 virtutem
274 3344 310 3374 ad
319 3344 391 3374 bene
404 3344 555 3374 vivendum
567 3343 603 3372 sei
627 3343 653 3372 sa
662 3343 715 3372 esse
723 3348 896 3386 contentam.
1128 3383 1134 3390 .

69 3389 113 3416 14.
133 3385 171 3409 De
182 3387 286 3410 Natura
298 3387 406 3410 Deorum
418 3381 481 3411 libri
492 3387 547 3411 tres
556 3381 591 3411 ad
636 3404 642 3410 .
656 3380 771 3410 Brutum
781 3402 789 3415 ,
810 3389 840 3408 in
851 3379 952 3416 quibus
961 3380 1066 3411 nullam
1077 3389 1181 3414 veritus

84 3419 235 3458 impietatis
244 3420 378 3487 iwiidiam
386 3442 395 3456 ‚
416 3420 538 3458 ingenue
546 3441 555 3456 ‚
581 3418 793 3456 constanterque
809 3419 836 3448 &
847 3417 934 3447 libere
956 3417 1181 3457 superstitionem

104 3458 210 3488 entium
221 3459 279 3488 refe
293 3458 333 3488 lit.

70 3466 113 3530 ιξ.
134 3500 171 3523 De
183 3498 350 3523 Divinatione
361 3518 369 3531 ,
389 3495 456 3525 libri
474 3496 549 3531 du0,
568 3500 666 3525 contra
676 3493 899 3532 superstitionem
918 3496 946 3525 &
958 3494 1183 3539 enthufiasmum.

69 3535 113 3562 16.
132 3537 170 3561 De
181 3538 239 3561 Fato
250 3535 320 3563 liber
327 3533 465 3563 secundus
475 3542 592 3563 mancus
601 3555 609 3568 ,
631 3534 657 3563 &
665 3532 812 3562 exordium
823 3539 934 3577 tantum
943 3542 1037 3571 primi.

70 3578 113 3607 17.
134 3575 171 3598 De
179 3572 280 3607 Legibus
291 3572 352 3601 libri
366 3579 436 3607 tres,
456 3581 525 3609 quos
534 3570 618 3608 paulo
626 3576 691 3600 ante
700 3576 820 3600 mortem
828 3570 942 3609 scripsit.

45 3637 46 3642 ,
69 3611 112 3642 18.
133 3612 170 3635 De
181 3609 270 3645 officiis
281 3611 316 3639 ad
332 3610 458 3639 Marcum
469 3609 567 3638 Filium
580 3608 645 3638 libri
655 3614 719 3638 tres.

70 3653 113 3680 19.
133 3649 199 3673 cato
212 3648 295 3683 quor
304 3669 312 3682 ,
334 3647 388 3677 sive
400 3649 429 3675 de
438 3648 563 3675 Senecinte
572 3647 607 3676 ad
616 3646 650 3676 T.
661 3646 849 3685 Pomponium
857 3647 989 3677 Atticum.

68 3690 113 3712 20.
133 3684 216 3710 Lelius
228 3706 235 3718 ,
256 3685 309 3714 sive
320 3686 348 3712 de
365 3687 486 3712 Amicitia
496 3685 531 3713 ad
542 3685 674 3714 eundem.

68 3728 113 3751 21.
133 3721 188 3751 Sex
199 3723 330 3749 Paradaxa
341 3722 498 3752 Stoicorum
507 3722 543 3752 ad
553 3722 678 3752 Brutum.

48 3785 49 3792 ,
202 3759 365 3797 Fragmenta
374 3770 409 3790 ex
419 3760 562 3790 Ciceronis
573 3770 589 3790 0
612 3760 705 3790 eribus
719 3759 874 3797 deperditis
883 3758 1044 3799 supersunt,

48 3803 49 3826 1
71 3804 96 3826 ι.
115 3798 238 3824 Somnium
244 3799 357 3833 scipionis
363 3807 399 3828 ex
408 3798 508 3828 ultimo
517 3798 571 3828 five
582 3770 659 3828 sgxto
670 3797 741 3827 libro
755 3797 815 3828 Cic.
827 3798 863 3827 de
871 3797 941 3836 Rep.
959 3797 1011 3828 five
1022 3799 1058 3828 de
1072 3800 1181 3838 optimo

48 3830 51 3842 ”
86 3833 165 3872 Reip.
178 3834 245 3863 statu
253 3842 426 3873 excerptum.

50 3878 51 3904 1
70 3879 97 3901 2.
119 3872 178 3901 Pars
186 3873 420 3910 interpretationis
430 3875 512 3901 Timai
522 3893 530 3907 ,
549 3873 823 3912 DialogiPlatonici‚
844 3873 880 3903 de
893 3872 1074 3909 Universitate.

0 3916 2 3923 ⁸
50 3906 51 3920 ¹
73 3917 98 3947 3.
118 3909 179 3939 Pars
196 3911 377 3948 Metaphraseos
398 3914 474 3939 Arati
486 3931 494 3942 ‚
515 3912 637 3942 Heroico
655 3912 796 3947 carmine,
818 3920 900 3949 quam
915 3911 1185 3945 admodumadoles-

87 3947 229 3978 centulum
239 3947 266 3979 se
275 3948 458 3987 composuisse
468 3950 580 3981 testatur
590 3950 690 3980 Cicero
699 3950 736 3979 de
744 3949 803 3980 Nat
810 3949 895 3980 Deor.
908 3958 935 3979 2.
948 3958 1009 3988 cap.
1024 3960 1071 3986 41.

1672 133 1700 168 C
1798 135 1814 169 Ι
1913 137 1940 171 C
2303 151 2373 184 51¹

1257 213 1324 242 Haec
1339 213 1390 242 tria
1405 213 1544 251 praecipua
1556 213 1618 243 sunt
1633 214 1797 248 Fragmenta
1812 215 1955 246 Ciceronis
1974 228 2034 255 quae
2050 220 2135 249 hodie
2155 227 2250 249 extant
2264 231 2271 257 ;
2295 221 2379 258 pluri·

1259 260 1301 279 ma
1317 261 1381 279 vero
1395 252 1453 279 sunt
1468 251 1565 289 scripta
1577 253 1721 289 deperdita
1737 275 1745 287 ,
1774 263 1888 290 quorum
1903 256 2013 292 parvula
2028 257 2189 293 Fragmenta
2208 269 2241 287 ex
2254 267 2379 288 veterum

1257 290 1448 317 monumentis
1462 290 1521 325 post
1534 290 1655 318 nostrum
1669 290 1726 317 Rob.
1750 291 1899 326 Stephanum
1910 315 1917 327 ,
1940 293 2054 330 collegit
2069 297 2187 332 primuni
2208 296 2321 325 carolus
2339 298 2380 326 Si-

1258 327 1374 391 ponitis&
1395 328 1419 355 ἃ
1436 328 1494 363 post
1506 326 1580 355 hunc
1594 328 1712 357 Andreas
1725 328 1865 359 Patricius.
1902 331 1932 360 V.
1955 331 2034 368 plura
2055 333 2084 360 in
2106 334 2223 362 Fabricii
2244 333 2375 364 Biblioth.

1272 371 1316 391 Ait.
1349 374 1353 390 ι
1379 386 1384 391 .
1405 373 1427 391 1.
1440 374 1468 391 ca
1481 374 1499 392 π.
1515 370 1540 397 8.

1222 399 1287 429 Cic
1298 411 1311 428 r.
1322 411 1335 428 R
1345 404 1361 429 ὅ
1371 410 1388 428 N
1400 411 1408 428 i
1418 404 1432 428 A
1444 410 1462 428 N
1474 374 1489 429 ii
1501 411 1512 429 s
1524 422 1532 435 ‚
1556 403 1766 438 [κικεςωνιανὸς]
1788 404 1873 440 Quod
1883 405 1920 434 est
1933 406 2075 436 Ciceronis
2084 429 2092 443 ,
2114 407 2158 437 vel
2172 407 2280 437 accedit
2289 409 2324 437 ad
2335 408 2380 437 Ci-

1259 447 1389 466 ceronem
1403 447 1409 465 :
1434 445 1483 471 ut,
1504 440 1685 469 Ciceroniana
1696 441 1872 479 simplicitas,
1895 444 1959 480 quia
1973 444 2074 473 fatetur
2087 467 2094 481 ,
2119 455 2187 482 quos
2205 456 2219 474 e
2233 447 2334 475 Graecis
2343 446 2381 476 se-

1260 483 1368 510 quatur.
1393 475 1460 503 Plin.
1474 477 1501 503 in
1512 478 1616 513 pizefat.
1634 479 1719 507 totius
1733 481 1834 516 operis.

1223 512 1246 541 C
1256 523 1263 540 i
1274 522 1290 540 c
1302 523 1314 540 iz
1325 523 1339 540 R
1350 523 1367 541 o
1378 523 1397 540 M
1410 522 1427 540 A
1437 522 1448 540 s
1459 522 1518 541 'rix
1530 536 1537 547 ,
1559 516 1618 549 igis.
1641 526 1677 544 m.
1701 516 1787 553 Largii
1801 517 1896 547 Licinii
1909 519 2050 554 cujusdam
2061 520 2130 550 liber
2146 521 2263 550 infando
2277 520 2359 550 titulo
2371 543 2379 557 ‚

1261 557 1291 578 ut
1304 550 1393 586 inquit
1404 549 1509 579 Gellius
1519 572 1527 585 ,
1549 552 1694 589 inscriptus
1709 555 1763 588 est,
1785 556 1814 584 in
1826 566 1883 591 quo
1894 559 2039 586 contendit
2048 558 2212 588 Ciceronem
2225 569 2322 596 parum
2341 560 2381 588 in-

1261 594 1337 623 tegre
1352 595 1434 621 atque
1446 588 1615 625 improprie,
1638 592 1662 619 6<
1676 591 1875 622 inconsiderate
1890 594 2045 631 loquutum.
2069 597 2098 626 V.
2123 598 2204 626 Nost.
2216 599 2267 626 Att.
2283 597 2380 633 lib.i7.

1261 634 1322 662 cap.
1340 635 1363 653 1.
1386 625 1427 653 De
1447 625 1596 655 istiusmodi
1615 628 1715 663 fatuis,
1757 629 1785 658 V.
1810 633 1886 660 Auci.
1903 633 2007 668 Dialogi
2018 634 2053 662 de
2067 634 2157 663 Cauiis
2168 642 2304 672 corruptae
2320 634 2383 663 Elo-

1262 663 1381 699 quentiae
1393 684 1401 696 ‚
1423 672 1483 699 cap.
1498 669 1541 702 i8.
1557 674 1599 700 19.
1613 674 1657 694 20.
1679 666 1776 703 Angel.
1794 668 1872 698 Polit.
1889 670 2006 700 Aliscell.
2029 681 2091 709 cap.
2111 682 2153 708 53.
2178 674 2203 702 &
2220 673 2306 702 Heni.
2324 674 2383 702 Ste-

1263 701 1347 737 phani
1369 699 1544 730 Pseudo-Cic.

1225 738 1248 766 C
1258 748 1266 766 1
1278 748 1294 765 c
1305 747 1342 766 iza
1354 747 1395 765 su
1406 747 1416 765 s
1427 758 1435 771 ,
1456 738 1474 765 i.
1497 748 1533 767 m.
1557 739 1653 768 Scurra
1665 762 1673 774 ,
1694 751 1777 776 quem
1789 742 1917 773 describit
1930 745 1996 774 Hor.
2014 756 2036 774 1.
2051 747 2136 776 Serm.
2153 758 2175 781 ς.
2193 759 2205 781 ς
2215 758 2234 776 i.

1224 776 1291 804 Cic
1301 785 1319 803 H
1332 784 1345 803 iz
1355 786 1369 802 L
1380 784 1398 802 A
1409 784 1421 802 s
1431 797 1438 809 ,
1460 775 1619 812 Syracusani
1631 786 1732 807 vocant
1745 779 1866 813 Turdos,
1888 792 1956 818 quos
1967 782 2126 813 Graecorum
2138 786 2182 814 alii
2194 785 2312 820 Cichlas,
2333 795 2383 815 un-

1261 814 1298 841 de
1317 812 1504 849 Epicichlidcs
1520 823 1630 843 carmen
1651 816 1774 851 dictum,
1797 820 1871 853 quod
1894 821 1921 848 in
1938 820 2092 851 Homerum
2111 823 2224 851 refertur
2243 826 2383 852 auctorem

1262 860 1276 879 a
1286 849 1448 887 quibusdam
1462 872 1470 885 ,
1492 853 1624 887 quoniam
1633 853 1700 882 dum
1713 855 1740 882 id
1750 857 1841 892 pueris
1854 859 2018 894 praecineret
2028 881 2035 895 ,
2057 861 2145 890 turdis
2156 861 2320 891 donabatur.
2343 861 2384 890 ΕΚ

1264 887 1328 916 Cat-1.
1351 888 1438 925 ilntiq.
1452 887 1515 917 leet.
1532 889 1577 919 lib.
1594 900 1634 918 io.
1649 900 1710 928 cap.
1724 901 1750 921 2.

1224 925 1450 960 Cicnoain,
1473 936 1503 954 εἳ.
1525 928 1543 955 f.
1574 929 1600 956 ἃ
1627 928 1857 959 CicuoRitUM
1883 932 1909 961 ἃ
1929 932 2170 971 CrcuoaiuM,
2190 937 2207 965 i.
2229 946 2256 966 ri.
2288 932 2384 973 [κιχό-

1261 964 1335 999 esar]
1359 963 1450 992 Herba
1464 963 1525 992 stitis
1538 973 1611 994 nota.
1635 966 1701 995 lior.
1719 976 1741 996 i.
1757 967 1848 998 Carni.
1863 977 1906 1005 31.
1924 980 1966 1006 15.

1455 1016 1493 1021 ·-—
1505 1012 1550 1031 me
1559 1003 1674 1040 pascunt
1690 1004 1770 1034 olivae

1339 1038 1388 1067 Me
1397 1038 1527 1068 cichorea
1539 1063 1546 1074 ,
1570 1041 1695 1077 levesque
1706 1042 1811 1073 malvae.
1942 1046 2078 1084 Antepen.
2102 1056 2228 1087 correpta
2239 1071 2248 1086 ,
2273 1049 2337 1086 quia
2357 1051 2384 1080 ἃ

1265 1075 1346 1111 ’‘sve“
1364 1076 1439 1114 apud
1451 1077 1561 1106 Graecos
1578 1081 1721 1115 reperitur.
1764 1080 1793 1109 V.
1816 1080 1938 1112 Borrich.
1954 1082 2031 1121 Ling.
2050 1085 2234 1125 Pharmacop.

1265 1114 1451 1149 Cichoreum,
1472 1115 1527 1144 alio
1539 1118 1653 1145 nomine
1676 1118 1757 1147 etiam
1778 1118 1913 1155 intubus,
1935 1121 1989 1150 sive
2008 1123 2138 1159 intybus,
2164 1125 2274 1154 dicitur.
2314 1124 2384 1155 Plin.

1265 1151 1314 1180 lib.
1327 1161 1370 1180 20.
1389 1161 1450 1189 cap.
1461 1158 1485 1186 8.
1516 1153 1604 1183 intubi
1618 1165 1728 1192 quoque
1743 1166 1800 1185 non
1812 1165 1889 1186 extra
1901 1160 2025 1188 remedia
2046 1160 2116 1190 sunt.
2159 1163 2190 1191 Et
2205 1163 2287 1200 paulo
2306 1164 2382 1200 post,

1265 1189 1419 1218 Erraticum
1431 1191 1505 1227 apud
1519 1202 1568 1220 nos
1579 1193 1859 1230 quidamambiigiam
1878 1196 2062 1233 appellavere.
2103 1199 2134 1228 ln
2149 1201 2268 1238 AEgypto
2291 1201 2386 1230 cicho-

1265 1228 1338 1256 rium
1353 1235 1473 1263 vocant,
1495 1230 1570 1266 quod
1584 1230 1699 1260 silvestre
1710 1231 1749 1262 sit.
1774 1232 1845 1270 Virg.
1862 1244 1884 1263 1.
1903 1234 2003 1272 Georg.
2019 1245 2079 1265 120.

1421 1268 1494 1296 —&
1512 1269 1610 1297 amaris
1633 1268 1731 1299 intuba
1749 1270 1833 1300 fibris.
1928 1273 1946 1301 i.
1961 1281 1986 1302 e.
2009 1273 2144 1304 Cichorea
2155 1296 2162 1309 ,
2185 1281 2215 1304 ut
2226 1276 2334 1306 Servius
2345 1277 2386 1306 in-

1269 1307 1311 1331 ter
1333 1309 1446 1333 retatur.

1228 1339 1271 1369 Ci
1282 1311 1338 1375 cip,
1361 1342 1434 1377 [xlm
1445 1363 1454 1376 ‚
1480 1336 1492 1369 ii
1508 1344 1618 1378 xpo'wv]
1639 1344 1739 1374 Frutex
1749 1346 1787 1375 est
1798 1356 1887 1384 parvae
1901 1347 1946 1377 fici
1966 1349 2174 1386 magnitudine,
2198 1350 2265 1380 folia
2282 1352 2387 1382 habens

1266 1378 1380 1415 platano
1398 1379 1494 1408 similia
1506 1402 1514 1415 ,
1536 1382 1640 1417 majora
1655 1389 1748 1411 tamen
1764 1384 1938 1422 nigrioraque
1951 1408 1958 1421 ,
1981 1389 2006 1416 8ι
2026 1387 2130 1421 majore
2150 1388 2251 1418 laevore
2269 1390 2364 1419 mollia
2377 1412 2386 1426 ,

1265 1416 1358 1445 semen
1370 1423 1464 1446 autem
1476 1418 1504 1446 in
1516 1421 1632 1448 racemis
1641 1420 1742 1458 asperis
1756 1443 1764 1456 ,
1787 1423 1862 1458 quod
1873 1425 1978 1453 cortice
1990 1426 2126 1454 nudatum
2146 1427 2235 1455 ricino
2251 1428 2337 1456 vermi
2356 1427 2386 1456 si-

1265 1453 1332 1483 mile
1342 1454 1398 1484 est:
1420 1464 1456 1484 ex
1468 1465 1523 1492 quo
1533 1456 1672 1495 colligitur
1682 1459 1710 1487 id
1722 1481 1729 1493 ,
1751 1462 1827 1496 quod
1839 1461 1999 1491 Ricininum
2011 1463 2104 1492 oleum
2118 1471 2219 1493 vocant
2230 1486 2238 1498 ,
2259 1464 2386 1495 lucerna-

1267 1502 1329 1520 rum
1340 1492 1512 1528 luminibus,
1534 1496 1560 1523 ἅ
1573 1496 1723 1533 emplastris
1734 1499 1810 1526 utile.
1850 1499 1888 1528 Ab
1901 1500 1983 1535 hujus
2000 1500 2111 1530 seminis
2132 1501 2313 1531 similitudine
2334 1503 2391 1532 Ro-

1267 1530 1342 1559 mani
1353 1530 1443 1568 ipsum
1453 1533 1534 1560 etiam
1546 1532 1674 1562 fruticem
1687 1533 1821 1564 Ricinum
1831 1537 1973 1574 appellant
1983 1559 1991 1571 ,
2011 1540 2250 1575 quemadmodum
2263 1542 2287 1570 64
2300 1541 2388 1570 Graeci

1268 1569 1383 1603 κςότωικ.
1407 1568 1438 1598 V.
1462 1569 1584 1600 Dioscor.
1598 1571 1645 1601 lib.
1660 1582 1756 1610 4.cap.
1773 1584 1831 1610 ¹45·
1855 1576 1880 1604 61
1894 1576 1959 1605 Plin.
1971 1575 2018 1605 lib.
2037 1587 2077 1612 ις.
2093 1587 2152 1615 cap.
2166 1586 2192 1614 7.
2217 1578 2317 1616 Vulgus
2328 1580 2389 1609 her-

1269 1604 1408 1635 bariorum
1420 1607 1505 1637 hodie
1514 1611 1679 1644 Cataputiam
1694 1613 1810 1642 majorem
1821 1620 1912 1642 vocat.

1232 1642 1256 1672 C
1267 1645 1398 1672 minus
1409 1667 1417 1679 ,
1439 1655 1470 1681 a,
1492 1655 1548 1675 um.
1572 1647 1632 1682 Adj.
1654 1654 1685 1676 ut
1706 1648 1808 1678 Oleum
1819 1651 1951 1679 cicinum.
1974 1650 2098 1681 Plin.lib.
2113 1661 2155 1689 23.
2170 1663 2231 1690 cap.
2245 1664 2271 1688 4.

1231 1680 1256 1709 C
1267 1692 1274 1709 i
1285 1691 1319 1710 ei
1330 1691 1397 1710 Lim
1408 1692 1426 1710 D
1436 1692 1479 1712 su
1489 1695 1509 1712 M
1520 1705 1528 1718 ,
1550 1685 1567 1713 i.
1591 1695 1619 1714 n.
1642 1688 1770 1715 Aromata
1780 1687 1874 1716 fictitia
1890 1688 1979 1725 Coqui
1996 1689 2079 1718 Plaut.
2094 1691 2122 1718 in
2139 1690 2230 1721 Pseud.
2245 1700 2269 1727 3.
2283 1700 2309 1721 2.
2321 1701 2368 1728 42.

1231 1718 1256 1748 C
1266 1729 1317 1748 ici
1327 1729 1378 1748 MA
1390 1729 1461 1749 NDiz
1471 1731 1488 1749 υ
1500 1732 1520 1750 M
1531 1743 1539 1757 ,
1565 1723 1581 1751 i.
1605 1733 1632 1752 n.
1658 1724 1742 1753 idem.
1765 1724 1849 1755 Plaut.
1868 1726 1961 1755 Pseud.
1980 1736 2002 1761 ³·
2020 1737 2045 1755 2.
2060 1733 2104 1761 48.

1231 1757 1273 1786 Cr
1283 1766 1399 1786 ciMitN
1409 1769 1418 1786 1
1430 1780 1438 1793 ,
1458 1756 1626 1795 [κικιμλόοι]
1649 1762 1743 1798 Populi
1756 1763 2002 1798 exJaxamatarum
2016 1775 2137 1802 genere,
2158 1776 2173 1795 a
2191 1766 2284 1797 Medis
2296 1767 2387 1798 oriun-

1271 1795 1320 1830 di,
1340 1795 1457 1825 Tanaim
1471 1797 1586 1827 fluvium
1595 1799 1772 1835 accolentes,
1790 1811 1907 1838 quorum
1920 1804 2048 1831 meminit
2062 1803 2127 1832 Plin.
2145 1804 2184 1833 lib
2209 1810 2234 1834 6.
2251 1814 2311 1842 cap.
2326 1815 2351 1840 7.

1231 1831 1344 1862 Crem
1354 1837 1397 1862 DE
1408 1845 1422 1862 L
1432 1845 1450 1863 A
1463 1857 1471 1869 ,
1492 1845 1522 1864 ae.
1543 1836 1562 1865 f.
1583 1837 1771 1873 [minaeis]
1792 1841 1886 1868 Genus
1898 1840 2051 1870 muscarum
2064 1864 2070 1875 ,
2096 1844 2171 1879 quod
2190 1845 2275 1872 noetis
2292 1843 2388 1880 lucet,

1269 1871 1405 1900 videlicet
1416 1882 1430 1900 a
1442 1873 1575 1903 Candela.
1601 1875 1665 1904 Haec
1675 1875 1776 1906 Festus.
1810 1877 1876 1907 Plin.
1890 1878 1936 1907 lib.
1954 1885 1993 1910 18.
2009 1888 2068 1916 cap.
2081 1885 2124 1908 26.
2148 1881 2182 1909 de
2194 1882 2263 1910 milii
2275 1882 2389 1917 sitione,

1269 1908 1370 1946 Estque
1385 1910 1490 1947 signum
1502 1911 1575 1940 illius
1585 1915 1749 1943 maturitatis
1760 1937 1768 1948 ,
1789 1916 1814 1944 &
1831 1916 1927 1944 horum
1944 1916 2056 1946 sationis
2073 1927 2224 1947 commune
2236 1942 2242 1952 ,
2266 1919 2392 1949 lucentes

1273 1947 1386 1984 vespere
1396 1958 1446 1986 per
1456 1959 1519 1978 arva
1529 1950 1682 1980 cicindelae.
1707 1952 1744 1981 lta
1759 1953 1901 1990 appellant
1912 1954 2001 1983 rustici
2013 1954 2159 1985 Stellantes
2174 1956 2281 1986 volatus
2294 1968 2300 1986 :
2323 1958 2397 1987 Grae-

1271 1985 1297 2014 ci
1308 1995 1373 2014 vero
1384 1985 1563 2025 Lampyridas
1574 2010 1582 2023 ,
1605 1988 1765 2018 incredibili
1778 1991 1949 2028 benignitate
1959 2002 2072 2023 naturae.

1233 2023 1258 2052 C
1269 2032 1302 2052 ic
1313 2034 1319 2050 i
1330 2034 1351 2051 M
1362 2034 1400 2067 ¹⁷2ss
1411 2026 1496 2091 ἶῗὶυε
1508 2047 1517 2061 ,
1537 2026 1556 2055 i.
1577 2036 1613 2056 m.
1638 2026 1733 2057 Homo
1750 2028 1852 2058 infimae
1868 2029 1954 2059 sortis.
1979 2031 2167 2068 Ammian.78.
2180 2043 2206 2067 4.
2247 2031 2347 2068 [Error
2364 2033 2395 2062 in

1273 2070 1398 2091 numeris
1413 2072 1426 2091 e
1452 2085 1457 2092 .

1233 2098 1258 2127 C
1268 2109 1276 2126 i
1286 2109 1319 2127 ci
1332 2109 1378 2128 NN
1391 2111 1400 2128 i
1412 2110 1431 2129 A
1442 2122 1450 2135 ,
1472 2110 1503 2130 ae.
1524 2101 1603 2138 [Θεοὶ
1626 2097 1760 2139 misaddai]
1782 2103 1839 2133 Dea
1850 2105 2038 2143 turpitudinis.
2064 2105 2147 2135 Gloii‘.
2162 2105 2218 2136 Lat.
2232 2107 2278 2137 Gr.

1235 2136 1258 2166 C
1267 2138 1277 2166 ῑ
1286 2146 1303 2166 c
1313 2139 1330 2166 ὀ
1339 2147 1359 2165 N
1369 2147 1382 2166 e
1391 2147 1418 2173 s,
1440 2148 1496 2167 um.
1518 2149 1555 2169 m.
1581 2140 1721 2176 [Klioeves]
1742 2142 1839 2180 Populi
1852 2142 1979 2173 Thraciae
1995 2147 2030 2174 ad
2040 2143 2166 2174 Hebrum
2181 2145 2298 2175 fluvium
2318 2145 2396 2176 habi-

1275 2182 1366 2204 tantes
1377 2198 1384 2210 ,
1407 2176 1442 2206 de
1454 2177 1553 2214 quibus
1571 2177 1658 2212 ovid.
1675 2189 1718 2214 ις.
1733 2179 1802 2209 Met.
1817 2189 1877 2217 3¹3-

1356 2213 1473 2244 Flumen
1485 2215 1593 2245 habent
1608 2216 1728 2246 Cicones
1739 2240 1746 2251 ,
1766 2218 1841 2255 quod
1854 2224 1951 2257 potum
1962 2219 2042 2249 saxea
2053 2221 2147 2250 reddit

1357 2250 1481 2282 Viscera:
1505 2253 1580 2290 quod
1593 2255 1674 2284 tat‘tis
1687 2256 1796 2285 inducit
1807 2265 1941 2286 marmora
1952 2258 2043 2287 rebus.
2128 2259 2203 2288 Illius
2220 2259 2318 2297 populi
2337 2269 2397 2289 mu-

1275 2287 1358 2319 lieres
1368 2290 1402 2319 ab
1417 2290 1533 2328 Orpheo
1544 2291 1646 2329 spretas
1658 2302 1723 2322 eum
1735 2293 1900 2332 discerpsisse
1910 2305 1961 2333 per
1974 2295 2065 2326 Liberi
2075 2296 2150 2327 sacra
2165 2298 2289 2328 simulata
2302 2297 2394 2336 Virgil.

1274 2327 1399 2357 ostendit
1410 2339 1435 2364 4.
1449 2329 1548 2367 Georg.
1564 2339 1628 2365 520.

1431 2382 1467 2386 —
1475 2366 1571 2405 spreta:
1579 2367 1717 2398 Ciconum
1729 2378 1785 2406 quo
1795 2379 1911 2400 munere
1926 2377 2028 2402 matres
2036 2393 2044 2409 ‚

1330 2402 1406 2433 Inter
1417 2403 1491 2434 sacra
1501 2405 1585 2434 desim
1597 2427 1606 2440 ‚
1627 2408 1818 2445 nocturnaque
1830 2410 1905 2446 orgia
1915 2409 2033 2445 Bacchi,

1331 2441 1510 2480 Discerptum
1523 2443 1594 2472 latos
1603 2444 1735 2479 juvenem
1745 2445 1861 2482 sparsere
1872 2457 1921 2484 per
1931 2457 2019 2484 agros.

1239 2476 1413 2508 ciccum
1427 2503 1435 2514 ,
1457 2490 1488 2511 ae.
1509 2481 1528 2510 f.
1551 2479 1712 2518 [minevio
1736 2483 1769 2512 ab
1789 2484 1859 2513 albis
1878 2485 2017 2523 nigrisque
2031 2485 2154 2523 pennis]
2177 2486 2257 2522 Avis,
2277 2496 2338 2524 quat
2348 2486 2400 2517 ser-

1275 2524 1395 2555 pentum
1409 2517 1469 2548 esca
1482 2518 1575 2557 pullos
1588 2520 1685 2550 nutrit.
1708 2520 1737 2550 V.
1761 2521 1828 2550 Plin.
1841 2522 1887 2552 lib.
1903 2533 1946 2552 10.
1955 2533 2016 2561 cap.
2030 2533 2074 2560 23.
2093 2523 2108 2559 J
2113 2534 2195 2553 uven.
2208 2535 2251 2560 14.
2263 2525 2320 2555 Sat.
2330 2535 2376 2562 74.

1470 2572 1506 2578 ——
1515 2557 1643 2594 serpente
1658 2559 1769 2588 ciconia
1778 2560 1871 2596 pullos

1371 2592 1483 2629 Nutrit‚
1505 2596 1654 2625 &inventa
1666 2606 1714 2633 per
1723 2597 1803 2626 devia
1818 2608 1879 2627 rura
1888 2598 1999 2628 lacerta.
2112 2598 2166 2628 Ubi
2187 2599 2328 2635 Juvenalis
2346 2600 2403 2631 Ro.

1277 2640 1377 2660 manos
1387 2641 1521 2669 arguens,
1545 2643 1663 2670 quorum
1671 2634 1750 2664 liberi
1764 2636 1834 2664 tales
1844 2637 2001 2666 evadebant
2015 2636 2109 2674 quales
2127 2647 2141 2666 a
2157 2638 2318 2675 parentibus
2328 2639 2402 2668 insti-

1278 2669 1430 2698 tuebantur
1440 2692 1448 2705 ,
1469 2669 1568 2700 alludit
1579 2672 1613 2700 ad
1625 2678 1749 2702 naturam
1758 2673 1877 2703 ciconiae
1887 2675 2001 2713 ejusque
2011 2674 2154 2714 pullorum
2165 2685 2173 2705 ε
2196 2676 2232 2705 tii
2247 2677 2324 2706 enim
2334 2687 2350 2706 a
2360 2683 2401 2707 te-

1279 2708 1354 2736 neris
1366 2706 1506 2737 assuefacti
1517 2709 1641 2739 colubris
1655 2710 1810 2741 vescuntur.

1279 2745 1408 2774 Candida
1418 2747 1518 2783 pennis
1533 2747 1651 2777 ciconia.
1673 2748 1757 2777 Ovid.
1769 2753 1796 2778 6.
1813 2749 1882 2779 Met.
1895 2759 1942 2787 97.

1473 2800 1510 2805 —
1518 2783 1634 2823 sumptis
1642 2786 1708 2823 quin
1719 2787 1837 2817 candida
1849 2789 1951 2825 pennis

1373 2820 1432 2859 Ipsa
1441 2821 1488 2850 sibi
1501 2823 1616 2859 plaudat
1626 2825 1780 2861 crepitante
1792 2826 1903 2855 ciconia
1914 2826 2009 2856 rostr0.

1278 2858 1380 2895 janum
1393 2859 1469 2889 nulla
1481 2862 1591 2890 ciconia
1600 2861 1683 2899 pinsit
1694 2872 1710 2892 a
1720 2869 1808 2901 tergo.
1892 2865 1909 2893 i.
1920 2875 1947 2894 e.
1978 2864 2070 2893 Nemo
2080 2864 2171 2902 digitis
2183 2864 2287 2894 dextrae
2303 2869 2402 2896 manin

1299 2898 1330 2926 in
1341 2906 1429 2926 unum
1439 2897 1565 2928 collectis
1577 2901 1612 2929 ad
1624 2900 1705 2929 instar
1713 2901 1789 2938 rostri
1801 2902 1972 2932 ciconiarum
1982 2924 1989 2937 ,
2010 2902 2089 2932 ridet.
2113 2902 2179 2932 Pers.
2195 2913 2216 2931 i.
2229 2904 2283 2932 Sat.
2299 2909 2342 2937 58.

1362 2935 1389 2964 O
1408 2934 1477 2970 Jane
1490 2959 1497 2972 ,
1519 2947 1534 2966 a
1545 2943 1623 2974 tergo
1638 2947 1722 2974 quem
1738 2939 1814 2969 nulla
1827 2941 1937 2969 ciconia
1952 2940 2043 2978 pinsit.
2137 2940 2245 2969 Risi-ons
2257 2941 2332 2969 enim
2350 2940 2401 2970 firi-

1303 2972 1417 3009 gebatur
1428 2973 1515 3008 Janus
1524 2997 1532 3010 ,
1555 2977 1580 3004 &
1592 2982 1666 3004 retro
1676 2986 1734 3005 non
1745 2979 1840 3007 minus
1850 2979 1948 3007 videns
1958 3000 1965 3010 ,
1987 2987 2068 3014 quam
2076 2978 2240 3006 antrorsum.

1282 3011 1400 3040 Ciconia.
1410 3011 1477 3040 item
1487 3012 1525 3041 est
1535 3034 1543 3048 ,
1569 3013 1786 3044 Instrumentum
1797 3037 1805 3051 ,
1827 3026 1882 3052 quo
1896 3015 2027 3045 hauriunt
2046 3025 2127 3052 aquas
2147 3015 2293 3044 Hormlani
2304 3025 2339 3045 ex
2350 3026 2400 3053 pu-

1299 3056 1354 3077 teo,
1377 3048 1460 3078 Gloss.
1473 3057 1527 3079 vet.
1547 3050 1688 3088 Tolleno‚
1709 3052 1756 3081 seu
1766 3054 1891 3083 Ciconia.
1914 3054 2082 3087 Isid.2o.15.
2105 3054 2399 3089 Hocinstriimentum,

1299 3086 1398 3123 inquit,
1410 3086 1526 3124 Hispani
1536 3088 1684 3119 Ciconiam
1694 3099 1804 3126 vocant,
1823 3092 1901 3128 quod
1910 3092 2034 3120 imitetur
2045 3091 2167 3125 ejusdem
2179 3092 2300 3120 nominis
2310 3101 2400 3128 avem,

1301 3124 1440 3154 levantem
1450 3135 1482 3154 ac
1491 3126 1681 3164 deponentem
1690 3129 1815 3164 rostrum,
1827 3131 1893 3158 dum
1902 3129 2012 3166 clangit.
2020 3127 2113 3158 Rhod.
2128 3132 2143 3156 A
2149 3129 2216 3165 ntiq.
2229 3129 2300 3172 βεδε..
2308 3139 2399 3173 ις>.ι7ς

1283 3161 1415 3197 ciconia,
1439 3163 1532 3193 Genus
1548 3165 1681 3195 mensurae
1698 3168 1772 3204 apud
1792 3167 1930 3196 Columel.
1944 3167 1991 3195 lib.
2006 3176 2029 3201 3.
2043 3176 2101 3203 cap.
2119 3176 2159 3201 η.
2180 3167 2233 3195 Sed
2247 3167 2312 3196 huic
2321 3176 2402 3204 operi

1300 3200 1441 3237 exigendo
1453 3202 1525 3238 quasi
1540 3203 1679 3240 quandam
1689 3204 1849 3234 machinam
1867 3205 2020 3234 commenti
2041 3205 2159 3239 majores
2172 3204 2253 3248 nostr-i
2276 3206 2401 3248 regulam.

1299 3238 1517 3270 fabricaverunt:
1540 3242 1568 3269 in
1582 3242 1660 3277 cujus
1673 3241 1759 3272 latere
1775 3242 1878 3279 virgula
1895 3243 2056 3279 prominens
2077 3242 2111 3270 ad
2127 3251 2187 3270 eam
2203 3242 2399 3278 altitudinem,

1301 3286 1354 3313 qua
1365 3277 1486 3314 deprimi
1496 3278 1603 3309 sulcum
1612 3286 1741 3317 oportet,
1762 3280 1901 3317 con-tingit
1910 3280 2045 3309 summam
2053 3280 2119 3317 ripae
2129 3288 2243 3317 partem.
2273 3280 2305 3310 ld
2314 3290 2401 3318 genus

1301 3314 1435 3344 mensurae
1446 3316 1585 3346 ciconiam
1596 3325 1699 3347 vocant
1708 3318 1810 3347 rustici.
2178 3355 2184 3361 ι

1245 3352 1313 3382 Cic
1322 3362 1339 3381 o
1348 3362 1367 3381 Ν
1376 3355 1416 3382 ῑΝ
1425 3363 1464 3383 us
1474 3376 1482 3389 ,
1504 3355 1564 3390 Adj.
1587 3362 1634 3391 ut,
1657 3356 1798 3385 Adventus
1807 3355 1962 3384 ciconinus.
1985 3354 2081 3397 Sidon.
2093 3362 2118 3382 ².
2134 3353 2216 3392 Epist.
2230 3364 2273 3391 14.
2382 3394 2388 3399 Ι

1246 3391 1316 3420 Cic
1327 3400 1345 3419 υ
1356 3401 1377 3419 M
1388 3401 1426 3426 A,
1448 3401 1479 3421 ae.
1503 3394 1564 3422 Avis
1579 3394 1616 3422 est
1631 3397 1751 3428 noctua,
1773 3394 1839 3422 teste
1858 3392 1943 3422 Festo.
1965 3392 2029 3421 Cael.
2044 3391 2090 3420 lib.
2107 3401 2146 3428 ¹7·
2166 3402 2227 3430 cap.
2243 3403 2284 3423 ii.
2306 3393 2402 3431 Nyt‘ti-

1283 3437 1410 3458 coracem
1422 3430 1626 3468 interpretatur.
1657 3432 1690 3460 al.
1713 3431 1843 3460 Cecuma.
1885 3430 1914 3458 V.
1939 3430 2034 3459 Dacer.
2051 3429 2084 3458 ad
2093 3428 2148 3459 loc.
2288 3468 2293 3474 ¹

1246 3465 1269 3496 C
1277 3468 1288 3496 ῑ
1297 3475 1314 3495 c
1324 3476 1341 3495 u
1351 3476 1368 3495 R
1377 3489 1386 3502 ‚
1407 3468 1516 3497 cicutis.
1541 3468 1579 3497 Ad
1580 3472 1599 3503 j.
1620 3468 1771 3504 [vdua-5⁸05]
1792 3468 1877 3504 Quod
1894 3477 1909 3496 a
1919 3467 1978 3497 fero
1993 3467 2141 3496 discretum
2151 3467 2188 3497 est
2197 3490 2205 3503 ,
2226 3473 2257 3497 ut
2270 3474 2307 3497 ait
2317 3467 2401 3500 Varro

1285 3504 1321 3533 de
1332 3503 1360 3533 L.
1372 3504 1436 3535 L.6.
1451 3517 1474 3539 ς.
1496 3507 1607 3543 proprie
1616 3507 1719 3536 dicitur
1739 3507 1774 3535 de
1790 3506 1909 3535 Aniniali
1920 3506 1977 3534 sero
1989 3528 1997 3540 ,
2018 3505 2065 3534 sed
2083 3504 2278 3535 mansuefacto.
2301 3506 2358 3550 Cic.
2375 3518 2401 3542 ς.

1283 3541 1366 3572 Tusc.
1382 3548 1423 3579 38.
1446 3543 1544 3573 Earum
1558 3543 1675 3580 ipsarum
1690 3545 1790 3582 partim
1807 3543 1955 3580 solivagas,
1979 3544 2078 3581 partim
2090 3551 2282 3580 congregatas,
2304 3554 2403 3573 inima-

1284 3589 1334 3609 nes
1343 3580 1426 3616 alias,
1447 3581 1575 3618 quasdam
1594 3587 1686 3610 autem
1705 3582 1827 3615 cicures,
1849 3580 1999 3610 nonnullas
2014 3581 2139 3616 abditas,
2161 3589 2287 3617 terraque
2303 3584 2401 3611 tectas.

1282 3617 1418 3656 Idemque
1427 3627 1453 3648 a.
1469 3620 1503 3647 de
1511 3619 1574 3648 Nat.
1588 3619 1671 3648 Deor.
1685 3629 1729 3655 99.
1763 3619 1834 3656 Qpae
1842 3629 1908 3648 vero
1922 3621 1947 3648 &
1958 3629 2040 3656 quam
2056 3619 2127 3647 varia
2135 3629 2236 3656 genera
2245 3619 2401 3655 bestiarum,

1283 3656 1329 3685 vel
1340 3657 1465 3685 cicurum
1474 3656 1517 3685 vel.
1524 3656 1660 3685 ferarum?

1283 3693 1518 3731 Cicuringenium
1528 3715 1536 3729 ,
1560 3693 1742 3723 mansuetum.
1765 3693 1849 3722 Varro
1861 3694 1895 3723 de
1905 3693 1933 3723 L.
1945 3693 1973 3724 L.
1986 3693 2034 3723 lib.
2048 3697 2074 3723 6.
2090 3703 2114 3730 ς.

1283 3730 1369 3760 Cicur
1378 3731 1420 3760 sus
1428 3753 1436 3766 ,
1455 3741 1493 3760 ex
1504 3741 1571 3768 apro
1579 3733 1603 3760 &
1612 3730 1728 3769 scropha
1738 3732 1895 3761 domestica.
1918 3732 2020 3762 Festus.
2244 3770 2251 3776 .

1284 3769 1441 3806 Aliquando
1451 3779 1502 3807 pro
1513 3769 1644 3806 Sapiente
1653 3769 1767 3807 ponitur
1776 3791 1784 3805 ,
1805 3777 1837 3799 ut
1848 3770 1923 3808 apud
1938 3769 2037 3799 Pacuv.
2049 3769 2115 3799 teste
2125 3768 2204 3800 Festo
2213 3791 2222 3805 -,
2243 3780 2272 3799 in
2279 3780 2349 3801 voce
2358 3770 2402 3801 In-

1304 3816 1390 3836 cicur.

1246 3842 1270 3873 C
1279 3854 1288 3872 1
1298 3846 1340 3873 cu
1350 3854 1365 3872 a
1375 3853 1392 3872 0
1405 3865 1413 3879 ‚
1435 3843 1604 3880 [ήκω-εὔαν]
1623 3847 1679 3873 are.
1703 3843 1910 3875 Mansuefacete
1922 3867 1930 3880 ,
1951 3851 1982 3875 ut
1998 3845 2037 3875 ait
2048 3845 2132 3875 Varro
2146 3845 2181 3874 de
2191 3844 2220 3874 L.
2232 3844 2261 3874 L.
2275 3848 2302 3875 6.
2315 3855 2339 3880 ς.
2362 3845 2408 3874 Ea

1285 3882 1412 3910 Pacuvio.

1245 3917 1270 3948 C
1280 3929 1307 3985 1V
1300 3929 1317 3947 c
1325 3929 1342 3947 u
1355 3929 1370 3946 R
1378 3922 1490 3986 tileisI'.
1505 3917 1671 3956 cognomen
1682 3919 1801 3950 Veturiae
1818 3920 1919 3959 gentis,
1939 3930 1955 3950 a
1964 3931 2074 3951 morum
2089 3921 2266 3959 simplicitate
2277 3920 2401 3949 ductum.

1308 3965 1368 3986 arro
1399 3965 1414 3986 e
1448 3978 1454 3985 .
1492 3979 1499 3986 .
1510 3961 1536 3986 ⁶.
1551 3968 1575 3992 ς.

2242 3994 2403 4032 Cicera,
