2604 4222
156 131 222 171 ¹54
575 120 599 152 A
696 115 734 149 M
829 113 855 146 A

198 217 257 245 qua:
268 211 412 243 poemata,
452 198 690 238 uasquehistorias
710 195 744 224 de
764 188 1007 227 taoezafftiinbee,
1027 184 1115 213 33th
1128 180 1229 220 miissss‘-
1263 177 1306 219 Λζ·

201 247 273 273 ticus
283 242 325 272 vel
337 254 351 271 a
360 241 440 278 copia
461 240 581 268 {brorum
593 235 620 264 id.
632 243 733 262 nomen
749 231 848 259 indidit
860 225 996 264 gymnadis.
1010 245 1016 257 7
1037 221 1080 250 vel
1099 220 1172 260 quo-31
1186 215 1307 258 legendis

202 283 231 311 in
243 292 276 310 eo
285 281 360 309 libris
369 279 492 307 animum
504 275 625 313 pasceret
635 270 786 300 suavillimo
799 267 861 295 cibo
873 287 880 297 7
902 264 968 291 sicut
981 264 1026 289 luo
1039 256 1169 298 praedulci
1182 254 1249 294 lactc
1260 254 1310 294 Cti-

205 330 254 358 pra
265 317 404 347 Amalthea
415 315 510 349 ,lovem
522 312 612 349 pavit:
634 309 716 337 velat>
728 313 839 340 utraque
851 300 935 330 cusa.
978 297 1153 334 'aymnalium
1171 291 1310 328 &ilicem-

176 362 178 364 ’
207 367 271 386 cero
286 354 421 386 extruxit,
444 350 589 380 Amalthea:
601 347 713 375 nomine
726 366 733 377 7
756 341 836 371 Attici
846 335 975 374 exemplo
987 357 996 370 7
1017 343 1042 363 2.
1056 333 1111 362 Att.
1127 340 1150 359 1.
1172 327 1312 358 Amalthea

207 401 303 423 meare
314 392 458 428 expectat,
481 390 505 417 Sc
516 386 621 421 indiget
635 384 682 412 tui.

173 435 222 462 ΑΜ
234 441 280 460 AN
292 440 308 458 A
320 451 327 463 7
359 430 373 463 [
392 424 482 459 Α’μμῖνοι
497 425 511 459 ]
537 424 639 452 Civitas
660 418 769 448 Mediae.
792 413 906 443 Ptolem.

174 472 252 500 AMA
264 478 282 496 N
294 478 309 495 o
320 476 336 493 o
348 488 355 499 7
377 466 390 500 [
406 459 556 495 ἀναπέμπω,
584 455 789 490 απωωωζανμι
805 453 819 486 ]
840 454 893 479 are.
916 446 1062 483 Ablegare.
1083 443 1175 480 aliquo
1195 441 1313 473 mittere,

212 515 242 535 ut
252 516 266 534 a
277 504 356 533 nobis
367 507 549 530 amoveamus.
571 496 629 524 Cic.
642 504 666 529 7.
686 491 758 520 Verr.
769 494 813 522 68.
854 487 982 522 Denique
993 481 1135 520 Syracusas
1147 487 1215 509 totas
1226 479 1315 511 timet,

212 544 340 573 amandat
352 539 493 568 hominem
505 557 513 569 7
534 534 608 569 quo‘?
630 530 780 567 Lilrboeum
793 525 908 555 fortall'e.

216 580 363 610 Amandare
375 576 531 610 inaliquem
542 572 642 599 locum.
667 568 724 596 Cic.
739 575 763 601 7.
779 566 830 593 Att.
846 572 885 599 13.
928 561 1020 596 ltaque
1032 558 1067 586 de
1079 553 1258 585 Ciceronibus
1270 561 1319 579 no-

233 618 288 647 ltris
308 615 404 644 dubito
424 611 491 649 quid
509 617 585 645 agam
597 629 605 641 7
635 615 698 634 nam
712 603 781 633 mihi
801 600 940 630 interdum
958 595 1124 626 amandandi
1139 591 1268 622 videntur
1290 589 1319 615 in

234 654 373 684 Graeciam.

215 692 364 723 Amandum
374 684 470 724 procul
482 695 504 713 a.
527 682 583 711 Cic.
597 691 620 709 2.
635 680 668 708 de
679 679 741 708 Nat.
755 677 836 706 Deor.
851 685 910 710 14¹·
933 673 978 702 Sic
990 676 1085 700 natura
1102 677 1142 697 res
1154 665 1251 695 similes
1260 672 1321 702 pro-

235 730 280 759 cul
293 720 606 756 amandavitasenlibuS.
629 719 645 746 i.
664 728 687 746 e.
710 713 934 746 Proculamovit7
955 710 998 738 vel
1009 707 1134 737 removit.

180 771 228 799 AM
239 778 255 795 A
268 776 287 794 Ν
298 775 314 793 o
324 774 341 791 A
351 773 369 790 Τ
380 772 395 790 υ
406 771 418 789 s
430 783 437 794 7
465 761 480 794 [
495 758 657 791 ἄποπτμφέὰς
673 756 686 789 ]
718 755 775 782 Cic.
798 759 847 789 pro
869 750 958 779 Domo
977 747 1020 775 sua
1031 768 1039 780 7
1062 748 1105 773 66.
1137 742 1185 772 Me
1195 737 1319 778 expulso7

217 805 320 834 Catone
331 799 485 829 (tutandam.
505 797 523 824 i.
541 805 565 823 e.
589 793 670 823 Misso
682 795 707 822 ὁὶ
719 790 789 828 quasi
802 788 931 825 Relegato
944 787 971 814 in
984 787 1117 821 Cyprum.

181 844 200 872 A
210 854 228 871 Μ
240 853 255 877 A
266 851 283 868 N
293 850 310 867 n
322 849 339 866 A
348 848 367 864 Τ
378 847 385 864 ι
395 846 411 865 o
423 857 430 869 7
452 834 520 864 (mis.
541 832 559 861 f.
582 833 596 867 [
611 827 757 865 ἀήπμψις
772 828 787 862 ]
808 827 866 855 Cic.
880 835 929 863 pro
941 822 1018 852 Rosc.
1038 823 1124 849 Amer.
1137 827 1182 852 44.
1204 814 1323 843 Tamen-

217 889 252 908 ηε
272 878 329 906 hece
348 881 452 904 attenta
470 873 525 901 vita
544 872 569 899 δέ
590 869 739 903 rusticana,
772 864 904 901 relegatio
928 869 1008 897 atque
1029 856 1185 887 amandatio
1204 850 1323 890 appella-

218 917 289 944 bitur
298 915 310 942 Ῠ

181 956 202 984 A
211 965 230 983 Μ
242 965 259 981 A
270 962 289 980 N
300 962 316 979 D
326 961 341 979 ιι
353 960 369 978 Α
379 972 386 983 7
417 947 504 984 Regio
516 945 551 975 ad
559 944 659 974 Indum
671 942 785 971 fluvium
798 962 805 974 7
826 940 854 968 in
867 942 982 975 quatur-r
1001 931 1085 961 divisa
1100 927 1219 967 populos
1231 948 1237 962 7
1259 926 1325 955 Peu-

220 990 331 1020 colaitas
344 1010 351 1022 7
372 983 548 1022 Arsagalitts7
570 983 698 1014 Geretas,
720 982 745 1009 ἃ
758 978 845 1008 Asoos.
880 975 948 1004 Plin.
960 973 1007 1001 lib.
1022 975 1046 999 6.
1066 977 1124 1005 cap.
1139 976 1182 995 20.

182 1031 203 1059 A
214 1040 233 1057 Μ
245 1039 262 1056 Α
274 1037 293 1055 N
305 1037 313 1054 ¹
323 1036 339 1054 D
350 1035 362 1053 1²v
372 1033 383 1053 S
412 1024 496 1052 POrtae
508 1044 516 1056 7
537 1022 552 1056 [
570 1016 691 1050 Α’καιίᾶἳς
714 1019 789 1043 vnvm
805 1016 819 1050 ]
840 1014 940 1043 Fauces
950 1032 956 1044 7
990 1010 1018 1037 in
1039 1016 1104 1044 quas
1118 1007 1235 1034 Amanus
1246 1008 1326 1029 mons

220 1064 340 1094 delinita
350 1063 442 1092 Tauro
455 1058 632 1089 descendens.
654 1054 740 1084 Strab.
750 1053 796 1082 lib.
812 1062 851 1087 14.
876 1050 959 1078 Aliter
968 1045 1102 1075 Amanicoe
1117 1041 1195 1080 pylae.

182 1105 231 1134 ΛΜ
245 1114 262 1131 ,ι
272 1112 291 1131 -Ν
304 1112 311 1129 1
323 1110 362 1129 EN
373 1109 383 1128 s
394 1110 402 1127 1
412 1108 423 1127 s
435 1121 442 1133 7
464 1096 557 1127 Incola
566 1094 670 1124 Amani.
691 1092 748 1121 Cic.
762 1101 786 1120 2.
800 1090 873 1119 Fam.
888 1097 928 1116 10.
952 1083 1053 1114 Vexari
1067 1077 1240 1110 Amanienses
1251 1098 1259 1112 7
1279 1075 1328 1103 ho-

220 1142 271 1170 stes
291 1138 476 1175 sempiternos.

184 1180 232 1208 AM
242 1189 259 1207 A
270 1185 363 1206 N1TA
375 1197 382 1209 7
413 1184 442 1202 a:
466 1173 478 1209 [
493 1170 609 1203 amatim
624 1169 638 1204 ]
658 1167 768 1204 Fungus
779 1187 786 1200 7
813 1163 857 1192 vel
867 1161 943 1198 fungi
962 1158 1073 1197 species.
1104 1154 1230 1192 AEgineta
1241 1150 1289 1181 lib.
1304 1160 1326 1179 1.

222 1226 282 1253 cap.
301 1224 340 1243 11.
363 1214 387 1242 ἃ
399 1211 493 1240 Galen.
504 1209 550 1239 lib.
565 1219 589 1237 2.
612 1207 646 1235 de
660 1205 736 1234 Alim.
750 1200 853 1233 Facult.
865 1209 924 1236 cap.
935 1202 978 1232 69.

184 1255 205 1284 A
214 1265 234 1283 Μ
245 1263 263 1281 A
273 1262 292 1281 N
301 1261 336 1280 01
349 1261 363 1278 o
375 1261 388 1278 e
397 1260 409 1279 s
420 1271 426 1283 7
450 1248 554 1277 Ciliciaz
566 1243 788 1284 promontorium
801 1261 808 1273 7
831 1235 983 1274 Pomponio
1004 1233 1039 1262 fic
1055 1232 1161 1261 dictum
1172 1252 1180 1265 7
1202 1226 1277 1266 quod
1289 1225 1330 1253 sor

222 1301 296 1320 mam
325 1287 497 1325 effigiemque
522 1283 619 1326 Amapi
642 1275 937 1314 circumnavigantibus
963 1270 1077 1301 exhibet
1091 1291 1100 1304 ,
1119 1275 1159 1305 ‚ut
1180 1268 1275 1296 auctor
1294 1262 1331 1292 est

222 1325 395 1358 Hermolaus.

185 1368 331 1398 AMANs7
355 1364 546 1392 AMANTER.
586 1356 617 1386 V.
646 1364 728 1385 AMO.

185 1406 387 1435 AMAN‘res,
400 1397 514 1436 Populi.
555 1394 585 1424 V.
608 1399 818 1422 AMAN'rtNr.

186 1444 207 1472 A
217 1452 238 1471 Μ
248 1451 267 1469 A
278 1450 298 1469 N
307 1449 326 1468 Τ
335 1448 354 1467 H
365 1448 378 1466 a
387 1447 398 1467 s
409 1459 416 1471 7
437 1433 533 1473 Populi
545 1432 643 1461 suntin
656 1430 741 1460 Africa
752 1450 760 1462 7
780 1422 957 1463 Troglodytis
968 1419 1097 1459 proximi,
1107 1416 1182 1455 apud
1193 1425 1262 1452 quos
1273 1417 1333 1443 tum

223 1478 301 1512 salis,
322 1483 380 1505 tum
401 1470 648 1504 carbunculorum,
669 1472 892 1505 gemmarumque
906 1461 987 1498 copia
1002 1459 1059 1493 est,
1091 1457 1160 1485 adeo
1181 1463 1211 1483 ut
1231 1462 1264 1482 ex
1281 1451 1333 1481 sale

226 1517 324 1545 domos
337 1513 383 1542 sibi
394 1512 492 1541 struere
503 1510 638 1538 dicantur,
679 1504 781 1534 Author
793 1501 911 1530 Solinus.

189 1555 237 1584 ΑΜ
250 1562 295 1582 AN
307 1562 343 1580 'r1
356 1561 389 1585 A,
411 1550 511 1579 Civitas
533 1544 703 1575 Macedoniae
714 1564 722 1577 7
742 1539 856 1569 authore
868 1536 1022 1566 Ptolemaeo.
1064 1530 1196 1562 Meminit
1217 1528 1274 1557 Cic.
1291 1536 1332 1556 11.

225 1591 342 1627 Philipp.
357 1592 400 1617 26.
424 1584 545 1616 Amantia
554 1583 628 1612 dicta
638 1581 675 1610 est
687 1602 695 1615 7
717 1578 788 1616 quali
803 1576 932 1609 Abantia,
954 1572 1085 1610 quoniam
1096 1569 1211 1599 Abantes
1226 1565 1334 1603 populi,

226 1629 372 1658 redeuntes
387 1635 400 1654 a
418 1623 492 1654 bello
510 1621 632 1656 Trojano
646 1641 653 1653 7
675 1619 719 1647 hic
739 1614 893 1645 constitere.
925 1611 1056 1640 Volaterr.
1080 1609 1109 1636 in
1130 1606 1256 1642 descript.
1277 1603 1336 1632 ala-

225 1665 358 1696 cedonire.

190 1705 238 1734 ΑΜ
251 1714 267 1732 A
278 1713 297 1731 N
307 1712 325 1730 Τ
337 1713 344 1729 1
355 1711 375 1729 N
386 1711 411 1733 17
433 1699 445 1734 [
462 1696 587 1731 Α’μρινπνοὶ
604 1694 751 1724 Ptolemaeo
765 1713 773 1726 7
788 1691 801 1726 ]
828 1690 956 1719 Amantes
965 1685 1055 1715 Plinio
1067 1704 1074 1718 7
1092 1680 1190 1719 Populi
1200 1679 1262 1708 sunt
1271 1678 1338 1707 Pan<

228 1742 318 1770 noniae
331 1737 464 1768 inferioris
475 1757 482 1771 7
507 1744 565 1772 quae
576 1733 659 1762 hodie
675 1730 812 1766 Hungaria
831 1727 940 1756 dicitur.
981 1723 1012 1751 V.
1038 1721 1106 1750 Plin.
1118 1720 1166 1748 lib.
1182 1730 1208 1753 4.
1221 1727 1280 1753 cap.
1292 1725 1335 1749 25.

191 1780 213 1810 A
223 1790 240 1809 Μ
252 1789 269 1807 A
280 1788 299 1807 N
310 1788 326 1806 u
338 1787 351 1805 a
361 1786 379 1804 N
390 1785 402 1804 s
413 1786 421 1802 1
430 1784 441 1803 s
452 1795 460 1807 7
497 1774 511 1808 [
526 1770 677 1805 ύποκκφεὺς
692 1769 707 1803 ]
728 1768 825 1797 Servus
836 1765 914 1799 cujus
926 1771 1008 1799 opera
1020 1761 1045 1789 Se
1056 1768 1140 1787 manu
1152 1758 1181 1785 in
1192 1753 1337 1784 scribendo

229 1817 341 1846 utimur.
363 1814 436 1842 Suet.
451 1812 478 1839 in
490 1810 592 1839 Neron.
614 1817 673 1845 cap.
687 1817 732 1841 44.
762 1804 805 1834 Ne
817 1798 1047 1840 dispensatoribus
1058 1796 1170 1834 quidem
1183 1816 1191 1829 7
1212 1798 1259 1822 aut
1269 1800 1340 1820 ama-

229 1852 376 1883 nuensibus
393 1849 523 1886 exceptis.
557 1846 665 1876 Dicitur
676 1845 702 1873 δι
714 1844 732 1872 A
744 1851 835 1871 manu.
875 1839 906 1867 V.
931 1848 958 1866 A.

192 1893 242 1921 ΑΜ
253 1901 270 1920 A
280 1900 299 1919 N
310 1900 327 1918 u
339 1900 358 1917 M
369 1911 377 1922 7
406 1890 420 1923 [
439 1886 534 1920 Α’μθυνον
550 1885 564 1919 ]
585 1884 693 1916 Portus,
715 1880 764 1910 uhi
777 1887 851 1908 nunc
864 1873 1034 1910 Flaviobriga
1050 1871 1078 1900 in
1092 1868 1225 1908 Hispania
1233 1866 1342 1896 citerio-

230 1939 267 1958 re.
290 1927 358 1956 Plin.
370 1925 415 1954 lib.
431 1936 456 1959 4.
468 1933 526 1961 cap.
541 1932 585 1951 20.
607 1920 712 1957 Vulgo,
734 1922 804 1945 Porto
814 1916 876 1942 dalle
893 1917 984 1940 Crune.

193 1968 214 1997 A
223 1978 242 1996 Μ
254 1971 268 1995 A
281 1976 299 1994 N
309 1975 325 1993 u
335 1974 346 1993 s
357 1986 364 1999 7
386 1962 475 1992 Portio
487 1960 588 1989 montis
599 1958 684 1988 Tauri
695 1956 730 1985 ad
740 1954 867 1984 Ciliciam
878 1974 885 1987 7
911 1950 1024 1979 authore
1036 1946 1193 1976 Ptolemaeo.
1228 1944 1342 1971 Amanus

232 2012 312 2033 mons
332 2002 435 2038 Syriam
455 2009 469 2028 a
488 1998 585 2027 Cilicia
603 2004 733 2032 aquarum
754 1991 874 2021 divortio
891 1988 999 2017 dividit.
1041 1986 1098 2014 cic.
1121 1994 1145 2018 ς.
1177 1983 1229 2010 Att.
1250 1989 1294 2008 20.
1317 1980 1344 2007 Sc

230 2041 300 2071 Plin.
313 2040 359 2068 lib.
376 2049 400 2073 ς.
420 2047 480 2074 cap.
494 2045 537 2064 22.
573 2035 707 2063 Amanum
719 2036 843 2059 montem
857 2028 922 2056 hinc
932 2026 1038 2054 dictum
1050 2027 1149 2061 putant
1159 2042 1166 2053 7
1188 2018 1264 2056 quod
1275 2017 1342 2046 Ore.

232 2080 282 2109 stes
296 2087 358 2106 cum
375 2074 518 2113 Iphigenia
529 2074 554 2102 δέ
570 2072 665 2100 Dianas
679 2068 820 2098 simulacro
831 2065 898 2094 illuc
916 2063 1031 2093 veniens
1044 2084 1051 2095 7
1073 2058 1187 2088 amania
1207 2057 1233 2085 ἃ
1252 2055 1344 2084 furore

231 2117 271 2145 ibi
283 2114 460 2144 litliberatus.
500 2111 572 2139 Nam
587 2110 704 2138 Amanus
721 2106 795 2144 apud
812 2104 921 2133 Graecos
940 2101 1005 2130 Sine
1024 2097 1126 2127 insania
1143 2095 1251 2123 dicitur.
1294 2092 1346 2119 Vo-

233 2155 322 2183 laterr.
363 2152 446 2181 Nunc
472 2148 553 2185 vulgo
575 2153 688 2176 vocatur
709 2149 795 2171 Monte
819 2151 909 2177 negro,
945 2138 998 2167 five
1019 2143 1105 2164 Monte
1121 2142 1210 2162 nuouo.
1240 2130 1343 2160 Lucan.

235 2191 284 2221 lib.
300 2201 321 2227 3.
335 2198 398 2226 244.
547 2203 550 2207 ·

391 2241 429 2246 —-
456 2224 507 2253 luri
526 2220 647 2260 populus
669 2228 742 2248 nunc
758 2216 847 2247 cultor
863 2213 959 2244 Amani

237 2267 370 2298 Amanus,
400 2263 454 2291 Viri
475 2261 627 2298 proprium.
660 2257 707 2286 Sil.
729 2255 775 2284 lib.
793 2264 834 2291 17.

317 2301 434 2338 Vergilio
454 2298 614 2331 Caudinus,
645 2294 744 2325 acerbo
765 2293 848 2322 Sartis
869 2291 972 2319 Amano

315 2340 458 2369 Sternitur.

237 2380 371 2410 Amanus,
400 2374 503 2405 Anaitis
515 2395 522 2407 7
544 2374 569 2402 ἃ
583 2370 754 2403 Anandatus7
784 2365 923 2396 Persarum
940 2363 1004 2392 sunt
1023 2359 1156 2393 numina,
1178 2356 1207 2386 in
1231 2360 1348 2393 quorum

256 2414 361 2453 templo
381 2422 471 2443 annua
489 2410 553 2440 festa
564 2408 789 2440 celebrabantur,
811 2414 869 2441 qua:
880 2402 1040 2432 dicebantur
1054 2399 1129 2428 Saea.
1142 2394 1229 2429 Strab.
1242 2394 1289 2423 lib.
1306 2402 1346 2422 ιι.

257 2456 283 2483 δι
307 2463 348 2487 ις.
1228 2438 1232 2442 ’

202 2494 401 2522 AMARAces
415 2511 421 2521 7
443 2488 459 2516 i.
478 2496 514 2515 m.
535 2483 579 2514 vel
601 2483 826 2513 AmAaAcum,
849 2473 1044 2513 [1>':i‹92q9‹2:[=,·’>07
1066 2469 1225 2507 σάμψυρςν]
1258 2467 1350 2497 Herba

239 2538 320 2567 quam
332 2525 528 2563 Sampsuchum
539 2522 602 2551 alitis
615 2519 733 2549 dicimus
748 2517 829 2554 vulgo
842 2517 985 2547 Maiarum.
1009 2511 1075 2541 Plin.
1092 2509 1139 2538 lib.
1154 2518 1197 2536 21.
1223 2515 1281 2543 cap.
1302 2514 1348 2534 22.

240 2564 437 2603 Sampsuchum
457 2562 508 2590 {ive
520 2568 672 2589 amaracum
691 2557 719 2585 in
730 2551 1042 2592 Cyprolaudatillimum
1064 2550 1088 2577 St
1112 2544 1328 2575 odoratillimum
1340 2563 1349 2577 ‚

239 2602 430 2641 scorpionibus
440 2598 592 2628 adversatur
614 2606 645 2624 ex
658 2600 736 2623 aceto
757 2595 781 2622 ἃ
797 2591 848 2620 sale
867 2590 975 2618 illitum.
1018 2588 1175 2616 Amaracum
1189 2584 1213 2612 ὃ(
1226 2580 1352 2618 Sampsu-

242 2641 325 2672 chum
337 2640 410 2668 idem
422 2637 473 2666 effe
484 2636 587 2665 constat
599 2633 675 2662 l'linii
689 2629 911 2665 Dioscoridisque
923 2625 1050 2655 decretis.
1090 2622 1192 2651 Verum
1205 2619 1311 2648 Galcno
1324 2619 1351 2646 ὃς

243 2678 325 2709 Paulo
350 2679 492 2706 Amaracus
512 2683 542 2701 ea
558 2672 595 2700 est
614 2671 715 2704 herba,
737 2677 818 2705 quam
830 2666 946 2699 maiores
960 2663 1055 2691 dixere
1065 2658 1255 2690 Parthenium,
1277 2664 1352 2684 nunc

242 2716 359 2746 officinae
379 2721 478 2742 vocant
498 2709 689 2740 Matricariam.
728 2704 816 2735 Ruell.
837 2702 885 2731 lib.
912 2711 936 2737 3.
958 2710 1018 2737 cap.
1036 2709 1079 2736 34.
1125 2693 1289 2726 Mattliiolus
1306 2693 1354 2722 Se-

244 2753 333 2783 nenlis
355 2757 432 2789 putat
451 2758 507 2777 non
535 2746 709 2776 Parthenium
725 2742 796 2778 effe,
825 2740 872 2769 sed
892 2740 1000 2769 Marum
1014 2758 1022 2772 7
1057 2734 1171 2773 quanvis
1190 2732 1353 2771 opinionem

244 2790 346 2821 Ruellii
360 2798 415 2817 non
427 2785 574 2824 improbet.

245 2828 340 2859 Mollis
361 2833 508 2855 amaracus,
534 2822 604 2859 Virg.
618 2830 640 2848 1.
664 2818 724 2848 IEn.
741 2820 803 2851 696.
929 2828 966 2833 —-
985 2812 1015 2840 in
1026 2809 1095 2840 altos

325 2864 416 2894 ldaliae
436 2862 512 2890 lucos
533 2859 578 2888 ubi
599 2856 690 2886 mollis
708 2861 866 2886 amaracus,
887 2852 937 2880 &a

246 2904 333 2934 Olens
353 2901 432 2930 suave
451 2906 598 2928 amaracus.
622 2893 723 2923 Catull.
745 2902 787 2928 59.
801 2900 826 2927 7.

325 2940 411 2977 Cinge
429 2944 554 2973 tempora
573 2932 687 2962 floribus

325 2978 412 3006 Suave
428 2974 529 3003 olentis
549 2969 667 3000 amarici.

210 3019 231 3047 A
240 3027 258 3045 Μ
269 3019 285 3045 Κ
294 3026 309 3044 R
321 3018 335 3044 t
347 3025 362 3043 c
374 3015 409 3042 rw
419 3023 436 3041 u
447 3022 458 3039 s
469 3033 477 3045 7
506 3010 564 3045 Adj.
594 3009 608 3043 [
623 3002 790 3042 dlaaeqjmu&
805 3002 821 3036 ]
852 2999 935 3036 Quod
945 3007 980 3026 ex
990 3005 1114 3026 amaraco
1122 2995 1224 3024 factum
1239 2992 1284 3022 est.
1306 2996 1337 3021 ut
1347 3013 1356 3027 7

249 3053 439 3083 Amaracinum
450 3048 551 3078 oleum.
575 3045 642 3075 Plin.
655 3043 701 3072 lib.
713 3051 756 3070 21.
771 3049 829 3076 cap.
845 3047 890 3066 22.
912 3035 959 3065 ubi
970 3036 1004 3063 de
1014 3033 1180 3071 Sampsueho
1193 3054 1200 3065 7
1221 3031 1266 3059 seu
1287 3040 1358 3059 ama-

249 3101 312 3120 raco
329 3112 335 3124 7
359 3089 399 3118 rit
417 3097 450 3116 ex
462 3096 494 3115 eo
507 3084 599 3113 oleum
612 3082 685 3118 quod
698 3075 925 3115 Sampsuchinum
935 3079 1062 3106 vocatur,
1083 3077 1130 3100 aut
1149 3068 1334 3098 amaracinum
1349 3088 1357 3102 7

251 3129 285 3158 ad
301 3123 538 3156 excalefiiciendos
560 3118 797 3152 emolliendosque
819 3121 925 3142 nervos.

251 3165 450 3196 Amaracinum.
475 3171 502 3190 n.
532 3157 668 3188 Absolute.
711 3154 888 3190 Unguentum
915 3157 948 3177 ex
964 3154 1087 3176 amaraco
1104 3144 1215 3173 factum.
1241 3141 1309 3171 Gell.
1329 3142 1358 3170 in

269 3202 343 3240 prms.
367 3201 448 3231 Not-l.
464 3198 587 3227 suarum:
628 3194 710 3222 Vetus
720 3190 845 3225 adagium
865 3187 918 3216 est:
940 3184 1016 3214 Nihil
1027 3182 1136 3221 graculo
1154 3190 1219 3210 cum
1239 3179 1358 3214 fidibus,

270 3239 339 3268 nihil
352 3248 414 3267 cum
424 3235 579 3265 amaracino
593 3232 641 3261 sui.
680 3230 785 3259 Lucrct.
805 3225 853 3254 lib.
869 3228 894 3253 6.
909 3230 971 3258 973.

333 3277 457 3312 Denique
473 3271 656 3302 amaracinum
672 3267 769 3304 fugitat
789 3263 848 3292 sus:
871 3263 897 3292 δι
915 3261 995 3289 timet
1012 3266 1095 3286 omne

331 3313 520 3350 Unguentum.
609 3307 637 3336 V.
662 3304 759 3335 Erasm.
774 3299 846 3330 Chil.

217 3353 236 3382 A
246 3363 266 3381 Μ
276 3361 293 3380 A
304 3361 319 3379 a
331 3362 347 3379 A
358 3360 375 3378 N
392 3360 422 3378 ri
434 3371 441 3382 7
474 3350 487 3383 s
506 3345 640 3382 Α’μοιρρι-Ἷοὶ
655 3344 667 3379 ]
699 3339 794 3378 Populi
808 3336 882 3375 apud
893 3341 961 3371 quos
976 3332 1064 3362 Phasis
1078 3330 1288 3367 fluvius-oritur:
1309 3338 1361 3357 un.

254 3389 288 3417 de
308 3387 476 3416 Amarantius
491 3395 505 3413 a
522 3382 685 3421 quibusdam
705 3376 866 3416 appellatur.
905 3371 999 3408 Steph.

218 3428 238 3456 A
248 3437 268 3455 Μ
277 3429 291 3454 λ
301 3435 316 3453 R
328 3435 345 3453 A
356 3434 374 3452 N
385 3434 402 3452 Τ
415 3434 429 3452 u
440 3433 451 3451 s
463 3445 470 3457 7
502 3423 518 3450 i.
537 3431 572 3449 m.
596 3421 610 3455 [
626 3415 710 3452 epffllqo.
719 3420 781 3445 ur&
796 3414 810 3448 ]
833 3412 892 3442 Flos
904 3433 912 3445 7
933 3410 965 3438 ab
977 3404 1180 3436 immortalitate
1191 3411 1292 3431 nomen
1309 3406 1361 3431 tra.

255 3463 340 3494 hens,
362 3461 487 3496 quianon
498 3457 654 3490 marcescit,
667 3465 701 3484 ex
713 3465 729 3479 ‘J-
747 3452 814 3490 priv.
836 3451 897 3479 ἃν.
914 3457 1025 3482 paganas
1046 3442 1193 3472 Marcesco.
1217 3439 1303 3469 Scribi
1315 3440 1362 3468 de.

255 3500 301 3528 bet
319 3499 372 3527 linc
390 3498 510 3534 aspirata.
534 3494 600 3523 Plin.
621 3493 668 3522 lib.
692 3501 734 3521 21.
753 3499 812 3526 cap,
831 3492 855 3521 8.
897 3486 1041 3514 Amaranto
1053 3490 1109 3509 non
1120 3478 1203 3507 dubie
1214 3477 1359 3506 vincimur.

257 3537 299 3566 Est
309 3544 398 3564 autem
410 3535 490 3571 Spica
503 3541 639 3570 purpurea
652 3531 740 3559 verius
761 3535 841 3564 ‘quam
863 3524 914 3552 flos
935 3521 1050 3557 aliquia,
1072 3515 1163 3554 &ipse
1181 3514 1235 3543 sine
1255 3514 1358 3543 odore:

256 3575 408 3609 mirumque
421 3573 447 3600 in
458 3580 491 3599 eo
503 3592 510 3604 7
531 3569 647 3606 gaudere
657 3565 767 3601 decerpi
780 3586 787 3598 7
809 3565 833 3592 ἃ
846 3561 932 3590 laetius
948 3556 1060 3586 renasci.
1100 3553 1228 3583 Proveuit
1243 3551 1360 3588 Augusto

257 3610 358 3643 mense,
378 3609 456 3637 durat
470 3609 498 3635 in
509 3614 681 3635 autumnum.
720 3600 901 3631 Alexandrino
913 3596 1019 3635 palma,
1041 3593 1086 3630 qui
1099 3592 1243 3626 decerptus
1253 3590 1362 3617 allerva-

257 3654 309 3677 tur.
333 3647 503 3681 mirumque,
523 3644 663 3681 postquam
683 3640 808 3669 deiecere
820 3635 1020 3666 cunctiflores,
1048 3629 1215 3659 madefactus
1236 3636 1304 3663 aqua
1323 3635 1364 3654 rc-

257 3684 379 3717 viviscit,
402 3682 571 3718 &hybernas
582 3688 696 3708 coronas
710 3678 782 3706 facit.
816 3676 928 3704 Summa
940 3672 998 3705 eius
1015 3674 1111 3697 natura
1127 3667 1156 3694 in
1172 3664 1285 3692 nomine
1306 3663 1361 3697 est,

257 3721 394 3760 appellato
405 3735 422 3753 7*
434 3719 563 3755 quoniam
576 3726 631 3744 non
644 3714 793 3743 marcescit.
831 3712 897 3741 Haec
913 3709 982 3738 Plin.
1010 3704 1114 3736 Tibull.
1128 3713 1152 3741 3.
1163 3713 1188 3738 4.
1202 3710 1244 3737 33.

334 3758 473 3823 lL'Utl'quum
493 3759 645 3784 contexunt
663 3751 807 3781 amarantis
825 3749 886 3778 alba
901 3745 1000 3784 puellae

345 3805 362 3823 A
378 3804 410 3822 ι.ι.

219 3835 239 3864 A
249 3845 269 3863 Μ
282 3843 299 3861 A
309 3842 324 3860 R
334 3842 351 3860 n
362 3843 379 3865 1,
399 3829 494 3866 l’opuli
505 3828 566 3857 ssmt
577 3827 613 3863 Η)
623 3826 718 3855 reunia>
730 3824 764 3853 ad
774 3824 861 3852 sinum
871 3820 1031 3856 Scythicum
1042 3816 1128 3847 Strab.
1141 3814 1187 3844 lib.
1199 3808 1213 3843 Ἰ
1222 3823 1244 3843 1.
1256 3823 1283 3851 p.
1298 3820 1359 3849 350.

256 3868 378 3900 Hermol.
391 3868 418 3895 in
429 3867 494 3895 Plin.
509 3865 554 3893 lib.
568 3868 592 3892 6.
614 3873 672 3900 cap.
686 3871 730 3896 η.
753 3863 778 3890 δ’(
793 3870 832 3896 ¹7·

221 3910 236 3938 A
247 3919 268 3938 Μ
277 3918 295 3937 A
305 3918 320 3936 ιι
330 3917 346 3935 r>
358 3916 371 3934 ι.·
383 3915 395 3933 s
406 3926 413 3938 7
434 3904 535 3933 Mediae
556 3901 654 3929 rluvius
675 3899 821 3927 Ptolemaeo
832 3919 839 3929 7
862 3900 886 3925 6.
901 3905 924 3923 2.

1807 85 1832 120 A
1928 81 1965 117 M
2061 79 2087 115 A

2420 51 2430 67 N.

1359 172 1747 206 Ai.r.¹.r.r7Ai.1Aat⁷sco7
1785 166 2008 197 autumas,
2046 162 2297 191 AMAarruno7
2331 153 2501 186 Ammon,

1399 213 1602 240 AuARutrN
1616 216 1692 234 Tus.
1733 203 1763 232 V.
1784 211 1944 231 AMAaus.

1362 249 1382 277 A
1393 260 1412 277 Μ
1427 258 1442 276 A
1454 258 1467 275 a
1479 258 1487 275 1
1499 258 1515 274 A
1525 256 1542 274 c
1552 256 1573 273 με
1583 267 1590 279 7
1621 241 1718 280 Populi
1734 239 1867 277 Hyrcanis
1882 238 1968 267 vicini
1980 259 1987 272 7
2007 235 2091 265 latere
2103 232 2214 263 Mediae.
2243 228 2367 266 Hcrmol.

1401 285 1448 314 lib.
1462 289 1486 313 6.
1502 294 1562 321 cap.
1582 285 1621 310 16.

1365 325 1414 353 ΑΜ
1428 334 1443 350 A
1454 333 1467 350 u
1479 333 1486 350 1
1497 332 1535 350 cr.
1547 342 1554 354 7
1575 321 1589 355 [
1604 315 1699 354 ,ce-*eja
1714 317 1728 350 ]
1749 315 1849 344 dicitur
1874 314 1899 343 St
1915 312 1990 342 Erice
2002 333 2009 345 7
2032 312 2057 339 Sc
2075 308 2228 338 Tamarice.
2251 301 2372 334 Hermol.
2391 301 2420 329 in
2436 299 2504 329 Plin.

1404 360 1451 389 lib.
1477 370 1517 387 ιο.
1538 367 1597 394 cap.
1623 360 1662 383 ¹6.
1700 353 1780 382 Porro
1798 351 1961 381 Tamaricen
1975 344 2191 377 traditRuellius
2207 343 2255 372 lib.
2276 353 2297 371 1.
2323 350 2381 377 cap.

1404 398 1489 426 ticeni
1509 395 1588 423 {llum
1607 391 1659 422 esse
1683 390 1870 424 nodffimum,
1907 388 1953 424 qui
1973 386 2080 423 Myrice
2099 388 2221 412 vocatur.
2271 378 2359 415 Vulgo
2390 376 2507 410 Bryart'a,

2511 421 2526 430 κ

1409 440 1519 462 Rmaere.

1370 474 1419 502 ΑΜ
1431 476 1445 500 ξ
1457 482 1471 499 R
1482 473 1541 499 ico
1552 491 1558 501 7
1580 469 1593 503 [
1610 462 1720 501 mxps'gw
1734 465 1749 499 ]
1771 466 1915 494 Amarum.
1936 462 1954 490 i.
1973 470 1996 489 e.
2024 458 2153 496 Asperum
2167 455 2239 484 facio
2250 475 2257 488 7
2279 454 2305 482 ἅ
2315 449 2387 495 quasi
2396 448 2512 479 Exacer-

1409 510 1453 537 ho.
1494 505 1656 542 Augustinus
1668 525 1675 537 7
1692 502 1746 543 „lpfi
1757 500 1974 530 amaricaverunt
1986 497 2076 527 Deum
2087 518 2094 530 7
2115 493 2161 531 qui
2178 491 2320 530 peccando
2331 499 2358 518 1n
2369 496 2430 517 eam
2440 486 2512 524 aegri-

1409 546 1534 576 tudinem
1547 544 1725 571 devenerunt.
1764 539 1825 567 Vox
1837 539 1875 567 est
1885 537 2011 570 barbara,
2033 535 2058 563 δε
2070 531 2170 562 Latinis
2185 526 2433 559 auribusinaudita.
2464 530 2467 535 ·

1373 586 1394 614 Α
1405 597 1422 613 Μ
1435 594 1452 611 A
1463 592 1516 611 ais
1528 591 1540 609 P
1551 591 1567 609 υ
1578 590 1589 608 s
1602 601 1609 612 7
1630 578 1682 615 legi
1694 577 1778 606 debet
1793 578 1835 605 AR
1848 586 1884 603 [M
1895 585 1912 602 A
1923 583 1983 603 sei:
1994 582 2004 601 s
2017 594 2024 604 7
2047 571 2081 599 de
2095 579 2149 607 quo
2159 568 2222 596 vide
2238 566 2284 595 suo
2298 565 2370 593 loco.

1374 624 1395 652 A
1404 634 1422 651 Μ
1433 626 1448 649 A
1460 631 1475 648 R
1485 630 1503 648 t:
1512 630 1539 653 s7
1563 617 1622 652 Adj.
1645 617 1659 651 [
1674 617 1755 650 πικρὸς
1771 614 1785 648 ]
1808 613 1838 642 ld
1848 612 1921 649 quod
1934 610 1971 640 est
1981 609 2063 639 Dulci
2072 606 2248 637 contrarium.
2270 603 2341 639 Virg.
2354 611 2376 629 1.

1569 670 1605 675 -—
1625 655 1651 683 3.-
1666 652 1758 681 salices
1776 651 1892 688 carpetis
1904 658 2015 677 amaras.
2109 644 2176 674 Plin.
2190 642 2235 671 lib.
2254 650 2293 670 12.
2309 648 2369 676 cap.
2383 647 2408 673 9.
2425 664 2427 666 ,
2442 635 2516 665 Faci-

1412 696 1464 724 lius
1483 694 1537 722 hoc
1557 694 1582 722 St
1600 690 1740 720 crustosius
1754 711 1761 723 7
1784 689 1964 723 amariusque.

1411 735 1522 762 Amarus
1535 732 1560 760 ἃ
1572 729 1665 758 Dulcis
1675 750 1682 762 7
1703 726 1846 756 contraria.
1879 725 1936 753 Cic.
1957 733 1980 759 3.
2003 722 2038 751 de
2054 719 2118 750 Nat.
2132 718 2214 748 Deor.
2228 725 2271 753 31.
2309 713 2401 743 Omne
2417 707 2517 740 animal
2527 718 2534 723 ·
2582 717 2600 730 ·-

1430 770 1511 800 sentit
1524 770 1549 797 ἃ
1558 767 1646 796 calida
1658 767 1682 795 &
1693 764 1789 801 frigida
1799 785 1806 798 7
1827 765 1852 792 St
1867 762 1959 791 dulcia
1970 762 1995 790 ἂ
2004 768 2103 788 amara.

1413 809 1508 838 Amara
1518 813 1643 834 curarum
1653 825 1660 837 7
1682 813 1730 840 pro
1741 802 1842 830 Amatis
1858 801 1930 829 curis
1940 821 1947 833 7
1969 797 2015 827 seu
2024 797 2115 834 potius
2126 790 2311 824 Amaritud‘ine
2327 788 2340 824 (
2354 787 2372 816 si
2383 786 2474 815 dicere
2486 783 2518 812 li.
2528 805 2548 824 3..
2582 795 2595 826 ζ

1431 851 1492 875 ceat
1507 849 1514 873 i
1531 851 1664 872 curarum.
1690 841 1753 869 Hor.
1766 850 1792 874 4.
1812 839 1901 867 Carm.
1919 847 1960 866 12.
1977 845 2016 871 19.

1494 882 1562 919 Spes
1583 880 1685 908 donare
1706 886 1790 906 novas
1810 876 1919 913 largus,
1949 879 2094 908 amaraque

1533 918 1666 946 Curarum
1682 915 1774 944 eluere
1789 913 1894 942 efficax.

1415 958 1525 988 Amaros
1541 964 1646 984 amores
1665 952 1791 991 experiri.
1822 951 1891 988 Virg.
1907 960 1930 987 3.
1947 948 2004 978 Eel.
2023 956 2085 976 110.

1415 996 1524 1033 Apium.
1555 993 1623 1029 Virg.
1638 995 1663 1020 6.
1682 989 1739 1019 Ecl.
1753 994 1796 1022 68.

1415 1034 1509 1063 Roecae
1521 1040 1623 1060 amarae.
1661 1028 1769 1064 Virga.
1783 1026 1936 1062 Georg.86.
1960 1024 1977 1052 i.
1996 1031 2020 1051 e.
2042 1020 2155 1058 Asperae.
2194 1016 2313 1048 Nonius.

1416 1070 1522 1100 Calices
1541 1068 1686 1097 amariores
1706 1067 1836 1102 ingerere.
1858 1061 1956 1093 Catull.
1978 1070 2021 1096 25.
2035 1068 2060 1088 2.

1418 1107 1507 1138 Casus.
1527 1106 1610 1135 Ovid.
1625 1116 1648 1138 ς.
1669 1103 1747 1132 Trist.
1761 1114 1785 1136 4.
1809 1112 1850 1136 ις.

1497 1144 1558 1174 Fert
1578 1152 1688 1177 tamen,
1710 1148 1740 1169 ut
1760 1139 1861 1175 debet,
1881 1137 1956 1167 casus
1972 1135 2109 1175 patienter
2125 1138 2240 1162 amaros·

1418 1183 1530 1212 Cortex.
1555 1181 1624 1217 Virg.
1639 1184 1664 1208 6.
1687 1178 1742 1208 Ecl.
1757 1182 1800 1207 62.

1418 1221 1508 1251 Dicta.
1531 1218 1614 1248 Ovid.
1635 1226 1658 1253 3.
1679 1216 1757 1246 Trist.
1776 1225 1816 1244 11.
1831 1224 1873 1251 31.

1419 1259 1495 1288 Dies.
1515 1256 1608 1286 Tibul.
1627 1255 1674 1284 lib.
1685 1264 1709 1284 2.
1725 1265 1750 1289 4.
1764 1263 1805 1281 11.

1419 1295 1532 1326 Doctor.
1557 1294 1685 1322 Prudent.
1707 1292 1742 1320 de
1751 1289 1875 1320 Calliano
1889 1287 2008 1324 Martyre
2018 1285 2100 1322 Hym.
2114 1293 2138 1319 9.
2150 1291 2195 1318 27.

1501 1333 1603 1363 Doaor
1622 1339 1728 1360 amarus
1745 1329 1821 1358 enim
1842 1326 1960 1355 discenti
1979 1324 2085 1360 semper
2103 1320 2213 1358 ephebo
2379 1342 2391 1347 -

1539 1370 1599 1399 Nec
1622 1368 1710 1397 dulcis
1731 1366 1786 1396 ulla
1805 1363 1948 1402 disciplina
1966 1361 2088 1391 infantiae
2108 1358 2155 1388 est.

1421 1404 1516 1440 Fibrae.
1541 1407 1610 1444 Virg.
1632 1415 1657 1435 ι.
1680 1405 1777 1442 Georg.
1795 1413 1855 1432 120.

1422 1447 1505 1477 Folia.
1528 1445 1600 1482 Virg.
1615 1453 1639 1473 2.
1662 1443 1759 1479 Georg.
1773 1451 1832 1477 314.

1423 1486 1533 1515 Fumus.
1555 1483 1627 1519 Virg.
1644 1491 1684 1510 12.
1709 1481 1768 1510 ffin.
1786 1484 1846 1514 588.
1873 1476 1991 1507 Ovid.in
2002 1473 2084 1509 Ibin,
2106 1480 2170 1508 239.

1424 1522 1549 1553 Historia.
1572 1520 1639 1549 Hor.
1655 1529 1677 1548 1.
1701 1519 1786 1547 Serm.
1799 1526 1821 1553 3.
1835 1521 1878 1550 88.

1423 1560 1523 1589 Hostis.
1546 1559 1617 1596 Virg.
1632 1567 1673 1585 10.
1695 1556 1755 1585 AEn.
1769 1565 1832 1590 900.

1423 1597 1518 1628 Inulae.
1539 1596 1606 1626 Hor.
1620 1605 1646 1623 2.
1664 1594 1750 1623 Serm.
1764 1598 1789 1626 8.
1807 1600 1849 1626 ςι.

1425 1635 1511 1665 Lacus
1524 1657 1531 1670 7
1553 1634 1599 1671 qui
1613 1633 1739 1661 dicantur
1755 1631 1784 1659 in
1799 1629 1926 1666 ffigypto.
1966 1625 1998 1654 V.
2019 1623 2104 1653 Str-ab.
2120 1621 2168 1650 lib.
2185 1623 2225 1654 ¹⁶!-

1425 1673 1520 1711 Leges.
1541 1669 1597 1700 Val.
1613 1670 1686 1699 Max.
1709 1668 1755 1697 lib.
1769 1677 1793 1704 7.
1803 1672 1828 1696 6.

1425 1711 1537 1747 Lingua.
1560 1709 1642 1738 Ovid.
1656 1718 1680 1736 2.
1703 1707 1737 1735 de
1758 1706 1817 1734 Arte
1833 1705 1889 1733 Am.
1904 1712 1963 1738 151.

1426 1749 1536 1778 Luctus.
1559 1746 1641 1776 Ovid.
1656 1755 1698 1780 14.
1721 1743 1788 1773 Met.
1800 1746 1864 1778 465.

1426 1787 1504 1818 Lues.
1527 1784 1612 1814 Ovid.
1633 1783 1667 1811 de
1683 1781 1783 1811 Pulice.

1426 1823 1530 1855 Mettis
1549 1821 1632 1852 Ovid.
1649 1830 1673 1855 3.
1696 1820 1730 1848 de
1741 1819 1845 1852 Ponto,
1868 1825 1891 1845 1.
1914 1824 1959 1850 24.

1429 1861 1564 1892 Monitus.
1587 1858 1670 1888 Ovid.
1690 1863 1729 1890 ¹8.
1750 1856 1832 1894 Epist.
1849 1864 1909 1889 115.

1428 1899 1514 1930 mors.
1538 1898 1656 1934 Propert.
1674 1895 1721 1924 lib.
1737 1905 1759 1923 1.
1776 1904 1816 1929 ¹9·
1829 1902 1874 1921 20.

1429 1937 1540 1967 Mulier.
1562 1935 1625 1964 Ter.
1643 1933 1709 1962 Hec.
1730 1943 1755 1968 4.
1773 1942 1798 1966 4.
1809 1935 1852 1964 88.
2147 1956 2150 1958 v

1429 1976 1533 2005 Noctes
1551 1981 1657 2001 amaras
1667 1970 1813 1999 exercetin
1827 1976 1872 1996 me
1889 1965 1991 1994 Venus.
2010 1962 2132 1999 Propert.
2146 1958 2196 1988 lib.
2208 1967 2232 1986 1.
2246 1965 2269 1986 1.
2284 1964 2327 1993 33.

1430 2013 1471 2042 Os
1485 2019 1605 2040 amarum
1618 2009 1717 2038 dicitur
1729 2007 1810 2036 Corn.
1832 2004 1910 2034 Celso
1922 2002 2000 2031 lib.1.
2015 2010 2075 2037 cap.
2091 2008 2115 2036 3.
2137 2005 2223 2035 quum
2237 1995 2396 2024 Amatorem
2403 1988 2545 2028 quendam(
2584 1975 2590 2026 J

1450 2049 1582 2079 sentimus
1603 2048 1631 2076 in
1648 2046 1742 2083 lingua
1761 2046 1786 2074 Sc
1803 2043 1903 2082 palato.

1431 2086 1554 2118 Pericula
1566 2085 1652 2123 ponti.
1686 2083 1768 2113 ovid.
1787 2093 1809 2116 ς.
1831 2080 1911 2110 Trist.
1927 2087 1952 2107 2.
1965 2087 2010 2112 29.

1431 2126 1567 2155 Rumores
1581 2122 1681 2157 amari,
1702 2122 1720 2150 i.
1738 2130 1761 2149 e.
1781 2118 1879 2148 Acerbi
1891 2139 1898 2152 7
1921 2116 2033 2145 authore
2043 2110 2145 2142 Nonio.
2167 2108 2241 2145 Virg.
2253 2117 2282 2149 4.
2301 2105 2363 2136 AEn.
2378 2112 2440 2140 203.

1510 2162 1591 2198 isque
1608 2169 1702 2189 amens
1715 2158 1807 2187 'animi
1820 2179 1828 2190 7
1850 2158 1875 2185 ἃ
1890 2163 1998 2183 rumore
2013 2149 2142 2180 accensus
2158 2156 2259 2176 amaro,

1433 2200 1517 2231 Sales.
1539 2197 1658 2235 Quintil.
1679 2196 1726 2225 lib.
1743 2206 1783 2224 ιο.
1804 2204 1864 2231 cap.
1881 2203 1902 2221 1.
1925 2194 1954 2220 in
1979 2189 2122 2218 mentione
2143 2183 2223 2214 Callii
2233 2181 2344 2217 Severi,
2365 2180 2495 2209 Praeterea
2511 2181 2547 2206 ub
2568 2198 2591 2217 ·.

1453 2237 1537 2267 amari
1555 2236 1621 2265 sales
1633 2257 1640 2269 7
1662 2241 1699 2263 1ta
1709 2234 1863 2270 frequenter
1873 2227 2027 2259 amaritudo
2035 2225 2092 2264 ipsa
2100 2221 2218 2253 ridicula
2231 2220 2277 2250 est.

1434 2277 1548 2313 Scripta.
1571 2273 1654 2302 Ovid.
1668 2284 1694 2308 4.
1717 2271 1751 2300 de
1770 2271 1873 2305 Ponto,
1898 2274 1994 2303 14.37.

1434 2314 1540 2344 Sermo.
1562 2311 1628 2340 Hor.
1649 2320 1671 2339 1.
1692 2310 1777 2339 Serm.
1790 2318 1814 2337 -ι,
1829 2309 1855 2338 '7-

1435 2351 1556 2380 Sonitus.
1578 2350 1642 2378 Stat.
1659 2358 1699 2376 10.
1723 2345 1810 2375 Theb.
1827 2353 1887 2381 547.

1436 2390 1548 2419 Succus.
1571 2386 1653 2416 Ovid.
1670 2384 1790 2414 deRem.
1808 2383 1897 2412 Amor.
1907 2387 1968 2415 227.

1436 2426 1540 2456 Umbra
1552 2424 1641 2453 noctis
1654 2422 1776 2451 amarior.
1798 2419 1891 2450 Tibul.
1903 2417 1949 2446 lib.
1962 2424 1987 2444 2.
2002 2424 2025 2447 a.
2040 2422 2082 2442 11.

1437 2466 1533 2494 Amara
1543 2461 1592 2491 risu
1606 2462 1681 2490 lento
1694 2467 1853 2496 temperare.
1877 2457 1942 2486 Hor.
1956 2463 1981 2482 2.
1993 2452 2082 2481 Carm.
2096 2451 2138 2478 16.
2153 2449 2195 2477 16.
2214 2444 2256 2476 'AL
2274 2441 2356 2474 Laeto.

1437 2502 1605 2532 Amariorem
1629 2508 1674 2527 me
1697 2498 1763 2526 facit
1780 2495 1911 2524 senectus.
1941 2492 1957 2520 i.
1975 2500 1997 2519 e.
2025 2487 2215 2520 Acerbiorem,
2237 2483 2429 2513 austeriorem:
2451 2472 2547 2514 &01sp

1457 2539 1554 2576 vulgus
1574 2536 1718 2573 loquitur)
1731 2533 1881 2564 rudiorem.
1906 2530 1963 2559 Cic.
1981 2538 2022 2562 14.
2036 2528 2087 2555 Att.
2100 2535 2143 2558 24.

1401 2579 1451 2610 ΑΜ
1461 2581 1476 2606 A
1488 2587 1524 2605 Re
1535 2598 1542 2610 7
1565 2576 1630 2604 Adv.
1652 2575 1667 2610 [
1682 2574 1768 2609 πικρῶς
1785 2572 1799 2606 ]
1821 2569 1932 2599 Acerbe.
1949 2565 2030 2595 Caius
2040 2565 2068 2592 in
2079 2563 2096 2592 l.
2119 2562 2148 2591 Si
2163 2559 2237 2597 quid.
2252 2558 2286 2587 D.
2300 2557 2334 2586 de
2343 2554 2446 2586 ffidilit.
2463 2553 2545 2582 ediffl

1439 2616 1505 2646 Haec
1521 2613 1614 2642 omnia
1625 2611 1755 2641 videntur
1766 2619 1799 2638 eo
1812 2608 1965 2646 pertinere,
1987 2602 2057 2632 neid
2066 2600 2141 2638 quod
2151 2597 2293 2628 affirmavit
2313 2594 2456 2627 venditor,
2477 2600 2549 2629 amam
2580 2609 2582 2627 :

1439 2663 1468 2682 re
1483 2652 1516 2681 ab
1525 2661 1559 2680 eo
1568 2650 1693 2688 exigatur
1704 2670 1711 2679 .
1730 2647 1776 2676 sed
1786 2655 1849 2675 cum
1864 2643 1984 2682 quodam
1996 2642 2224 2677 temperamento.
2249 2633 2332 2662 Plaut.
2345 2631 2428 2660 Truc.
2439 2639 2491 2659 1.2.
2502 2628 2550 2666 775<

1440 2689 1532 2721 Corda
1551 2697 1640 2717 amare
1657 2686 1745 2715 facitis
1756 2690 1886 2713 amantes.
1928 2681 1957 2708 V.
1980 2689 1998 2707 A
2007 2688 2027 2706 Μ
2037 2687 2054 2705 A
2068 2687 2081 2704 R
2091 2686 2123 2704 ar·-
2135 2685 2152 2703 A
2161 2684 2177 2702 c
2187 2684 2197 2708 1
2206 2683 2232 2701 o.

1440 2729 1568 2764 Compar.
1589 2723 1705 2754 Tertull.
1726 2723 1787 2752 adv.
1810 2720 1895 2750 Marc.
1918 2728 1943 2747 2.
1970 2727 2011 2745 10.
2038 2712 2168 2743 Diabolus
2186 2708 2303 2739 amarius
2318 2706 2439 2744 punitur.

1440 2765 1545 2803 Superl.
1567 2764 1679 2793 Sueton.
1701 2762 1764 2798 Aug.
1777 2769 1835 2796 cap.
1852 2767 1896 2786 ao,
1923 2758 1948 2786 Sc
1962 2754 1986 2783 T
1990 2753 2054 2782 ibet.
2069 2761 2128 2787 cap.
2147 2760 2189 2784 54.
2211 2750 2237 2777 δι
2258 2746 2376 2775 Laetant.
2392 2755 2414 2772 1.

1403 2804 1621 2836 amirari-nn,
1643 2800 1729 2829 ldem.
1762 2797 1873 2826 Hieron.
1893 2794 1927 2823 ad
1949 2789 2074 2823 Marcell.
2100 2787 2180 2825 Epist.
2197 2794 2241 2822 23.
2263 2783 2323 2812 init.
2345 2783 2437 2811 Petrus
2458 2776 2557 2838 επιειᾲζ
2567 2789 2569 2801 ι

1442 2848 1483 2870 ter
1498 2840 1576 2869 flens.

1405 2880 1454 2909 ΑΜ
1466 2882 1583 2910 Aaou,
1604 2875 1692 2904 idem.
1714 2870 1792 2910 Apul.
1812 2869 1880 2900 Met.
1902 2872 1926 2897 6.
1947 2877 1974 2905 p.
1991 2870 2051 2902 178.
2083 2860 2222 2893 Contortis
2244 2856 2394 2897 superciliis
2411 2843 2560 2888 subridents
2575 2873 2578 2884 .

1442 2924 1572 2945 amarum.
1594 2912 1667 2942 conf.
1693 2910 1825 2939 Ammian.
1848 2917 1930 2941 ΜΛ).

1406 2955 1428 2985 A
1438 2965 1457 2982 Μ
1468 2957 1483 2981 Ᾰ
1495 2963 1509 2981 R
1520 2954 1535 2981 ῠ
1547 2963 1562 2980 t.
1573 2961 1590 2979 u
1600 2961 1611 2979 s
1622 2973 1629 2983 7
1653 2949 1755 2978 Dimin.
1782 2945 1859 2976 Apul.
1874 2943 1941 2973 Flor.
1954 2952 1979 2977 4.
2003 2940 2142 2969 Craterum
2158 2935 2214 2965 bibi
2227 2933 2377 2963 dialectica:
2395 2925 2554 2959 amarulam.
2574 2924 2583 2956 ,ὖ

1444 2991 1551 3020 Elmen.
1573 2988 1640 3026 legit
1653 2980 1825 3027 Aulterulam.
1848 2992 1877 3019 p.
1894 2985 1956 3016 363.

1943 3013 1947 3023 ι

1407 3030 1456 3059 ΑΜ
1469 3037 1553 3056 Ares
1567 3036 1608 3055 co
1621 3047 1628 3060 7
1651 3026 1834 3060 [ngusuqm.
1845 3041 1852 3054 7
1874 3016 1984 3052 mnestgm
2000 3016 2014 3050 ]
2035 3015 2087 3043 ere.
2114 3013 2243 3041 Amarum
2261 3008 2328 3037 fieri.
2369 3003 2502 3036 Palladius
2510 3001 2558 3058 3³?

1445 3076 1521 3095 nuar.
1537 3074 1597 3100 cap.
1615 3072 1656 3097 ις.
1681 3058 1842 3102 Amvgdalus
1854 3056 1871 3085 li
1881 3055 1992 3084 rodatur
2003 3075 2009 3087 7
2032 3049 2180 3080 amarescit.

1408 3105 1485 3134 Aut
1496 3105 1531 3131 ai
1546 3112 1559 3130 r
1571 3112 1586 3129 A
1596 3110 1616 3129 s.
1647 3099 1706 3128 atis.
1729 3100 1748 3126 t.
1778 3091 1872 3124 mmai«
1887 3115 1894 3127 7
1919 3090 2015 3120 Gloss'ae
2031 3087 2184 3118 Philoxeni.
2221 3083 2272 3113 Rei
2286 3091 2382 3112 amarae
2395 3080 2488 3118 sapor,
2507 3070 2590 3114 quih-

1446 3139 1592 3170 Duleedini
1605 3136 1762 3175 opponitur.
1787 3132 1914 3161 Amaritas
1932 3129 2011 3157 succi.
2035 3126 2138 3155 Vitruv.
2150 3134 2174 3152 2.
2186 3133 2211 3158 9.

1410 3179 1623 3208 Arrasstmts
1635 3196 1642 3208 7
1669 3174 1703 3202 ei.
1728 3172 1814 3201 Idem.
1836 3167 1924 3197 Catul.
1940 3170 1983 3195 66.
2002 3170 2042 3194 153.

1526 3213 1618 3243 Multa
1635 3211 1695 3240 satis
1715 3209 1762 3238 luli
1773 3229 1781 3243 ,
1808 3216 1865 3235 non
1881 3206 1918 3233 est
1936 3204 1987 3232 dea
2004 3200 2093 3230 nescia
2106 3198 2188 3227 nostri

1571 3251 1639 3286 Quae
1658 3247 1768 3276 dulcem
1785 3241 1856 3273 curis
1875 3241 1970 3271 miscet
1991 3238 2152 3268 amaritiem.
2167 3268 2173 3271 -

1449 3288 1591 3320 Amarities
1609 3296 1642 3315 ex
1662 3284 1784 3313 Vitruvio
1805 3283 1832 3310 in
1852 3280 1953 3309 Lexico
1975 3277 2114 3306 Constant.
2133 3274 2162 3301 in
2181 3266 2284 3301 ‘mnda-
2320 3267 2354 3297 H.
2375 3268 2414 3297 St.

1413 3328 1654 3358 ΑΜᾸιιῐΤῦοο,
1682 3323 1743 3351 inis.
1767 3320 1784 3348 f.
1815 3315 1982 3354 [mr-edm]
2012 3314 2098 3343 ldem.
2130 3310 2197 3339 Plin.
2214 3308 2260 3336 lib.
2275 3316 2315 3335 11.
2333 3315 2393 3343 cap.
2411 3313 2454 3341 37.
2488 3287 2550 3331 lde‘o
2591 3312 2594 3334 ¹.

1450 3372 1553 3394 tantam
1567 3362 1669 3391 hahent
1687 3357 1897 3388 amaritudinem
1907 3376 1915 3388 7
1937 3361 1967 3381 ut
1979 3362 1994 3380 a
2004 3350 2119 3380 canibus
2131 3356 2187 3376 non
2199 3346 2374 3382 attingantur.

1450 3403 1557 3438 Ingrata
1575 3397 1737 3428 amaritudo.
1777 3393 1808 3423 V.
1832 3404 1840 3421 1
1851 3401 1869 3419 N
1879 3402 1897 3420 G
1907 3401 1921 3419 r.
1931 3401 1950 3419 A
1960 3400 1978 3418 'r
1988 3399 2005 3418 u
2015 3399 2035 3418 s.

1451 3438 1561 3469 Tralate
1578 3437 1612 3466 ad
1631 3435 1683 3465 alia
1694 3434 1822 3466 refertur,
1844 3432 1869 3460 St
1881 3425 2055 3458 conviciandi
2065 3422 2197 3453 acerbitas
2209 3420 2255 3449 est.
2296 3417 2424 3448 Attendas
2435 3424 2469 3445 ne
2478 3409 2551 3442 inbiL
2582 3417 2583 3422 ¹

1471 3477 1526 3506 lem
1538 3482 1584 3504 aut
1600 3472 1812 3503 amaritudinem
1822 3473 1908 3496 vertat
1923 3464 2029 3498 iniuria.
2052 3462 2120 3492 Plin.
2135 3463 2159 3489 6.
2175 3459 2255 3496 Epist.
2274 3463 2299 3491 8.

1454 3512 1610 3543 Amaritudo
1624 3510 1717 3539 animi.
1749 3505 1884 3543 Lamprid.
1898 3504 1927 3532 in
1942 3502 2016 3531 Alex.
2032 3501 2121 3530 Sever.
2135 3506 2194 3534 cap.
2209 3505 2253 3525 20.

1453 3551 1621 3580 Carminum.
1646 3547 1713 3577 Plin.
1724 3545 1771 3574 lib.
1787 3548 1828 3579 36.
1841 3551 1899 3579 cap.
1915 3551 1938 3574 ς.

1452 3588 1616 3619 lamborum.
1640 3586 1737 3613 Aut‘tor
1748 3583 1782 3611 de
1793 3579 1884 3610 Cauiis
1898 3582 2030 3614 corruptae
2042 3571 2207 3610 eloquentiae
2218 3591 2226 3606 ,
2247 3577 2307 3607 cap.
2325 3577 2367 3597 10.

1452 3626 1620 3655 Studiorum.
1642 3620 1759 3658 Quintil.
1780 3618 1863 3648 Instit.
1887 3628 1907 3644 1.
1928 3625 1950 3644 1.

1452 3663 1632 3699 Temporum.
1657 3658 1791 3688 Ammian.
1805 3665 1848 3684 21.
1864 3657 1903 3682 16.

1417 3701 1437 3731 A
1447 3711 1468 3730 M
1478 3705 1493 3729 Ᾰ
1503 3710 1519 3728 i<
1529 3709 1545 3727 o
1557 3721 1564 3732 7
1586 3702 1639 3726 are.
1661 3698 1789 3725 Amatam
1798 3694 1894 3721 facere.
1912 3688 2031 3719 Avienus
2043 3684 2123 3723 Epist.
2146 3683 2181 3712 ad
2191 3681 2262 3712 Flav.
2277 3677 2460 3718 Myrmecium
2469 3696 2478 3710 7

1534 3736 1598 3764 llaec
1620 3740 1650 3763 ut
1672 3733 1759 3762 amice
1784 3737 1876 3768 petam
1894 3733 1999 3764 cogunt
2010 3723 2114 3753 fastidia
2132 3721 2220 3757 longis

1531 3772 1602 3801 Nata
1623 3771 1719 3804 malis,
1742 3770 1767 3798 Sc
1787 3766 1859 3804 quod
1881 3765 1990 3802 penitus
2008 3761 2110 3790 fellitus
2124 3766 2247 3788 amarans

1532 3809 1587 3838 Ora
1606 3808 1683 3845 sapor
1704 3806 1742 3835 nil
1764 3805 1844 3834 dulce
1869 3811 1931 3831 meo
1956 3801 2018 3830 linit
2037 3798 2090 3826 esse
2114 3795 2213 3834 palato.

1416 3849 1586 3914 Anchoe,
1621 3846 1683 3874 oris.
1711 3854 1748 3873 m.
1785 3839 1951 3878 [πυιςοτης]
1988 3836 2081 3871 ,idem
2117 3833 2193 3871 quod
2228 3829 2396 3860 Amaritudo.

1480 3893 1552 3920 eorg.
1571 3889 1633 3919 248.

2391 228 2420 255 in
2436 225 2501 255 Plin.

2394 347 2436 373 99.
2456 337 2509 366 ftu-

2400 597 2455 628 Ecl.
2469 607 2511 641 79.-

2426 2752 2470 2772 21.

2542 2970 2546 2982 l

2442 3824 2511 3862 Virg.
2528 3828 2554 3850 α.
2572 3822 2574 3831 ”

2505 3894 2556 3927 ora
2571 3868 2586 3891 i
