2604 4222
144 152 215 190 384
572 135 858 174 ΕΑΒ

199 225 254 256 fixa
263 224 404 254 radicibus
415 246 423 259 ‚
443 233 503 260 quae
515 229 660 258 nunquam
674 218 730 248 ullu
750 218 777 246 vi
793 213 952 245 labefac‘tari
973 209 1062 250 potest
1073 231 1082 244 ,
1103 216 1248 245 nunquam
1267 206 1308 235 di-

255 273 286 291 ve
390 285 395 290 .

185 273 261 338 Algii‘a
273 263 525 330 cibifgfffrontino
543 297 663 329 dicitur,
684 292 773 329 inquit
789 290 924 322 Budaeus.
947 287 1017 323 Quae
1037 285 1072 313 de
1093 283 1154 312 lacu
1174 282 1308 311 abundat.

205 339 251 368 Sic
265 339 346 368 Varro
360 348 367 373 ·,
389 337 501 366 Caduca
512 345 581 371 aqua
593 355 601 368 ‚
623 341 683 369 quae
696 331 732 359 de
742 327 885 357 canalibus
896 325 1010 354 defluit:
1033 323 1133 351 hoceit
1145 330 1204 357 quae
1215 320 1308 357 super.

206 377 284 412 fluit,
306 378 332 406 dc
342 385 401 404 non
413 375 594 437 0011111181υὲ,
615 371 669 413 1108
682 368 719 397 est
727 365 860 396 abundat.
883 363 968 393 Ovid.
982 371 1007 390 2.
1024 361 1060 389 d:
1071 361 1149 389 Pont.
1163 368 1187 394 7.
1200 367 1243 395 39.

382 428 419 433 —-
430 419 461 440 ut
482 420 516 439 ue
526 419 556 437 ca
582 417 639 437 ueis

268 450 395 481 Percuffu
412 423 509 478 cresim
520 447 582 475 sixa
594 449 724 474 cavantur
737 441 822 477 aquis.
917 438 934 467 i.
949 447 972 466 e·
992 434 1173 465 Cadentibus.
1191 470 1196 476 ¹
1240 470 1245 475 ι
1284 469 1289 475 ·

189 488 317 527 Auspicia
328 488 432 517 caduca
442 508 450 521 ‚
471 486 583 514 auctore
597 481 671 511 Festo
681 502 689 514 ,
711 478 831 515 antiquis
840 475 1021 510 dicebantur,
1043 474 1141 510 Quum
1161 469 1268 508 aliquid
1283 478 1313 498 in

210 527 316 565 templo
329 525 486 557 exciderat3
508 521 594 550 veluti
609 519 686 555 Virga
696 527 711 545 e
720 526 814 545 manu.
877 552 883 557 ι

190 565 268 595 Bona
279 585 287 599 ,
308 562 459 593 l-laereditas
471 582 478 594 ,
501 559 632 596 Legatum
644 558 696 585 818.
733 554 764 583 V.
779 552 864 591 paulo
876 550 956 581 infra.

190 603 274 632 Fama
292 602 406 630 caduca.
429 597 512 627 Ovid.
525 609 550 631 4.
564 596 599 624 de
610 595 686 623 Pont.
700 596 725 626 8.
737 596 782 626 46.

192 640 267 670 Folia
280 639 392 668 caduca.
415 635 498 665 Ovid.
512 643 537 663 2.
556 634 647 662 Amor.
663 634 703 660 16.
721 640 767 665 45.

193 677 315 708 Frondes
325 676 444 705 caducae.
468 671 550 701 ovid.
568 680 591 705 3.
601 669 681 698 Trist.
693 677 717 697 1.
726 677 772 703 45.

384 727 421 731 -—
430 719 482 739 nec
491 709 588 738 fronde
599 707 705 736 caduca
798 702 934 741 Carpitur.

191 751 308 782 Fulmen
317 750 464 779 caducum.
487 747 553 776 Hor.
567 756 589 780 3.
603 745 692 773 Carni.
704 754 730 778 4.
742 753 787 778 44.
809 751 860 780 pro
874 740 935 776 Jam
945 736 1063 768 imm'rss'o
1076 736 1156 766 dixit.

193 789 316 818 Glandes
328 787 448 816 caducae.
470 784 578 813 Lucret.
590 782 637 811 lib.
651 793 674 817 ς.
690 785 770 817 1362.

192 827 331 864 Lacrymae
345 825 466 854 caducae.
488 822 572 851 Ouid.
586 824 612 849 6.
628 820 695 850 Met.
709 822 770 855 ³9⁶·

385 876 421 881 —
431 860 642 896 madefactaque
654 865 724 886 terra
735 856 856 886 caducas

283 898 568 937 Concepitlacrymas
578 919 585 929 ,
611 906 643 926 ac
655 896 732 925 venis
743 894 865 932 perbibit
876 891 947 921 imis,

192 939 301 969 Litterae
312 938 426 967 caducae
441 946 455 966 a
466 936 554 965 Plinio
567 935 711 968 dicuntur,
732 933 805 970 quali
815 940 956 966 χοιμμαπι
972 939 978 953 ε
1175 962 1180 966 -

211 976 336 1013 (inquit,
354 975 402 1004 lib.
416 983 456 1011 13.
470 983 530 1010 cap.
548 973 612 1007 12.)
634 971 768 1008 levigatur
786 970 888 1001 dente,
905 965 1072 996 conchave:
1094 960 1142 991 sed
1163 961 1314 1004 litterze'ca-

211 1014 290 1043 ducae
309 1013 388 1042 flunt.
415 1013 433 1041 i.
453 1021 477 1041 e.
500 1011 619 1048 fugaces
635 1011 665 1039 ἃ
682 1009 840 1046 fugientes,
861 1013 892 1035 ut
909 1004 971 1034 Cic.
992 1002 1134 1038 loquitur,
1154 997 1312 1035 ὢερρνηνθτα.

210 1052 335 1081 Budaeus.

188 1090 285 1120 Preces
301 1086 421 1118 caducae.
444 1085 530 1117 Ovid.
544 1096 566 1115 1.
584 1085 650 1116 Fast.
672 1089 734 1118 ¹8¹-

288 1127 422 1163 Concipit
433 1126 488 1155 ulla
498 1134 593 1163 preces
603 1146 611 1159 ,
633 1123 761 1160 diflaque
773 1120 885 1158 pondus
897 1116 1010 1146 habent.

207 1164 258 1195 stra
289 1171 425 1194 recantur.

189 1203 243 1233 Res
254 1176 380 1232 hiimanae
390 1201 502 1231 caducae
515 1202 540 1230 8(
552 1198 668 1236 fragiles.
688 1197 750 1227 Cic.
768 1197 804 1225 de
817 1193 927 1224 Amicit.
942 1199 1004 1221 102.

982 921 1151 958 bundorum.
1180 921 1315 952 scabritia

816 1096 854 1102 „-
863 1089 915 1109 nec
928 1078 1023 1115 lingua
1032 1077 1152 1106 caducas

1097 1114 1125 1143 h.
1137 1121 1162 1142 e.
1183 1110 1250 1142 Non
1258 1109 1313 1140 fru-

1824 122 1853 158 Ε
1948 122 1976 157 A
2069 123 2102 157 D

1401 204 1455 234 lius
1466 204 1575 248 veniam
1587 204 1621 232 ab
1637 214 1671 233 eo
1694 205 1874 242 impetraret,
1896 203 2020 242 Apollini
2035 203 2153 233 traditur
2168 204 2329 235 concessisse
2341 228 2348 240 ,
2370 213 2400 237 ut
2412 208 2497 239 lvram
2512 220 2528 240 a

1402 242 1529 279 septimo
1541 249 1685 271 inventam
1698 243 1878 280 praedicaret:
1902 243 2016 280 Propter
2040 242 2117 278 quod
2135 243 2294 280 Apollinem
2314 244 2408 274 ferunt
2425 242 2524 282 virgam

1403 280 1542 323 quandam
1556 280 1697 309 Mercurio
1711 282 1788 309 dono
1798 279 1902 309 dedisse
1917 302 1925 315 ,
1946 289 2029 316 quani
2042 289 2127 316 quum
2138 288 2332 311 manutenens
2344 283 2371 310 in
2385 277 2526 316 Arcadium

1403 317 1622 355 proficisceretur
1633 339 1642 352 ,
1664 319 1793 347 inventos
1806 319 1840 347 ab
1855 327 1890 346 eo
1899 318 1978 347 fuiffe
1988 318 2122 346 dracones
2133 318 2204 348 duos
2221 319 2299 348 simul
2315 319 2413 354 ligatos
2424 344 2431 354 .
2451 324 2476 352 S<
2488 324 2527 351 iri.

1402 362 1444 399 ter
1456 354 1481 383 se
1492 362 1589 398 mutuo
1605 362 1770 399 pugnantes.
1812 355 1878 392 Quo
1901 355 1958 384 viso
1971 376 1980 390 ,
2004 355 2110 392 virgam
2130 349 2347 394 interposuill‘eJ
2363 359 2389 387 &
2404 359 2476 388 dicio
2491 360 2528 389 ci-

1404 400 1459 422 tius
1475 393 1599 436 praelium
1610 392 1759 422 diremilse.
1801 393 1840 422 Eo
1852 393 1926 422 facto
1937 414 1945 428 ,
1966 392 2125 426 huiusmodi
2137 394 2241 430 virgam
2256 395 2331 432 pacis
2352 396 2438 432 gratia
2457 397 2527 427 dixit

1404 430 1458 459 else
1472 430 1659 459 constitutam.
1702 431 1757 460 Sed
1774 431 1832 460 haec
1844 430 1970 460 fabulosa
1989 429 2059 459 sunt.
2102 430 2206 460 Veritas
2226 439 2319 461 autem
2344 432 2460 463 historiae
2472 434 2528 466 hoc

1404 468 1498 497 habet.
1526 468 1666 511 ⁴Ovorum
1676 478 1762 505 genus
1775 469 1814 498 est
1826 469 1856 497 in
1874 477 1973 505 magna
1992 467 2143 497 Galliarum
2158 468 2230 498 fama
2242 491 2249 503 ,
2271 469 2400 499 omissum
2421 471 2528 503 Graecis.

1405 508 1514 549 Angues
1525 506 1663 534 innumeri
1676 507 1764 535 aestate
1774 505 1939 541 convoluti,
1960 504 2048 534 salivis
2068 504 2192 535 faucium
2210 516 2415 545 corporumque
2426 508 2526 546 spumis

1405 546 1503 586 artiliCi
1526 543 1676 586 complexu
1702 544 1899 581 glomerantur.
1960 543 2120 579 Anguinum
2145 544 2158 579 (
2171 544 2201 572 id
2222 547 2330 580 ovum)
2362 546 2516 584 appellatur

1406 581 1649 611 Druidaesibilisid
1661 581 1761 611 dicunt
1772 581 1801 610 in
1818 581 1935 611 sublime
1953 580 2065 616 jaffari,
2087 579 2205 618 sagoque
2224 588 2354 620 oportere
2376 585 2505 623 intercipi
2517 571 2524 580 ⁸
2545 598 2550 613 l

1407 629 1443 648 ne
1458 619 1586 647 tellurem
1596 619 1721 657 attingat.
1744 619 1891 657 profugere
1905 624 2045 655 raptorem
2057 627 2129 655 equo
2143 629 2151 654 3
2173 619 2314 657 serpentes
2327 622 2403 651 enim
2414 608 2529 660 insequi’

1407 658 1500 686 donec
1510 663 1652 686 arceantur
1663 658 1753 686 amnis
1764 657 1881 693 alicujus
1892 657 2057 685 interventu.
2100 655 2330 694 Experimentum
2346 660 2407 695 ejus
2421 659 2473 690 effe
2510 646 2530 692 li

1407 702 1505 724 contra
1517 704 1599 737 aquas
1609 695 1700 723 fluitet
1711 717 1719 730 ‚
1740 694 1785 724 vel
1794 705 1860 724 auro
1875 694 2009 723 vinctum.
2051 694 2139 730 Atque
2148 716 2157 730 ‚
2179 701 2210 724 ut
2220 695 2258 725 est
2268 705 2411 733 magorum
2421 682 2530 730 soleitia

1407 731 1583 761 occultandis
1596 732 1739 762 fraudibus
1746 731 1825 770 sagax
1837 754 1845 767 ,
1866 739 1941 761 certa
1953 731 2020 761 luna
2031 732 2200 769 capiendum
2214 733 2328 763 censent
2347 736 2399 764 dcc.
2441 736 2480 766 Ad
2491 737 2531 766 vi.

1407 771 1509 799 c'torias
1519 769 1611 799 litium
1623 792 1630 805 ,
1654 780 1686 799 ac
1699 781 1794 808 regum
1807 770 1898 799 aditus
1912 770 1982 798 mire
1999 768 2143 799 laudatur:
2166 776 2250 800 tantae
2264 772 2393 802 vanitatis
2404 794 2412 808 ,
2433 780 2465 803 ut
2485 774 2530 804 ha·
2576 775 2577 808 ζ

1408 808 1522 836 bentem
1533 808 1561 836 id
1571 808 1599 836 in
1610 808 1658 837 lite
1670 809 1699 837 in
1709 808 1767 838 sinu
1778 809 1901 845 equitem
1915 807 2076 836 Romanum
2095 817 2111 837 e
2122 807 2267 838 Vocontiis
2277 830 2285 844 ,
2309 819 2323 838 a
2336 810 2401 839 divo
2412 810 2530 842 Claudio
2576 809 2577 832 ἶ
2592 829 2601 840 ,ι

1406 846 1535 888 principe
1552 846 1751 884 interemptum
1766 856 1823 875 non
1834 846 1870 875 ob
1890 845 1968 874 aliud
1983 844 2074 874 sciam.
2113 845 2169 875 Hic
2182 852 2276 876 tamen
2294 848 2459 885 complexus
2483 860 2530 879 an-

1407 893 1504 920 guium
1515 885 1543 912 δι
1554 883 1731 913 efferatorum
1743 883 1896 914 concordia
1906 882 1987 913 causa
1998 882 2109 911 videtur
2119 881 2174 913 effe
2185 905 2193 918 ,
2215 894 2300 921 quare
2319 894 2420 915 exterae
2433 895 2530 924 gentes
2576 914 2578 918 ,

1406 920 1562 964 caduceum
1573 922 1691 965 inpacis
1701 922 1869 959 argumentis
1880 920 2051 950 circumdata
2060 920 2149 959 effigie
2163 931 2294 959 anguium
2308 922 2433 953 fecerint.
2473 925 2530 955 Ne·
2575 936 2576 951 i

1407 969 1461 995 que
1482 960 1698 1002 enlm-cristatos
1713 959 1767 989 effe
1785 961 1816 988 in
1832 959 1957 1003 caduceo
1975 967 2037 987 mos
2056 957 2104 988 est.
2145 959 2212 1003 Haec
2222 959 2292 989 Plin.
2304 959 2354 990 lib.
2366 971 2411 996 29.
2425 971 2485 1000 cap.
2501 972 2526 1000 ς.
2574 987 2575 993 ,

1408 997 1456 1033 [H
1461 1006 1499 1025 aec
1512 997 1550 1026 est
1562 997 1608 1026 illa
1618 1019 1625 1031 ,
1647 1007 1730 1035 quam
1741 997 1946 1027 consarcinator
1957 997 2058 1025 horum
2071 996 2205 1034 praedicat
2219 1018 2228 1028 ,
2251 997 2270 1026 si
2281 998 2333 1028 diis
2345 998 2438 1036 placet
2448 999 2530 1030 histo.
2575 1006 2576 1024 1

1406 1036 1453 1064 riae
1464 1035 1598 1079 veritas.]·
1609 1035 1667 1064 Liv.
1678 1041 1704 1070 8.
1718 1045 1763 1079 29.
1786 1035 1860 1074 Ipsos
1871 1035 1897 1064 se
1907 1035 1936 1063 in
1949 1034 2125 1063 deditionem
2135 1034 2261 1064 Consulis
2270 1036 2425 1066 caduceum
2435 1038 2529 1075 ptaefe-

1406 1079 1499 1102 rentes
1509 1073 1668 1111 permisisse.
1702 1073 1768 1117 Cic.
1786 1084 1808 1103 1.
1826 1074 1862 1103 de
1871 1073 1947 1103 Orat.
1960 1081 2024 1101 201.
2037 1071 2160 1115 ‚Deinde
2179 1073 2228 1110 qui
2243 1083 2301 1102 non
2320 1073 2403 1111 poffit
2417 1083 2474 1105 tam
2485 1085 2528 1105 ca.

1405 1111 1620 1178 {iauegisgriquam
1631 1120 1746 1142 nomine
1757 1112 1872 1141 oratoris
1883 1116 1996 1140 ornatus
2006 1131 2015 1145 2
2036 1109 2187 1158 incolumis
2209 1110 2253 1140 vel
2266 1111 2339 1141 inter
2359 1112 2479 1143 hostium
2488 1120 2528 1144 te-

1406 1186 1568 1216 Caduceum
1579 1188 1605 1217 &
1615 1186 1718 1216 hastam
1730 1186 1809 1218 simul
1825 1186 1938 1217 mittere
1947 1206 1957 1221 ,
1977 1190 2038 1215 erat
2051 1184 2207 1224 optionem
2215 1186 2309 1217 facere
2320 1186 2389 1218 belli
2405 1188 2432 1218 &c
2441 1189 2528 1227 pacis.

1426 1224 1496 1254 Gell.
1513 1235 1555 1254 10.
1571 1234 1617 1262 27.

1368 1260 1392 1294 C
1404 1273 1423 1292 A
1433 1273 1450 1291 1)
1462 1267 1480 1291 u
1491 1272 1508 1291 c
1518 1272 1532 1292 s
1541 1266 1558 1291 Ᾰ
1568 1272 1587 1291 τ
1596 1272 1613 1292 o
1622 1273 1639 1292 R
1649 1284 1658 1298 ‚
1680 1263 1744 1293 oris.
1765 1273 1803 1293 m.
1826 1264 1841 1300 [
1853 1261 1948 1298 κη’ςυξ]
1968 1261 2077 1297 Festus;
2114 1260 2317 1292 Caduceatores
2331 1285 2340 1299 ,
2368 1262 2462 1302 Legati
2479 1274 2528 1302 pa.

1404 1310 1468 1330 cem
1479 1306 1621 1346 petentes..
1658 1299 1727 1330 Cato
1739 1323 1747 1337 ,
1768 1301 1974 1335 Caduceatori,
1994 1300 2100 1337 inquit,
2121 1308 2206 1330 nemo
2217 1300 2306 1330 homo
2315 1307 2408 1331 nocet.
2431 1302 2530 1333 Hacte-
2591 1332 2594 1333 ⁷

1404 1349 1458 1383 zius
1473 1339 1572 1382 Festus.
1592 1338 1710 1382 Liv.·26.
1727 1349 1768 1376 ¹7·
1790 1338 1941 1372 Asdrubal,
1962 1347 1998 1367 ne
2010 1338 2039 1366 in
2049 1339 2124 1367 arcto
2144 1347 2186 1367 res
2206 1338 2294 1374 esset,
2314 1339 2528 1371 caduceatorem
2576 1358 2577 1363 =
2596 1354 2604 1370 i!

1405 1377 1497 1411 misit,
1519 1377 1785 1414 quipromitteret,{i
1797 1378 1865 1406 inde
1875 1375 1968 1406 missus
1979 1376 2067 1412 foret,
2086 1375 2114 1406 se
2124 1385 2240 1406 omnem
2257 1378 2413 1407 exercitum
2429 1387 2465 1408 ex
2480 1378 2530 1408 Hi.
2575 1383 2577 1391 '¹
2599 1391 2604 1410 i

1405 1415 1499 1453 spania
1509 1415 1728 1452 deportaturum.
1769 1416 1832 1451 [An
1842 1413 1975 1444 Emissus?

1369 1452 1418 1483 CA
1429 1463 1473 1482 ou
1483 1463 1551 1482 csA
1561 1462 1581 1481 ‘r
1591 1463 1610 1481 u
1620 1462 1632 1482 s
1643 1475 1652 1488 ‚
1673 1463 1688 1482 a
1698 1475 1706 1487 ,
1729 1462 1786 1482 um.
1812 1453 1830 1482 i.
1851 1463 1874 1482 e.
1904 1452 2067 1481 Caduceum
2092 1451 2193 1481 ferens.
2253 1452 2295 1482 Ita
2316 1456 2395 1482 extat
2419 1453 2526 1485 Romae.

1406 1490 1513 1520 ABlTE
1533 1490 1625 1520 HINC
1646 1490 1791 1521 VESTRO
1812 1490 1893 1520 CVM
1913 1489 2109 1520 MERCVRIO
2137 1489 2324 1520 PETASATO
2353 1489 2528 1523 CADVCEA.

1405 1529 1498 1566 T-OQ
1521 1529 1587 1558 vide
1597 1528 1624 1564 J.
1636 1529 1665 1559 B.
1688 1529 1802 1559 Ferretii
1818 1528 1889 1558 Mus.
1906 1527 2004 1566 Lapid.
2021 1538 2049 1566 p.
2065 1538 2089 1564 5.

1368 1566 1390 1597 C
1401 1577 1418 1596 A
1429 1577 1447 1596 o
1458 1571 1475 1596 ῦ
1484 1568 1520 1596 ci
1531 1577 1543 1596 ιτ
1554 1577 1567 1596 11
1576 1577 1590 1595 R
1601 1589 1610 1602 ‚
1622 1569 1647 1610 ·[
1656 1567 1869 1603 xngvxoovdg&]
1890 1567 2002 1596 Nomen
2012 1575 2068 1603 quo
2076 1564 2233 1595 Mercurius
2246 1571 2361 1595 vocatus
2371 1565 2410 1596 est
2418 1588 2427 1601 ,
2441 1577 2526 1606 prop·
2594 1582 2604 1605 i·

1405 1612 1446 1634 tor
1459 1605 1591 1649 donatam
1603 1615 1629 1634 ei
1639 1605 1672 1634 ab
1685 1604 1815 1643 Apolline
1826 1605 1929 1642 virgam
1940 1626 1947 1639 ,
1971 1613 2025 1641 qua
2036 1604 2155 1633 duorum
2167 1604 2321 1633 draconum
2328 1604 2400 1633 inter
2407 1603 2435 1634 se
2446 1605 2527 1635 dimi.
2595 1618 2604 1639 ,ι

1402 1650 1529 1686 cantium
1539 1665 1548 1679 ,
1562 1643 1705 1686 praelium,
1725 1652 1814 1680 quum
1827 1643 1857 1671 iri
1873 1642 2018 1672 Arcadiam
2031 1641 2259 1679 proficisceretur,
2280 1641 2420 1671 diremisse
2430 1642 2530 1680 fertur,‘
2547 1638 2550 1639 ⁷
2574 1645 2576 1651 ’
2592 1642 2604 1682 ,ᾖ

1404 1688 1436 1711 ut
1447 1681 1553 1710 dictum
1564 1683 1617 1710 tuit
1631 1680 1716 1719 paulo
1727 1681 1832 1710 anteiri
1843 1680 1968 1710 dictione
1988 1689 2006 1709 c
2015 1689 2062 1708 AD
2071 1689 2090 1708 u
2101 1689 2118 1709 c
2127 1689 2141 1709 ι
2151 1690 2169 1710 u
2177 1690 2209 1710 u.
2241 1679 2326 1710 Ovid.
2338 1689 2366 1711 2.
2379 1680 2450 1711 Met.
2460 1687 2525 1720 708.
2574 1699 2575 1702 =
2593 1690 2604 1717 ii

1485 1719 1561 1749 Hinc
1572 1718 1598 1748 se
1609 1718 1751 1748 sustulerat
1762 1718 1875 1757 paribus
1883 1717 2024 1749 caducifer
2035 1716 2095 1748 alis.

1405 1756 1576 1787 Atlantiades
1588 1757 1738 1786 caducifer.
1761 1757 1847 1786 Ovid.
1861 1762 1885 1791 8.
1901 1757 1970 1786 Met.
1984 1761 2048 1792 ⁶²7-

1486 1795 1568 1824 Venit
1580 1795 1749 1825 Atlantiades
1759 1795 1853 1833 positis
1863 1793 2005 1824 caducifer
2015 1793 2075 1824 alis.

1368 1833 1616 1868 Cneucrr-n,
1637 1833 1826 1862 Canticos.
1867 1832 1898 1862 V.
1920 1841 2033 1862 cano.
2599 1851 2601 1854 ι

1367 1871 1390 1901 C
1402 1882 1419 1900 A
1429 1882 1447 1900 D
1458 1881 1475 1900 u
1486 1881 1529 1915 ac
1539 1882 1548 1900 1
1557 1893 1567 1907 ,
1588 1868 1767 1907 [Karmeios]
1787 1870 1975 1900 Narbonensis
1986 1869 2137 1908 provinciae
2148 1868 2250 1908 populi
2260 1870 2291 1900 in
2304 1871 2458 1909 Aquitania.
2472 1873 2524 1903 Aua
2591 1864 2604 1906 1]

1404 1911 1464 1939 ‹ftor
1476 1909 1545 1938 Plin.
1558 1909 1605 1938 lib.
1616 1920 1643 1945 4.
1657 1918 1719 1946 cap.
1733 1918 1775 1944 19.
1798 1908 1886 1946 Vulgo
1901 1909 2004 1937 Cabors.
2572 1911 2573 1914 ’
2602 1911 2604 1925 ¹

1367 1946 1472 1977 Canu
1483 1957 1551 1976 scu
1561 1957 1583 1976 M
1596 1969 1604 1982 ,
1635 1947 1653 1976 i.
1674 1957 1702 1976 n.
1723 1946 1824 1976 Velum
1844 1947 1890 1977 seu
1902 1945 2024 1975 Culcitra
2039 1955 2075 1976 ex
2094 1945 2155 1975 lino
2172 1946 2367 1976 candidiffimo
2388 1947 2474 1983 facta,
2493 1948 2524 1979 in
2567 1942 2570 1948 ’
2602 1944 2604 1952 ’

1405 1995 1461 2029 quo
1473 2008 1482 2021 ,
1502 1987 1581 2029 utait
1591 1984 1660 2014 Plin.
1670 1985 1719 2015 lib.
1735 1994 1778 2021 19.
1793 1994 1853 2023 cap.
1868 1994 1892 2015 1.
1915 1983 2033 2013 Cadurci
2051 1983 2147 2013 Galliae
2160 1984 2259 2022 populi
2277 1986 2446 2023 praecipuam
2464 1985 2523 2023 glo-

1402 2033 1473 2092 1131811
1484 2023 1620 2053 obtinent.
1651 2023 1725 2053 Nam
1736 2022 1847 2052 nullum
1857 2023 1947 2053 linum
1958 2023 1997 2051 est
2005 2022 2152 2052 candidius
2161 2022 2268 2052 lanaeve
2278 2023 2402 2058 similius.
2423 2024 2523 2059 Juven-

1403 2070 1431 2098 7.
1467 2067 1502 2091 at.
1514 2071 1579 2091 221.
2570 2078 2571 2083 ,
2590 2074 2604 2090 ,ι

1430 2138 1435 2143 ¹
1451 2138 1457 2143 .
1496 2099 1606 2129 Institor
1623 2098 1746 2128 hibernae
1758 2098 1858 2136 tegetis
1873 2119 1882 2133 ,
1902 2097 2033 2135 niveique
2048 2097 2170 2128 cadurci.
2276 2098 2323 2128 hic
2341 2099 2455 2136 ponitur
2471 2109 2524 2137 pro
2566 2078 2567 2094 1
2602 2090 2604 2099 ¹

1403 2137 1458 2166 Vili
1467 2146 1567 2166 merce.
1590 2138 1648 2173 [At
1657 2147 1712 2177 curn
1721 2137 1816 2172 vilia]
1833 2136 1860 2165 V.
1878 2136 1979 2165 Ferrar.
1989 2136 2025 2165 de
2038 2135 2078 2165 Re
2090 2136 2305 2175 Vestiar.part.2.
2319 2136 2397 2167 lib.1.
2411 2147 2520 2176 cap.22.

1404 2174 1562 2219 Cadurcum
1574 2197 1582 2211 ,
1605 2175 1656 2204 Vas
1665 2175 1735 2204 illud
1746 2173 1935 2209 numerosum,
1947 2174 2024 2210 quod
2034 2183 2069 2203 ex
2079 2173 2184 2211 piscina
2201 2184 2233 2204 ac
2241 2180 2329 2212 puteo
2348 2185 2447 2213 aquam
2459 2176 2524 2205 hau-

1421 2220 1457 2257 rit
1469 2235 1476 2249 ,
1498 2220 1624 2249 lumento
1637 2220 1724 2242 rotam
1735 2212 1867 2242 versante.
1906 2211 2004 2241 Solent
2013 2221 2047 2241 ex
2056 2211 2100 2241 his
2110 2212 2192 2241 etiam
2203 2212 2261 2242 fieri
2277 2212 2387 2242 canales
2397 2213 2427 2242 in
2435 2214 2522 2251 parie-
2564 2214 2565 2232 ³
2602 2211 2604 2216 '

1422 2251 1497 2295 tib-us
1513 2252 1662 2280 domorum
1674 2273 1683 2286 ,
1702 2260 1752 2289 per
1761 2260 1830 2288 quos
1838 2260 1916 2288 aquae
1927 2259 1963 2279 ex
1973 2250 2053 2279 tectis
2064 2250 2189 2280 defluant
2200 2251 2228 2279 in
2240 2251 2367 2280 cloacas:
2388 2252 2472 2281 etiam
2491 2252 2522 2281 in
2568 2271 2569 2274 ,

1422 2289 1586 2326 quibusdam
1601 2289 1731 2324 urbibus,
1752 2299 1802 2327 per
1814 2298 1883 2326 quos
1900 2297 1977 2325 aquae
1997 2287 2097 2328 pluviae
2117 2288 2247 2318 cisternas
2268 2288 2414 2326 impleant.
2455 2289 2523 2320 Haee

1423 2326 1500 2356 Valia
1510 2328 1540 2356 in
1553 2327 1737 2357 Raudensem.
2563 2320 2565 2324 ’
2592 2331 2598 2351 i

1364 2363 1442 2395 Can
1454 2375 1471 2394 u
1484 2374 1589 2400 sevus,
1608 2374 1645 2400 a,
1666 2375 1722 2394 um.
1746 2364 1805 2400 Adi.
1827 2369 1876 2398 ut,
1905 2362 2018 2393 Natales
2037 2373 2108 2401 puer
2129 2363 2238 2393 horruit
2258 2364 2400 2394 cadurcas.
2422 2364 2518 2396 Sidon.

1401 2403 1493 2432 Carm.
1504 2413 1530 2438 9.
1543 2408 1607 2438 282.
1631 2403 1689 2437 Ita,
1713 2402 1846 2432 Cadurcae
1856 2400 1962 2438 fasciae‚
1980 2401 2072 2431 Lineae
2086 2403 2162 2440 apud
2175 2401 2337 2440 Sulpiciam.
2369 2402 2399 2433 V.
2423 2402 2523 2432 Linde-

1402 2441 1480 2479 brog.
1492 2441 1527 2470 ad
1538 2440 1624 2485 Catal.
1636 2441 1709 2478 Virg.
1721 2450 1748 2478 p.
1760 2449 1790 2477 33
1799 2451 1823 2475 ς.
1852 2441 1878 2469 δι
1888 2439 1953 2469 Lex.
1965 2438 2054 2469 Pitisc.

1363 2478 1386 2509 C
1397 2489 1416 2508 A
1426 2489 1443 2508 1)
1454 2489 1492 2508 us
1503 2501 1511 2515 ,
1533 2480 1547 2516 [
1559 2479 1668 2514 cariffi]
1690 2479 1785 2508 Genus
1795 2477 1861 2507 vasis
1874 2478 1989 2512 vinarii,
2018 2478 2117 2507 decem
2131 2478 2246 2515 congios
2266 2477 2414 2508 continens
2423 2500 2432 2514 ‚
2452 2478 2524 2508 sicut

1401 2518 1427 2547 ἃ
1445 2517 1565 2547 Metreta
1575 2516 1731 2555 Dioscoridi
1746 2515 1793 2545 lib.
1810 2526 1834 2551 ς.
1855 2515 1923 2544 licet
1941 2515 1988 2544 alii
2007 2516 2109 2545 cadum
2123 2516 2275 2545 duodecim
2294 2526 2350 2545 con
2372 2518 2412 2546 ios
2430 2516 2518 2546 conti-

1399 2554 1490 2598 nuiffe
1496 2555 1624 2584 referant.
1665 2553 1803 2584 Columel.
1816 2553 1864 2582 lib.
1880 2563 1921 2583 12.
1933 2563 1995 2591 cap.
2008 2559 2052 2587 28.
2075 2554 2105 2582 Si
2123 2554 2153 2582 in
2171 2554 2334 2583 vetustatem
2351 2527 2456 2583 servare
2469 2564 2518 2583 vo-
2567 2564 2569 2566 ·
2588 2555 2590 2558 ’

1400 2593 1441 2622 les
1453 2614 1461 2628 ‚
1483 2593 1591 2622 incado
1600 2594 1717 2622 duarum
1731 2601 1861 2621 urnarum
1872 2601 1953 2628 quam
1964 2591 2066 2630 opti-mi
2075 2592 2135 2621 vini
2148 2590 2295 2622 sextarium
2305 2613 2313 2627 ,
2334 2599 2383 2622 aut
2392 2592 2466 2622 faecis
2475 2601 2521 2630 ge·
2586 2584 2591 2593 ⁴

1401 2630 1505 2660 nerosae
1514 2631 1635 2660 recentis
1643 2630 1775 2660 sextarios
1783 2636 1837 2658 tres
1845 2629 1951 2659 addito.

1399 2668 1471 2698 Cadi
1481 2669 1598 2698 formam
1609 2669 1796 2703 turbinatam,
1817 2668 1837 2696 i.
1851 2677 1875 2696 8.
1897 2667 1969 2696 Coni
1985 2668 2011 2698 δι
2028 2666 2133 2696 strobili
2145 2689 2153 2703 ,
2174 2667 2230 2697 hoc
2248 2667 2301 2703 est,
2327 2667 2409 2698 nucis
2424 2667 2515 2705 ,pinet
2564 2663 2565 2666 ¹

1417 2707 1538 2736 ›finiilem
1553 2707 1632 2736 fuisse
1645 2717 1681 2736 ex
1696 2707 1784 2736 Plinio
1805 2704 2002 2742 intelligimus,
2035 2705 2083 2742 qui
2100 2705 2148 2735 lib.
2164 2715 2207 2743 27.
2229 2715 2289 2743 cap.
2301 2716 2328 2742 4.
2348 2706 2384 2735 de
2402 2705 2463 2735 aloe
2476 2705 2517 2734 lo-

1421 2755 1511 2781 quens
1526 2767 1534 2780 ,
1556 2745 1695 2774 Turbines
1710 2745 1845 2774 cadorum
1857 2743 1947 2778 dixit;
1969 2743 2180 2779 Laudatiffima,
2201 2744 2312 2780 inquit,
2334 2753 2369 2773 ex
2388 2743 2465 2773 lndia
2481 2742 2518 2772 af·
2562 2761 2573 2774 μ

1419 2783 1506 2812 fertur
1519 2805 1526 2817 ,
1547 2782 1593 2812 sed
1603 2782 1722 2812 nascitur
1733 2784 1758 2812 Sc
1770 2783 1800 2810 iri
1809 2781 1880 2811 Asia:
1903 2791 1961 2810 non
1978 2788 2071 2810 tamen
2088 2791 2120 2810 ea
2137 2787 2252 2811 utuntur
2265 2803 2273 2817 ,
2293 2781 2343 2810 nisi
2354 2781 2389 2811 ad
2404 2781 2518 2811 vulnera
2558 2787 2563 2806 Ἀ

1420 2821 1578 2864 recentibus
1590 2821 1664 2850 foliis
1676 2843 1684 2855 ,
1707 2819 1822 2849 mirifice
1832 2819 1907 2848 enim
1918 2818 2093 2856 conglutinat
2104 2819 2148 2848 vel
2157 2819 2247 2848 succo.
2284 2819 2334 2849 Ob
2349 2819 2379 2848 id
2393 2819 2423 2848 in
2434 2818 2517 2848 turbi—

1419 2858 1502 2887 nibus
1512 2860 1647 2888 cadorum
1658 2868 1718 2887 eam
1728 2857 1829 2892 serunt,
1849 2864 1880 2886 ut
1889 2857 2000 2886 aizoum
2011 2857 2107 2892 majus.
2148 2857 2290 2887 Hactenus
2300 2856 2412 2887 Plinius.
2452 2856 2516 2886 Ute-

1415 2896 1522 2925 bantur
1530 2902 1624 2925 autern
1633 2896 1739 2933 antiqui
1750 2895 1833 2925 etiarn
1844 2895 1879 2923 ad
1889 2894 2047 2924 salsamenta
2058 2895 2215 2924 condenda.
2241 2894 2319 2924 Idem
2332 2894 2400 2924 Plin.
2409 2893 2458 2924 lib.
2469 2902 2513 2929 32.

1415 2944 1480 2978 cap.
1493 2940 1519 2968 8.
1542 2935 1620 2971 Quin
1631 2936 1657 2964 ἃ
1668 2934 1741 2963 testis
1755 2934 1816 2963 cadi
1826 2932 2020 2962 salsamentarii
2030 2932 2094 2962 tusis
2105 2942 2169 2962 cum
2182 2932 2301 2970 axungia
2315 2939 2406 2962 vetere
2423 2932 2458 2961 ad
2469 2940 2516 2970 pa-
2556 2942 2557 2958 ι

1418 2972 1522 3001 rotidas
1531 2994 1540 3007 ,
1561 2976 1614 3002 διε.
1637 2972 1714 3008 Quin
1724 2973 1750 3001 δέ
1761 2972 1798 3000 ad
1809 2970 1982 3007 Ossilegiuni.
2015 2970 2045 2999 V.
2066 2980 2133 2999 mox
2147 2971 2264 2999 Alienus.
2556 2964 2557 2995 1
2578 2995 2580 3001 .

1401 3009 1494 3039 Cadus
1504 3010 1558 3045 est,
1579 3019 1662 3047 quem
1675 3009 1769 3046 lingua
1785 3008 1890 3038 Gallica
1908 3007 2072 3044 vernacula,
2092 3008 2215 3039 retinens
2232 3007 2390 3038 Latinitatis
2405 3005 2514 3044 vestigia
2554 3018 2557 3041 ι,

1419 3051 1526 3075 caccum
1539 3056 1628 3077 vocat.
1666 3047 1783 3077 Budaeus
1794 3047 1823 3075 iri
1840 3045 1888 3075 lib.
1904 3056 1928 3080 ς.
1951 3045 1986 3075 de
2004 3044 2071 3075 iisse.
2556 3051 2557 3070 ῑ
2600 3066 2603 3072 .

1398 3084 1475 3121 Chii,
1499 3086 1544 3114 vel
1570 3085 1675 3115 Falerni
1686 3086 1780 3114 cadus.
1802 3084 1869 3113 Hor.
1879 3093 1904 3112 2.
1924 3084 2010 3112 Serm.
2025 3093 2048 3118 3.
2065 3087 2127 3114 116.
2554 3079 2557 3113 ζ
2588 3072 2602 3106 'l‘

1491 3123 1623 3162 Shipositis
1635 3124 1710 3153 intus
1719 3123 1801 3156 Chii,
1823 3121 1975 3158 veterisque
1986 3121 2096 3151 Falerni
2554 3129 2555 3155 j
2595 3116 2604 3145 ll

1492 3161 1573 3190 Mille
1581 3161 1673 3195 cadis,
1695 3159 1828 3192 nihilest.
1851 3161 1904 3189 dcc.
2554 3158 2555 3190 ζ
2591 3150 2604 3173 ⁴³

1398 3197 1510 3228 Temeti
1522 3200 1617 3228 cadus.
1641 3199 1705 3228 Hor.
1718 3208 1743 3227 2.
1758 3197 1839 3235 Epist.
1853 3207 1878 3226 2.
1897 3199 1958 3233 163.
2553 3205 2555 3214 s
2593 3193 2604 3236 (Ξ

1398 3237 1518 3266 Alienus.
1544 3237 1614 3274 Virg.
1625 3240 1649 3266 6.
1667 3236 1730 3266 ffin.
1743 3241 1807 3268 228.
2553 3250 2554 3257 .
2594 3237 2604 3263 ’ἔ

1491 3274 1610 3311 Ossaque
1626 3273 1776 3303 lecta-cado
1785 3272 1856 3302 texit
1868 3271 2024 3301 Chorineus
2034 3270 2134 3301 aheno.
2223 3271 2336 3307 [AEneo
2350 3269 2420 3300 cado
2429 3268 2463 3298 ad
2471 3266 2510 3298 οἰ
2553 3259 2555 3294 l
2580 3248 2604 3296 l

1417 3312 1541 3349 silegium
1550 3312 1612 3342 usus
1623 3313 1669 3341 est.
1710 3311 1782 3340 Alias
1793 3310 1855 3339 satis
1866 3310 1972 3338 constat
1983 3308 2012 3338 id
2026 3309 2093 3338 vasis
2107 3309 2205 3338 vinarii
2218 3319 2304 3347 genus
2315 3330 2323 3343 ,
2344 3316 2375 3337 ut
2385 3307 2513 3345 pleraque
2552 3299 2554 3336 l
2585 3307 2604 3338 i?

1415 3358 1542 3379 veterum
1553 3372 1561 3386 ‚
1582 3349 1762 3384 fictilesuiss‘e,
1770 3348 1846 3378 unde
1856 3349 1881 3377 ἃ
1892 3347 1980 3376 Graeci
1990 3347 2106 3381 Κεράμων
2118 3346 2262 3377 vocabant.
2274 3346 2346 3376 Nam
2355 3345 2509 3379 Ceramion,
2552 3342 2554 3372 ἱ
2587 3346 2604 3374 qi

1415 3388 1524 3422 Cadus,
1547 3388 1683 3422 Metreta,
1704 3395 1792 3416 unum
1806 3386 1939 3422 idemque
1959 3384 2120 3421 significant.
2156 3385 2186 3414 V.
2207 3395 2275 3414 mox
2287 3384 2415 3422 fragiles.
2552 3381 2554 3415 l

1395 3425 1491 3455 Chius.
1516 3426 1580 3455 Hor.
1597 3435 1617 3459 3.
1631 3426 1721 3454 Carm.
1737 3434 1777 3459 19.
1790 3433 1814 3459 5.
2551 3420 2553 3435 ³
2599 3420 2602 3438 ῖ

1487 3462 1664 3500 Quo-Chium
1675 3462 1765 3499 pretio
1776 3460 1876 3490 cadum
1958 3459 2127 3489 Mercemur.

1391 3497 1513 3538 Fragiles
1522 3501 1594 3530 cadi.
1617 3501 1702 3529 Ovid.
1719 3509 1760 3529 12.
1779 3498 1846 3528 Met.
1860 3506 1923 3534 243.
1957 3496 1992 3526 ai.
2015 3497 2131 3535 Scyphi.

1392 3538 1534 3569 Funiosus.
1556 3538 1638 3567 Ovid.
1654 3549 1677 3571 ς.
1693 3537 1758 3567 Fast.
1774 3541 1834 3572 518.

1391 3577 1493 3606 Senex.
1516 3575 1636 3607 Martial.
1651 3576 1698 3605 lib.
1715 3585 1756 3604 11.
1769 3582 1812 3610 37.

1584 3630 1621 3634 -
1633 3613 1726 3642 senem
1734 3611 1851 3650 poscunt
1860 3609 1924 3639 talia
1936 3615 2000 3638 vota
2011 3609 2122 3638 cadum.

1390 3651 1547 3681 Vaticanus.
1572 3651 1692 3680 Μαι-11111.
1708 3648 1758 3679 lib.
1773 3658 1814 3678 12.
1825 3653 1870 3684 48.
1884 3657 1934 3685 pro
1946 3646 2065 3677 Peffimae
2076 3653 2150 3677 notae
2157 3646 2232 3677 vino.

1389 3689 1497 3718 Elicere
1507 3689 1615 3718 cadum.
1638 3689 1704 3718 Hor.
1716 3699 1742 3722 4.
1755 3687 1843 3717 Carm.
1863 3695 1902 3714 12.
1919 3695 1960 3722 17.
2178 3695 2180 3702 ·

1389 3727 1515 3756 Onerare
1527 3727 1590 3755 vina
1599 3727 1684 3756 cadis.
1709 3726 1782 3761 Virg.
1799 3734 1821 3753 1.
1835 3723 1896 3753 JEn.
1914 3732 1973 3758 ¹99-

1471 3764 1539 3793 Vina
1550 3764 1640 3793 bonus
1650 3773 1709 3801 quae
1721 3761 1824 3792 deinde
1836 3760 1914 3790 cadis
1926 3765 2053 3790 onerarat
2063 3759 2172 3791 Acestes

1470 3800 1563 3830 Litore
1572 3802 1726 3831 Trinacrio.
2599 3815 2601 3817 -

1388 3834 1502 3867 Parcere
1512 3840 1598 3868 cadis.
1625 3840 1688 3868 lior.
1701 3848 1725 3868 2.
1742 3837 1831 3867 Carm.
1841 3844 1867 3871 7.
1878 3844 1923 3863 ιο.
2548 3849 2549 3852 =
2587 3826 2604 3857 1ῖέ

1387 3873 1474 3918 Pctus
1482 3873 1632 3906 faecetcnus
1643 3877 1735 3906 cadus.
1758 3875 1824 3904 Hor.
1839 3882 1864 3910 3.
1877 3872 1968 3901 Carm.
1985 3883 2027 3909 ις,
2043 3875 2087 3902 16.
2587 3857 2604 3893 ¹?

1386 3912 1489 3942 Siccati
1501 3914 1571 3942 cadi.
1596 3914 1660 3944 Hor.
1679 3924 1702 3942 1.
1715 3914 1803 3944 Carm.
1817 3921 1860 3947 35.
1873 3914 1918 3939 26.
1940 3911 1957 3940 i.
1966 3920 1993 3940 e.
2016 3911 2058 3940 Ad
2069 3909 2256 3948 faecemusque
2265 3907 2397 3940 exhausti.

1389 3949 1486 3981 Versus
1496 3952 1591 3982 cadus.
1615 3952 1681 3982 iios.
1695 3961 1720 3988 3.
1736 3951 1825 3981 Carm.
1837 3958 1880 3984 29.
1894 3957 1921 3978 2.

187 1243 257 1279 Spes
267 1245 379 1270 caduca.
402 1239 487 1269 Ovid.
498 1250 522 1273 9.
541 1238 608 1266 Met.
623 1240 685 1271 596·
1132 1262 1138 1270 ,

188 1279 259 1310 Teia
270 1280 384 1308 caduca.
409 1278 529 1315 Propert.
543 1275 589 1304 lib.
602 1285 627 1310 4.
642 1284 667 1303 2.
682 1282 724 1308 53.
754 1272 771 1300 i.
787 1280 810 1300 e.
833 1269 875 1299 De
888 1266 1015 1298 manibus
1027 1265 1164 1295 cadentia.

187 1316 277 1347 Tituli
288 1316 418 1346 mortales
429 1338 436 1349 ,
458 1313 622 1350 caducique.
646 1311 715 1341 Plin.
730 1311 756 1338 in
770 1310 867 1345 Paneg.
879 1316 939 1344 cap.
954 1315 996 1348 55.

187 1355 279 1385 Verba
287 1354 400 1384 caduca.
428 1353 513 1383 Ovid.
524 1363 564 1386 ις.
576 1350 659 1388 Epist.
673 1353 737 1381 208.
819 1362 856 1366 —
865 1344 988 1382 Zephyri
998 1341 1082 1372 verba
1093 1339 1199 1369 caduca
1207 1337 1308 1382 ferunt.

186 1393 258 1422 Vitis
269 1402 329 1430 quae
339 1398 435 1421 natura
446 1391 552 1420 caduca
561 1389 599 1418 est
610 1410 618 1423 ,
642 1389 669 1417 &
683 1386 733 1416 nisi
744 1383 813 1414 fulta
823 1384 855 1413 sit
866 1405 874 1419 ‚
894 1382 929 1412 ad
943 1389 1044 1411 terram
1064 1379 1158 1408 fertur.
1199 1376 1258 1406 Cic.
1274 1375 1310 1405 de

207 1431 317 1461 Senect.
348 1440 374 1459 2.

187 1441 343 1502 Caducus:i
366 1467 423 1504 Qui
448 1465 546 1495 morbo
566 1464 672 1493 laborat
688 1459 825 1490 comitiali
837 1479 845 1491 ,
876 1455 1058 1496 Epilepticus.
1090 1451 1199 1483 Firniic.
1220 1451 1268 1480 lib.
1282 1460 1307 1488 3.

207 1517 269 1545 cap.
282 1509 307 1535 6.
330 1506 370 1535 Ex
381 1505 531 1534 humorum
541 1502 635 1532 stativa
646 1498 851 1538 perseverantia
861 1519 868 1531 ,
889 1496 937 1533 qui
946 1497 1020 1525 circa
1030 1499 1115 1529 caput
1126 1489 1237 1533 colleQi
1249 1489 1310 1519 fue-

206 1546 278 1579 rint,
299 1544 405 1574 facient
415 1542 546 1575 caducos,
566 1542 592 1570 61
604 1538 743 1567 lunaticos
751 1543 800 1565 aut
807 1532 1124 1569 affiduainterceptione
1133 1526 1307 1558 deficientes.

187 1582 333 1616 caducus,
354 1581 500 1611 Mortuum
515 1577 646 1616 fignificat
659 1574 820 1613 aliquando,
841 1572 907 1602 teste
919 1571 1025 1601 Servio.
1048 1568 1152 1606 Virg.&
1163 1566 1226 1597 AEn.
1241 1570 1307 1602 481.

268 1620 322 1649 Hic
331 1619 450 1648 multum
461 1617 519 1646 fleti
533 1616 567 1646 ad
582 1615 696 1653 superos
707 1635 717 1650 ,
738 1612 869 1649 belloque
879 1609 979 1640 caduci

186 1657 465 1732 cadugiddidlglggitaiei⁴m
474 1692 577 1722 dicitur
588 1713 596 1724 ,
617 1688 703 1727 Quod
715 1687 760 1718 vel
769 1687 804 1717 ad
815 1686 911 1716 fiscum
921 1684 1044 1714 defertur
1054 1704 1063 1717 ,
1082 1679 1160 1712 velut
1172 1678 1308 1716 legatario

206 1734 242 1763 de
254 1733 350 1763 medio
362 1732 471 1762 sublato
484 1741 490 1760 :
514 1728 558 1759 ve‘l
565 1729 600 1759 ad
609 1728 800 1758 substitutum:
822 1732 853 1754 ut
866 1724 884 1753 si
896 1724 918 1752 is
929 1721 1116 1752 cuirelictum
1126 1719 1247 1756 legatum
1258 1717 1306 1753 est,

204 1781 305 1808 capere
316 1771 436 1808 legatum
448 1779 505 1798 non
516 1767 598 1806 possit
606 1789 614 1802 ‚
636 1765 682 1796 vel
696 1765 761 1803 quia
771 1770 835 1793 ante
846 1767 965 1791 mortem
979 1758 1113 1789 testatoris
1124 1762 1249 1786 mortuus
1259 1756 1307 1790 est,

204 1809 250 1838 vel
265 1809 317 1838 alia
336 1809 371 1838 de
390 1807 469 1838 causa
480 1829 489 1841 ,
517 1812 585 1835 tunc
600 1805 723 1841 legatum
739 1802 774 1832 ad
791 1800 968 1831 substitutum
984 1796 1148 1836 legatarium
1163 1794 1305 1824 defertur:

202 1847 248 1877 vel
262 1847 296 1876 ad
307 1857 372 1877 eum
385 1846 431 1884 qui
444 1846 472 1874 in
482 1844 573 1881 legato
581 1842 753 1878 conjunctus
763 1846 820 1869 erat
831 1860 839 1873 ,
863 1838 880 1867 si
892 1838 965 1867 forte
974 1835 1085 1865 duobus
1095 1832 1174 1878 simul
1181 1831 1307 1875 legatum

202 1892 262 1915 erat
275 1885 390 1914 factum.
430 1882 563 1913 Similiter
575 1879 782 1911 etiamCaduca
793 1876 938 1906 haereditas
953 1873 1054 1904 eadem
1072 1879 1180 1901 ratione
1194 1870 1305 1899 dicitur.

204 1923 263 1952 Cic.
280 1933 323 1952 10.
336 1921 456 1959 Philipp.
469 1931 478 1949 1
488 1931 509 1949 1.
527 1920 562 1949 de
574 1918 695 1949 Antonio
713 1916 846 1954 loquens,
869 1914 964 1950 Quem
976 1912 1023 1941 nisi
1037 1912 1066 1940 in
1076 1911 1121 1940 via
1130 1908 1242 1952 caducae
1252 1907 1307 1951 1133-

201 1961 334 1990 reditates
344 1958 523 1989 retardassent
531 1980 539 1993 ,
561 1956 662 1987 volasse
673 1964 737 1984 eum
748 1976 757 1989 ,
779 1963 837 1982 non
846 1954 898 1981 iter
907 1949 999 1980 fecisse
1009 1950 1125 1979 diceres.
1163 1947 1209 1976 Sic
1220 1952 1307 1975 etiam

203 1999 315 2028 Caduca
325 1998 400 2028 bona
407 1997 547 2026 dicuntur.
585 1993 736 2025 Marcellus
751 1992 784 2021 D.
796 1992 832 2020 de
841 1991 874 2020 iis
886 1999 946 2028 quae
957 1989 986 2017 in
1003 1987 1062 2017 test.
1074 1986 1204 2015 delentur
1213 2006 1231 2028 ,·
1244 1984 1308 2012 Pro-

203 2037 278 2066 xime
292 2036 321 2065 in
340 2035 501 2073 cognitione
513 2033 667 2072 principis,
688 2040 774 2068 quum
790 2029 904 2066 quidam
922 2026 1039 2056 nomina
1058 2023 1201 2054 haeredum
1224 2022 1307 2051 indu-

201 2074 282 2104 xiffet
294 2096 302 2109 ,
322 2075 348 2104 &
360 2074 434 2103 bona
444 2073 504 2108 ejus
513 2078 543 2100 ut
555 2072 661 2100 caduca
670 2079 685 2099 a
695 2069 760 2098 fisco
771 2067 986 2097 vendicarentur
998 2086 1005 2098 ,
1028 2063 1076 2093 diu
1098 2062 1133 2091 de
1149 2060 1246 2098 legatis
1256 2060 1308 2089 du-

203 2112 320 2142 bitatum
331 2111 378 2141 est.
417 2111 560 2148 Quoniam
571 2118 636 2139 vero
652 2107 807 2143 iucundum
815 2112 876 2135 erat
890 2103 1035 2133 substituto
1046 2123 1054 2136 ,
1075 2100 1208 2137 Legatum
1219 2098 1306 2127 cadu-

202 2160 268 2180 cum
277 2150 413 2188 accipere,
431 2148 503 2186 quasi
513 2147 584 2177 Rem
593 2147 709 2182 minime
720 2144 854 2182 speratam
865 2152 872 2172 ;
894 2142 958 2171 ideo
966 2141 1066 2177 Juven.
1079 2139 1151 2168 dixit
1161 2147 1186 2172 9.
1197 2136 1303 2170 83188.

377 2201 414 2207 --
423 2194 537 2224 propter
548 2194 593 2213 me
603 2183 727 2213 scriberis
739 2183 841 2217 haeres,

263 2224 397 2262 Legatum
407 2233 491 2253 omne
503 2224 579 2261 capis
588 2244 596 2258 ,
619 2230 733 2251 necnon
744 2221 769 2250 &
779 2219 862 2249 dulce
871 2217 1020 2248 caducum.
1103 2213 1208 2256 Cicero»
1217 2220 1305 2241 trans-

202 2262 315 2293 lationis
333 2264 429 2292 auc‘tor
443 2262 496 2291 fuit
507 2262 535 2290 in
551 2270 574 2296 3.
595 2260 630 2289 de
640 2259 717 2289 Orat.
734 2268 793 2287 120.
832 2255 929 2286 Nostra
952 2253 990 2284 est
1012 2252 1087 2283 enim
1099 2273 1108 2287 ,
1132 2252 1222 2288 inquit
1238 2249 1284 2278 ille
1296 2271 1304 2283 ,

202 2301 294 2331 omnis
306 2301 353 2330 ista
364 2300 519 2338 prudentiae
534 2298 720 2334 doctrinaeque
738 2294 883 2334 possessio,
905 2294 934 2322 in
956 2301 1040 2329 quam
1061 2290 1209 2323 homines,
1231 2287 1305 2325 quasi

202 2339 337 2368 caducam
347 2346 428 2375 atque
438 2346 568 2371 vacuam,
590 2336 763 2365 abundantes
782 2333 840 2362 otio
859 2331 939 2361 nobis
950 2329 1092 2367 occupatis
1101 2326 1304 2356 involaverunt.

201 2376 248 2406 Sic
258 2376 389 2412 justinus,
403 2375 570 2412 19.3.Quam
582 2374 712 2412 praedam,
725 2370 887 2410 poiseffione
897 2378 983 2399 vacua
993 2367 1113 2397 fortuitis
1124 2364 1305 2394 dominorum

201 2414 340 2444 mortibus
351 2436 359 2450 ,
380 2414 458 2443 sicuti
472 2413 606 2442 caducam
617 2416 834 2449 occupaverunt.
857 2408 985 2437 Budaeus.
1026 2405 1169 2434 Caducum
1188 2412 1222 2432 ex
1243 2402 1304 2439 lege

202 2452 414 2491 Papialegatum
430 2457 507 2485 erat,
529 2450 578 2479 sub
598 2449 690 2486 aliqua
707 2448 874 2477 conditione
892 2445 1038 2481 relictum:
1062 2452 1115 2480 qua
1135 2440 1283 2470 deficiente
1295 2461 1302 2474 ‚

203 2490 337 2526 cadebat,
358 2492 384 2520 &
402 2489 509 2518 redibat
524 2488 566 2518 vel
583 2488 618 2517 ad
632 2487 789 2517 testatorem
801 2485 896 2513 vivum
908 2505 916 2518 ,
939 2482 983 2512 vel
1003 2481 1038 2510 ad
1054 2479 1248 2513 substitutum,
1270 2487 1304 2507 eo

202 2535 321 2558 mortuo,
363 2527 445 2556 Unde
456 2527 493 2556 est
502 2526 601 2556 titulus
619 2525 693 2562 apud
710 2524 805 2559 justin.
821 2523 850 2551 iri
864 2522 894 2551 C.
917 2521 959 2551 De
967 2519 1080 2549 caducis
1095 2517 1236 2546 tollendis.
1259 2516 1306 2546 Ul-

204 2567 279 2604 pian.
294 2566 337 2595 tit.
349 2573 382 2602 17
395 2566 453 2601 ejus
462 2563 528 2593 libri
540 2564 587 2600 qui
598 2562 770 2595 inscribitur,
791 2560 881 2590 Tituli
891 2569 924 2588 ex
935 2567 1052 2595 corpore
1061 2556 1175 2593 Ulpiani
1187 2577 1195 2587 ,
1217 2554 1304 2591 Quod

203 2605 264 2642 quis
275 2603 323 2633 fibi
330 2603 492 2633 testamento
505 2601 632 2632 relictum
644 2622 653 2635 .,
685 2601 723 2630 ita
733 2606 766 2629 ut
774 2599 833 2635 jure
844 2597 919 2627 civili
929 2605 1027 2634 capere
1038 2594 1122 2632 pollit
1136 2616 1144 2629 ,
1166 2592 1259 2630 aliqua
1269 2601 1305 2622 ex

203 2641 282 2672 causa
290 2651 348 2670 non
359 2641 481 2679 ceperit,
503 2640 641 2670 caducum
651 2637 806 2676 appellatur
815 2659 822 2669 ,
843 2637 907 2673 quia
916 2634 1001 2664 veluti
1013 2633 1116 2662 cecidit
1130 2632 1164 2660 ab
1172 2640 1217 2660 eo.
1241 2630 1305 2659 Ver-

203 2679 231 2709 bi
246 2680 330 2717 gratia
341 2701 350 2714 ‚
370 2679 388 2708 fi
403 2677 510 2713 caelibi,
529 2677 573 2707 vel
591 2676 689 2705 Latino
700 2675 821 2711 juniano
832 2673 955 2711 legatum
968 2672 1067 2705 fuerit.
1090 2679 1142 2699 nec
1160 2669 1231 2698 intra
1244 2668 1304 2697 dies

204 2724 318 2747 centum
325 2717 369 2746 vel
380 2716 479 2746 caelebs
491 2715 545 2752 legi
558 2715 693 2752 paruerit,
719 2713 762 2743 vel
774 2712 884 2741 Latinus
892 2712 938 2747 {us
950 2710 1103 2747 Quiritium
1113 2706 1306 2743 consequutus

203 2756 252 2785 sit:
273 2760 320 2785 aut
337 2754 356 2783 si
373 2764 408 2784 ex
421 2760 496 2792 parte
515 2753 599 2782 haeres
612 2752 744 2790 scriptus,
772 2750 815 2779 vel
832 2749 977 2786 legatarius
995 2754 1059 2776 ante
1077 2753 1184 2784 apertas
1199 2744 1305 2773 tabulas

202 2793 366 2828 decesserit,
388 2793 430 2822 vel
443 2800 563 2829 peraeger
573 2790 659 2819 factus
673 2789 711 2818 sit.
754 2788 845 2818 Hodie
858 2797 892 2817 ex
908 2786 1106 2815 constitutione
1129 2783 1304 2820 lmperatoris

203 2831 337 2860 Antonini
349 2853 357 2866 ,
379 2830 474 2859 omnia
483 2829 587 2858 caduca
598 2827 661 2856 fisco
672 2826 855 2857 vendicantur
868 2847 876 2861 ‚
896 2823 943 2853 sed
954 2823 1058 2852 servato
1072 2823 1131 2858 jure
1144 2821 1260 2857 antiquo
1272 2820 1305 2849 li-

204 2869 277 2899 beris
288 2870 313 2899 81
323 2867 494 2906 parentibus.
524 2866 590 2895 Haec
601 2865 657 2894 ille.
686 2864 760 2894 conf.
774 2863 884 2892 liriffon.
898 2863 933 2890 de
943 2861 1033 2891 Forni.
1046 2860 1063 2890 l.
1076 2869 1102 2895 3.
1114 2869 1141 2888 v.
1154 2858 1269 2888 Cadere.

147 2907 170 2938 C
181 2918 199 2936 A
210 2915 418 2940 nucariius,
439 2915 471 2940 a,
493 2914 548 2934 um.
573 2910 619 2936 ut,
641 2902 697 2932 Lex
709 2902 862 2931 caducaria.
886 2899 993 2937 Ulpian
1010 2900 1051 2928 tit.
1068 2897 1149 2934 viges.
1167 2897 1221 2925 oct.
1243 2897 1304 2931 ejus

183 2944 248 2974 libri
260 2967 268 2978 ‚
290 2945 336 2981 qui
347 2943 505 2973 inscribitur
515 2964 524 2976 ,
544 2940 634 2970 Tituli
651 2950 686 2970 ex
697 2949 812 2977 corpore
824 2938 953 2978 Ulpiani,
975 2936 1081 2975 Populo
1091 2936 1164 2965 bona
1174 2934 1304 2963 deferun-

184 2991 229 3012 tur
238 2993 274 3012 ex
284 2982 345 3020 lege
355 2981 429 3018 Julia
440 2980 594 3010 caducaria.

145 3021 169 3051 C
178 3031 198 3050 Λ
209 3031 227 3049 1)
238 3031 254 3049 υ
265 3030 282 3049 c
291 3022 330 3049 11·
339 3030 353 3049 11
362 3030 377 3048 a
388 3042 395 3054 ‚
425 3019 492 3048 Adv.
523 3018 670 3053 antiquum
683 3037 691 3050 ‚
717 3024 768 3053 pro
790 3013 1001 3051 Praecipi‘tanter.
1042 3011 1125 3040 Varro
1144 3009 1285 3040 Etratione
1293 3031 1302 3044 ‚

184 3060 237 3088 Aut
247 3058 361 3095 frigidos
370 3057 480 3087 nimbos
491 3078 499 3091 ,
521 3065 592 3092 aqua
603 3054 652 3083 ista
661 3053 803 3083 eaduciter
813 3058 923 3080 ruentes
934 3072 942 3084 ,
963 3050 1158 3079 Pertimuerint
1170 3047 1304 3084 aquatiles

183 3095 378 3133 querquedulae
389 3101 524 3124 natantes.
547 3092 657 3122 Nonius
669 3113 677 3127 ,
693 3101 719 3120 2.
736 3100 795 3126 172.
825 3089 870 3118 ed.
883 3088 1008 3118 Gothofr.
1030 3088 1084 3116 Sed
1093 3086 1172 3116 aliter
1183 3086 1301 3122 Mercer.

147 3134 170 3164 C
180 3145 198 3162 A
209 3144 226 3162 1)
235 3138 246 3163 i
255 3142 273 3162 v
284 3143 321 3163 us
332 3155 340 3168 ,
360 3143 376 3162 a
385 3155 393 3169 ,
412 3143 469 3162 um.
491 3130 654 3168 [πἼάωμῶ]
674 3129 734 3164 Adj.
754 3127 843 3164 Quod
855 3136 904 3164 per
913 3125 938 3154 se
948 3126 1059 3155 cecidit.
1082 3125 1156 3154 unde
1165 3146 1173 3158 ‚
1197 3123 1304 3153 Cadiva

183 3181 266 3209 poma
278 3171 461 3209 appellamus.
497 3169 566 3199 Plin.
577 3167 626 3197 lib.
639 3177 681 3203 ις.
695 3176 756 3203 cap.
775 3170 815 3194 16.
837 3163 937 3200 Colligi
947 3163 1019 3192 mala
1030 3163 1090 3201 post
1102 3161 1303 3198 aequinoiftium

185 3209 350 3238 Autumnale
363 3231 371 3244 ‚
392 3217 482 3246 neque
493 3213 557 3237 ante
570 3206 688 3243 primam
701 3205 806 3233 horam.
847 3201 950 3231 cadiva
967 3201 1103 3239 separari,
1126 3199 1282 3229 stramentis
1292 3220 1302 3234 ,

183 3247 294 3282 storeis,
315 3246 436 3285 paleisve
450 3245 592 3275 substerni.
636 3242 668 3272 V.
691 3241 826 3279 Harduin.
839 3240 874 3269 ad
887 3239 941 3268 loc.

146 3283 169 3314 C
179 3295 198 3312 A
208 3294 226 3312 1)
237 3294 252 3312 a
263 3295 279 3313 u
290 3294 301 3313 s
311 3295 319 3312 1
329 3306 336 3318 ,
358 3285 506 3323 Oppidum
516 3283 550 3312 ab
561 3280 718 3311 Alexandro
729 3279 875 3309 conditum
884 3277 919 3306 ad
931 3273 1084 3306 Caucasum
1098 3281 1224 3305 montem
1235 3295 1243 3310 ‚
1264 3273 1301 3303 de

185 3331 239 3358 quo
252 3322 317 3350 Plin.
332 3321 378 3351 lib.
393 3326 418 3351 6.
432 3332 494 3359 cap.
506 3330 550 3357 23.

147 3359 170 3389 C
180 3369 199 3387 A
209 3369 225 3387 1)
236 3363 251 3388 ῡ
263 3369 280 3388 c
289 3369 302 3388 iz
313 3369 331 3388 u
340 3371 360 3388 M
372 3381 379 3394 ,
403 3360 422 3389 i.
435 3370 463 3389 n.
485 3356 648 3395 [κηρυκᾶον]
670 3354 801 3385 Mercurii
812 3353 950 3390 sceptrum
961 3351 1074 3384 dicitur,
1086 3356 1117 3379 ut
1128 3348 1241 3386 quidam
1250 3358 1300 3386 pu.

184 3403 244 3426 tant
254 3418 262 3431 ,
285 3397 336 3432 (in
347 3397 446 3434 quibus
460 3397 562 3427 Ferret.
576 3394 640 3424 loco
650 3402 715 3423 mox
729 3392 871 3427 dicendo)
893 3389 968 3427 quod
980 3388 1086 3418 Cadere
1095 3387 1176 3416 iaciat
1185 3394 1300 3415 conten-

184 3434 275 3463 tiones
287 3441 368 3471 atque
378 3436 537 3464 certamina.
577 3432 652 3468 [Pro
664 3432 818 3461 Caruceum
829 3450 836 3464 ‚
858 3430 978 3464 νωιξνκᾶον
994 3425 1109 3456 ffioliee.
1134 3425 1167 3453 H.
1179 3424 1233 3458 St]
1256 3424 1299 3452 Est

183 3478 277 3501 autem
287 3471 364 3508 Virga
375 3482 427 3508 qua
436 3472 540 3501 bellum
554 3470 701 3499 dirimitur.
744 3469 813 3498 Nam
830 3467 894 3504 quia
911 3464 1065 3494 Mercurius
1081 3462 1215 3492 orationis
1229 3461 1298 3491 deus

182 3509 221 3538 est
233 3531 241 3543 ,
263 3510 288 3538 Sc
301 3509 416 3538 deorum
429 3511 543 3539 nuntius
556 3530 563 3542 ,
585 3508 683 3537 merito
695 3517 710 3536 a
727 3506 781 3535 diis
792 3504 955 3534 mittebatur
968 3525 975 3536 ,
997 3510 1027 3530 ut
1040 3501 1230 3530 dissidentium
1241 3500 1299 3527 ani-

182 3556 242 3575 mos
255 3548 380 3575 oratione
392 3547 504 3576 sedaret.
546 3546 639 3580 Hine,
661 3545 751 3581 Legati
767 3543 859 3580 pacis,
880 3541 1084 3570 Caduceatores
1101 3538 1177 3566 dicti.
1219 3537 1298 3566 Sicut

182 3585 256 3613 enim
269 3584 443 3621 perFeciales
453 3584 524 3614 bella
535 3584 729 3612 indicebantur
742 3604 749 3615 ‚
773 3582 810 3609 ita
831 3589 879 3618 per
898 3579 1102 3608 caduceatores
1120 3574 1296 3604 finiebantur.

181 3622 342 3663 Caduceum
354 3621 472 3659 IEgyptii
487 3623 514 3650 in
526 3621 645 3659 speciem
658 3621 811 3648 draconum
822 3641 829 3652 ,
852 3617 933 3646 maris
950 3625 982 3644 ac
999 3615 1109 3644 feminae
1131 3613 1296 3647 conjuncio-

181 3669 242 3688 rum
255 3660 452 3695 nguravcrunt‚
473 3658 646 3689 &Mercurio
655 3658 858 3686 coniecturum.
902 3655 937 3684 iii
956 3654 1090 3682 dracones
1107 3657 1185 3689 ¹parte
1203 3650 1296 3678 media

181 3697 332 3725 voluminis
353 3696 407 3730 sui,
429 3697 504 3725 nodo
517 3719 525 3731 ,
546 3705 628 3733 quem
650 3703 752 3724 vocant
767 3692 954 3724 Hercule-m.
976 3691 1098 3719 invicem
1118 3688 1293 3724 obligantur,

180 3736 332 3772 prinizrque
345 3741 432 3770 partes
449 3744 544 3763 eorum
566 3733 673 3761 reflexae
688 3734 715 3761 in
730 3732 865 3761 circulum
877 3730 971 3768 preliis
983 3727 1083 3760 osculis
1096 3727 1232 3756 ambitum
1244 3724 1296 3753 oir-

179 3772 235 3800 culi
251 3773 376 3807 iungunt.
417 3770 449 3799 Et
461 3772 519 3808 post
536 3771 642 3799 nodum
658 3771 753 3799 caudae
771 3776 936 3798 revocantur
960 3767 995 3795 ad
1018 3764 1150 3803 capulum
1167 3762 1293 3792 caducei.

179 3809 292 3838 Caiiisiirii
307 3816 397 3836 inirem
408 3818 455 3836 cur
465 3816 563 3836 exterae
573 3815 668 3843 gentes
678 3808 831 3836 caduceum
847 3808 874 3834 in
889 3814 957 3843 pace
970 3803 1121 3836 tractanda,
1141 3800 1295 3830 circumda-

176 3855 204 3876 tir
218 3847 348 3883 :iugulum
361 3846 449 3881 effigie
466 3846 599 3876 fecerint,
624 3846 735 3881 quidam
754 3846 824 3873 lianc
841 3843 894 3872 eii'e
906 3843 1027 3871 tradunt.
1066 3840 1162 3876 Quum
1184 3838 1294 3867 Mercu-

177 3885 232 3913 rius
242 3884 328 3921 lyrani
340 3884 366 3911 iri
379 3883 494 3919 Cyllene
506 3891 602 3911 monte
616 3883 734 3910 Arcadia:
746 3881 949 3918 septichordem
965 3880 1000 3908 ad
1019 3877 1294 3907 Atlantidumnume-

176 3933 237 3951 rum
249 3919 418 3953 instiriiiss'et,
441 3921 516 3956 quod
527 3920 600 3948 Maia
612 3927 697 3947 mater
706 3921 764 3950 eius
783 3928 817 3946 ex
829 3919 936 3946 illarum
952 3925 1068 3945 numero
1084 3915 1164 3949 estet,
1185 3923 1217 3942 ac
1235 3922 1294 3942 non

174 3960 264 3989 niulto
274 3959 333 3997 post
345 3957 530 3995 deprehensus
540 3958 574 3987 ab
586 3955 714 3993 Apolline
725 3955 814 3985 fuiffet
823 3955 909 3985 boves
928 3954 986 3983 suas
1005 3954 1116 3990 abigere
1127 3974 1135 3988 ,
1159 3961 1214 3989 quo
1227 3948 1296 3980 faci-

2370 3981 2499 4011 Ganu-
