2604 4222
180 161 250 199 306
635 147 660 182 A
757 143 790 178 V
884 140 900 175 I
1853 129 1880 164 A
1976 129 2009 164 V
2105 130 2121 165 I

1417 208 1569 247 Amplexus
1578 207 1660 238 avidi.
1682 208 1766 239 Ovid.
1780 218 1805 246 7.
1826 209 1896 240 Met.
1913 219 1974 248 143.

214 235 346 264 Praeterea
355 232 469 270 Augusta
484 229 609 261 Gemella
618 228 646 258 in
655 225 794 265 Hispania.
835 223 964 252 Auctores
974 217 1071 249 Strabo
1084 219 1110 248 ἃ
1118 216 1186 247 Plin.
1464 249 1468 254 η
1764 248 1768 253 Ι
1883 249 1888 254 ι
2183 249 2189 255 .
2231 249 2238 255 ·

1418 250 1533 278 Animus
1547 253 1680 285 appetens
1693 248 1717 276 ἃ
1729 248 1833 277 avidus.
1857 249 1915 277 Cic.
1930 258 1955 278 2.
1968 249 2003 277 de
2014 249 2140 283 oraim.
2162 248 2259 285 Siquid
2268 246 2530 289 persequareacrius,
2567 252 2570 281 i

218 272 262 302 Est
273 273 338 301 item
351 272 464 308 Augusta
476 267 683 298 vindelicorum
696 286 703 298 ,
723 262 808 299 vulgo
819 261 956 295 Augspurg.

219 310 336 347 Augusta
345 309 435 338 firma
478 307 584 336 Baeticae
599 302 743 341 oppidum.
787 298 853 327 Fliii.
867 297 913 325 lib.
927 304 951 332 3.
968 304 1029 331 cap.
1046 303 1068 322 1.
1101 290 1222 328 Singulis
1233 290 1334 320 fluvius
1438 295 1469 315 ut
1484 286 1585 329 invitus
1603 286 1628 313 δι
1639 286 1750 327 coaetus
1765 285 1854 328 facere
1864 286 1974 315 videare
1986 309 1994 321 ‚
2015 287 2155 317 facilitatis
2168 309 2176 321 ,
2197 287 2368 316 liberalitatis
2379 309 2386 321 ,
2413 289 2531 319 mansue·
2553 290 2569 323 s

237 348 266 376 in
277 347 378 381 Baetin,
400 330 456 383 qud
470 345 574 373 dictum
586 342 623 371 est
632 340 730 369 ordine
744 338 900 372 irrumpens
912 356 919 368 ,
943 332 1117 368 Astigitanam
1135 329 1275 357 coloniam
1297 327 1333 356 al·
1439 324 1562 366 tudinis.
1585 330 1713 364 pletatis,
1735 330 1802 359 grati
1825 324 1927 359 animi,
1949 334 2007 353 non
2021 326 2196 363 appetentis,
2217 334 2276 353 non
2291 325 2365 354 avidi
2380 324 2453 362 signa
2471 336 2532 364 pro.
2568 330 2569 334 ¹

239 385 291 414 luit
328 384 496 421 cognomine
511 380 655 413 Aug-ustam
664 377 798 408 Firmani,
820 373 853 400 ab
872 381 904 400 ea
917 369 1089 406 navigabilis.
1129 368 1159 395 V.
1181 366 1273 404 plures
1289 376 1333 402 ap.
1440 361 1504 390 ferri
1516 359 1633 403 perutrle
1645 360 1691 388 est.

235 407 391 460 Scriptores
402 421 436 450 de
446 410 576 449 Numniis
586 416 757 446 coloniarum
768 413 793 441 ἃ
804 408 991 446 Geographos.
1028 407 1091 436 Huc
1102 405 1278 444 pertinent&
1289 404 1336 432 de-
1421 399 1505 428 Aures
1524 399 1611 426 avidae
1626 399 1651 426 S:
1666 406 1789 440 capaces.
1806 436 1812 441 .
1839 398 1896 428 Cic.
1915 399 1944 428 in
1962 399 2038 443 Orat.
2063 409 2124 434 104.
2165 399 2224 437 Ipse
2243 398 2442 429 Demosthenes
2452 421 2461 435 ,
2487 403 2532 439 qui

239 461 388 490 nominatae
399 458 432 487 ab
449 459 517 491 Aug.
530 456 625 488 urbes,
647 459 678 481 ut
1442 445 1598 478 quanquam
1609 444 1679 463 unus
1691 441 1795 464 eminet
1805 444 1876 465 inter
1885 446 1982 466 omnes
1992 447 2018 466 in
2031 439 2107 466 omni
2118 447 2218 475 genere
2230 438 2352 472 dicendi,
2374 444 2466 467 tamen
2477 448 2531 469 non

182 498 204 528 A
213 508 232 527 U
242 509 259 527 G
271 509 288 527 U
299 508 310 526 S
320 507 363 526 To
372 500 416 525 Dfi
426 505 445 524 N
457 505 474 523 U
485 486 506 522 ᾗ
515 515 523 528 ‚
544 488 750 528 [Aaquwmi]
770 485 934 516 Heduorum
950 482 1016 513 urbs
1036 482 1065 511 in
1082 480 1180 511 Gallia,
1216 480 1336 517 Pompo-
1440 474 1547 517 semper
1557 472 1655 515 implet
1664 482 1741 515 aures
1754 482 1846 503 meas:
1868 475 1905 503 ita
1918 475 1981 504 sunt
1989 475 2074 504 avidae
2087 476 2113 505 ἀ
2123 485 2238 513 capaces
2249 497 2257 512 ,
2279 477 2305 505 &
2315 474 2422 513 semper
2433 474 2533 514 aliquid

220 537 282 565 nius
292 536 394 564 auftor,
436 531 523 568 Vulgo
538 529 644 562 Austun.
1440 510 1605 554 immensum
1618 509 1814 553 infinitumque
1827 511 1988 541 desiderant.

183 574 201 604 Λ
212 584 230 602 u
240 584 257 602 c.
268 584 283 602 u
294 583 305 601 s
314 581 333 600 T
344 582 360 600 0
370 581 386 600 R
396 580 432 599 ιτ
443 580 461 599 U
471 580 491 598 Μ
503 589 512 604 ,
534 569 548 603 [
560 562 745 599 Αὑγεςέμην]
774 561 920 590 Pit-“tonum
938 557 1004 587 urbs
1017 581 1024 594 ,
1051 555 1208 587 Ptolemaeo.
1251 554 1335 591 vulgo
1423 549 1540 615 guubus
1552 547 1776 615 av¹id1⁵(23‹:21Jc³1tare.I
1779 549 1874 615 vaid.
1890 559 1914 586 3.
1931 551 1966 579 de
1979 550 2057 579 Pont.
2068 560 2094 586 9.
2109 559 2152 586 19·

238 613 270 637 ⁴¹.&
290 613 292 616 .
334 632 340 638 .
1448 596 1513 615 anes
1524 595 1606 628 avrti.
1659 595 1684 614 vi
1708 596 1756 629 ..in-
1799 596 1844 628 ιη’,
1861 596 1921 624 170.

182 612 334 679 Agdiiusri*
344 656 374 680 Ε,
396 645 461 674 Adv,
483 639 663 678 [σεξασμάας]
683 642 715 667 ut
728 658 737 673 ,
758 635 873 673 Auguste
885 634 988 663 fastum
1003 655 1010 668 ,
1032 632 1051 662 i.
1066 642 1090 662 e.
1113 631 1183 661 Cum
1199 630 1313 668 augurio
1324 650 1333 665 ‚
1505 623 1538 652 Et
1548 623 1674 666 seindent
1685 624 1872 667 avidi-perlida
1883 624 1968 654 corda
1976 634 2068 654 canes,

221 685 273 715 sive
286 684 403 722 Captato
414 681 527 717 augurio
538 680 650 708 facium.
1236 706 1240 711 ,
1316 704 1322 710 ⁶
1423 661 1576 707 Ch3slsbd¹3
1590 661 1675 704 avida.
1713 662 1798 690 OVld·
1812 672 1854 698 14·
1868 663 1940 692 met·
1953 672 1997 699 75·
2018 662 2106 692 Avida
2116 683 2125 698 2
2142 663 2276 700 quoniam
2285 672 2369 694 naves
2379 663 2497 696 devorat.

219 722 336 759 Auguste
347 723 372 750 ἃ
383 720 473 749 sancte
483 716 664 747 consecratus.
705 711 764 741 Cic.
777 720 802 740 2.
817 710 852 739 de
862 709 926 739 Nat.
937 707 1021 738 Deor.
1033 711 1077 737 62.
1109 706 1192 736 Hunc
1214 706 1277 734 dico
1292 703 1336 733 Li·
1423 698 1652 744 Convivae—widi.
1675 698 1741 728 Hor.
1757 709 1779 728 1.
1796 700 1882 729 Serm.
1896 711 1919 735 ς.
1933 709 1977 737 75.

239 761 335 789 berum
346 756 454 787 Semele
462 762 557 784 natum
567 775 575 788 ,
597 762 655 781 non
669 760 734 780 eum
748 758 830 786 quem
840 747 923 777 nostri
939 747 1055 782 majores
1067 745 1178 781 auguste
1190 743 1335 779 [incleque
1424 737 1515 765 corde
1525 737 1606 779 avido
1617 737 1686 765 ferre
1700 737 1807 773 gaudia.
1830 738 1914 767 Ovid.
1927 747 1950 774 3.
1963 737 2044 767 Trist.
2060 747 2071 766 1
2080 747 2102 767 1.
2114 743 2158 774 58.

238 797 366 826 Liberum
378 804 441 824 curn
456 793 555 822 Cerere
567 792 592 820 δε
603 789 701 819 Libera
712 786 955 817 consecraverunt:
978 783 1055 822 quod
1072 782 1152 820 quale
1165 782 1196 810 sit
1205 804 1213 817 ‚
1233 790 1267 810 ex
1277 789 1336 817 my·
1421 774 1513 804 Deifte
1525 774 1607 817 ayldo
1618 774 1775 817 cqnvellere
1783 775 1877 813 dapes.
1899 776 1983 805 Ovid,
2000 785 2010 804 1
2019 785 2042 804 1.
2058 775 2127 805 Met,
2143 784 2205 812 123.

236 835 321 864 steriis
335 832 451 869 intelligi
462 830 558 868 potest.
1422 812 1497 841 Deus
1510 812 1614 840 avidus.
1639 822 1656 840 1.
1668 821 1696 855 e..
1713 812 1800 842 Pluto.
1824 813 1909 842 Ovid.
1925 814 1960 842 ad
1970 813 2026 843 Liv.
2042 823 2107 849 440.

218 872 336 909 Auguste
359 872 384 900 Sc
403 870 494 898 sanL‘te
514 866 646 897 venerari.
689 864 746 893 Cic.
760 871 783 898 3.
795 862 831 891 de
840 861 903 891 Nat.
919 860 1003 890 Deor.
1020 867 1062 894 53.
1105 857 1234 887 Dicamus
1252 855 1335 892 igitur
1502 849 1648 893 Mutarunt
1656 850 1727 878 avidi
1740 851 1824 879 tristia
1837 851 1897 886 jura
1908 851 1963 881 dei.

237 909 321 939 Balbe
332 913 444 946 oportet
456 914 552 935 contra
561 904 624 933 illos
634 902 719 932 etiam
729 923 737 935 ‚
759 901 805 937 qui
826 900 876 928 hos
896 899 964 927 deos
984 906 1018 926 ex
1030 896 1176 925 hominum
1193 903 1293 931 genere
1305 893 1335 921 in
1420 886 1559 917 Flammae.
1583 887 1668 916 Ovid.
1679 898 1704 922 9.
1719 888 1787 918 Met.
1801 897 1862 926 172.

236 946 340 976 coelum
348 945 494 974 translatos
504 966 512 979 ‚
532 952 590 973 non
600 951 628 972 re
638 963 646 977 ‚
668 940 715 970 sed
727 938 863 976 opinione
875 936 928 966 effe
939 936 1037 964 dicunt
1047 956 1055 969 ‚
1077 942 1146 970 quos
1156 931 1266 970 auguste
1276 930 1335 960 san-
1421 925 1524 968 Haefes.
1548 924 1614 968 Hpr.
1626 934 1651 954 2.
1667 925 1753 969 Serm.
1767 935 1792 962 3.
1807 936 1870 963 151.

235 986 333 1021 (teque
341 991 513 1012 veneramur.
1420 962 1504 1000 IgfflS·
1527 962 1612 1005 0V¹d2
1625 974 1651 998 4·
1672 963 1754 1007 EP1st5
1770 973 1812 1000 15·

218 1022 318 1052 Dicere
326 1022 360 1050 de
371 1021 504 1057 religione
512 1017 658 1056 augustius.
681 1015 739 1044 Cic.
757 1014 792 1043 de
803 1011 874 1042 Clar.
891 1011 968 1041 Orat.
985 1015 1046 1047 183.
1420 999 1537 1047 Lefmes.
1560 1000 1643 1043 Ovid.
1656 1011 1681 1036 9.
1698 1001 1779 1044 Epist.
1794 1011 1838 1039 37.

180 1061 229 1090 Au
239 1070 257 1088 G
268 1070 286 1088 U
295 1069 307 1089 s
316 1063 359 1087 ΤᾸ
370 1070 403 1087 L1
414 1068 443 1092 5Ί
466 1055 634 1093 [ωᾶγι-ςῑὺς]
656 1054 716 1089 Adj,
1420 1037 1525 1075 Lupus.
1547 1038 1635 1082 Ovld..
1646 1048 1668 1067 I.
1683 1038 1764 1082 rlprlst.
1780 1049 1802 1069 I.
1818 1045 1863 1077 78·

218 1096 395 1135 Augustales,
417 1095 546 1133 Vegetius
555 1093 607 1123 Rei
618 1091 743 1121 militaris
754 1088 802 1118 lib.
812 1098 837 1117 2.
852 1097 876 1116 c.
893 1095 919 1124 7.
941 1090 1117 1122 nuncupatos
1130 1082 1258 1117 testatur,
1280 1081 1335 1111 Eos
1420 1076 1524 1106 Manus
1534 1076 1650 1120 haeredis
1665 1077 1759 1120 ²¹.V¹dae·
1781 1077 1886 1113 Hor.4.
1905 1076 1996 1107 carm,
2010 1086 2036 1114 7,
2052 1087 2094 1114 ¹9·

238 1136 284 1172 qui
293 1135 327 1164 ab
339 1133 456 1171 Augusto
465 1131 612 1162 ordinariis
623 1129 711 1166 juncti
721 1150 728 1162 ,
750 1128 855 1165 primns
865 1125 976 1154 ordines
989 1124 1017 1152 in
1035 1121 1135 1160 proelio
1144 1120 1294 1150 ducebant.
1421 1114 1524 1157 Manus
1534 1113 1630 1157 subitis
1641 1114 1738 1144 avidae.
1760 1115 1850 1145 Tacit.
1866 1125 1889 1144 1.
1905 1115 1973 1145 Hist.
1995 1116 2142 1145 Servorum
2153 1124 2251 1147 manus
2258 1114 2353 1147 subitis
2362 1116 2457 1149 avidae,

218 1172 288 1202 Ludi
302 1171 457 1209 Augustales
469 1193 476 1206 ‚
499 1171 515 1199 i.
527 1180 551 1199 e.
570 1169 600 1198 In
612 1168 748 1196 honorem
760 1163 874 1201 augusti.
914 1162 946 1191 V.
968 1161 1058 1190 Tacit.
1076 1170 1098 1188 1.
1111 1161 1180 1188 Ann.
1197 1169 1239 1194 15.
1254 1159 1279 1187 Sc
1290 1167 1333 1193 54.
1421 1151 1506 1182 Miles
1517 1152 1614 1195 avidus
1622 1153 1751 1181 eruendae
1761 1153 1886 1183 civitatis.
1908 1153 2000 1184 Tacit.
2012 1164 2038 1190 4.
2052 1153 2120 1185 Hist.
2134 1162 2180 1191 72.

217 1210 333 1240 Sodales
344 1208 498 1247 Augustales
509 1230 516 1243 ‚
538 1206 700 1236 Sacerdotes
709 1205 738 1232 in
748 1203 884 1231 honorem
897 1199 1006 1236 Augusti
1016 1197 1140 1227 instituti.
1178 1196 1208 1225 V.
1230 1206 1242 1224 s
1251 1204 1267 1224 o
1276 1206 1293 1223 D
1305 1205 1336 1223 A-
1422 1190 1517 1219 Mores
1525 1190 1608 1219 aVidi.
1631 1189 1717 1220 Plaut.
1729 1190 1806 1220 Trin.
1821 1202 1847 1227 4.
1864 1201 1887 1220 1.
1904 1194 1930 1221 6.

237 1259 271 1277 Li
281 1258 303 1278 s.
330 1248 419 1277 Iidem
434 1245 590 1281 Augustales
601 1242 725 1273 absolute
737 1246 895 1270 vocantura
905 1237 1006 1267 Tacito
1021 1246 1047 1265 ².
1070 1235 1138 1265 Hist.
1153 1244 1199 1271 95.
1221 1233 1254 1263 V.
1265 1232 1337 1262 Tor.
1421 1226 1529 1257 Pectus.
1552 1227 1636 1257 Ovid.
1649 1238 1674 1263 9.
1688 1228 1770 1266 Epist.
1785 1233 1846 1259 161.

236 1292 306 1316 rent.
321 1286 356 1316 ad
368 1285 442 1315 Suet.
457 1276 534 1313 G‘alb.
547 1293 570 1311 c.
585 1288 611 1316 8.
1422 1265 1514 1295 Poma·
1537 1265 1603 1294 Hor·
1618 1275 1642 1302 3·
1656 1265 1745 1295 casm·
1757 1275 1801 1303 23-
1813 1277 1840 1302 4·

178 1324 201 1355 A
210 1334 230 1354 υ
241 1334 259 1353 c
270 1334 289 1353 υ
297 1333 364 1353 srA
373 1334 390 1352 L
400 1333 409 1351 1
417 1332 429 1352 s
439 1344 447 1359 ,
468 1329 598 1359 cognom.
609 1317 662 1349 Ro.
681 1316 813 1347 Claudius
824 1312 985 1351 Augustalis,
998 1311 1073 1349 apud
1085 1308 1221 1340 Coliiniel.
1235 1308 1283 1338 lib.
1292 1319 1301 1338 1
1311 1319 1334 1338 1.
1422 1303 1631 1371 gapinazvida.
1655 1304 1739 1347 Ovid.
1753 1314 1779 1348 J.
1797 1304 1877 1334 Trist.
1893 1314 1905 1334 1
1913 1313 1936 1335 1.
1948 1312 1992 1342 31.

178 1400 199 1431 A
209 1371 334 1429 [effug-T
345 1408 364 1428 Α
374 1408 430 1433 η’
452 1397 484 1426 ῖς.
507 1392 688 1433 [ώνυςᾶθν]
719 1391 756 1421 est
786 1390 839 1427 (ut
847 1389 885 1418 ait
899 1386 1019 1425 Quintil·
1033 1385 1116 1419 1588⁴
1131 1394 1192 1423 cap·
1203 1385 1252 1421 2)
1281 1384 1336 1414 Ta.
1422 1349 1542 1418 Siiiiisii'sl
1553 1341 1788 1424 {siriciiiilsa.rtilitlirlji).¹
1800 1352 1891 1410 δεξιῇ..
1904 1390 1930 1410 2.
1944 1390 1971 1416 9.

215 1436 397 1467 bernaculum
408 1436 495 1465 ducis.
531 1434 586 1463 Sed
616 1432 649 1461 V.
669 1440 688 1459 A
699 1439 718 1459 U
728 1439 746 1458 c
757 1438 776 1458 U
786 1438 802 1457 R
812 1438 831 1456 A
843 1438 858 1455 L
866 1437 890 1455 E.
1450 1455 1456 1460 ι
1491 1416 1596 1462 ‘Lati-us
1607 1427 1704 1454 regnes
1716 1419 1829 1447 avidum
1843 1418 1987 1448 domando
2079 1417 2223 1456 Spiritum.

168 1468 457 1509 QUGUSTALiA,
481 1469 512 1499 πὶ
529 1467 707 1504 Ἀυγεςοέλιιι,
728 1467 762 1496 D.
778 1476 820 1495 io.
834 1464 965 1499 Col-604.
980 1461 1016 1492 H.
1027 1461 1066 1491 St.
1088 1460 1140 1496 [V.
1154 1459 1202 1489 lib.
1216 1462 1337 1494 56.extr.
1420 1455 1512 1492 Tigris
1522 1456 1614 1484 avida.
1636 1455 1739 1485 Lucan.
1755 1455 1802 1485 lib.
1822 1460 1847 1486 6.
1864 1462 1929 1494 487.
1970 1455 2074 1492 Avida,
2094 1457 2200 1486 scilicet
2211 1456 2360 1495 sanguinis.

214 1513 299 1543 Dion.
340 1512 410 1542 Sunt
420 1511 489 1541 Ludi
502 1507 658 1546 Augustales
669 1528 677 1541 ,
699 1505 734 1534 de
745 1504 820 1541 quib.
836 1502 924 1540 supra.
935 1500 1009 1530 cons.
1023 1501 1049 1529 St
1063 1499 1092 1527 in
1107 1509 1132 1528 v.
1148 1509 1167 1527 A
1179 1508 1190 1527 s
1200 1507 1219 1526 'r
1230 1509 1239 1526 1
1249 1507 1266 1527 c
1277 1510 1296 1527 1.
1422 1493 1575 1536 Vulcanus.
1612 1492 1681 1537 Hor:
1696 1502 1719 1530 3·
1749 1493 1839 1538 Germ·
1853 1506 1878 1528 4·
1891 1500 1933 1527 ς8·
1973 1495 2076 1523 Avidus
2086 1516 2094 1529 7
2116 1495 2135 1524 i·
2155 1504 2180 1524 e·
2202 1495 2333 1526 Incensus
2353 1495 2388 1525 ad
2407 1504 2536 1540 pugnam.v
2596 1509 2604 1531 i

176 1550 198 1581 A
208 1561 227 1580 υ
236 1561 254 1580 G
264 1560 303 1580 us
313 1559 334 1578 T
343 1559 363 1578 A
372 1561 387 1578 L
396 1551 436 1578 ῐτ
445 1559 463 1577 A
472 1558 484 1577 s
493 1570 500 1581 ,
530 1547 590 1576 atis.
613 1545 633 1574 f.
655 1543 800 1579 Inscriptio
818 1548 898 1570 vetus
921 1539 995 1578 apud
1017 1538 1126 1567 Gruter.
1148 1546 1175 1573 p.
1189 1545 1253 1572 2¹5·
1269 1546 1297 1565 n.
1309 1545 1336 1566 2.
1443 1531 1620 1574 P9rphyr1us‚
1633 1532 1762 1567 Avidum,
1779 1533 1880 1569 inquit,
1894 1531 2051 1562 Vulcanum
2061 1532 2151 1568 dixit,
2166 1539 2280 1570 propter
2291 1534 2362 1571 ignis
2372 1535 2536 1568 aviditatem.
2598 1533 2604 1568 i

216 1588 280 1625 QVI
308 1587 356 1617 AD
386 1586 468 1617 MVN
473 1585 513 1614 VS
542 1579 848 1614 AVGVSTALITATIS
880 1574 1189 1608 COMPELLENTVR.
1422 1569 1527 1599 Avidus
1539 1591 1547 1605 ,
1569 1578 1621 1607 pro
1643 1569 1748 1613 Magno
1758 1591 1766 1605 ,
1787 1571 1863 1608 quod
1879 1570 1951 1599 avidi
1968 1570 1998 1599 fit
2012 1570 2074 1608 plus
2086 1576 2235 1609 appetere,
2255 1580 2309 1601 nec
2324 1581 2410 1609 parvo
2429 1581 2538 1605 conten-
2598 1586 2604 1608 i

177 1626 199 1657 Λ
208 1636 225 1655 υ
234 1636 253 1655 G
262 1636 280 1654 u
288 1636 301 1655 s
311 1635 331 1654 τ
342 1635 361 1654 A
369 1636 385 1654 L
396 1626 435 1653 ἴε
444 1634 463 1652 υ
472 1633 483 1653 s
492 1645 500 1658 ‚
537 1622 596 1658 Adj.
626 1620 711 1649 Vetus
732 1617 877 1654 inscriptio
892 1614 968 1652 apud
985 1613 1102 1643 Fabrett.
1130 1623 1158 1651 p.
1179 1615 1244 1647 486.
1285 1610 1337 1642 EX
1442 1613 1502 1637 tum
1513 1606 1576 1650 esse.
1586 1645 1592 1650 ·
1616 1606 1692 1650 ¹Hinc
1701 1608 1786 1637 Avida
1796 1618 1857 1646 pars
1865 1608 1940 1646 apud
1951 1607 2059 1637 Lucret.
2071 1608 2119 1638 lib.
2135 1618 2160 1644 5.
2172 1617 2237 1638 202.

215 1661 472 1694 TESTAMENTO
493 1660 569 1690 EIVS
590 1654 858 1689 DECVRIONIBVS
881 1653 939 1683 SIN
943 1653 974 1682 G.
996 1651 1056 1681 llll.
1081 1653 1098 1680 A
1104 1649 1337 1680 VGVSTALICIS
1502 1645 1642 1688 Prln01P{0
1650 1651 1784 1682 quantum
1801 1645 1867 1675 coeli
1877 1646 2072 1684 tegitimpetus
2080 1647 2177 1683 ingens
2187 1668 2196 1682 ‚

215 1701 264 1732 III.
295 1700 417 1731 PLEBEI
442 1698 559 1729 INTRA
585 1695 724 1726 MVRVM
751 1689 1018 1723 HABITANTIBVS
1044 1687 1256 1718 DEDERVNT.
1502 1682 1571 1712 Inde
1582 1683 1692 1713 amdam
1701 1690 1809 1721 partem
1821 1690 1932 1713 montes
1946 1683 2072 1721 silvaeque
2081 1684 2201 1713 ferarum

178 1740 201 1770 A
212 1749 231 1768 u
242 1749 260 1768 c
269 1749 288 1768 u
298 1748 310 1768 s
319 1748 338 1767 T
348 1742 364 1767 A
375 1748 394 1767 N
403 1748 442 1767 us
452 1759 460 1772 ‚
483 1737 543 1770 Adj.
570 1733 717 1771 Augustani
731 1732 848 1769 equites,
869 1728 960 1759 Tacit.
977 1738 1018 1763 14.
1034 1728 1104 1756 Ann.
1121 1737 1130 1755 1
1139 1737 1163 1761 5·
1230 1763 1235 1769 .
1277 1764 1282 1768 ¹
1501 1720 1656 1764 Poffedere.
1704 1759 1710 1765 .
1733 1722 1847 1750 Avidam
1856 1728 1978 1759 partem,
1995 1722 2012 1750 i.
2025 1731 2049 1751 e.
2066 1721 2209 1760 Magnam,
2219 1721 2259 1751 ait
2268 1721 2391 1752 Turneb.
2405 1723 2535 1763 &V.471.
2597 1737 2604 1763 q

177 1777 200 1807 A
208 1787 229 1806 ii
240 1787 258 1806 c
266 1787 284 1806 U
293 1786 305 1806 s
314 1785 333 1805 τ
342 1786 357 1805 E
365 1786 402 1805 us
413 1797 420 1811 ‚
441 1773 588 1810 aliudAdj.
610 1771 680 1801 Usus
690 1770 728 1800 est
739 1769 889 1800 Frontinus
898 1767 933 1796 de
943 1765 1043 1795 Colon.
1056 1775 1083 1802 p.
1103 1775 1111 1794 1
1123 1775 1164 1799 19.
1187 1763 1236 1792 ubi
1253 1763 1338 1792 Limi-
1507 1759 1612 1788 Omnia
1622 1759 1657 1802 sic
1667 1759 1751 1788 avido
1763 1759 1913 1797 complexu
1926 1765 2019 1789 cetera
2026 1759 2114 1798 sepsit.
2566 1778 2568 1783 .
2602 1766 2604 1770 ⁴

216 1821 258 1844 tes
270 1814 436 1844 &terminos
448 1811 583 1842 rotundos
593 1810 622 1839 in
635 1809 752 1838 formam
764 1807 919 1839 columnae,
940 1803 1089 1841 Augusteos
1098 1808 1187 1832 vocat.
1231 1801 1339 1830 Inveni-
1385 1797 1432 1828 Av
1442 1807 1450 1825 1
1460 1806 1479 1826 D
1489 1807 1499 1840 ¹.
1507 1806 1527 1825 T
1537 1806 1592 1832 AS,
1613 1800 1674 1826 atis.
1695 1797 1714 1825 f.
1723 1835 1728 1840 ·
1738 1799 1753 1833 [
1763 1797 1895 1830 wangia
1906 1819 1915 1833 ‚
1934 1798 2049 1833 ὲπὴνμίοι
2060 1819 2069 1833 ‚
2087 1793 2271 1833 ἐφη9υμη-ηχξν]
2287 1797 2430 1829 denomin.
2452 1799 2535 1837 Cic.3.

215 1859 260 1882 tur
269 1852 354 1882 etiam
363 1852 393 1880 in
402 1850 568 1888 quibusdam
579 1847 672 1877 Codd.
684 1845 759 1884 apud
770 1846 845 1875 Suet.
858 1842 956 1873 Claud.
970 1851 1030 1879 cap.
1048 1851 1060 1870 1
1069 1850 1092 1870 1.
1133 1840 1164 1869 V.
1185 1839 1240 1869 loc.
1253 1839 1283 1868 in
1291 1848 1338 1868 vo·
1425 1834 1530 1878 defm·
1544 1844 1570 1871 7·
1611 1834 1676 1864 Era&
1685 1844 1760 1863 emm
1780 1836 1836 1871 (ut
1850 1835 1923 1872 scis)
1943 1836 1974 1864 5¹²
1986 1844 2020 1865 ΕΟ
2035 1835 2195 1865 ineXhaUsta
2206 1835 2322 1865 aviditas
2340 1836 2470 1875 legendir
2487 1846 2538 1869 ¹¹0⁰
2564 1854 2565 1858 ¹

215 1900 248 1920 ce
269 1900 289 1919 A
298 1899 318 1918 u
327 1899 345 1918 G
355 1899 373 1918 u
383 1899 395 1918 s
403 1898 422 1917 'r
432 1900 441 1917 1
450 1898 471 1917 N
479 1898 498 1917 U
508 1898 529 1917 s.
552 1886 613 1922 Adj.
1422 1873 1511 1902 satiari
1522 1878 1640 1910 poterat.
1682 1872 1724 1902 De
1737 1872 1843 1902 Catone
1852 1872 1984 1910 loquitur.
2598 1873 2604 1904 4

177 1928 199 1959 A
209 1938 229 1957 u
238 1937 256 1956 o
266 1938 285 1957 u
294 1936 333 1956 ST
341 1938 350 1955 1
359 1930 377 1956 A
386 1936 406 1955 Ν
417 1937 435 1955 u
443 1936 455 1955 s
466 1948 474 1961 ,
500 1925 576 1954 aliud
587 1923 645 1960 Adj.
660 1922 736 1952 Suet.
747 1920 852 1950 Neron.
865 1927 926 1956 cap.
940 1926 985 1953 ²5-
1020 1915 1206 1953 Sequentibus
1225 1923 1337 1944 currum
1422 1911 1544 1954 Aviditas
1560 1911 1595 1939 ad
1614 1910 1720 1947 aliquid
1733 1910 1902 1940 faciendum.
1925 1911 1993 1940 Plin.
2006 1910 2054 1940 lib.
2067 1919 2110 1947 17.
2122 1919 2184 1948 cap.
2198 1916 2242 1946 18.
2599 1908 2604 1934 ἱ

214 1965 357 1995 ovantium
367 1965 420 1994 ritu
428 1963 599 2002 plausoribus
607 1984 615 1998 ‚
638 1959 828 1998 Augustianos,
844 1956 1003 1993 militesque
1019 1954 1047 1983 se
1059 1953 1195 1991 triumphi
1213 1953 1274 1989 ejus
1284 1952 1339 1982 cla·
1446 1950 1587 1992 Sic'etiam
1598 1947 1691 1991 Livius
1701 1970 1710 1983 ,
1732 1949 1832 1978 Avidus
1845 1949 1880 1978 ad
1894 1948 2009 1986 aliquid.
2031 1948 2069 1978 H.
2080 1949 2119 1979 St.
2148 1949 2178 1979 V.
2199 1959 2221 1978 A
2229 1958 2247 1980 v
2255 1960 2267 1978 1
2275 1959 2293 1979 n
2301 1958 2352 1980 υς.
2601 1952 2604 1955 “

214 2003 366 2033 mantibus·
1421 1987 1544 2017 Aviditas
1559 1986 1593 2015 ad
1609 1986 1696 2015 cibos.
1720 1986 1789 2016 Plin.
1802 1986 1851 2016 lib.
1864 1996 1909 2016 20.
1924 1996 1985 2024 cap.
2003 1990 2045 2016 16.

175 2041 280 2072 Aucti
291 2044 380 2070 sTTN
392 2050 410 2069 υ
420 2049 448 2074 s,
479 2037 556 2068 aliud
574 2037 634 2072 Adj.
657 2035 732 2065 Suet.
745 2033 843 2064 Claud.
860 2043 922 2071 cap.
943 2041 986 2061 11.
1018 2028 1137 2059 Circensi
1156 2037 1261 2066 pompa
1278 2037 1339 2057 cur·
1422 2025 1543 2068 Aviditas
1555 2024 1716 2067 diripiendi.
1740 2024 1809 2054 Plin.
1826 2024 1874 2054 lib.
1889 2034 1930 2054 12.
1944 2034 2003 2063 cap.
2021 2034 2065 2061 14.

212 2089 275 2109 rum
284 2078 497 2116 elephantorum
507 2075 656 2114 Augustino
667 2072 782 2103 similem
792 2070 1002 2101 decernendum
1016 2068 1131 2097 curavit.
1171 2065 1226 2095 Alii
1240 2066 1287 2095 hic
1297 2065 1337 2095 le·
1421 2062 1523 2105 jejuna
1534 2062 1658 2105 aviditas.
1696 2061 1734 2093 In
1748 2071 1761 2097 J
1769 2071 1783 2091 ε
1792 2072 1805 2098 J
1815 2072 1834 2091 u
1843 2071 1864 2091 Ν
1873 2072 1892 2091 u
1901 2071 1922 2092 s,
2564 2076 2565 2083 ,
2602 2064 2604 2070 ·

213 2122 283 2155 gunt
292 2116 436 2154 Augusteo.
1233 2141 1240 2147 ⁵
1266 2141 1272 2147 ι
1421 2100 1535 2130 Infinita
1544 2099 1659 2129 avrditas
1674 2099 1774 2137 gloriae.
1814 2100 1874 2130 Cic.
1889 2110 1911 2130 1.
1927 2100 1963 2137 Q
1974 2100 2035 2130 frat.
2050 2108 2074 2129 1.
2096 2099 2152 2129 Sed
2161 2109 2207 2130 me
2218 2101 2345 2138 quaedam
2355 2106 2441 2140 tenet,
2461 2112 2542 2144 prop
2597 2104 2603 2148 q

175 2156 198 2186 A
208 2164 225 2184 u
235 2165 254 2183 0
262 2162 284 2184 ‘u
292 2164 304 2184 s
312 2164 332 2183 T
341 2165 350 2182 1
360 2163 379 2183 Ν
389 2164 407 2182 υ
418 2163 430 2183 s
442 2174 451 2187 ,
471 2152 556 2181 Nom.
570 2159 663 2189 propr.
676 2148 776 2186 Episco
799 2144 1005 2185 iHipponenfis
1015 2165 1024 2179 ‚
1044 2142 1120 2172 haud
1135 2140 1255 2178 vulgaris
1265 2146 1338 2170 inter
1443 2144 1485 2181 ter
1495 2137 1659 2181 singularem
1670 2147 1794 2176 amorem
1803 2160 1812 2173 ‚
1834 2138 1943 2167 infinita
1953 2139 1982 2167 in
1991 2144 2019 2167 te
2030 2137 2148 2168 aviditas
2157 2138 2260 2176 gloriae.
2600 2153 2603 2161 ›

212 2199 305 2231 patres
319 2191 450 2221 Latinos:
471 2189 540 2219 vixit
550 2190 624 2218 circa
632 2188 758 2216 medium
781 2185 894 2215 eculum
906 2195 915 2212 1
925 2193 942 2212 v
955 2204 963 2218 ‚
977 2182 1013 2211 de
1023 2182 1102 2217 cujus
1113 2180 1167 2209 vita
1180 2182 1206 2209 δε
1217 2179 1336 2216 scriptis,
1423 2176 1575 2205 Aviditates
1588 2175 1775 2205 foeminarum.
1796 2175 1867 2205 Plin.
1880 2176 1928 2205 lib.
1943 2185 1988 2205 20.
2006 2185 2067 2213 cap.
2083 2185 2128 2205 21.
2594 2186 2603 2209 ,i

211 2240 278 2298 flu}
288 2226 617 2296 {³¹⁰532225352Qm032.
624 2221 1003 2299 ῗὲἳῗᾶἶῗὶἱῗῗῧιῗῗῗῖῗιῖῗ
1011 2217 1339 2293 ἓξῗὲυῗῗεπῶἃω
1423 2214 1559 2289 Αέῗῗὴῗὲ
1565 2213 1774 2289 ἑῖἶέᾞῗέῗῖξζὲ
1785 2213 2289 2290 in‘iissffiZiaiiff'viagi'tat'issuffiffiffis‘ffl
2300 2213 2404 2253 spemi‘
2415 2217 2440 2247 ἃ
2457 2217 2538 2258 “gu‘
2562 2219 2564 2241 ²
2593 2208 2604 2259 l

177 2307 198 2338 A
207 2317 227 2336 u
235 2316 254 2335 G
264 2315 282 2335 u
291 2315 304 2335 s
312 2314 331 2334 T
340 2315 358 2334 o
369 2326 377 2341 ‚
395 2306 451 2334 are.
471 2301 574 2333 Arnob.
586 2301 635 2331 lib.
649 2303 675 2330 6.
1421 2289 1590 2333 Aviditatem
1602 2289 1729 2319 incitare.
1768 2289 1802 2319 In
1830 2301 1840 2319 1
1851 2299 1872 2319 Ν
1882 2299 1899 2319 c
1908 2300 1918 2318 1
1927 2299 1947 2318 τ
1957 2300 1983 2319 o.
2599 2286 2603 2318 ἦ

631 2363 660 2399 A
752 2361 786 2396 V
882 2360 898 2395 I
1384 2326 1851 2410 ΑᾶῗζιὲῗῐεᾹάἇῃζἑιτῗθῗαιηξῗῶῖ]
1872 2364 1929 2395 Cic.
1942 2365 1977 2394 de
1989 2364 2098 2394 Senect.
2111 2367 2156 2394 26.
2178 2347 2286 2395 Graecas
2303 2365 2395 2397 literas
2409 2367 2536 2398 ienexdi.
2594 2321 2603 2385 i

176 2418 292 2452 ΛνιΑ,
321 2414 354 2444 V.
375 2424 450 2458 Av.u
458 2423 479 2443 s.
493 2450 500 2457 .
522 2450 528 2457 Ι
694 2448 700 2454 .
774 2448 780 2454 ¹
1123 2444 1127 2450 ἱ
1424 2404 1500 2447 diei:
1522 2413 1589 2440 quas
1604 2404 1718 2440 quidem
1735 2403 1770 2432 sic
1781 2403 1860 2448 avide
1873 2404 1991 2442 arripui,
2012 2403 2088 2440 quali
2102 2403 2262 2433 diuturnam
2280 2404 2350 2434 sitim
2368 2405 2478 2444 explere
2493 2415 2536 2437 cu-
2594 2389 2603 2446 I

176 2457 269 2486 AV1A
283 2477 292 2490 .,
313 2452 359 2483 vel
370 2458 463 2490 potius
472 2451 545 2481 Livia
556 2472 564 2485 ,
584 2447 655 2479 Urbs
664 2445 804 2486 Hispaniae
814 2444 964 2475 Ptolemaeo
974 2466 982 2479 ‚
1003 2442 1087 2482 vulgo
1099 2442 1209 2470 villalon.
1422 2451 1514 2484 piens.
1556 2441 1645 2470 Verba
1655 2441 1716 2470 sunt
1729 2441 1854 2472 Catonis.
2562 2462 2564 2473 ,
2600 2450 2601 2455 =

214 2493 299 2524 Avia,
318 2491 410 2521 Fluvii
423 2499 527 2519 nomen
544 2489 618 2518 circa
630 2487 778 2516 Phaeneum
790 2493 920 2521 campum
936 2505 945 2518 ,
965 2483 1001 2511 de
1010 2492 1066 2519 quo
1078 2481 1175 2511 Strabo
1186 2479 1236 2511 lib.
1245 2490 1272 2516 9.
1422 2480 1509 2509 Avide
1520 2485 1661 2517 appetere.
1693 2479 1751 2509 Cic.
1771 2480 1806 2508 de
1822 2480 1931 2509 Seiierst.
1945 2487 1990 2515 72.
2562 2491 2563 2494 =

177 2532 391 2564 AvrARiuM,
412 2529 588 2557 AV1cuLA
601 2548 609 2560 ,
631 2525 913 2554 AVICULAR1US.
952 2519 983 2549 V.
1009 2529 1103 2549 Avrs.
1422 2516 1511 2547 Edere
1524 2517 1612 2546 avide.
1652 2517 1735 2547 Ovid.
1752 2527 1776 2553 3.
1791 2517 1898 2546 deArte
1914 2518 2045 2552 Am.659.

175 2570 197 2599 A
206 2579 223 2597 v
233 2579 242 2597 1
252 2578 270 2597 n
281 2578 291 2596 1
300 2570 316 2596 i
324 2576 344 2595 N
355 2576 373 2595 u
381 2576 393 2595 s
403 2588 411 2602 ‚
432 2573 590 2602 cognomen
603 2562 726 2592 hominis
738 2561 832 2590 divitis
841 2582 849 2594 ‚
867 2558 918 2603 ‘se-d
931 2557 1035 2587 sordidi
1046 2567 1078 2587 ac
1092 2556 1168 2595 parci
1190 2556 1266 2594 apud
1278 2554 1338 2585 Ho-
1422 2555 1584 2585 Avidiffime
1594 2555 1815 2593 apprehenderat
1826 2555 1898 2584 hanc
1912 2554 2041 2592 palmam.
2062 2552 2133 2583 Plin.
2147 2552 2196 2585 lib.
2215 2563 2258 2591 14.
2276 2564 2386 2594 capaz.
2601 2572 2602 2582 i

214 2613 263 2636 rat.
279 2615 306 2635 2.
317 2605 404 2634 Serm.
415 2613 441 2633 2.
457 2613 499 2639 55.
775 2614 812 2618 —
825 2596 976 2627 Avidienus
987 2617 994 2630 ,
1422 2594 1510 2623 Avide
1521 2593 1764 2631 expectareliteras
1776 2594 1868 2622 amici.
1891 2592 1950 2621 Cic.
1966 2601 2006 2621 12.
2024 2592 2098 2621 Fam.
2111 2602 2138 2628 4.
2601 2585 2602 2605 l

296 2642 347 2672 Cui
360 2642 435 2671 canis
449 2650 483 2669 ex
494 2649 560 2670 vero
581 2638 686 2668 dictum
703 2645 861 2679 cognomen
875 2634 1005 2663 adhaeret.
1133 2670 1138 2676 .
1297 2670 1304 2675 ·
1422 2631 1560 2662 Prandere
1569 2631 1658 2660 avide.
1681 2632 1746 2661 Hor.
1762 2640 1785 2660 1.
1805 2631 1891 2660 Serm.
1906 2634 1932 2660 6.
1955 2639 2014 2666 127.
2599 2615 2602 2659 l

177 2682 198 2712 A
207 2681 269 2710 v‘i‘n
280 2691 299 2710 u
309 2690 321 2710 s
332 2702 340 2715 ,
361 2679 526 2716 [πλεονέκτης
536 2699 544 2713 ,
562 2672 750 2712 ἓνηθυμηπιώς]
771 2674 831 2710 AdJ.
854 2672 888 2701 ab
905 2672 978 2700 Aveo
991 2681 999 2706 ·,
1020 2676 1052 2701 ut
1068 2670 1194 2709 Cupidus
1205 2679 1221 2699 a
1233 2669 1335 2708 Cupio.
1423 2670 1508 2700 Avide
1523 2669 1582 2699 sum
1595 2668 1709 2698 affeetus
1720 2670 1754 2698 de
1766 2669 1840 2699 Pano.
1861 2668 1920 2698 Cic.
1933 2677 1973 2698 12.
1987 2669 2039 2697 Att.
2053 2676 2099 2703 41.

215 2718 281 2749 Ter.
293 2718 393 2748 Heaut.
407 2725 430 2753 3.
445 2725 472 2746 2.
486 2725 529 2752 15.
552 2714 608 2745 Sed
617 2713 700 2744 habet
708 2720 817 2752 patrem
828 2709 970 2748 quendam
979 2710 1093 2739 avidum
1104 2731 1112 2745 ‚
1130 2707 1278 2744 miserum,
1299 2714 1338 2738 at³
1424 2708 1509 2737 Avide
1524 2707 1550 2736 se
1559 2708 1705 2736 certamini
1722 2706 1831 2736 offerre.
1852 2706 1912 2736 Liv.
1922 2716 1948 2735 2.

216 2767 269 2795 que
283 2756 400 2785 aridum.
1385 2746 1406 2776 A
1414 2755 1431 2775 v
1442 2757 1450 2774 1
1462 2757 1478 2774 n
1489 2757 1497 2774 1
1507 2755 1526 2774 ’r
1536 2756 1549 2774 a
1558 2755 1574 2774 a
1585 2767 1593 2779 ,
1617 2745 1684 2774 Adv.
1702 2745 1863 2782 Antiquum.
1885 2743 1974 2773 Valer.
1992 2743 2085 2772 AntIas
2094 2742 2170 2781 apud
2180 2742 2334 2774 Arnobium
2343 2743 2470 2775 adversus
2475 2752 2535 2782 gen-
2597 2739 2603 2777 i

236 2795 312 2824 Pone
327 2793 388 2832 post
405 2803 423 2822 A
432 2801 449 2821 v
458 2801 472 2820 s
481 2801 499 2820 o
510 2813 518 2827 ‚
540 2795 571 2820 ut
589 2799 604 2818 P
613 2799 658 2818 Av
668 2799 677 2817 1
686 2798 704 2818 D
715 2796 754 2817 us
775 2786 835 2825 post
853 2797 868 2815 p
879 2796 898 2815 A
908 2796 926 2815 v
936 2795 950 2815 u
959 2795 985 2814 ο.
1007 2784 1043 2815 H.
1055 2784 1095 2815 St.
1425 2791 1465 2813 tes
1482 2783 1530 2813 lib.
1547 2794 1571 2819 5.
1591 2783 1680 2812 statim
1691 2783 1751 2820 post
1760 2784 1880 2812 initium.

216 2832 318 2863 Avidus
331 2833 358 2861 ἃ
367 2829 498 2860 Liberalis
510 2851 518 2864 ,
539 2828 683 2858 contraria.
723 2825 781 2855 Cic.
793 2835 844 2863 pro
855 2823 934 2854 Rosc.
947 2823 1027 2852 Com.
1037 2833 1081 2852 21.
1110 2821 1188 2859 Quid
1201 2820 1239 2850 est
1255 2821 1310 2850 hoc
1320 2821 1334 2849 ἰ)
1384 2822 1450 2852 Avi
1461 2833 1476 2850 L
1485 2833 1501 2850 L
1510 2832 1543 2856 A,
1569 2822 1644 2859 Agna
1656 2821 1775 2850 recentis
1786 2827 1887 2857 partus.
1909 2819 1977 2849 Fest.
2001 2818 2073 2856 quasi
2088 2817 2189 2848 Ovilla.

233 2869 340 2908 probus
350 2868 511 2907 improbum
525 2888 534 2898 ..
555 2866 664 2904 pudens
683 2863 879 2931 impudentem
890 2884 898 2897 ,
919 2861 1062 2899 perjurum
1077 2861 1164 2891 castus
1173 2881 1182 2896 ,
1203 2858 1338 2889 callidum
1384 2861 1431 2890 Av
1442 2870 1450 2887 1
1460 2870 1479 2889 Ν
1491 2869 1533 2888 ΕΝ
1543 2868 1555 2888 s
1565 2868 1579 2887 u
1590 2881 1597 2893 ,
1619 2858 1766 2896 Oppidum
1776 2858 1895 2887 liberum
1904 2858 1933 2886 in
1942 2857 2032 2886 Africa
2042 2878 2050 2891 ‚
2072 2856 2107 2885 de
2118 2867 2173 2893 quo
2184 2855 2252 2886 Plin.
2264 2855 2312 2886 lib.
2324 2867 2348 2891 ς.
2366 2866 2427 2895 cap.
2438 2867 2464 2893 4.

235 2908 380 2945 imperitus
391 2928 399 2942 ,
420 2904 543 2935 liberalis
553 2904 676 2934 avidum.
696 2902 725 2931 su
747 2901 814 2930 audi
828 2899 983 2930 Fraudavit.
1385 2899 1532 2928 AvioLA
1543 2919 1551 2932 ,
1573 2896 1735 2934 Cognomen
1752 2896 1840 2933 gentis
1853 2895 1952 2925 Aciliae.
1988 2894 2055 2923 Plin.
2066 2893 2115 2924 lib.
2127 2904 2151 2932 7.
2164 2904 2224 2932 cap.
2240 2903 2282 2929 5²-
2306 2895 2400 2924 Aviola
2414 2893 2536 2924 Consula·
2560 2903 2561 2923 1
2599 2902 2601 2910 ¹

217 2946 322 2976 Avidus
336 2946 363 2975 δι
373 2945 472 2974 Avarus
483 2941 625 2980 quomodo
640 2939 788 2975 differant,
823 2937 854 2968 V.
876 2938 906 2967 in
926 2947 974 2967 Av
985 2946 1090 2966 Anus.
1424 2937 1458 2964 ris
1469 2937 1498 2965 iri
1512 2944 1579 2972 rogo
1591 2935 1691 2964 revixit
1702 2956 1709 2969 ‚
1732 2935 1757 2963 ἃ*
1769 2934 1901 2971 quoniam
1916 2931 2055 2961 subveniri
2070 2941 2127 2961 non
2138 2939 2267 2970 potuerat
2283 2932 2448 2970 praevalente
2466 2932 2536 2962 flam·
2560 2935 2561 2971 l
2594 2955 2597 2958 ⁴

217 2984 332 3013 Avidior
340 2982 375 3012 ad
385 2992 443 3011 rem
452 2980 634 3018 aliquantum.
665 2978 730 3008 Ter.
747 2977 817 3007 Eun.
836 2986 860 3006 1.
872 2985 899 3005 2.
913 2984 957 3012 51.
1424 2983 1488 3007 nia,
1510 2974 1588 3002 vivus
1600 2979 1736 3001 crematus
1747 2972 1793 3001 est.
1828 2971 1875 3000 ubi
1890 2970 2025 2999 Harduin.
2046 2969 2078 2997 V.
2560 2981 2561 2987 .

237 3021 273 3051 Ut
282 3021 384 3050 dicitur
395 3019 530 3049 Attentior
541 3018 575 3047 ad
586 3026 653 3046 rem.
676 3015 762 3045 H.St.
1386 3011 1491 3046 Avis,
1513 3012 1544 3040 is.
1567 3010 1585 3040 s.
1609 3010 1719 3046 [Ἀξνεον.
1744 3009 1825 3044 ὂρνισ]
1845 3009 1883 3038 est
1901 3008 1971 3044 Qiae
1991 3017 2042 3036 ova
2059 3007 2149 3045 parit,
2176 3008 2331 3045 pennisque
2346 3007 2384 3036 est
2408 3007 2534 3045 praedita,
2559 3011 2561 3023 ¹
2601 3015 2602 3022 ¹

219 3059 294 3089 Gens
305 3059 383 3088 ferox
393 3080 401 3091 ,
423 3059 449 3087 Sc
462 3056 569 3094 ingenii
579 3054 652 3085 avidi
662 3054 697 3083 ad
726 3062 837 3091 ugnam.
877 3050 970 3081 Livius
980 3050 1016 3080 de
1024 3048 1118 3080 Gallis.
1151 3048 1198 3078 Sic
1215 3048 1251 3077 de
1261 3052 1339 3086 parte
1445 3057 1523 3079 raeter
1532 3058 1620 3078 unum
1631 3046 1855 3085 vespertilionem
1865 3068 1874 3081 ‚
1886 3046 1932 3083 qui
1945 3051 2063 3082 utroque
2072 3051 2146 3074 caret
2159 3054 2166 3074 :
2188 3052 2304 3082 quatuor
2313 3045 2388 3074 enim
2402 3045 2484 3083 pedes
2492 3044 2534 3073 ha-
2558 3059 2561 3075 ·,
2599 3055 2602 3067 ²

237 3097 355 3134 quadam
366 3095 570 3133 Hispanorum,
598 3093 645 3130 qui
656 3092 695 3121 cis
706 3063 816 3121 Iberum
827 3089 968 3124 habitant,
989 3098 1053 3118 cuni
1072 3086 1206 3125 particula
1226 3087 1276 3121 In,
1297 3086 1339 3114 di·
1423 3059 1486 3121 get,
1510 3088 1535 3116 Sc
1546 3086 1677 3115 semimus
1688 3085 1734 3114 est.
1766 3085 1832 3114 Haec
1848 3083 1923 3113 Valla
1934 3083 1981 3113 lib.
1995 3094 2020 3117 4.
2036 3082 2104 3112 Plin.
2117 3082 2165 3112 lib.
2182 3092 2223 3111 10.
2239 3092 2300 3120 cap.
2317 3093 2339 3112 1.
2359 3083 2484 3119 Sequitur
2492 3090 2534 3111 na·
2558 3083 2561 3107 ἐ
2594 3089 2602 3109 α

239 3135 277 3164 cit
289 3156 297 3169 2
319 3134 432 3164 Illorum
443 3132 497 3162 esse
504 3131 632 3169 IssqUIeta
641 3129 777 3167 avidaque
789 3128 817 3157 in
833 3137 918 3157 novas
929 3136 972 3156 res
982 3127 1094 3163 ingenia
1108 3147 1116 3159 ,
1137 3124 1154 3153 l.
1169 3134 1213 3153 22-
1232 3134 1258 3162 p.
1272 3133 1303 3152 21
1312 3134 1336 3158 ς.
1423 3131 1484 3154 tura
1492 3125 1601 3154 avium:
1627 3132 1743 3161 quarum
1753 3122 1924 3160 grandiffimi
1934 3123 1960 3151 ἃ
1969 3130 2042 3159 pene
2053 3121 2200 3150 bestiarum
2214 3121 2321 3158 generis
2330 3117 2536 3150 struthiocameli
2588 3126 2601 3142 u*

239 3172 394 3202 Multitudo
405 3171 485 3200 avida
495 3169 619 3199 novandi
630 3177 681 3197 res.
704 3167 735 3196 V.
758 3166 892 3197 Indicem.
933 3165 980 3194 Sic
989 3164 1083 3194 Livius
1092 3170 1147 3192 tres
1159 3162 1339 3191 constructio.
1424 3163 1515 3192 Africi.
2560 3154 2561 3158 ’

239 3219 288 3239 ries
299 3209 346 3238 dat
361 3210 427 3238 huic
445 3207 541 3238 vocab.
563 3207 598 3237 H.
610 3206 649 3236 St.
670 3205 747 3236 Prior
760 3204 839 3234 locus
852 3204 891 3232 est
902 3201 922 3232 1.
935 3211 961 3240 7.
979 3212 1004 3232 c.
1019 3211 1065 3238 23·
1087 3200 1156 3230 alter
1170 3199 1189 3230 l.
1201 3209 1247 3230 22.
1258 3209 1283 3229 c.
1293 3208 1339 3228 21.
1425 3201 1531 3230 Cantus
1541 3199 1641 3228 avium.
1667 3198 1733 3228 Hor.
1748 3206 1771 3233 3.
1784 3196 1874 3226 Carni.
1889 3207 1912 3226 1.
1924 3205 1968 3225 20.

240 3247 335 3276 tertius
346 3246 364 3276 l.
378 3257 421 3283 35.
435 3256 458 3275 c.
474 3255 516 3282 33.
1424 3238 1586 3267 Concentus
1599 3237 1703 3266 avium.
1726 3235 1844 3272 Quintil.
1854 3234 1902 3263 lib.
1920 3245 1944 3269 ς.
1961 3243 2021 3269 cap.
2033 3242 2059 3268 9.

222 3284 322 3313 Avidus
334 3285 362 3313 in
374 3284 499 3322 pecuniis
507 3281 692 3321 locupletum.
713 3280 774 3310 Cic.
790 3290 814 3316 ς.
826 3277 948 3316 Philipp.
964 3285 1010 3307 22.
1422 3276 1531 3307 Domius
1541 3276 1633 3304 avium
1650 3273 1819 3303 frondiferae.
1858 3272 1966 3301 Lucret.
1984 3271 2031 3299 lib.
2044 3280 2066 3299 1.
2081 3279 2123 3305 ¹9·
2142 3269 2309 3308 Periphrasis
2327 3271 2364 3300 est
2374 3271 2527 3300 Nemorum.
2558 3266 2560 3279 ³

222 3320 291 3350 Belli
300 3330 378 3350 mens
388 3322 476 3351 avida.
499 3321 582 3351 Ovid.
601 3329 625 3357 7.
644 3318 727 3357 Epist.
744 3327 805 3354 153.
1422 3314 1551 3344 Dulcedo
1563 3313 1654 3342 avium
1666 3311 1744 3341 ducit
1757 3310 1791 3340 :id
1802 3310 1904 3339 avium.
1930 3308 2174 3339 Annominationis
2189 3308 2352 3347 exemplum
2373 3319 2417 3347 ap.
2430 3309 2530 3338 Auctor.

223 3359 470 3388 Caedisavidillima
480 3367 613 3397 propago.
636 3357 719 3387 Ovid.
735 3367 758 3387 i.
771 3355 843 3386 Met.
858 3356 920 3384 161.
1443 3352 1477 3381 ad
1492 3352 1592 3381 Heren.
1611 3350 1660 3379 lib.
1675 3360 1700 3384 4.
1718 3358 1760 3385 30.
2558 3353 2560 3379 ξ

223 3396 286 3425 Cibi
301 3397 404 3425 avidus.
426 3397 490 3426 Ter.
504 3397 572 3426 Eun.
586 3406 609 3431 ς.
622 3406 649 3432 4.
666 3398 707 3424 16.
1425 3389 1500 3419 Grex
1510 3390 1610 3418 avium.
1634 3387 1700 3416 Hor.
1720 3397 1743 3416 1.
1760 3385 1841 3423 Epist.
1853 3393 1876 3421 3.
1895 3393 1937 3419 19.
2526 3390 2527 3393 ¹
2558 3386 2559 3411 i

223 3433 395 3470 Cognoscere
405 3435 510 3463 avidus·
535 3433 619 3463 Ovid.
633 3443 675 3463 10.
691 3431 761 3462 Met.
775 3439 840 3467 472.
1423 3427 1527 3457 Solatia
1537 3426 1614 3456 ruris.
1637 3424 1723 3454 Ovid.
1740 3434 1762 3453 1.
1781 3422 1846 3452 inst.
1863 3431 1928 3458 442.
2022 3431 2133 3450 —aves
2144 3420 2239 3450 solatia
2253 3421 2340 3458 ruris,
2558 3413 2560 3448 i

223 3471 323 3500 Gloriae
336 3471 448 3500 avidior.
489 3472 547 3500 Cic.
561 3482 586 3506 9.
600 3471 675 3500 Fam.
695 3480 738 3506 14.
767 3470 834 3499 Sum
852 3467 929 3497 enim
947 3464 1055 3495 avidior
1076 3463 1161 3494 etiam
1180 3471 1263 3500 quam
1276 3461 1339 3493 satis
1620 3461 1760 3492 Assuetum
1774 3461 1864 3493 silvis,
1894 3460 2105 3496 innocuumque
2118 3468 2215 3497 genus.
2533 3474 2536 3479 ·
2557 3457 2560 3484 l

243 3508 281 3537 est
291 3530 297 3541 ,
319 3507 417 3544 gloriae
457 3509 501 3538 Sic
511 3519 561 3546 pro
573 3507 698 3538 Marcell.
710 3511 755 3537 26.
780 3505 956 3536 Avidiffimus
965 3503 1066 3541 gloriae.
1424 3502 1516 3531 Voces
1530 3501 1622 3530 avium
1632 3500 1752 3537 liquidae.
1776 3498 1883 3527 Lucret.
1896 3497 1944 3526 lib.
1959 3508 1982 3531 ς.
2002 3503 2081 3533 1378.

223 3544 534 3582 Interficiendialicujus
548 3547 655 3576 avidus.
677 3545 767 3575 Tacit.
784 3553 825 3581 13,
838 3545 908 3573 Ann.
922 3551 966 3571 20.
1424 3539 1503 3569 Voce
1514 3540 1570 3568 avis
1582 3538 1710 3572 moneri,
1732 3537 1750 3566 i.
1764 3546 1787 3566 e.
1811 3535 1939 3572 Augurio.
1961 3534 2045 3563 Ovid.
2062 3545 2085 3563 1.
2097 3535 2132 3564 de
2142 3534 2204 3563 Arte
2214 3534 2275 3563 Am.
2288 3535 2334 3568 86.

224 3582 363 3612 Novitatis
374 3583 479 3612 avidus.
519 3583 587 3613 Plin.
599 3584 648 3613 lib.
669 3593 711 3612 12.
721 3593 782 3621 cap.
796 3593 820 3611 1.
853 3581 890 3611 Ut
902 3580 941 3610 est
949 3576 1198 3609 naturahominum
1206 3576 1338 3607 novitatis
1425 3578 1505 3607 Aeria
1519 3577 1583 3606 avis.
1607 3575 1690 3605 Ovid.
1705 3585 1726 3603 1.
1740 3574 1776 3603 de
1787 3573 1849 3602 Arte
1862 3574 1918 3601 Am.
1930 3575 1975 3601 26.

244 3620 331 3649 avida.
1426 3616 1495 3645 nfra,
1540 3614 1605 3643 Hor.
1617 3613 1706 3651 Epod.
1720 3621 1745 3641 2.
1760 3620 1802 3647 53.
1825 3609 1963 3639 Gallinam
1972 3610 2151 3639 Numidicam
2164 3607 2302 3646 intelligit.
2329 3607 2459 3647 Porphyr.

224 3656 339 3686 Parandi
351 3656 570 3686 divitiasavidus.
595 3657 679 3687 Ovid.
695 3668 718 3688 1.
730 3658 810 3689 Trist.
827 3668 853 3687 2.
866 3667 912 3694 75.
1427 3653 1502 3683 Alba.
1545 3652 1601 3680 Cic.
1615 3659 1639 3687 7.
1660 3651 1732 3679 Fam.
1744 3659 1788 3684 29.
1811 3648 1906 3684 Quum
1915 3647 2070 3676 salutationi
2081 3657 2132 3676 rios
2146 3647 2274 3676 dedimus
2287 3647 2454 3680 amicorum,
2477 3651 2531 3681 qun

303 3693 369 3723 Non
380 3703 431 3731 ego
443 3695 551 3723 divitias
560 3695 655 3724 avidus
665 3695 719 3724 sine
730 3696 785 3724 fine
793 3695 909 3733 parandi
921 3715 931 3729 ,
1444 3690 1474 3719 fit
1484 3700 1517 3719 ex
1527 3690 1581 3718 hoc
1591 3690 1675 3718 etiam
1684 3686 1854 3723 frequentius
1865 3694 1946 3720 quam
1958 3684 2069 3719 solebat,
2088 3685 2164 3722 quod
2174 3684 2245 3721 quali
2257 3694 2336 3713 avem
2346 3684 2435 3713 albam
2442 3681 2529 3711 viden·
2558 3694 2559 3705 i
2597 3697 2599 3706 i

341 3729 437 3774 Latum
453 3732 592 3760 mutandis
603 3733 739 3762 mercibus
750 3743 843 3770 :equor
857 3742 912 3762 aro.
1444 3734 1487 3757 tur
1498 3728 1569 3756 bene
1579 3726 1741 3755 sentientem
1752 3724 1842 3753 civem
1853 3722 1963 3751 videre:
1985 3722 2058 3751 abdo
2071 3732 2116 3751 me
2129 3723 2159 3750 in
2171 3721 2377 3750 bibliothecam.
2400 3717 2527 3750 proverbii
2558 3755 2559 3758 Ἴ

224 3767 382 3811 Voluptatis
393 3769 477 3797 avidae
487 3768 626 3797 libidines.
668 3770 726 3799 Cic.
741 3771 776 3799 de
786 3772 894 3800 Senect.
911 3779 954 3804 κο.
976 3767 1087 3797 Archita
1098 3763 1266 3795 Tarentinus
1277 3761 1339 3792 nul·
1443 3766 1532 3795 forma
1542 3765 1578 3793 de
1586 3764 1626 3793 Re
1635 3773 1707 3792 nova
1718 3769 1799 3799 atque
1817 3759 1954 3797 auspicata
1967 3760 2038 3789 dixit
2050 3760 2157 3789 Cicero.
2198 3760 2238 3789 lta
2252 3759 2349 3795 Juven.
2364 3768 2388 3795 7.
2404 3758 2456 3787 Sat.
2469 3763 2526 3785 202.
2558 3767 2559 3783 i
2591 3758 2599 3791 2!

244 3806 297 3835 lani
309 3805 496 3842 capitaliorem
506 3806 608 3843 pestem
618 3827 626 3839 ‚
646 3816 728 3843 quam
739 3810 862 3845 corporis
875 3808 1047 3843 voluptatem
1059 3802 1218 3833 hominibus
1228 3800 1339 3829 dicebat
1584 3817 1621 3821 —
1633 3810 1716 3829 corvo
1728 3807 1837 3837 quoque
1847 3797 1932 3826 rarior
1943 3797 2014 3827 albo.
2109 3797 2219 3825 Veteres
2230 3797 2305 3825 enim
2316 3806 2365 3834 pro
2378 3793 2532 3825 Felicissimo
2558 3814 2559 3825 i
2591 3791 2599 3815 3·

244 3853 260 3872 a
269 3851 365 3886 natura
377 3843 484 3885 datam}
506 3844 583 3876 cuius
595 3842 747 3881 voluptatis
761 3846 847 3875 avidae
859 3845 990 3875 libidines
1000 3851 1104 3873 temere
1115 3843 1142 3871 &
1156 3839 1288 3870 effrenate
1302 3837 1339 3867 ad
1444 3839 1568 3877 auspicio
1579 3841 1604 3868 St
1617 3839 1711 3867 omine
1724 3839 1790 3866 Aves
1801 3835 1875 3865 albas
1886 3835 2026 3864 ducebant
2036 3857 2044 3868 ,
2068 3844 2102 3864 ac
2110 3844 2160 3872 pro
2173 3833 2306 3863 miraculo
2324 3833 2475 3863 faustissimo
2487 3829 2531 3860 ha·
2592 3834 2604 3854 *Γ

245 3880 413 3924 potiunduni
428 3887 613 3922 incitarentur.
1445 3877 1556 3908 bebant.
1571 3876 1682 3909 Contra.
1699 3873 1873 3911 inauspicatae
1882 3879 1960 3901 erant
1972 3873 2063 3910 nigrae,
2075 3873 2138 3901 Non
2148 3871 2225 3901 albae.
2237 3872 2320 3902 Ovid.
2335 3880 2359 3910 3.
2370 3871 2530 3901 Amomaa·
2557 3879 2558 3893 ³
2594 3871 2599 3892 Ἰ

223 3917 462 3963 videndi-avidus:
485 3916 567 3945 Ovid.
584 3927 622 3946 10.
637 3917 704 3948 Met.
719 3922 761 3954 56.
1546 3914 1618 3951 Quis
1629 3914 1682 3942 fuit
1693 3913 1739 3941 ille
1751 3912 1810 3940 dies
1822 3932 1830 3944 ‚
1852 3919 1907 3946 quo
1919 3910 2002 3938 tristia
2013 3910 2121 3947 semper
2131 3910 2234 3940 amanti
2556 3916 2558 3921 ’

224 3956 306 3985 Amor
314 3954 420 3984 avidus.
440 3954 539 3984 Catull.
555 3958 600 3983 66.
616 3959 662 3989 83.
1621 3951 1727 3981 Omina
1740 3958 1799 3980 non
1810 3947 1878 3978 albae
1887 3947 2065 3978 concinuistis
2074 3956 2137 3978 aves
2147 3947 2162 3976 ἱ)

2407 3976 2531 4013 Candidi.
