2600 4177
453 132 477 167 B
576 132 612 167 O
709 131 744 165 N

35 227 142 252 metm
153 219 265 250 crus,
287 226 318 251 a,
339 222 395 245 um.
426 210 599 249 [ivam-12⁸5]
615 211 690 241 ‘Vox
710 213 840 248 frequent·
857 213 932 250 apud
949 213 1160 243 Ecclesiasticus.

44 259 73 287 V.
93 255 198 285 Tertul.
210 255 244 283 ad
255 254 334 284 Mart.
347 264 406 303 cap.
421 263 443 281 1.
463 251 543 281 Idem
553 251 588 280 de
598 250 729 288 Baptism.
743 261 803 288 cap.
816 257 842 284 8.
854 252 880 280 ἃ
892 251 927 280 de
939 252 1038 281 Anima
1051 260 1160 288 cap.27.

48 294 118 325 cons.
130 293 243 322 Hieron.
257 293 286 320 in
303 291 363 320 Vita
374 290 458 320 hilar.

42 344 56 363 Β
65 342 84 361 N
95 342 107 359 r.
119 341 134 359 o
146 341 155 358 1
166 340 184 358 c
193 339 252 358 '1³10
262 351 269 363 ,
291 330 362 358 bnis.
383 328 401 357 f.
425 321 576 363 [εὐλογίαι]
597 325 658 354 Vox
670 325 698 354 in
710 325 790 354 saeris
802 325 978 354 usitatissima.
1017 325 1047 355 V.
1082 324 1164 362 Apul.

47 368 176 403 Trisn‘ieg.
195 377 222 404 p.
234 376 277 402 92.
290 376 343 405 pro
351 366 392 395 Re
405 364 562 395 consecrata
573 384 581 398 ,
598 363 673 393 Paul.
685 363 786 392 Nolan.
800 362 882 399 Epist.
899 373 939 392 12.
951 373 978 391 n.
992 369 1017 397 8.

41 419 54 438 ε
63 417 82 437 N
92 416 130 435 an
139 407 172 434 ic
183 415 201 433 u
210 414 222 433 s
233 426 241 437 ‚
261 414 293 439 a,
314 411 371 433 um.
393 401 595 441 [χςκπλέγῶψ]
617 407 648 430 ut
659 422 667 436 ,
689 400 794 430 Blanda
811 402 837 430 ἃ
858 401 994 430 benedica
1009 401 1091 430 dista.
1132 399 1165 427 V.

48 443 163 476 Taubm.
173 443 208 472 ad
217 441 303 471 Plaut.
316 443 345 471 in
357 441 504 471 Benedice.

44 491 107 513 nus
117 483 214 514 nica,
236 480 378 515 [ἑυφηῖιιως]
397 479 463 507 Adv.
477 477 561 507 l'laut.
574 476 642 505 Min.
658 485 681 504 1.
697 484 720 511 3.
736 486 778 511 54.
803 476 890 505 Aliam
899 482 981 513 atque
992 475 1070 511 olim,
1082 483 1167 511 quom

49 517 177 550 illiciebas
188 517 288 546 blande
296 518 330 546 ad
342 525 378 551 te,
393 515 537 545 benedice.
553 515 570 543 i.
582 524 606 543 e.
616 514 768 542 Laudando
782 523 835 542 me.
849 514 925 543 cons.
936 513 1027 542 Aulul.
1042 524 1068 547 4.
1077 520 1166 547 ιο.ς7.

45 566 107 589 ssNr.
118 567 130 584 r
140 559 154 584 [ἶ
165 565 182 584 c
193 566 201 583 1
212 565 229 583 o
240 578 248 590 ‚
270 555 388 592 [εὐπυιέω
401 577 408 588 ‚
432 552 563 588 5:;«?-5m›]
584 554 638 581 ere.
670 551 736 580 Ter.
750 551 819 580 Eun.
830 563 852 586 5·
866 557 892 584 8.
903 555 948 580 61.
983 550 1168 580 Bencsecisti:

48 595 157 635 gratiam
172 592 261 622 habeo
272 593 429 622 maximam.
471 590 601 627 [Rectius
610 589 694 618 divise
705 589 831 619 scribitur
844 610 853 624 ,
874 593 905 618 ut
924 588 1048 626 reliqua,
1072 594 1170 626 praeter

49 645 77 668 4.
92 631 196 665 ultima,
209 630 347 668 exempla.
371 629 446 658 cons.
462 629 489 657 in
512 639 526 656 r.
538 637 611 657 ENE.

49 669 211 702 Benesacere
221 667 333 706 aliquid.
356 668 423 697 Hor.
437 677 463 702 4.
476 667 567 695 Carm.
583 670 608 705 8.
621 673 666 694 21.
861 673 952 702 neque

128 706 155 735 Si
167 706 267 735 cliartae
279 705 392 740 sileant,
435 704 490 734 uod
505 702 676 733 beneteceris
686 723 694 735 ,
779 702 939 732 Mercedem
954 702 1060 733 tuleris.

52 744 258 815 Benefecitqui.
282 744 340 773 Cic.
358 753 399 772 12.
437 748 468 771 tt.
481 752 526 777 24.
550 738 732 770 Benesecitil.
745 738 828 768 Silius
841 762 848 774 ,
866 741 913 776 qui
926 739 1095 776 transegerit.

75 782 191 812 enefacis
203 782 286 818 quod.
327 782 386 811 Cic.
399 787 424 817 7.
442 781 494 809 Att.
516 779 558 809 De
575 779 668 807 animo
681 784 774 806 autem
787 787 849 806 meo
860 787 923 815 erga
937 777 1074 815 Rempub.
1089 776 1174 805 bene-¹

69 821 135 850 facis
152 820 226 856 quod
245 830 303 848 non
321 819 441 848 dubitas.

70 857 210 888 Benefacis
222 858 297 894 quod
307 879 315 892 ,
338 859 446 885 e'vmiffiv.
486 855 519 885 ln
531 855 630 884 Latino
640 852 710 883 Gall.
726 852 801 881 aliud
813 853 983 890 exemplum.
1002 852 1037 882 H.
1052 853 1092 881 St.

53 895 180 928 Ablistere
193 895 363 924 benefacere.
385 893 476 924 Tacit.
490 893 538 922 lib.
555 896 580 922 6.
605 891 730 928 [Livius.
748 891 782 920 H.
793 891 831 920 St.
845 891 859 926 ]
882 892 925 921 Ne
936 891 1049 928 ingratis
1060 888 1176 927 quidem

72 932 232 963 benefacere
245 933 376 962 absistam.

37 973 39 976 '
52 970 216 1002 Benesaccre
224 981 287 1008 erga
296 971 427 1008 aliquem.
451 969 538 999 Plaut.
555 968 635 998 Trin.
650 978 674 1003 5.
688 976 715 996 2.
725 976 752 1000 4.

53 1006 216 1040 Benefacere
226 1008 317 1038 alicui.
358 1008 417 1037 Cic.
431 1018 453 1037 1.
472 1007 577 1037 invent.
591 1012 660 1035 extr.
682 1004 758 1034 Male
770 1005 877 1033 tractari
892 1004 925 1034 ab
936 1004 969 1033 iis
984 1003 1084 1041 quibus
1093 1002 1178 1032 bene-

75 1046 230 1076 fecerimus.
268 1046 333 1076 Ter.
346 1045 424 1076 Adel.
437 1055 460 1081 3.
473 1055 554 1082 7.20.
577 1044 622 1073 Dii
638 1042 689 1072 tibi
703 1042 886 1072 benefaciant.

56 1084 229 1125 Renes-icere,
249 1084 369 1114 Solerter
377 1093 467 1121 agere.
508 1081 578 1112 Gell.
591 1093 614 1117 5.
625 1090 650 1118 3.
673 1080 716 1110 Mi
731 1080 892 1110 adolescens
901 1102 908 1114 ,
929 1079 1038 1116 inquit,
1060 1087 1125 1109 cum
1137 1078 1181 1107 in-

71 1131 186 1160 genium
205 1122 400 1152 benefaciendi
416 1121 533 1155 habeas,
563 1119 626 1149 sunt
640 1119 743 1154 majora
757 1117 928 1156 melioraque
944 1127 1005 1155 quae
1020 1118 1110 1146 facere
1123 1126 1182 1146 me·-

74 1169 137 1190 cum
147 1159 240 1198 poffis.
279 1159 407 1196 [Forsan
421 1159 466 1188 hic
478 1167 590 1196 quoque
606 1156 693 1187 divise
702 1155 887 1185 scribendum.

52 1207 155 1229 nNsssr
165 1208 198 1233 0,
221 1198 269 1227 eri.
291 1196 357 1236 pass.
380 1197 449 1226 Plin.
464 1196 562 1233 Paneg.
575 1205 636 1233 cap.
649 1203 693 1231 70.
716 1193 861 1230 Quicquid
879 1204 894 1222 a
906 1202 1016 1231 quoque
1028 1193 1057 1221 in
1071 1191 1183 1222 Provin-

58 1236 106 1266 ciis
117 1235 267 1266 benefieret
278 1258 286 1269 ,
309 1235 386 1265 scire.
442 1236 456 1270 [
469 1235 582 1264 Rectius
594 1233 669 1262 Bene
681 1232 767 1261 fieret.
792 1242 820 1269 p.
831 1242 859 1269 p.
883 1231 969 1260 Recte
981 1231 1051 1260 faeta
1063 1236 1153 1259 vocat.

35 1280 37 1282 '
58 1273 349 1305 Benefitbeneficium.
389 1272 474 1302 Plaut.
493 1272 573 1310 Capt.
584 1280 610 1301 2.
626 1280 653 1301 2.
669 1274 732 1304 108.
769 1268 855 1306 Qiod
873 1269 954 1299 bonis
965 1269 1070 1299 benefit
1078 1267 1182 1298 benefi-

77 1312 151 1342 cium
163 1333 171 1347 ‚
193 1313 278 1349 gratia
290 1322 321 1341 ea
332 1311 476 1349 gravida’st
489 1310 578 1339 bonis.

53 1359 115 1381 xNa
124 1360 137 1378 1
146 1359 165 1378 A
175 1359 193 1378 c
202 1359 221 1378 rr
232 1360 241 1378 1
252 1359 269 1379 o
279 1372 288 1386 ,
309 1350 380 1379 onis.
401 1349 421 1378 f.
442 1346 550 1378 Tertul.
565 1346 626 1376 adv.
638 1345 726 1376 Marc.
738 1356 764 1381 4.
780 1354 823 1375 12.

53 1398 95 1418 sN
104 1397 117 1416 11
126 1397 166 1416 rA
177 1397 220 1416 c’r
229 1398 271 1416 OR
281 1410 289 1423 ,
310 1388 373 1417 oris.
395 1396 432 1416 m.
455 1382 620 1422 [r’vseaae'm]
641 1383 755 1422 Coripp.
769 1383 804 1412 de
816 1382 901 1412 Laud.
917 1382 1013 1418 Justin.
1030 1381 1183 1419 Imp.1.12.

59 1425 223 1455 Communis
233 1425 393 1455 benefactor
403 1424 489 1453 alens.
510 1423 540 1453 V.
565 1423 680 1460 Sciopp.
692 1422 720 1450 in
735 1421 804 1451 voss.
818 1421 853 1450 de
866 1421 918 1449 Vit.
933 1421 1021 1450 Serm.
1038 1419 1066 1449 L.
1078 1430 1105 1457 p.
1121 1429 1147 1454 9.

60 1461 269 1494 Benefat‘torem
281 1463 360 1492 suum
370 1463 452 1492 vertit
467 1457 580 1497 ivspyc'm
596 1460 664 1499 Xyl.
675 1460 750 1498 apud
760 1459 881 1489 Dionem
893 1459 973 1488 initio
983 1458 1046 1488 libri
1056 1457 1185 1494 48.H.St.

79 1501 180 1531 Deerat
194 1502 220 1530 h.
231 1512 256 1531 v.
274 1502 303 1530 in
313 1501 381 1530 edit.
394 1500 483 1537 Lugd.

30 1537 71 1571 Bu
79 1549 98 1569 N
106 1549 119 1568 ε
127 1550 140 1568 1
148 1549 167 1569 A
178 1549 194 1568 c
203 1549 223 1568 τ
233 1549 252 1568 u
260 1550 302 1575 M,
332 1539 351 1568 i.
378 1549 405 1567 n.
437 1534 624 1574 [ἐμιῖυπυὼν]
643 1545 695 1573 pro
714 1535 865 1565 Beneficio.
904 1534 1012 1563 Ennius
1031 1533 1106 1571 apud
1127 1532 1187 1561 Cic.

62 1577 138 1608 lib.2.
153 1577 414 1607 Off.61.ssenefa<fta
424 1575 495 1606 male
506 1575 605 1608 locata,
619 1573 763 1603 malefacta
772 1573 896 1603 arbitror.
906 1571 1184 1609 Virg.3.Georg.525=.

141 1615 218 1652 Quid
233 1615 311 1644 labor
323 1637 331 1650 ,
352 1621 400 1644 aut
412 1613 555 1643 benefacta
565 1613 663 1649 juvant
673 1612 687 1640 ἰ)

63 1653 210 1685 Benefica
225 1663 286 1683 mea
295 1653 415 1691 Reipub.
432 1651 599 1690 procedunt.
611 1647 717 1679 Sallust.
726 1648 853 1686 Jugurth.
868 1657 929 1686 cap-
942 1653 988 1683 85-
1001 1647 1027 1677 &
1040 1646 1070 1675 in
1079 1645 1188 1683 Fragm.

64 1692 202 1731 Adornare
224 1692 315 1721 verbis
331 1690 485 1720 benefacta.
526 1689 559 1719 In
580 1698 599 1717 A
610 1698 627 1722 1)
637 1697 654 1716 o
662 1697 678 1715 a
687 1697 707 1716 N
717 1697 743 1716 o.

38 1763 41 1767 ⁴
64 1729 211 1759 Collocare
220 1729 365 1759 benefacta
373 1730 402 1757 in
416 1728 488 1757 luce.
528 1727 561 1756 In
590 1735 608 1755 c
616 1735 633 1754 0
643 1736 659 1754 L
667 1736 683 1754 L
693 1735 710 1754 o
720 1734 737 1754 c
748 1735 774 1754 o.

65 1767 215 1797 Cumulare
229 1767 382 1797 benefacta.
423 1766 456 1796 In
476 1775 493 1795 c
501 1775 520 1794 u
529 1776 549 1793 M
560 1774 579 1793 u
589 1775 606 1792 L
614 1773 640 1793 o.

64 1805 178 1835 Referre
189 1806 343 1835 benefacta.
364 1804 463 1834 Claud.
477 1804 505 1832 in
523 1804 576 1832 sec.
593 1801 676 1831 Cons.
688 1799 748 1830 Stil.
764 1806 826 1834 18²·

67 1843 178 1874 Tenere
189 1843 342 1874 benefacta.
365 1842 464 1872 Claud.
479 1841 508 1870 in
519 1851 560 1879 pr.
572 1839 653 1870 Cons.
667 1839 729 1869 Stil.
741 1848 786 1873 42.

31 1884 240 1917 BssNssricus
253 1903 261 1917 ,
292 1891 326 1916 a,
353 1890 411 1910 um.
441 1879 599 1915 [ivigyt'rn5,
629 1877 748 1912 iamiar]
782 1875 839 1913 Qui
871 1875 1042 1905 beneficium
1073 1873 1190 1912 praestat.

69 1920 128 1950 Cic.
141 1930 170 1987 f1.
184 1919 328 1978 dec'Legib.
343 1928 389 1955 49.
413 1917 466 1948 Ubi
479 1918 556 1947 enim
569 1915 729 1950 beneficus,
754 1914 773 1943 sl
791 1923 875 1944 nemo
886 1913 999 1943 alterius
1020 1913 1099 1943 ‘causa
1117 1911 1196 1941 beni-

89 1967 123 1987 ne
154 1965 207 1987 acit
221 1982 226 1986 .

68 1969 213 2027 Feneficus
223 1997 252 2024 in
266 1996 397 2025 amicum.
419 1993 478 2024 Cic.
492 2003 515 2022 1.
532 1991 590 2022 Off.
605 2000 652 2028 42.

69 2033 227 2066 Benefici&
240 2033 377 2063 liberales.
416 2032 474 2062 Cic.
493 2031 528 2060 de
540 2031 649 2060 Amicit.
663 2038 706 2065 30.
727 2028 764 2058 Ut
782 2028 859 2058 enim
875 2027 995 2057 benefici
1014 2025 1196 2063 liberalesque

89 2072 183 2102 sumus
195 2094 203 2107 ,
226 2081 283 2101 non
293 2078 325 2100 ut
338 2071 482 2108 exigamus
495 2069 609 2106 gratiam
619 2090 627 2102 ,
641 2069 693 2097 &c.

72 2110 147 2140 Civis
155 2109 296 2139 beneficus
307 2111 333 2139 &
343 2108 473 2138 salutaris.
496 2106 556 2136 Cic.
569 2116 620 2145 pro
633 2105 736 2136 Milon.
749 2114 794 2134 20.

71 2149 117 2179 Dii
134 2148 259 2178 benefici.
282 2147 342 2177 Cic.
357 2157 382 2176 2.
399 2147 435 2176 de
446 2146 539 2175 Divin.
559 2154 620 2174 102.

71 2186 198 2253 Benefiga
207 2186 350 2254 volunotpfte
359 2183 556 2214 benevolentia
570 2187 714 2217 movetur,
735 2181 820 2210 etiam
834 2180 853 2209 s1
869 2189 912 2210 res
931 2179 1003 2208 forte
1021 2187 1080 2208 non
1100 2177 1199 2217 suppea

91 2232 138 2255 tat.
186 2234 219 2254 rc.
234 2234 260 2254 2.
328 2246 334 2253 .
350 2232 392 2259 32.

77 2263 210 2293 Oratione
225 2261 373 2291 beneficus.
415 2260 448 2290 ln
468 2270 485 2289 0
494 2269 511 2288 R
521 2268 539 2287 A
548 2268 568 2288 T
576 2270 585 2288 1
595 2269 622 2289 o.

73 2300 348 2333 Beneficentiffimus.
388 2298 447 2328 Cic.
461 2307 487 2327 2.
500 2298 536 2327 de
547 2297 610 2327 Nat.
621 2296 703 2326 Deor.
716 2298 762 2332 64.
784 2295 864 2325 Idem
874 2294 910 2323 de
918 2293 1028 2323 Amisit.
1058 2291 1203 2323 Liberalis-

93 2340 150 2369 simi
162 2339 212 2368 smt
223 2341 250 2369 Sc
262 2335 512 2368 beneficentiffimi.

75 2376 188 2415 Legitur
201 2378 227 2407 δι
238 2374 453 2406 Beneficissimus
468 2372 544 2412 apud
557 2373 696 2411 antiquos,
708 2377 740 2401 ut
752 2371 826 2408 apud
842 2370 883 2400 M.
898 2368 1100 2403 Catonem.·De
1112 2368 1203 2398 Ptole·-

95 2421 166 2444 maeo
182 2424 247 2452 rege
264 2414 374 2452 optimo
385 2414 411 2442 ἃ
425 2411 635 2441 beneficiffimo.
676 2410 707 2439 V.
730 2408 801 2439 Gell.
822 2413 862 2446 ¹⁶7-
878 2418 901 2443 ς.
943 2407 1057 2444 [Docet
1068 2407 1115 2436 hic
1129 2406 1201 2436 Gell.

96 2454 155 2490 quis
168 2462 233 2482 vere
244 2451 388 2482 Beneficus
398 2451 429 2479 sit
438 2472 446 2486 ‚
468 2450 583 2479 Catonis
595 2458 648 2478 nec
659 2448 746 2478 verbo
757 2447 895 2476 meminit.

0 2500 2 2505 ⁸
41 2487 243 2525 ’1311111111611Ἴ
265 2486 334 2519 Adv.
355 2488 427 2519 Gell.
452 2497 494 2525 17.
510 2498 535 2524 5.
566 2486 696 2517 Benefice
716 2485 921 2522 liberaliterque
936 2482 1074 2518 facimus,
1095 2492 1154 2512 non
1172 2486 1204 2512 ut

23 2529 27 2572 1
78 2530 219 2567 exigamus
229 2527 352 2566 gratiam.

24 2575 27 2613 Ι
44 2566 114 2601 BEN
123 2577 158 2596 ar
167 2578 176 2596 1
186 2577 204 2596 c
213 2576 228 2596 11
237 2576 258 2596 N
267 2575 303 2595 τι
312 2574 332 2594 A
341 2587 350 2601 ,
371 2561 536 2602 [itatem-ix]
557 2562 596 2592 cst
619 2562 780 2600 Benignitas
792 2583 799 2593 .
821 2559 865 2590 vel
887 2558 1056 2588 Liberalitas.
1097 2557 1130 2588 V.
1152 2569 1168 2587 B
1178 2568 1204 2587 r:-

81 2615 102 2635 N
111 2616 120 2634 1
130 2615 148 2634 c
158 2614 179 2634 N
189 2616 198 2634 1
206 2614 226 2633 T
235 2609 283 2634 As.
306 2603 364 2633 Cic.
380 2613 404 2632 1.
422 2602 458 2632 de
469 2602 533 2631 Nat.
545 2601 627 2631 Deor.
639 2609 701 2629 122.
730 2599 810 2636 Quid
821 2598 898 2628 enim
909 2597 1009 2626 melius
1019 2602 1066 2626 au't
1076 2596 1204 2634 praestan-

84 2643 138 2673 tius
149 2643 310 2672 bonitate&
321 2640 533 2671 beneficentia?
554 2639 634 2669 Idem
653 2648 677 2667 1.
693 2638 767 2667 Fam.
780 2646 806 2674 7.
819 2638 845 2666 δι
863 2645 884 2665 1.
897 2634 954 2665 Off.
969 2644 995 2672 7.

81 2681 160 2718 Apud
171 2681 294 2710 eundem
304 2679 339 2709 de
348 2678 489 2708 Offic.lib.
501 2687 524 2713 ³·
546 2677 611 2714 Qua
625 2676 791 2712 (societate)
812 2673 915 2703 sublata
926 2695 934 2707 ,
956 2672 1152 2707 beneficentia,
1171 2672 1206 2701 li-

101 2718 244 2753 beralitas,
265 2718 375 2747 bonitas
387 2739 395 2752 ,
415 2717 518 2753 justitia
536 2715 664 2745 funditus
683 2714 798 2743 tollitur.
820 2711 901 2749 Apud
920 2711 979 2740 Cic.
998 2710 1046 2739 lib.
1064 2711 1155 2748 primo
1169 2711 1205 2740 de

100 2756 182 2787 Offic.
194 2757 301 2792 Justitia
312 2757 363 2786 διο.
383 2755 492 2785 Ethuic
506 2753 656 2789 conjuncta
672 2750 868 2782 Beneficcntia·
892 2749 947 2778 Sed
958 2748 1158 2778 Beneficientia
1169 2758 1204 2778 eit

100 2802 126 2824 v.
141 2794 271 2830 affertur,
291 2800 323 2823 ut
334 2793 366 2822 fir
375 2802 390 2822 a
402 2792 593 2822 benefaciens.
617 2790 719 2819 Verum
728 2790 830 2818 dicitur
845 2786 1041 2817 Munificentia
1050 2808 1057 2820 ,
1071 2796 1129 2815 11011
1142 2786 1208 2816 Nlu-

100 2833 263 2862 nificientia.
286 2832 321 2862 H.
331 2832 371 2861 St.
393 2829 438 2860 Sic
447 2832 472 2860 Sc
482 2829 669 2859 maleficentia
678 2829 808 2871 &cetera
820 2826 850 2855 id
862 2834 957 2863 genus.
970 2825 999 2854 V.
1010 2823 1116 2853 Vallam
1132 2834 1204 2854 1.10.

0 2881 4 2897 ι
47 2867 117 2904 BRN
127 2881 181 2900 EFI
191 2881 208 2899 ρ
219 2882 227 2899 1
237 2881 255 2900 U
265 2881 285 2899 Μ
298 2892 306 2906 ‚
326 2870 345 2899 i
367 2879 395 2898 n,
421 2866 592 2904 [foresta-nm
603 2887 612 2901 5
631 2867 728 2892 s'uvcnz
740 2885 747 2896 ,
764 2862 935 2899 ιῑμιῖυποιέει]
966 2862 1110 2892 ῙΥῙΕΥῙῙᾞΓΓΙ,
1139 2862 1205 2892 Ter.

84 2909 152 2939 Eun.
168 2920 190 2938 1.
202 2918 227 2938 2.
242 2912 287 2944 69.
309 2907 400 2945 Cupio
411 2906 519 2943 aliquos
530 2913 626 2943 parare
640 2904 744 2933 amicos
755 2902 892 2932 beneficio
903 2910 976 2930 meo.

83 2947 286 2979 Beneficiorum
300 2945 374 2982 larga
388 2945 511 2974 materia.
552 2942 620 2972 Plin.
642 2941 689 2971 lib.
707 2951 733 2971 2.
749 2940 832 2978 Epist.
855 2948 896 2975 13.
916 2939 952 2968 ad
968 2937 1104 2973 Priscum,
1124 2936 1209 2976 Regis

102 2986 257 3015 exercitum
268 2983 483 3021 ampliffimum:
505 2981 572 3010 hinc
583 2980 633 3009 tibi
644 2979 846 3009 beneficiorum
856 2977 929 3014 larga
939 2976 1063 3005 materia.

85 3024 217 3061 Accipere
227 3022 406 3052 beneficium.
446 3019 512 3050 Ter.
525 3017 601 3048 Adel.
616 3026 642 3047 2.
656 3026 681 3055 3.
697 3028 721 3047 1.
742 3017 796 3046 Abs
807 3015 897 3053 quivis
910 3015 1026 3043 homine
1040 3035 1048 3050 ,
1073 3023 1160 3050 quum
1171 3014 1210 3043 est

108 3071 178 3098 opus
187 3083 195 3096 ,
217 3060 386 3090 beneficium
395 3059 521 3095 accipere
535 3056 665 3094 gaudeas.

87 3100 200 3130 Afficere
211 3099 334 3135 aliquem
347 3095 494 3127 beneficio.
536 3095 595 3124 Cic.
611 3103 654 3123 10.
674 3093 751 3123 Fam.
764 3102 806 3128 14.
830 3090 918 3128 Quod
938 3089 957 3119 si
976 3089 1030 3119 erit
1037 3089 1141 3119 fastum
1152 3111 1161 3125 ,
1183 3090 1211 3119 (ἵε

106 3137 243 3175 Rempub.
257 3135 352 3165 divino
364 3134 502 3164 beneficio
512 3132 648 3166 affeceris,
660 3131 753 3168 &ipse
765 3137 895 3159 aeternam
906 3127 1021 3165 gloriam
1029 3127 1209 3163 consequere..

87 3174 198 3213 Alligati
207 3174 354 3204 beneficio.
397 3172 455 3201 Cic.
468 3181 517 3210 pro
529 3171 622 3201 Plane.
632 3175 677 3203 8¹·
700 3166 838 3206 Equidem
857 3165 928 3195 nihil
938 3173 995 3194 tam
1005 3166 1151 3203 propi-ium
1161 3165 1214 3194 ho-

107 3214 189 3243 minis
202 3212 343 3246 existimo,
364 3217 447 3248 quam
458 3219 517 3239 non
529 3208 615 3238 modo
626 3207 762 3238 beneficio
774 3228 782 3242 ,
803 3202 852 3235 sed
863 3205 948 3234 etiam
968 3203 1173 3233 benevolentiae
1182 3202 1213 3232 fi-

107 3251 288 3290 gnificatione
299 3249 412 3288 alligari.

90 3290 193 3327 Augere
205 3288 384 3318 beneficium.
423 3285 456 3316 In
479 3295 498 3314 A
506 3294 527 3314 U
537 3294 555 3314 c
564 3294 580 3314 13
588 3292 616 3313 o.
984 3317 989 3322 .

89 3327 234 3357 collocare
249 3325 426 3355 beneficium.
467 3323 526 3353 Cic.
540 3331 582 3359 13.
597 3322 672 3352 Fam.
684 3327 730 3358 29.
751 3320 784 3350 Id
797 3320 826 3349 in
841 3327 886 3348 me
902 3317 1009 3355 recipio
1021 3337 1030 3351 ‚
1050 3320 1078 3346 te
1099 3325 1131 3346 ea
1152 3325 1214 3354 quae

108 3365 195 3395 fecisti
210 3364 340 3394 Mescinii
353 3362 432 3392 causa
443 3384 451 3398 ,
472 3370 589 3398 quaeque
607 3358 706 3393 feceris
718 3380 726 3393 ,
747 3358 786 3387 ita
803 3356 973 3386 beneficium
991 3353 1213 3390 collocaturum,

109 3409 140 3433 ut
150 3403 255 3439 judices
266 3401 375 3431 homini
385 3406 413 3430 te
429 3398 578 3437 gratissimo
590 3396 690 3429 feciss'e.
713 3394 912 3426 Emendatiora
923 3392 1094 3431 exemplaria
1105 3392 1214 3429 legunt,

111 3441 152 3471 Ita
163 3441 235 3470 bene
248 3439 460 3469 collocaturum.

94 3479 247 3509 Comedere
255 3478 372 3513 alicujus
382 3473 526 3505 beneficia.
568 3473 602 3504 In
629 3482 671 3503 eo
681 3483 702 3502 M
712 3483 727 3501 11
736 3482 754 3501 D
763 3481 789 3500 0.

94 3517 248 3555 Complecti
256 3516 377 3553 aliquem
386 3513 532 3544 beneficio.
574 3512 632 3541 Cic.
645 3521 696 3549 pro
707 3509 799 3540 Plane.
811 3514 856 3543 8²-
876 3507 1027 3544 Petamque
1043 3516 1059 3535 a
1076 3505 1157 3535 vobis
1167 3505 1184 3540 J
1189 3516 1220 3535 u:-

112 3555 189 3584 dices
200 3577 208 3589 ,
229 3561 260 3583 ut
271 3563 336 3583 eum
347 3551 485 3582 beneflcio
501 3549 745 3588 complectamini,
767 3556 852 3585 quem
867 3547 915 3584 qui
932 3544 1146 3583 reprehenderit
1156 3566 1164 3580 ,
1186 3545 1218 3573 in

114 3602 147 3622 eo
159 3592 356 3630 reprehendit,
375 3592 427 3620 ἃς.

95 3630 257 3660 Concedere
271 3639 321 3668 per
331 3628 500 3658 beneficium
519 3627 546 3656 &
561 3624 686 3662 gratiam.
727 3623 786 3653 Cic.
804 3634 828 3658 ς.
844 3621 995 3656 Verr.191.
1027 3619 1131 3656 Quaero
1142 3624 1219 3649 nunc

115 3675 169 3698 ate
184 3668 310 3698 Hortensi
323 3689 331 3702 ,
352 3676 417 3696 cum
429 3666 497 3695 utris
507 3665 624 3693 tandem
641 3663 718 3692 istius
735 3662 841 3691 factum
857 3658 1008 3689 collaturus
1027 3658 1078 3687 es?
1099 3667 1164 3687 cum
1185 3658 1219 3687 iis

114 3706 200 3736 credo
211 3706 257 3743 qui
265 3705 438 3743 benignitate
451 3703 566 3732 adducti
576 3710 625 3739 per
637 3699 806 3730 beneficium
816 3700 841 3728 ἃ
850 3697 966 3736 gratiam
976 3695 1135 3726 civitatibus
1153 3704 1220 3725 con-

116 3743 253 3773 cesserunt
262 3748 294 3773 ut
304 3752 434 3772 nummos
445 3750 495 3779 pro
503 3741 645 3769 frumento
662 3739 770 3768 darent.

99 3781 262 3812 Concedere
273 3780 353 3810 causa
364 3779 491 3810 beneficii
503 3778 659 3816 gratiaeque.
697 3775 755 3805 Cic.
771 3786 794 3812 ς.
806 3773 883 3804 Verr.
896 3781 909 3802 1
917 3781 959 3808 1ς.
991 3771 1078 3809 Quod
1089 3771 1221 3802 beneficii

119 3820 265 3858 gratiaeque
280 3819 359 3848 causa
373 3817 551 3848 conceil'erat.

100 3857 306 3895 conduplicare
315 3855 490 3886 beneficium.
530 3854 563 3884 In
583 3862 601 3882 e
609 3862 627 3882 o
635 3861 658 3881 N
665 3862 685 3880 1)
694 3861 714 3881 1:
722 3861 738 3880 1>
747 3862 764 3880 r.
772 3861 782 3879 1
790 3860 808 3880 c
815 3859 842 3879 0.

100 3895 232 3925 Conferre
243 3894 411 3924 beneficium
420 3894 449 3922 in
463 3892 593 3929 aliquem.
633 3889 692 3919 Cic.
714 3900 738 3918 1.
754 3888 812 3919 Off.
824 3897 870 3924 45,
900 3886 935 3917 Et
953 3895 1046 3917 mores
1063 3886 1124 3922 ejus
1141 3891 1223 3917 erunt

120 3932 264 3971 spectandi
276 3933 304 3960 in
313 3942 397 3969 quem
407 3930 574 3960 beneficium
587 3927 754 3957 conferetur.

101 3970 248 4001 Cumulare
259 3969 437 4003 beneficium.
477 3968 509 3997 V.
536 3977 554 3997 c
565 3976 582 3996 u
591 3977 613 3996 M
621 3976 640 3996 u
649 3977 666 3995 1..
673 3975 692 3995 υ
700 3974 722 3995 s.

1683 127 1978 162 Bou
2317 144 2386 180 359

1258 204 1331 277 *Ul-arr?
1345 233 1352 246 ,
1374 209 1578 277 ptinConserre.
1619 210 1678 239 Cic.
1694 217 1735 246 13.
1749 209 1822 239 Fam.
1836 219 1862 245 9.
1885 209 1978 246 Maius
1989 211 2058 239 mihi
2071 211 2135 240 darc
2146 212 2314 244 beneficium
2323 217 2384 245 nul.

1295 259 1310 277 tl
1330 259 1340 277 1
1352 259 1388 286 ΡΟ
1403 258 1440 277 CS.

1260 284 1332 315 Dirc
1344 308 1352 321 ,
1377 287 1402 315 ἃ
1413 285 1538 314 reddere.
1579 285 1637 314 Cic.
1651 294 1675 327 1.
1689 284 1747 314 Off.
1761 295 1806 319 49.
1829 284 1901 313 Nam
1920 294 2005 322 quum
2025 286 2081 314 dno
2097 295 2198 323 genera
2213 288 2385 320 liberalitatis

1283 324 1350 357 smt,
1372 332 1458 352 unum
1472 323 1556 351 dandi
1566 323 1695 352 beneficii
1709 344 1716 356 ,
1739 321 2012 351 alterumreddendi.

1262 360 1335 389 Dare
1347 361 1519 402 &accipere
1555 360 1612 388 Cic.
1630 370 1672 395 14.
1685 362 1738 389 Att.
1755 370 1795 395 ις.
1819 360 1915 389 Literae
1926 370 1990 389 vcro
2000 368 2053 389 turc
2063 367 2121 389 tum
2134 362 2315 392 amantissime
2326 370 2386 395 tum

1283 397 1557 440 honorificentiffimc
1568 397 1691 434 scriptae.
1714 397 1749 426 sic
1761 397 1971 427 nie-affecerunt
1984 420 1992 431 ,
2014 405 2113 427 utnon
2133 399 2197 427 dare
2217 400 2266 428 tibi
2285 401 2386 431 beneti-

1284 444 1358 463 cium
1369 435 1476 463 viderer
1487 456 1502 476 ³,
1516 435 1562 477 sed
1574 435 1699 472 accipere
1710 446 1724 464 a
1735 442 1762 464 te
1775 436 1811 465 ita
1823 442 1936 473 petente
1945 458 1953 470 ,
1971 436 2024 465 &a

1264 472 1340 537 Dein}
1349 481 1398 537 prp
1414 471 1561 501 beneticio.
1599 473 1658 501 Cic.
1672 478 1696 507 8.
1715 473 1788 502 Fam.
1804 479 1830 507 8.
1862 473 2110 509 Quemadmodum
2122 474 2172 503 tibi
2189 484 2240 512 pro
2252 474 2389 506 beneficio

1286 520 1295 537 K
1306 519 1320 537 C
1343 519 1380 537 erl
1397 532 1402 537 .

1266 546 1375 589 Debere
1387 547 1658 575 beneficiumalicui.
1699 547 1759 577 Cic.
1773 553 1798 581 8.
1816 547 1890 577 Fam.
1907 558 1948 577 12.
1972 547 2058 577 Pudet
2070 558 2114 577 me
2126 548 2177 578 tibi
2196 549 2340 585 confiteri,
2362 553 2389 581 Sc

1284 593 1360 627 queri
1375 584 1409 612 de
1421 585 1501 621 Appii
1513 584 1814 627 l‘ioniinjsingratissimi
1828 585 1951 621 injuriis,
1973 587 2019 622 qui
2034 596 2078 615 me
2089 585 2176 615 odiise
2187 608 2194 621 ,
2215 588 2278 623 quia
2288 597 2389 623 magna

1286 621 1650 664 mmidebebntbenehcra.
1671 624 1776 659 coepit:
1800 624 1825 652 δε
1842 634 1927 660 quum
1940 624 2024 652 homo
2036 634 2149 659 avaruS,
2171 631 2202 653 ut
2213 634 2244 654 ea
2255 618 2371 656 solveret

1284 659 1334 687 libi
1351 667 1487 724 imperare
1496 668 1552 701 nen
1568 659 1671 701 pollet,
1696 660 1838 700 occultum
1853 661 1959 690 beilum
1972 661 2038 689 mihi
2049 662 2161 690 indixit.
2381 649 2390 662 ⁷

1267 696 1383 727 Deferre
1415 695 1538 724 eneficra.
1580 696 1639 725 Cxc.
1656 706 1678 738 1..
1693 698 1753 740 Oti.
1764 709 1809 733 45.
1839 699 1908 734 Quae
1919 697 2052 728 beneficia
2063 709 2139 736 aeque
2152 709 2250 735 magna
2261 710 2318 729 non
2330 701 2392 732 sunt

1286 733 1418 776 habenda
1428 755 1436 765 .
1460 740 1543 769 atque
1555 743 1656 776 03111132
1666 734 1773 769 1111111110
1785 736 1956 765 coniiderate
1968 737 2178 773 constanterque
2189 738 2280 767 delata
2299 738 2367 768 sunt.

1267 771 1382 801 Deterre
1394 780 1423 799 m
1433 770 1496 799 loco
1509 771 1647 814 benchuir.
1667 809 1672 814 ,
1689 772 1747 801 Cic.
1761 783 1788 807 4.
1802 773 1876 802 Verr.
1889 783 1933 808 29.
1956 773 2067 803 Etenim
2086 783 2179 803 revera
2196 776 2285 805 multo
2304 786 2348 806 ma
2360 778 2390 807 ris

1287 809 1326 857 eil
1337 808 1502 851 petendum,
1517 808 1553 851 ab
1564 808 1738 851 bominibus,
1758 810 1776 838 si
1786 809 1848 839 silvi
1864 813 1888 840 ὁὶ
1903 811 2008 840 honesti
2020 810 2073 840 effe
2083 812 2221 848 volumus,
2233 821 2261 842 ut
2272 823 2335 844 eant
2344 807 2392 844 no-

1284 846 1394 883 'olscum
1409 856 1438 874 m
1446 855 1618 882 provrnmam
1630 868 1637 879 ,
1660 855 1741 882 quam
1752 846 1807 876 hoc
1818 847 1871 877 illis
1882 849 1909 876 in
1923 849 2051 878 beneficii
2062 849 2125 878 loco
2137 850 2329 882 deserendum.

1269 884 1420 927 Devincire
1441 883 1586 926 beneficio.
1609 883 1689 926 'Ten
1708 884 1809 914 Heaut.
1828 895 1892 921 2.4.
1907 895 1949 922 14.
1988 886 2052 915 Hoc
2068 887 2205 916 beneficio
2230 890 2340 928 utrique
2360 891 2394 920 ab

1290 929 1416 958 utrisque
1431 921 1625 950 devmcmnm.

1270 959 1385 997 Eripere
1396 958 1480 988 alicui
1490 958 1658 988 beneficium
1668 957 1702 987 ab
1710 958 1764 988 alic
1775 958 1943 990 concessum.
1966 960 2043 991 Suet.
2058 962 2088 990 in
2100 962 2187 993 Galba
2198 973 2259 1002 cap.
2272 975 2305 1002 14

1271 998 1374 1028 Facere
1388 996 1565 1026 beneficium.
1596 996 1667 1025 Gell.
1681 996 1732 1026 lib.
1748 1005 1774 1033 7.
1786 1006 1846 1035 cap.
1864 1007 1909 1027 20.
2308 988 2314 995 ’

1272 1035 1375 1079 Facere
1383 1034 1513 1063 beneficii
1525 1034 1574 1063 sui.
1615 1034 1692 1063 Suet.
1710 1035 1739 1063 in
1752 1034 1850 1064 Claud.
1868 1045 1929 1073 cap.
1941 1043 1986 1071 23.
2008 1036 2187 1068 Commeatus
2199 1049 2214 1068 a
2225 1040 2327 1071 Senatu
2337 1043 2396 1072 neti

1291 1072 1388 1102 solitos
1410 1072 1539 1115 beneficii
1556 1072 1596 1101 sui
1608 1072 1685 1101 fecit.
1726 1072 1859 1102 Solebant
1875 1073 1955 1102 multi
1972 1080 2066 1110 petere
2084 1085 2098 1103 a
2114 1076 2216 1105 Senatu
2236 1070 2398 1110 facultatem

1295 1110 1418 1154 abeundi
1432 1131 1442 1152 ³.
1462 1111 1719 1148 temporariumque
1731 1109 1893 1140 discessum:
1917 1117 1944 1139 at
1955 1111 2086 1142 Claudius
2097 1114 2126 1142 id
2140 1124 2154 1142 a
2166 1112 2191 1142 sc
2206 1117 2263 1152 peti
2275 1118 2300 1146 Sc
2312 1118 2400 1156 impe.

1292 1154 1358 1177 tran
1368 1147 1465 1177 voluit.
1477 1185 1483 1188 q
1505 1149 1528 1174 Il
1540 1158 1570 1174 en
1579 1150 1659 1174 retint
1668 1148 1734 1185 κβ]
1744 1149 1765 1175 le
1776 1150 1832 1177 dan.

1293 1186 1379 1229 Aliter
1393 1185 1525 1229 Beneficii
1534 1185 1573 1214 sui
1583 1185 1657 1223 apud
1667 1186 1789 1215 eundem
1802 1186 1831 1214 in
1840 1183 1958 1215 Tiberio
1968 1208 1976 1221 ‚
2000 1195 2043 1216 12.
2065 1188 2114 1217 Per
2126 1189 2260 1225 quosdam
2271 1191 2401 1223 beneficii

1293 1223 1338 1267 1:⁰¹.
1346 1230 1534 1267 centuriones.
1557 1223 1604 1252 ubi
1616 1223 1782 1258 Beroaldus,
1798 1223 1992 1254 Beneficiarios
2004 1225 2154 1262 fignificat:
2178 1227 2303 1265 Namque
2316 1230 2403 1260 llene-

1294 1263 1391 1305 iic1ar11
1403 1260 1524 1298 eleganti
1534 1261 1670 1290 vocabulo
1680 1262 1821 1290 veteribus
1831 1262 1899 1290 dicti
1909 1261 1971 1291 sunt
1980 1262 2021 1291 illi
2031 1285 2038 1298 ‚
2051 1273 2120 1300 quos
2133 1264 2283 1301 imperator
2298 1267 2402 1297 benefi.

1293 1309 1342 1329 cro
1351 1298 1399 1328 suo
1411 1298 1591 1337 promovisset
1601 1300 1630 1328 in
1643 1298 1763 1334 militia;
1787 1301 1813 1329 ὁὶ
1823 1300 1890 1328 citat
1905 1299 1986 1328 illum
1997 1300 2091 1330 locum
2108 1301 2218 1331 Caesaris
2228 1325 2236 1338 ,
2259 1314 2341 1341 quem
2357 1307 2403 1336 ba-

1295 1337 1345 1404 lges
1355 1338 1387 1403 itii:¹
1404 1347 1444 1380 ¹3¹³
1453 1347 1472 1366 N
1483 1347 1497 1366 11
1506 1348 1535 1366 1-1
1545 1347 1579 1366 cr
1589 1347 1609 1366 A
1618 1347 1634 1366 a
1645 1348 1654 1365 1
1665 1347 1712 1367 us.
1734 1335 1769 1367 H.
1787 1337 1825 1367 St.
1848 1336 1922 1367 cons.
1933 1337 2003 1367 infra
2015 1338 2050 1367 de
2060 1338 2167 1368 Delatis
2183 1340 2218 1369 ad
2238 1343 2361 1373 aerarium
2372 1345 2402 1374 in

1318 1384 1369 1404 ene
1383 1384 1449 1404 cns.

1277 1412 1376 1450 Figere
1384 1412 1555 1442 beneficium
1566 1410 1647 1442 clavo
1656 1412 1765 1442 trabali.
1806 1412 1865 1442 Cic.
1878 1421 1904 1450 7.
1920 1412 1995 1443 Verr.
2009 1423 2051 1449 51.
2072 1413 2107 1443 Et
2119 1419 2149 1443 ut
2158 1414 2212 1444 hoc
2224 1415 2402 1455 beneficium,

1297 1451 1538 1494 quemadmodum
1547 1451 1649 1480 dicitur
1661 1473 1669 1487 ‚
1691 1449 1789 1480 trabali
1801 1451 1880 1480 clavo
1891 1451 1987 1488 figeret
1996 1473 2004 1487 ,
2019 1461 2085 1480 cum
2097 1452 2211 1482 consilio
2221 1455 2331 1485 causam
2344 1456 2404 1486 Ma-

1298 1497 1482 1518 mertinorum
1495 1488 1647 1525 cognoscit.
1688 1489 1720 1519 V.
1743 1488 1871 1518 Trabalis
1883 1510 1891 1524 ,
1912 1490 1942 1518 in
1963 1499 1983 1517 τ
1993 1499 2009 1517 a
2019 1500 2038 1518 A
2049 1499 2092 1520 ss.

1279 1526 1420 1570 Foenerari
1431 1526 1608 1570 beneficium.
1622 1526 1691 1570 pic.
1703 1527 1738 1570 dhe
1750 1527 1859 1556 Amicit.
1871 1536 1914 1563 30.
1938 1527 2011 1556 conf.
2029 1527 2093 1557 Ter.
2114 1525 2223 1558 Phorm.
2243 1538 2266 1563 ³.
2282 1539 2307 1559 2.
2324 1537 2351 1566 8.

1280 1565 1421 1594 Beneficia
1433 1564 1533 1594 habere
1543 1564 1670 1601 alicujus.
1693 1566 1752 1594 Cic.
1775 1565 1903 1601 Quorum
1914 1565 2049 1594 beneficia
2060 1566 2182 1595 maxima
2192 1567 2330 1598 haberem.

1281 1603 1392 1633 Habere
1406 1613 1456 1639 pro
1474 1602 1621 1632 beneficio.
1663 1602 1721 1632 Cic.
1738 1606 1780 1631 16.
1794 1603 1867 1632 Fam.
1884 1614 1907 1634 a.
1944 1604 1984 1632 An
2003 1603 2058 1631 hoc
2078 1613 2129 1641 pro
2148 1604 2286 1634 beneficio
2306 1608 2409 1637 baben-

1301 1641 1370 1707 dpsm
1380 1642 1418 1706 pst
1429 1641 1537 1708 &quod
1548 1640 1574 1669 se
1584 1661 1593 1675 ,
1615 1651 1699 1678 quam
1711 1641 1864 1670 Antonium
1874 1640 1928 1670 effe
1940 1640 2086 1677 maluerit,
2109 1652 2124 1671 a
2143 1652 2199 1678 quo
2218 1644 2266 1672 ista
2285 1647 2407 1682 petenda

1302 1689 1318 1708 e
1343 1688 1391 1708 en.
1402 1700 1409 1714 ‚
1449 1688 1481 1707 .c.

1282 1715 1555 1760 impetrarealiquid
1570 1716 1598 1744 in
1614 1715 1723 1745 summo
1738 1715 1887 1746 beneficio.
1928 1716 1984 1746 Cic.
2002 1727 2026 1752 ς.
2050 1717 2125 1746 Verr.
2140 1727 2201 1754 115.
2232 1718 2294 1748 Hoc
2311 1721 2357 1750 rix
2374 1721 2408 1751 ab

1303 1756 1426 1817 {hipronio
1439 1764 1469 1821 hn
1486 1754 1594 1783 summo
1603 1753 1758 1790 beneficio,
1780 1764 1830 1794 pro
1839 1756 1872 1784 iis
1883 1755 1930 1792 qui
1939 1756 2023 1784 etiam
2032 1755 2188 1785 incolumes
2201 1765 2280 1786 erant
2292 1780 2300 1794 ,
2321 1759 2411 1797 impe-

1310 1800 1436 1821 .ratume
1464 1815 1469 1820 .

1284 1827 1359 1861 lnire
1370 1829 1548 1860 beneficium.
1571 1829 1635 1860 Ter.
1650 1830 1718 1859 And.
1734 1841 1758 1865 ς.
1772 1840 1794 1860 1.
1808 1841 1832 1867 ς.

1285 1868 1574 1912 Interitbeneficium.
1615 1868 1702 1897 Plaut.
1716 1868 1793 1898 Poen.
1807 1874 1831 1906 3.
1844 1876 1923 1905 3.22.
1957 1867 2035 1898 Malo
2047 1867 2147 1899 fibene
2156 1870 2240 1900 facias
2254 1892 2262 1907 ,
2283 1871 2313 1900 id
2330 1872 2416 1903 bene.

1306 1906 1402 1935 ficium
1412 1907 1515 1935 interit.

1286 1944 1386 1975 Manet
1398 1943 1566 1974 beneficium
1579 1944 1608 1973 in
1620 1943 1723 1980 aliquo.
1764 1944 1797 1974 In
1825 1955 1845 1973 M
1856 1954 1874 1973 A
1886 1954 1908 1973 N
1917 1954 1965 1974 so.

1287 1983 1402 2012 Mittere
1414 1982 1583 2012 beneficium
1599 1982 1629 2010 in
1640 1984 1709 2011 afta.
1750 1983 1815 2012 Sen.
1830 1983 1865 2011 de
1874 1982 1968 2011 Benef.
1984 1981 2031 2011 lib.
2045 1991 2071 2012 2.
2083 1991 2144 2019 cap.
2158 1993 2199 2013 10.
2221 1985 2248 2014 Si
2262 1986 2337 2021 quod
2346 1996 2418 2025 prae.

1306 2021 1425 2056 stamus,
1447 2020 1566 2049 offendit
1583 2020 1633 2049 nisi
1644 2020 1837 2057 absconditur,
1860 2020 2028 2050 beneficium
2048 2020 2079 2049 in
2097 2022 2157 2051 acta
2170 2031 2229 2051 non
2249 2024 2341 2053 mitto,
2383 2025 2415 2055 V.

1292 2072 1294 2074 ’
1310 2069 1384 2088 Aer
1395 2069 1423 2088 A.

1288 2096 1438 2127 munerare
1448 2096 1531 2125 alicui
1542 2094 1721 2126 beneficium.
1742 2095 1829 2126 Plaut.
1839 2095 1920 2135 Capt.
1936 2106 1960 2133 5.
1973 2106 1998 2126 1.
2013 2106 2056 2133 1ς.

1288 2135 1402 2165 ll'lutare
1416 2134 1594 2164 beneficium.
1636 2133 1668 2163 In
1688 2145 1710 2163 M
1720 2144 1737 2163 u
1747 2143 1767 2163 τ
1777 2145 1803 2164 ο.

1292 2172 1574 2210 Obligaribenefieio.
1616 2171 1675 2202 Cic.
1687 2183 1714 2208 4.
1727 2172 1757 2200 in
1769 2171 1849 2202 Catil.
1860 2181 1904 2202 22.
1928 2171 2015 2209 Quod
2032 2173 2124 2204 hostes
2139 2173 2304 2212 alienigenae
2316 2181 2363 2205 aut
2371 2186 2421 2215 op.

1312 2211 1395 2249 prelsi
1405 2210 1540 2244 serviunt,
1563 2211 1729 2247 autrecepti
1739 2210 1876 2240 beneficio
1887 2210 1914 2240 se
1930 2211 2068 2248 obligatos
2079 2217 2187 2250 putant.

1290 2249 1471 2286 Obstringere
1485 2247 1636 2277 beneficiis.
1659 2248 1720 2278 Cic.
1732 2258 1783 2285 pro
1798 2249 1889 2278 Domo
1903 2254 1954 2282 118

1291 2287 1401 2317 Ornare
1410 2286 1531 2328 aliquem
1542 2285 1696 2329 beneficiis.
1718 2286 1776 2316 Cic.
1791 2286 1851 2316 Post
1862 2286 1920 2315 red.
1941 2286 1976 2315 ad
1987 2286 2068 2323 Quir.
2082 2297 2124 2317 12.
2146 2287 2236 2326 Atque
2251 2299 2285 2318 eo
2299 2288 2344 2318 die
2355 2299 2422 2318 con-

1310 2325 1383 2354 fecta
1392 2334 1434 2354 res
1446 2325 1530 2359 estet,
1552 2324 1603 2352 mil
1619 2325 1642 2354 is
1660 2324 1803 2354 Tribunus
1821 2324 1928 2362 plebis,
1950 2331 2035 2362 quem
2057 2334 2109 2363 ego
2132 2327 2260 2357 maximis
2280 2328 2423 2358 beneficiis

1315 2363 1488 2400 Quaestorem
1500 2361 1603 2391 Consul
1612 2372 1739 2392 ornatam
1748 2385 1756 2397 ‚
1771 2364 1824 2393 &c.

1292 2399 1389 2431 Parere
1400 2400 1451 2444 sibi
1460 2397 1628 2444 beneficium
1638 2399 1768 2430 solidum.
1809 2397 1875 2430 Ter.
1887 2399 1958 2430 Eun.
1971 2410 1996 2438 ς.
2005 2410 2032 2431 2.
2048 2410 2091 2438 3²·
2119 2401 2156 2431 Ut
2166 2401 2286 2433 solidum
2296 2413 2421 2442 parerem

1313 2439 1370 2468 hoc
1382 2439 1453 2468 milu
1465 2438 1634 2467 beneficium
1646 2438 1768 2468 Chaerea.
1784 2445 1788 2448 ⁴

1293 2476 1415 2507 Petitum
1427 2477 1456 2505 in
1464 2477 1528 2505 loco
1536 2476 1675 2506 beneficii.
1717 2476 1776 2507 Cic.
1789 2487 1814 2513 ς.
1832 2475 1908 2506 Verr.
1920 2485 1983 2513 114.
2006 2477 2094 2515 Atque
2104 2477 2159 2507 hoc
2172 2478 2203 2508 in
2216 2478 2348 2509 beneficii
2359 2480 2423 2510 loco

1315 2516 1437 2553 petitum
1449 2515 1487 2544 est
1498 2514 1532 2543 ab
1544 2515 1675 2552 Apronio.
2343 2517 2345 2520 ⁴

1294 2553 1405 2583 Placare
1416 2552 1552 2581 beneficio
1561 2553 1717 2582 inimicum.
1758 2551 1818 2582 Cic.
1831 2562 1857 2588 4.
1867 2552 1896 2581 in
1907 2551 1988 2582 Catil.
2001 2560 2047 2582 22.
2070 2553 2128 2590 Qui
2138 2560 2203 2584 ante
2214 2564 2249 2584 ex
2259 2564 2375 2585 numero
2388 2556 2428 2586 ci—

1314 2592 1391 2621 vium
1408 2591 1551 2620 dementia
1563 2590 1654 2628 aliqua
1674 2591 1815 2628 dapravati
1829 2613 1837 2625 ,
1858 2590 1949 2620 hostes
1970 2592 2067 2628 patriae
2084 2592 2169 2621 semel
2189 2592 2243 2622 effe
2261 2602 2426 2631 coeperunt,

1314 2639 1364 2696 pios
1375 2638 1462 2695 qupm
1473 2638 1488 2657 a
1497 2629 1622 2696 perllsffle
1632 2628 1752 2667 Reipub.
1761 2628 1904 2667 repuleris,
1928 2637 2020 2666 neque
2030 2629 2058 2659 vi
2067 2639 2213 2667 coercere,
2240 2641 2332 2669 neque
2343 2633 2427 2661 bene-

1337 2677 1380 2697 cro
1393 2677 1410 2704 p
1424 2676 1502 2696 acar-e
1513 2676 1550 2704 po
1574 2676 1606 2696 is.

1297 2705 1404 2735 Ponere
1415 2703 1591 2734 beneficium.
1632 2704 1691 2734 Cic.
1707 2710 1750 2741 13.
1767 2704 1843 2735 Fam.
1857 2707 1902 2733 26.
1926 2703 2083 2734 Scriberem
2106 2714 2191 2743 quam
2212 2706 2241 2735 id
2258 2705 2425 2737 beneficium

1318 2742 1391 2809 pene
1398 2743 1472 2810 {pud
1480 2741 1647 2772 Mescinium
1656 2742 1794 2781 positurus
1803 2741 1872 2772 effes
1881 2764 1890 2778 ‚
1912 2742 1963 2771 nisi
1972 2743 1999 2772 δε
2012 2748 2042 2772 te
2051 2741 2120 2773 scire
2129 2743 2300 2774 confiderem
2308 2766 2317 2781 ,
2341 2747 2366 2775 δι
2376 2746 2428 2774 mi-

1327 2791 1349 2810 11
1364 2791 1401 2819 pe
1415 2790 1500 2810 erem.

1300 2818 1408 2849 Ponere
1418 2819 1448 2848 in
1458 2818 1587 2848 beneficii
1596 2818 1670 2848 loco.
1693 2817 1751 2848 Cic.
1763 2827 1806 2855 13.
1818 2817 1893 2848 Fam.
1907 2829 1951 2854 54.

1298 2857 1437 2893 Projicere
1449 2857 1627 2886 beneficium.
1666 2856 1732 2886 Sen.
1745 2856 1780 2886 de
1792 2856 1888 2886 Benef.
1903 2856 1952 2887 lib.
1966 2865 1991 2886 1.
2009 2865 2071 2895 cap.
2087 2866 2112 2887 1.
2142 2856 2280 2887 Beneficia
2298 2857 2354 2887 sine
2368 2858 2428 2888 ullo

1323 2896 1434 2925 delectu
1447 2896 1533 2933 magis
1543 2895 1708 2933 projicimus
1725 2916 1733 2929 ‚
1754 2903 1837 2932 quam
1847 2891 1957 2924 damus.

1300 2933 1454 2963 Promereri
1464 2935 1490 2963 ἃ
1502 2933 1625 2971 proferre
1634 2932 1811 2962 beneficium.
1851 2932 1909 2962 Cic.
1923 2940 1976 2971 pro
1985 2932 2097 2962 Muren.
2109 2938 2153 2969 ¹70.
2185 2932 2320 2962 Homines
2329 2938 2430 2964 tenues

1321 2971 1525 3038 unpmlliabent
1535 2972 1565 3000 in
1574 2970 1698 3000 nostrum
1710 2970 1839 3000 ordinem
1850 2992 1858 3007 ,
1880 2977 1928 3000 aut
1942 2969 2123 3009 promerendi
2141 2977 2189 3000 aut
2202 2971 2363 3008 proferendi
2382 2974 2431 3001 be-

1322 3019 1416 3039 neuen
1439 3019 1531 3039 OCum.

1302 3047 1439 3090 Recipiin
1447 3047 1623 3077 beneficium.
1655 3046 1761 3077 Patere.
1774 3046 1823 3076 lib.
1834 3055 1860 3076 2.
1873 3057 1898 3076 c.
1913 3055 1958 3076 20.
1980 3046 2077 3083 Itaque
2092 3052 2176 3083 quum
2186 3046 2224 3075 ita
2238 3045 2334 3075 civitas
2344 3046 2430 3077 Italiae

1323 3086 1387 3114 data
1395 3086 1462 3115 eslet
1471 3106 1480 3122 ‚
1502 3086 1567 3115 utin
1576 3087 1641 3115 octo
1649 3085 1737 3115 tribus
1746 3085 1990 3115 contribuerentur
2001 3085 2067 3113 novi
2079 3085 2153 3113 cives
2164 3094 2171 3112 τ
2194 3093 2230 3112 ne
2240 3085 2366 3121 potentia
2382 3095 2433 3113 eo-

1323 3133 1386 3153 rum
1407 3125 1433 3153 δι
1453 3124 1606 3153 multitudo
1622 3128 1748 3153 veterum
1759 3123 1862 3152 civium
1873 3122 2042 3159 dignitatem
2059 3121 2214 3158 frangeret,
2235 3121 2351 3159 plusque
2371 3122 2432 3157 pos-

1325 3161 1386 3205 sent
1393 3162 1500 3200 recepti
1509 3163 1539 3190 in
1548 3161 1719 3191 beneficium
1727 3183 1735 3197 ,
1757 3170 1840 3198 quam
1854 3161 1978 3190 amores
1988 3158 2136 3195 beneficii,
2159 3159 2288 3188 Cinnain
2298 3161 2431 3190 omnibus

1325 3199 1453 3229 tribubus
1465 3209 1513 3229 eos
1523 3199 1550 3229 se
1561 3199 1770 3229 distributurum
1781 3198 1923 3237 pollicitus
1933 3197 1980 3227 est.

1306 3234 1436 3267 Reddere
1446 3237 1624 3267 beneficium.
1644 3237 1710 3267 Ter.
1721 3237 1831 3267 Phorm.
1841 3245 1867 3265 2.
1881 3245 1903 3265 1.
1917 3244 1961 3265 22.

1306 3276 1497 3306 Remunerare
1512 3275 1690 3305 beneficium.
1731 3274 1790 3304 Cic.
1807 3273 1875 3303 Post.
1884 3273 1941 3302 red.
1957 3272 1992 3301 ad
2005 3271 2086 3308 Quir.
2099 3280 2145 3302 22.
2165 3271 2278 3302 Etenim
2287 3272 2433 3305 ulsciscen.

1328 3314 1371 3343 dae
1380 3314 1487 3350 injuriae
1495 3314 1602 3343 facilior
1612 3313 1682 3343 ratio
1697 3313 1736 3342 est
1745 3334 1753 3348 ,
1776 3321 1858 3349 quam
1874 3310 2041 3339 beneficium
2052 3310 2259 3341 remunerandi.

1307 3349 1488 3389 Respondete
1501 3351 1654 3381 beneficiis.
1674 3350 1734 3380 Cic.
1745 3350 1805 3379 Post
1815 3349 1874 3378 red.
1887 3349 1917 3377 in
1931 3348 1996 3377 Sen.
2012 3356 2058 3377 22.

1308 3390 1422 3419 Solvere
1433 3390 1609 3420 beneficium.
1631 3389 1691 3419 Cic.
1707 3394 1733 3422 8.
1750 3387 1825 3417 Fam.
1845 3395 1888 3415 12.

1308 3428 1475 3458 Subvertere
1485 3427 1663 3457 beneficium.
1703 3425 1773 3455 Plin.
1787 3424 1836 3453 lib.
1849 3433 1873 3460 3.
1888 3423 1972 3461 Epist.
1984 3432 2011 3458 4.
2044 3421 2089 3452 Est
2103 3424 2178 3453 enirn
2198 3424 2236 3454 ita
2250 3430 2348 3456 natura
2358 3436 2436 3456 com-

1328 3473 1473 3533 parziitum,
1494 3472 1525 3495 ut
1536 3465 1691 3502 antiquiora
1704 3461 1838 3493 beneficia
1856 3460 2011 3496 subvertas,
2031 3461 2083 3490 nifi
2099 3461 2146 3492 illa
2169 3462 2367 3500 posterioribus
2386 3474 2435 3494 cu-

1329 3514 1378 3533 mu
1392 3514 1430 3534 es.

1310 3542 1450 3572 Sustinere
1464 3540 1609 3571 beneficia.
1646 3538 1705 3568 Cic.
1716 3547 1741 3567 2.
1758 3536 1834 3567 Fam.
1847 3546 1872 3572 ς.
1893 3535 1948 3566 Sed
1958 3536 2023 3573 quia
2037 3541 2085 3566 tua
2100 3537 2130 3565 in
2146 3546 2192 3566 me
2206 3538 2251 3567 vel
2261 3544 2328 3568 nota
2343 3541 2435 3569 omni.

1332 3580 1383 3610 bus
1393 3603 1401 3616 ‚
1422 3579 1467 3610 vel
1478 3580 1534 3618 ipsa
1544 3578 1667 3607 novitate
1676 3584 1803 3605 meorum
1814 3581 1976 3617 temporum
1993 3574 2141 3604 clariffima
2159 3576 2186 3604 δε
2199 3578 2320 3606 maxima
2332 3577 2434 3607 benefi-

1332 3619 1376 3648 cia
1388 3619 1542 3648 extiterunt
1554 3637 1562 3652 ,
1583 3616 1635 3644 &c.
1675 3613 1774 3649 Neque
1783 3622 1860 3641 enim
1868 3612 1927 3641 sum
1939 3612 2041 3641 veritus
2050 3622 2087 3642 ne
2097 3612 2227 3642 sustinere
2238 3620 2286 3644 tua
2296 3615 2324 3644 in
2335 3625 2381 3644 me
2392 3616 2434 3644 vel

1331 3655 1546 3686 innumerabilia
1568 3662 1625 3682 non
1642 3650 1748 3689 poffem
1760 3659 1766 3679 :
1789 3659 1875 3686 quum
1898 3649 2048 3687 praesertim
2067 3650 2238 3681 confiderem
2253 3652 2358 3682 nullam
2379 3653 2433 3682 effe

1333 3695 1448 3733 gratiam
1460 3715 1467 3728 ,
1489 3698 1571 3729 quam
1582 3698 1640 3718 non
1656 3688 1700 3718 vel
1712 3697 1811 3726 capere
1822 3688 1931 3717 animus
1942 3697 2021 3717 meus
2035 3689 2066 3717 in
2078 3688 2246 3726 accipiendo
2256 3712 2265 3726 ,
2286 3691 2331 3720 vel
2345 3700 2436 3720 remu-

1332 3732 1458 3762 nerando
1469 3727 1694 3764 cumulandoque
1703 3724 1837 3755 illustrare
1849 3725 1947 3763 posset.
1980 3725 2124 3763 Significat
2132 3727 2231 3756 Cicero
2243 3750 2251 3763 ,
2271 3728 2306 3757 Se
2317 3728 2435 3765 dignum

1331 3770 1386 3800 effe
1398 3775 1476 3798 tanto
1488 3765 1626 3795 beneficio
1635 3786 1644 3799 ,
1667 3773 1726 3793 non
1737 3770 1846 3793 tantum
1855 3763 2021 3801 accipiendo
2032 3785 2041 3800 ,
2064 3763 2113 3794 sed
2127 3764 2211 3796 etiam
2221 3766 2369 3795 referendo
2378 3776 2437 3804 gra-

1334 3809 1412 3837 tiam.
1454 3806 1516 3835 Hoc
1527 3804 1604 3833 enim
1612 3802 1650 3831 est
1661 3801 1801 3831 Sustinere
1809 3801 1955 3830 beneficia.

1314 3845 1452 3876 Tribuere
1470 3840 1647 3871 beneficium.
1687 3839 1746 3869 Cic.
1767 3849 1818 3877 pro
1839 3839 1922 3869 Corn.
1939 3839 2016 3869 Balb.
2028 3848 2071 3877 37.
2102 3839 2306 3871 Beneficiorum
2327 3841 2437 3871 virtutis

1335 3882 1413 3913 causa
1425 3879 1636 3910 tribuendorum
1649 3877 1812 3914 potestatem
1823 3899 1831 3913 ,
1852 3877 2068 3915 imperatoribus
2081 3878 2178 3908 nostris
2190 3879 2356 3909 deferamus.

1315 3918 1489 3952 Tuerisuum
1501 3916 1678 3946 beneficium.
1719 3915 1778 3944 Cic.
1793 3925 1844 3954 pro
1856 3915 1923 3946 Cael.
1936 3924 1962 3953 7.
1993 3916 2094 3946 Meum
2113 3925 2177 3954 erga
2193 3923 2222 3947 te
2237 3924 2440 3955 parentemque

1335 3965 1416 3988 tuum
1426 3955 1594 3986 beneficium
1605 3954 1677 3983 tueri
1691 3952 1791 3984 debeo.

2396 3991 2445 4021 Uti
