2600 4177
406 129 436 163 C
533 128 560 163 E
656 128 682 166 L

126 238 127 243 ,
174 202 248 239 =Hinc
268 204 394 239 cellarius
413 209 557 246 expetitur
577 213 657 240 artes.
746 211 882 249 Ulpianus
899 213 927 242 111
943 213 960 242 1.
995 213 1154 249 Quaesitum.
1177 214 1200 250 ξ.

85 243 240 275 Cellarium.
265 248 297 276 D.
321 248 359 276 De
372 247 501 276 instruero
519 250 543 277 &
558 248 730 278 instrument.
747 249 826 286 legat.
851 250 1000 279 Cellnrium
1019 258 1130 288 quoque
1143 273 1150 284 .
1173 251 1202 279 id

85 283 123 310 est
135 285 180 320 qui
192 285 255 313 ideo
265 283 422 321 praepositus
432 284 489 318 est,
511 292 541 314 ut
551 286 673 315 rationes
692 286 770 316 salvae
787 287 854 316 sint:
877 289 943 316 irem
957 288 1094 317 ostiarium
1107 311 1114 323 ,
1142 298 1204 318 mu-

84 315 261 357 lionemque.
283 322 456 351 instrumenti
472 322 525 351 effe
535 323 647 352 constat.
691 324 740 352 Alii
758 324 853 360 legunt
867 326 1055 355 Cellararium.

9 362 11 367 ¹
49 356 92 387 Cr
102 368 117 385 L
127 368 142 385 L
153 367 170 386 A
182 367 196 386 R
209 365 245 386 111
256 370 275 387 M
288 381 296 393 ,
319 360 337 388 i.
359 368 385 387 n.
409 358 552 394 [πιιιᾶω]
574 360 650 389 Idem
661 362 736 396 quod
748 362 831 391 Cella.
850 363 970 394 Servius.
985 363 1019 391 ad
1037 373 1058 393 2.
1071 363 1203 399 stin-708·

85 388 161 424 inter
172 403 274 432 penum
287 397 311 425 ἃ
327 392 467 425 cellarium
479 395 532 426 hoc
541 398 668 426 interest:
692 400 766 435 quod
778 399 920 429 cellarium
933 401 970 430 est
982 410 1134 437 paucorum
1146 401 1205 429 die·-

85 441 163 461 rum:
185 433 258 461 unde
271 435 295 462 Gr
307 434 334 462 in
348 434 446 462 cellam
458 434 559 463 dicitur
572 437 738 472 imperatum
753 437 931 466 frumentum.
975 439 1062 467 Penus
1081 447 1146 467 vero
1167 438 1205 466 est

86 471 219 505 temporis
229 470 312 505 longi.
355 470 422 499 Plin.
435 471 482 500 lib.
498 475 540 507 ³6·
554 482 613 509 cap.
631 483 673 506 ις.
707 474 836 510 Quorum
856 476 912 511 agri
933 481 1043 512 quoque
1066 476 1204 504 minorem

84 507 200 573 Rngdlum
220 507 385 543 obtinuere,
406 518 488 546 quam
508 509 619 539 cellaria
636 511 759 541 istorum.
801 512 832 541 V.
855 514 938 542 etiam
958 513 1058 543 Donat.
1081 513 1117 542 ad
1137 513 1203 543 Ter.

130 554 144 572 Ε
158 567 163 572 .
178 559 200 575 a.
218 554 242 573 2.
260 554 299 580 13.

86 581 201 610 Cellaria
212 583 295 611 etiam
309 583 474 612 dicebantur
485 606 493 619 ,
521 584 591 620 Quae
603 586 803 622 promebantur
815 595 849 615 ei(
860 589 1047 624 promptuaria
1058 587 1128 617 cella
1140 597 1206 624 prte-

105 626 146 648 101
156 629 278 649 annonas
289 642 297 656 ,
318 620 345 649 h.
358 627 382 650 e.
405 620 576 651 frumentum
591 624 617 652 81
628 632 745 661 panem:
768 624 899 653 videlicet
910 626 952 654 Sal
962 648 970 660 ‚
982 627 1088 659 vinum,
1098 625 1204 660 oleum,

105 665 200 686 carnes
210 679 218 692 ,
232 659 284 687 610.
319 657 460 688 Commiff.
477 659 494 689 l.
508 668 532 693 3.
555 660 625 689 Cod.
645 661 787 690 Theodos.
808 662 844 691 de
865 663 958 692 officio
980 663 1104 697 judicum
1125 673 1202 691 omn.

104 694 204 730 Neque
213 696 311 724 rectori
324 697 475 732 provinciae
488 696 549 733 plus
561 698 664 735 aliquid
675 699 810 736 praestabit
821 721 829 732 ,
851 709 933 735 quam
955 710 1006 730 nos
1020 700 1206 730 concessimus

105 731 160 760 sine
168 734 286 762 annonis
296 735 321 763 62
333 733 458 763 cellariis.
483 735 728 773 EtSulp.Severus
741 736 905 767 1111183οη
917 747 940 766 2.
954 748 999 773 4¹·
1010 748 1036 767 2.
1060 739 1144 767 Acciti
1156 748 1207 766 nu-

104 770 257 807 meratique
267 771 461 808 quadringenti
474 773 500 802 &
511 773 651 810 aliquanto
662 773 781 811 amplius
797 775 986 805 occidentales
1001 775 1124 813 episcopi
1149 776 1207 804 Aria

104 807 211 836 ininum
227 817 384 838 convenere
400 819 406 838 :
429 810 527 846 quibus
540 812 671 840 omnibus
682 821 807 841 annonas
821 814 848 842 &
866 813 976 843 cellaria
986 814 1045 843 dari
1055 814 1207 851 imperator

106 852 282 882 praeceperat.
324 846 354 876 V.
376 847 416 875 ibi
427 848 520 884 Sigon.
535 851 561 878 δι
573 848 687 886 interpr.

81 887 95 910 11
104 892 143 910 LL
153 891 198 911 AR
209 894 218 912 ι
229 893 246 912 0
257 895 273 912 L
282 892 331 913 1111
341 906 349 917 ,
371 884 388 913 1.
402 893 429 914 n.
453 885 551 916 dimin.
567 886 682 915 Hieron.
695 887 757 916 adit.
774 886 916 922 Jovinian.
930 896 957 917 2.
973 891 1017 918 16.
1178 919 1180 921 ,

50 919 142 949 CnLL
152 923 194 948 Tin
204 931 233 950 is
244 943 252 956 ,
274 932 297 950 e.
324 922 381 957 Adj.
405 923 607 958 [nummasio
621 924 636 959 ]
656 930 697 959 ut,
724 924 853 954 Columbi
864 926 986 956 cellares.
1004 925 1141 955 Columel.
1155 919 1204 955 lib.

88 962 112 991 8.
126 966 186 994 cap.
200 963 224 992 8.
250 959 308 988 Hac
317 960 416 989 eadem
427 961 533 991 ratione
543 961 692 1000 palumbos
703 983 711 997 ,
731 963 932 1000 columbosque
941 963 1056 993 cellares
1065 963 1208 1002 pinguiffu

59 1024 63 1028 ,
87 1002 148 1024 11103
158 990 249 1025 facere
266 997 412 1034 contingit.

49 1028 74 1061 C
84 1041 97 1060 B
106 1042 122 1060 L
131 1043 147 1060 L
155 1043 174 1061 A
185 1043 217 1062 111
227 1043 241 1062 iz
251 1043 270 1062 N
281 1044 292 1063 s
301 1045 310 1062 i
320 1045 332 1063 3
342 1056 350 1068 ,
370 1045 395 1064 e.
417 1035 494 1064 aliud
510 1035 570 1071 Adi.
588 1042 637 1072 ut,
659 1036 839 1067 Cellarienses
851 1038 964 1076 species.
979 1039 1050 1068 Cod.
1063 1037 1205 1068 Theodos.

88 1069 123 1098 de
135 1072 295 1107 erogatione
306 1072 432 1102 militaris
440 1083 567 1103 annonae.
590 1074 608 1103 l.
624 1084 666 1109 ³²·
679 1076 705 1104 8(
716 1074 735 1104 l.
751 1079 793 1104 16.
810 1076 1033 1114 deindulgentiis
1046 1076 1167 1106 debitor.

81 1116 261 1143 aLLATio,
283 1110 354 1139 onis.
374 1110 392 1139 f.
417 1110 557 1141 Cellarum
567 1113 748 1148 constitutio,
769 1113 825 1143 scil.
844 1114 943 1144 801103.
965 1115 1074 1145 Petron.
1087 1123 1147 1152 cap.
1160 1122 1205 1152 77.

87 1144 193 1175 Domus
203 1146 286 1176 habet
299 1147 485 1179 cellationem.

50 1180 209 1219 CsLLio,
229 1186 300 1215 onis.
321 1195 358 1214 m.
381 1186 458 1215 Idem
472 1187 548 1223 quod
567 1187 709 1217 Cellarius.
730 1187 855 1226 Inscript.
877 1189 953 1219 Grut.
981 1200 1009 1228 p.
1033 1195 1095 1226 582.
1116 1199 1145 1220 n.
1162 1198 1205 1219 10.

87 1219 120 1249 D.
134 1220 174 1250 Μ.
197 1222 353 1253 SECVNDI
374 1223 533 1254 NVNDINI
554 1225 737 1256 PRIMITIVI
759 1226 960 1257 CELLIONlS.

50 1254 94 1287 Ciz
102 1268 118 1286 1.
128 1266 178 1293 Lo,
201 1260 232 1289 is.
255 1270 309 1297 quo
322 1267 428 1291 veteres
440 1261 588 1292 utebantur
596 1273 647 1301 pro
657 1263 754 1294 Cedo:
776 1274 853 1294 nunc
866 1265 1027 1303 compositis
1037 1270 1146 1295 tantum
1155 1264 1209 1294 uti*

86 1305 148 1325 mur
158 1318 167 1331 ‚
188 1297 303 1327 Excello
315 1320 322 1334 ,
346 1299 481 1329 Praecello.
507 1309 532 1337 q.
548 1300 580 1329 V.

50 1332 184 1363 Curius
197 1356 206 1370 ,
226 1335 243 1364 i.
265 1343 302 1365 m.
329 1336 382 1366 sive
399 1337 421 1366 C
431 1347 498 1366 ELM
508 1347 548 1366 us
559 1360 567 1373 ,
589 1340 703 1374 [κέλμις
716 1361 725 1375 ,
757 1340 887 1375 κέλμῶώ]
920 1340 1059 1370 Nutritius
1086 1340 1139 1369 fuit
1160 1339 1207 1376 Joae

87 1371 128 1401 vis
137 1393 145 1406 ,
167 1382 250 1409 quem
262 1375 288 1403 &
299 1374 427 1409 parvulus
436 1376 528 1405 adhuc
541 1375 650 1414 Jupiter
660 1377 810 1413 plui-imum
822 1379 931 1408 amavit.
974 1379 1104 1408 Ceterum
1122 1387 1209 1415 quum

87 1408 237 1446 aliquando
249 1412 394 1442 mortalem
406 1413 459 1456 effe
468 1413 567 1449 Jovem
580 1414 710 1450 dixisset,
731 1415 839 1453 Jupiter
850 1416 957 1452 injuriae
973 1426 1081 1446 memor
1091 1438 1099 1451 ,
1122 1426 1208 1452 quum
1267 1446 1270 1449 ,

87 1447 204 1485 expulso
214 1449 332 1479 Saturno
344 1460 433 1480 rerum
445 1461 500 1486 Jam
512 1453 663 1489 potiretur,
683 1453 713 1481 in
725 1454 901 1484 adamantem
914 1454 1038 1492 lapidem
1055 1461 1208 1484 commuta*

63 1490 67 1493 '
86 1485 127 1514 vit
135 1485 225 1516 illum.
267 1487 399 1517 Fabulam
410 1488 530 1518 breviter
540 1490 632 1520 innuit
641 1490 725 1520 ovid.
737 1502 762 1525 4.
781 1491 853 1521 Met.
862 1497 928 1526 28¹·

165 1523 330 1591 gelquoque
341 1536 418 1570 nunc
427 1527 538 1557 adamas
552 1549 561 1562 ,
583 1529 725 1565 quondam
734 1528 861 1559 fidissime
870 1540 968 1568 parvo,

51 1595 75 1628 C
83 1600 100 1628 ἓ
109 1609 125 1627 L
134 1608 151 1628 o
163 1621 171 1636 ‚
191 1563 381 1637 ἓὲιῖςὲᾜὲ]
400 1604 455 1632 are.
475 1602 652 1634 Abscondere
660 1626 668 1640 ,
683 1609 786 1641 tegere.
808 1604 894 1635 Ovid.
907 1614 934 1635 2.
946 1604 983 1635 (10
994 1605 1059 1636 Arte
1068 1605 1128 1636 Am.
1140 1613 1206 1642 409.

180 1637 251 1675 Quae
261 1639 331 1668 bene
342 1639 440 1670 celatis
450 1662 458 1675 ,
478 1641 496 1670 si
508 1651 561 1679 qua
567 1649 661 1672 tamen
674 1644 734 1672 ac'ta
744 1643 882 1680 patebunt
893 1662 902 1680 ‚

234 1675 283 1706 Illa
295 1676 363 1707 licet
374 1684 488 1715 pateant
497 1699 505 1715 ,
526 1686 555 1708 tii
566 1687 660 1709 tamen
671 1679 755 1717 usque
765 1690 844 1719 nega.

85 1709 192 1743 Secreti
203 1713 286 1744 calles
297 1715 398 1745 celant.
422 1716 494 1754 Virg.
507 1720 533 1747 6.
545 1718 608 1748 AEn.
623 1727 687 1754 44³·

179 1751 234 1781 Hic
244 1762 312 1790 quos
322 1753 407 1783 durus
417 1763 495 1784 amor
505 1755 613 1785 crudeli
622 1756 686 1786 tabe
697 1756 805 1793 peredit

178 1789 284 1820 Secreti
295 1791 387 1820 celant
395 1791 479 1822 calles
490 1814 497 1827 ‚
519 1795 546 1823 δι
556 1798 661 1832 myrtea
671 1795 777 1824 circum
865 1791 940 1824 Silva
950 1790 1027 1831 tegit.

81 1823 184 1856 Celare
194 1829 218 1857 ἃ
230 1828 379 1858 occultare.
417 1830 476 1860 Cic.
489 1839 514 1866 3.
525 1831 582 1860 Off.
597 1841 640 1868 37.
665 1835 752 1869 Atque
762 1832 845 1862 etiam
863 1841 898 1861 ex
912 1833 989 1862 omni
1005 1831 1207 1862 deliberatione

106 1863 218 1894 celandi
229 1867 255 1895 δι
264 1866 425 1896 occultandi
434 1867 495 1905 spes
507 1869 662 1907 opinioque
675 1871 844 1899 removenda
853 1870 900 1900 est.

88 1900 185 1931 Celare
199 1925 207 1938 ‚
228 1913 292 1934 cuni
304 1905 457 1934 accusativo
467 1907 589 1944 personae
600 1930 607 1942 ,
629 1907 673 1937 vel
685 1908 734 1937 rei.
775 1908 834 1938 Cic.
847 1918 870 1938 1.
884 1908 920 1937 de
928 1907 991 1938 Nat.
1001 1907 1084 1937 Deor.
1093 1916 1139 1944 74.
1153 1906 1210 1937 Ne-

107 1947 162 1975 que
171 1948 201 1969 tu
217 1951 263 1971 me
277 1942 350 1972 celas
360 1964 368 1978 ,
390 1949 421 1972 ut
430 1943 593 1982 Pythagoras
603 1945 708 1975 solebat
720 1945 835 1975 alienos.
872 1945 937 1975 Ter.
961 1946 1058 1975 Heaut.
1083 1956 1108 1980 4.
1122 1954 1147 1982 3.
1160 1954 1205 1982 ²7·

105 1976 144 2006 Ut
155 1978 229 2008 celet
239 1979 340 2009 senem.
381 1980 440 2011 Cic.
456 1992 479 2012 1.
491 1983 574 2013 Acad.
584 1992 611 2013 2.
633 1983 695 2014 Nec
704 1990 799 2014 tamen
820 1984 901 2013 istum
916 1983 1034 2019 cessare,
1054 1982 1102 2012 sed
1120 1982 1210 2013 celare

105 2023 168 2052 quae
177 2015 277 2047 scribat
287 2018 423 2048 existimo.

87 2052 184 2083 Celare
199 2076 206 2089 ,
228 2064 293 2084 cum
305 2056 414 2086 duobus
426 2057 587 2088 accusativis
599 2081 607 2090 .
628 2058 751 2097 personae
766 2059 851 2089 81101.
889 2058 954 2089 Ter.
971 2058 1048 2088 Adel.
1070 2068 1095 2089 1.
1121 2068 1145 2088 1.
1161 2065 1208 2094 29.

105 2089 145 2120 Ε3
158 2101 194 2121 110
209 2101 254 2122 1110
263 2093 335 2123 celet
346 2115 354 2130 ,
375 2094 534 2126 consuefeci
545 2095 642 2127 filium.
680 2098 739 2127 Cic.
751 2107 777 2127 2.
794 2098 868 2128 Fam.
884 2107 928 2134 ις.
950 2097 1017 2127 Non
1028 2097 1105 2126 enim
1120 2102 1149 2126 te
1166 2105 1211 2127 ce-

107 2128 161 2158 lavi
170 2129 336 2161 sermonem.

86 2166 184 2197 Celare
199 2167 319 2205 aliquem
334 2169 370 2198 de
381 2180 410 2199 re
420 2169 522 2209 aliqua.
563 2172 620 2202 Cic.
636 2182 686 2211 pro
697 2172 790 2203 Deiot.
805 2178 847 2208 18.
878 2173 921 2203 De
942 2173 1025 2202 armis
1035 2194 1043 2208 ,
1064 2172 1100 2202 de
1115 2172 1188 2202 ferro
1199 2194 1207 2208 ,

107 2204 142 2234 de
153 2205 256 2236 insidiis
267 2207 358 2237 celare
370 2214 397 2237 te
409 2209 507 2239 voluit.

88 2241 186 2272 Celare
198 2243 225 2274 se
237 2254 252 2273 a
266 2244 391 2275 domino.
415 2246 478 2284 Uip.
492 2248 520 2276 in
532 2247 549 2277 l.
573 2247 644 2285 Quis
655 2248 686 2278 sit
696 2249 840 2286 fugitivus.
863 2247 896 2278 D.
912 2248 947 2278 de
957 2248 1040 2279 AEdil.
1052 2248 1135 2278 editt.
1157 2248 1212 2278 Fu-

106 2281 208 2348 gi{ivus
217 2282 279 2349 ests,
299 2284 347 2320 qui
358 2289 436 2314 extra
443 2286 553 2315 domini
563 2285 680 2316 domum
689 2287 760 2325 fugae
771 2286 859 2322 causa,
877 2296 932 2324 quo
943 2286 969 2317 se
980 2297 996 2317 a
1011 2287 1127 2317 domino
1138 2286 1211 2317 cela-

106 2328 134 2347 re
157 2340 165 2354 ,
186 2328 250 2349 man
264 2326 292 2349 it.

89 2355 185 2386 Celare
196 2367 240 2387 ne.
264 2357 348 2388 Plaut.
358 2359 448 2390 Aulul.
463 2371 484 2389 1.
496 2370 522 2390 2.
536 2369 579 2397 31.

180 2395 252 2425 Nam
263 2405 355 2431 nunc,
377 2407 463 2435 quum
480 2398 541 2428 celo
551 2399 647 2429 sedulo
657 2421 664 2434 ,
686 2409 784 2430 omnes
796 2409 831 2430 ne
842 2399 928 2429 sciant
940 2422 948 2435 ,
961 2401 1014 2430 &c.

89 2430 186 2462 Celare
195 2433 221 2462 se
232 2433 373 2470 tenebris,
393 2436 411 2464 i.
425 2446 450 2465 e.
473 2437 601 2467 Omnino
616 2437 812 2475 seoccultare,
832 2447 887 2468 nec
904 2438 935 2467 in
952 2437 1079 2468 medium
1088 2437 1212 2476 proferre

106 2468 170 2501 sese.
191 2471 264 2509 Virg.
276 2482 302 2507 9.
314 2472 376 2502 AEn.
389 2483 454 2509 4²5·

281 2524 319 2530 —
327 2516 396 2540 tunc
409 2521 474 2541 vero
485 2512 633 2542 exterritus
645 2522 741 2542 amens

140 2566 144 2568 >
180 2545 347 2577 Conclamat
358 2548 454 2585 Nisus,
476 2559 529 2579 nec
540 2550 566 2580 se
580 2551 670 2580 celare
682 2550 806 2580 tenebris

181 2584 307 2623 Amplius
317 2608 325 2621 ,
346 2594 394 2616 aut
402 2593 510 2617 tantum
522 2590 615 2626 potuit
626 2589 746 2626 perferre
759 2589 895 2618 dolorem.

90 2620 228 2651 Amorem.
249 2622 334 2652 Ovid.
347 2634 386 2653 i2.
400 2625 480 2663 Epist.
495 2635 538 2662 37.
560 2626 614 2655 Ubi
628 2627 864 2662 Medeajasonem
877 2627 913 2656 fic
927 2625 1097 2664 alloquitur.

169 2659 274 2689 Perside
283 2660 399 2692 sensisti:
422 2663 482 2700 quis
491 2664 568 2693 enim
580 2664 652 2694 bene
663 2664 735 2694 celat
746 2666 890 2694 amorem‘.>

91 2696 238 2727 Auctorem
251 2720 260 2733 ,
281 2698 389 2729 Tacere
400 2710 503 2730 nomen
519 2703 649 2732 auctoris.
672 2703 739 2732 Hor.
753 2712 779 2732 2.
790 2702 878 2732 801111.
889 2712 917 2739 4.
935 2711 979 2732 11.

91 2733 216 2765 Crimina
227 2735 283 2766 sua.
310 2737 396 2767 Ovid.
407 2748 431 2768 2.
443 2738 478 2768 de
494 2740 557 2769 Arte
573 2743 630 2770 Am.
646 2750 709 2777 4²7.

91 2771 207 2810 Culpam
216 2773 306 2804 celare
321 2774 370 2804 sub
381 2776 501 2813 imagine
515 2776 590 2807 falsa.
613 2778 698 2808 Ovid.
709 2788 734 2808 2.
751 2778 822 2808 Met.
836 2784 881 2815 37.

91 2809 242 2841 Damnum.
263 2810 346 2842 Ovid.
359 2824 382 2849 9.
395 2814 464 2844 Met.
480 2824 542 2845 100.

91 2845 172 2877 Diem
184 2849 272 2879 celare
282 2850 330 2880 Sol
341 2851 457 2887 dicitur,
479 2852 577 2890 Quum
588 2854 711 2884 occidit:
733 2854 778 2883 cui
794 2853 923 2883 promere
936 2853 1010 2884 diem
1020 2875 1027 2889 ‚
1049 2853 1210 2892 opponitur.

110 2885 177 2916 Hor.
191 2887 219 2915 in
231 2887 322 2917 Carm.
336 2889 451 2919 seculari
467 2900 508 2920 io.

91 2921 256 2991 Fggilssvuip'
290 2925 433 2993 Ι1319131103
447 2929 505 2958 inl.
523 2940 546 2959 1.
568 2928 602 2960 D.
616 2930 652 2960 de
665 2929 755 2959 Servis
765 2930 844 2967 fugit.
885 2929 911 2959 Is
922 2929 969 2967 qui
985 2929 1134 2967 fugitivum
1142 2930 1213 2960 cela-

129 2971 167 2991 011
190 2984 198 2997 ,
230 2973 287 2992 1110
313 2987 319 2993 .

92 2997 214 3029 Granum
223 3000 271 3030 sub
283 3002 387 3032 cortice
397 3001 490 3033 celan-t
499 3004 570 3034 maia
578 3006 689 3043 punica.
712 3005 796 3034 Ovid.
811 3013 853 3033 10.
871 3004 940 3034 Met.
952 3008 1016 3042 763.

92 3035 198 3067 Hamos
207 3038 299 3068 celare
309 3040 379 3070 cibis
389 3062 397 3075 .
418 3041 435 3070 i.
446 3052 470 3071 e.
487 3042 609 3073 Hamum
618 3045 648 3073 in
659 3043 720 3073 esca
729 3042 907 3073 abscondere.
918 3043 1004 3073 Ovid.
1018 3051 1060 3078 15.
1071 3040 1210 3080 Met.476.

91 3070 197 3111 Ignem.
219 3076 303 3107 Ovid.
315 3081 339 3108 6.
348 3078 415 3108 Fast.
427 3088 492 3117 297.

92 3110 188 3143 Inane.
211 3114 321 3144 Lucret.
335 3115 382 3145 lib.
397 3127 419 3146 1.
436 3126 498 3152 ςις.

91 3147 241 3188 Ingenium
251 3152 341 3197 celare
353 3176 360 3188 ‚
383 3155 551 3198 &Nudare‚
571 3156 716 3187 contraria.
740 3156 807 3186 Hor.
816 3163 843 3185 2.
857 3154 945 3185 Serm.
957 3160 984 3190 8.
997 3164 1042 3192 74.

172 3225 296 3272 Adversa-3
307 3201 529 3266 milrgffirgifflssrr'es'
551 3231 639 3262 celare
649 3231 792 3275 secundae..
936 3268 942 3274 -
1150 3269 1156 3276 1
1183 3269 1189 3276 Ι

93 3260 206 3293 Ν11111011
215 3264 292 3300 ‚lovis
305 3267 394 3296 celare
403 3278 460 3297 non
471 3270 569 3307 potest.
610 3270 668 3299 Cic.
681 3280 732 3307 pro
743 3270 835 3298 Deiot.
850 3272 892 3302 18.
915 3267 943 3297 Si
954 3277 1075 3304 veneno,
1095 3267 1171 3304 Jovis
1181 3268 1214 3299 il-

111 3300 166 3367 liiff
181 3303 294 3370 quidssm
304 3304 445 3343 hospitalis
464 3317 570 3338 numen
580 3318 725 3346 nunquam
736 3307 826 3337 celare
841 3305 972 3345 potuisset
985 3328 993 3343 ,
1014 3307 1144 3337 homines
1159 3307 1214 3337 for-

111 3344 139 3368 ta
161 3349 177 3369 e
188 3350 220 3369 ce
233 3350 248 3370 a
271 3347 307 3371 et.

94 3375 179 3406 Orata
189 3378 280 3408 celare
290 3379 416 3417 3110111113.
437 3381 502 3412 Ter.
512 3383 580 3413 Hec.
593 3393 620 3420 4.
633 3394 657 3414 1.
671 3387 716 3413 60.

93 3412 240 3446 Pudorem.
263 3417 347 3447 Ovid.
360 3428 386 3449 2.
397 3419 466 3449 Met.
482 3431 543 3456 594.

93 3451 275 3484 Sententiam.
316 3456 374 3486 Cic.
387 3469 414 3493 4.
426 3459 507 3488 Acad.
522 3462 568 3490 60.
590 3459 643 3489 Aut
651 3469 700 3489 cur
712 3458 820 3495 celatis,
841 3458 915 3496 quasi
929 3462 1009 3495 turpe
1024 3456 1139 3496 aliquid,
1155 3457 1214 3490 sen-

113 3492 227 3520 tentiam
238 3493 353 3523 vestram
365 3496 378 3522 ἶ)

95 3524 192 3558 Ulcera
200 3530 331 3561 incurata.
356 3533 422 3562 Hor.
438 3544 460 3564 1.
476 3533 556 3571 Epist.
573 3537 616 3564 16.
628 3544 675 3572 ²4·

94 3564 208 3604 Turpia.
232 3568 298 3598 Hor.
316 3579 339 3598 1.
357 3569 441 3601 Serm.
456 3582 481 3601 2.
495 3578 540 3607 85.

86 3601 202 3634 Ulvam.
223 3605 308 3635 Ovid.
322 3617 345 3642 ς.
359 3608 425 3638 Fast.
442 3620 504 3646 5¹9-

95 3639 209 3670 Vultum
219 3644 310 3673 celare
320 3647 458 3677 manibus.
481 3647 566 3677 Ovid.
577 3658 604 3683 4.
618 3645 688 3678 Met.
700 3650 764 3682 682.

96 3676 387 3717 Vultum'prodentem
398 3686 499 3721 gaudia
512 3685 611 3714 celare.
634 3686 700 3715 Hor.
711 3696 737 3715 2.
750 3686 839 3716 Serm.
853 3694 877 3720 ς.
891 3694 954 3720 104.

97 3714 231 3746 Venditor
244 3719 334 3749 celare
347 3723 407 3758 quis
417 3724 533 3752 dicatur.
556 3723 666 3761 Ulpian.
680 3723 737 3753 inl.
750 3734 771 3753 i.
784 3724 807 3761 §.
822 3723 962 3752 venditor.
973 3722 1008 3753 D.
1020 3721 1055 3753 de
1064 3724 1115 3754 ast.
1126 3730 1213 3764 empt.

116 3754 170 3783 Sed
178 3754 245 3785 scire
255 3759 430 3789 venditorem
440 3763 465 3791 &
474 3761 564 3791 celare
574 3762 610 3790 sic
621 3762 785 3799 accipimus,
795 3771 854 3790 non
861 3760 950 3790 solum
962 3761 979 3790 fi
990 3771 1048 3791 non
1058 3763 1215 3800 admonuit,

116 3791 163 3821 sed
172 3794 256 3823 etiam
264 3795 282 3823 si
292 3799 403 3833 negavit
413 3798 569 3828 servitutem
580 3799 659 3828 istam
669 3800 780 3833 deberi,
797 3808 883 3836 quum
894 3798 961 3828 esset
970 3799 1004 3828 ab
1019 3808 1052 3829 eo
1063 3802 1214 3837 quaesitum.

38 3839 39 3875 ἢ
63 3826 180 3858 cirron
192 3852 201 3865 ,
222 3832 315 3867 paffiv.
336 3835 400 3864 Ter.
412 3836 482 3866 Eun.
496 3847 521 3865 2.
535 3846 560 3872 3.
572 3850 599 3870 4·
622 3837 676 3866 Ubi
690 3837 791 3870 ubiest.
814 3837 862 3865 diu
871 3835 954 3865 celari
964 3847 1022 3866 non
1033 3839 1130 3875 potest.
1147 3838 1216 3869 Caes.

38 3881 39 3905 i
52 3900 56 3901 ⁷
99 3875 125 3903 7.
138 3867 205 3897 Bell.
216 3869 284 3899 Gall.
302 3876 345 3904 80.
369 3874 466 3910 Neque
477 3876 551 3904 refte
569 3881 616 3903 aut
634 3876 750 3912 turpiter
761 3874 864 3904 fastum
875 3875 958 3903 celari
974 3882 1092 3913 poterat.
1113 3876 1172 3907 Cic.
1187 3886 1215 3907 2.

98 3904 134 3942 Q
147 3905 209 3934 frat.
222 3910 264 3936 16.
285 3908 339 3938 Sed
349 3909 418 3940 heus
429 3919 458 3941 tu
471 3912 552 3941 celari
563 3913 661 3941 videor
675 3923 689 3942 a
702 3920 738 3942 te.
757 3912 823 3941 Ter.
838 3912 947 3941 Phorm.
963 3923 986 3949 ς.
1003 3924 1028 3948 4.
1042 3917 1069 3942 6.

151 3979 173 4011 v
188 3943 267 4014 Quiri
275 3966 283 3981 ,
304 3946 324 3975 si
333 3947 388 3979 hoc
397 3950 505 3981 celetur
516 3970 525 3986 ,
545 3950 575 3980 in
588 3958 677 3987 metu,
695 3950 735 3980 sin
743 3949 840 3989 patefit
850 3971 859 3987 ‚
882 3951 912 3980 in
920 3950 1025 3989 probro
1036 3950 1094 3982 sim.

181 3990 198 4011 o
209 3992 234 4012 L.
270 4004 278 4013 .

1629 133 1659 168 C
1758 129 1786 169 E
1886 129 1912 169 L

1293 211 1383 242 Celari
1395 213 1420 242 &
1432 211 1551 242 excludi.
1595 214 1653 244 Cic.
1667 215 1702 244 de
1715 213 1787 251 Lege
1798 216 1857 246 Aer.
1874 225 1916 246 12.

2345 146 2413 182 475

1940 216 2035 253 Quum
2047 212 2216 247 familiariter
2227 227 2272 247 me
2281 220 2309 247 in
2320 228 2418 249 eorum

1310 250 1463 280 sei-monem
1475 251 1641 280 insinuarem
1657 262 1689 287 ac
1704 255 1798 282 darem
1812 276 1816 284 .
1839 254 1948 283 celabat
1963 276 1970 289 ,
1992 256 2171 285 excludebat.

1291 286 1407 317 Foribus
1419 289 1523 325 opertis
1536 289 1628 318 celari.
1651 290 1736 319 Ovid.
1751 301 1774 320 2.
1793 291 1858 319 fast.
1875 296 1936 326 563.

1386 325 1421 354 Di
1443 335 1553 363 quoque
1569 327 1740 365 templorum
1757 328 1862 358 foribus
1880 330 2007 359 celentur
2028 331 2143 368 opertis.

1312 361 1414 391 dantur
1422 362 1518 392 cliiusis
1528 364 1642 394 foribus.

1256 398 1278 428 C
1289 409 1302 427 ri
1313 411 1327 426 L
1338 410 1356 427 ,ui
1371 409 1411 428 113
1425 422 1433 433 ,
1454 408 1533 429 antis.
1556 407 1603 437 ut,
1626 402 1777 432 Commiffa
1787 398 1890 433 celans.
1915 403 2011 443 Nepos
2027 415 2068 441 ις.
2087 413 2111 442 3.
2129 413 2156 434 2.

1294 436 1376 465 Persae
1386 446 1484 466 arcana
1496 448 1590 473 regum
1603 441 1671 469 niira
1683 441 1815 471 celantes.
1840 442 1917 471 Curt.
1932 454 1958 478 4.
1971 448 1998 473 6.
2013 453 2036 479 ς.

1294 473 1393 503 Vultus
1404 474 1499 504 celans
1512 477 1651 505 timoren).
1675 476 1776 507 Lucan.
1794 489 1835 508 10.
1854 489 1896 513 14.

1256 511 1278 539 C
1289 520 1301 539 ε
1312 522 1326 538 1.
1336 515 1352 539 ΤΛ
1362 521 1380 538 vr
1391 521 1407 540 u
1417 521 1428 540 s
1439 533 1446 545 ‚
1467 521 1482 540 a
1494 534 1501 545 ,
1522 523 1578 541 11111.
1599 512 1872 551 [λέηκεκςυριμῖρῶι]
1895 516 1989 546 Partic.
2012 515 2071 547 Cic.
2084 527 2135 555 pro
2147 516 2333 552 Cluent.18o.
2355 515 2422 548 Non

1293 548 1331 577 est
1343 549 1468 585 profecto
1483 550 1517 578 de
1527 550 1575 578 illo
1588 561 1699 580 veneno
1714 553 1802 583 celata
1816 561 1902 583 mater
1912 576 1919 589 ,
1941 555 2012 584 niliil
2024 555 2061 584 est
2071 558 2105 586 ab
2116 555 2276 592 Oppi‘drfico
2290 557 2345 585 line
2354 565 2422 585 con-

1295 585 1354 613 silio
1367 586 1491 615 mulieris
1504 589 1666 623 cogitatum.

1293 623 1335 652 De
1345 623 1439 660 aliquo
1450 624 1561 653 celatus.
1602 626 1659 654 Cic.
1671 634 1720 663 pro
1733 626 1808 656 Sulla
1820 638 1845 661 o.
1866 628 1969 665 Credo,
1981 629 2105 666 judices,
2124 630 2244 660 celatum
2253 628 2373 660 Cassium
2384 631 2422 661 de

1314 660 1389 689 Sulla
1403 670 1459 689 uno
1472 671 1478 689 :
1501 672 1564 690 nani
1576 663 1611 691 <le
1623 665 1721 693 ceteris
1734 672 1809 694 certe
1824 666 1933 696 sciebat.

1294 696 1360 727 Non
1371 705 1474 734 gratam
1485 699 1572 727 invito
1585 700 1672 730 servat
1683 701 1772 731 celata
1794 703 1918 732 salutem.
1959 703 2007 734 Sil.
2026 704 2073 734 lib.
2090 714 2130 742 17.
2144 709 2207 740 643.
2230 705 2279 735 ubi
2300 705 2422 742 loquitur

1313 735 1348 764 de
1359 735 1471 770 Junone
1482 758 1490 770 ,
1511 746 1571 773 quae
1582 738 1610 765 in
1626 739 1738 774 pastoris
1750 740 1866 770 formzini
1880 741 2012 772 conversa
2023 764 2031 778 ,
2055 743 2238 773 Hannibalem
2253 744 2285 772 ab
2296 745 2421 774 exercitu

1314 772 1489 808 abduxerat,
1510 784 1546 803 ne
1560 775 1649 804 hostes
1662 775 1741 805 illum
1753 777 1950 808 interficerent.

1296 811 1378 839 Amor
1387 811 1501 840 celatus.
1541 810 1605 841 Ter.
1625 813 1708 842 Andr.
1724 823 1747 843 1.
1765 824 1787 843 1.
1802 825 1862 849 ιος.
1885 817 1961 846 Bene
1978 816 2163 848 diffimulatus
2177 819 2202 848 δι
2214 818 2320 849 celatus
2335 828 2419 849 amor.

1296 849 1368 878 Anni
1380 848 1472 878 celati.
1495 848 1618 886 Propert.
1630 850 1677 878 lib.
1695 860 1718 886 3.
1734 859 1777 888 23.
1791 861 1834 888 31.

1390 886 1423 914 At
1433 893 1460 915 te
1470 886 1565 916 celatis
1576 895 1639 916 aetas
1649 888 1736 924 gravis
1746 896 1842 925 urgeat
1849 892 1940 921 annis.

1297 923 1411 953 Ferrum
1423 924 1552 954 celatum.
1575 925 1660 954 Ovid.
1675 935 1701 954 2.
1716 926 1783 956 Fast.
1797 933 1828 963 83
1839 939 1859 957 i.

1296 961 1395 999 Ignes,
1417 961 1507 998 ignoti
1524 972 1640 992 amores.
1663 963 1748 992 Ovid.
1762 974 1787 999 9.
1803 965 1870 995 Met.
1886 969 1950 1001 615.

1377 999 1481 1028 Littera
1491 999 1595 1029 celatos
1607 1009 1705 1030 3103113
1717 1001 1848 1032 fatebitur
1857 1004 1944 1041 ignes.

1299 1035 1425 1066 Peccata.
1448 1037 1555 1067 Lucret.
1576 1038 1623 1067 lib.
1637 1049 1660 1074 ς.
1677 1049 1758 1075 1159.

1298 1074 1399 1104 Virtus.
1426 1075 1492 1105 Hor.
1507 1086 1534 1111 4.
1547 1075 1637 1105 Carni.
1651 1087 1677 1111 9.
1696 1086 1739 1112 ³0·

1259 1103 1305 1142 Cr
1316 1123 1331 1140 L
1343 1122 1418 1142 Ατυ
1429 1123 1468 1147 Μ,
1491 1123 1509 1143 i.
1528 1123 1555 1143 n.
1579 1121 1625 1148 ut,
1640 1114 1787 1152 Indagator
1797 1115 1887 1146 celati.
1910 1114 1998 1147 Plaut.
2011 1115 2128 1149 Τ1111.2.
2143 1127 2167 1148 1.
2185 1128 2227 1156 ις.
2243 1121 2270 1150 ἂ
2283 1130 2306 1151 1.
2318 1129 2344 1151 2.
2361 1130 2423 1159 127.

1273 1182 1278 1185 ,
1299 1150 1393 1180 Celata
1404 1152 1500 1180 onmia
1513 1151 1560 1180 ille
1571 1151 1677 1189 pess'um
1689 1153 1777 1182 dedit.

1258 1187 1282 1217 C
1293 1198 1307 1217 3
1317 1199 1359 1217 LA
1369 1198 1389 1217 T
1399 1198 1413 1217 13
1423 1211 1431 1223 ,
1454 1189 1520 1218 Adv.
1543 1188 1802 1226 [Χπικειρυμμῖᾠως]
1822 1189 1926 1227 Τεὲὶο,
1950 1191 2080 1223 Occulte.
2103 1194 2294 1231 Ammian.14.
2309 1201 2336 1233 7.
2358 1196 2426 1226 Non

1301 1226 1391 1256 celate
1401 1226 1544 1256 turbidum
1557 1227 1685 1257 saeviebat
1697 1228 1852 1266 ingenium.

1262 1262 1285 1292 C
1294 1273 1308 1292 iz
1319 1275 1334 1291 L
1344 1274 1363 1292 A
1372 1274 1408 1293 τι
1419 1276 1451 1300 Μ,
1466 1265 1531 1294 Adv.
1546 1265 1631 1295 [dem.
1648 1265 1762 1296 Sisenna
1771 1266 1819 1296 lib.
1830 1270 1856 1296 6.
1869 1266 1936 1297 Hist.

2221 330 2241 359 i.
2253 339 2277 359 e.
2300 328 2421 361 Abscon,

1959 1267 2173 1304 Quammaxime
2182 1270 2294 1300 celatim
2305 1277 2426 1308 poterat,

1301 1302 1331 1330 in
1340 1302 1446 1332 insidiis
1457 1302 1519 1332 suos
1530 1303 1660 1341 disponit.
1674 1304 1713 1333 Ex
1723 1304 1794 1334 Geli.
1806 1304 1855 1334 lib.
1869 1314 1910 1334 12.
1923 1314 1984 1343 cap.
1998 1316 2008 1335 1
2017 1317 2040 1343 ς.
2061 1307 2090 1336 V.
2107 1307 2188 1346 Apul.
2199 1319 2226 1345 4.
2239 1309 2308 1339 Met.
2317 1320 2346 1347 p.
2361 1320 2424 1345 1ς1.

1261 1339 1283 1369 C
1294 1349 1306 1368 3
1316 1343 1411 1368 ιλτο
1421 1350 1438 1369 R
1450 1360 1458 1375 ,
1481 1342 1544 1370 oris.
1566 1351 1603 1370 m.
1625 1341 1682 1378 Qui
1694 1342 1848 1373 abscondit.
1874 1341 1978 1373 Lucan.
1993 1354 2035 1373 io.
2045 1348 2110 1379 286.

1379 1378 1442 1415 Qua
1453 1378 1528 1408 Deus
1541 1401 1548 1413 ‚
1570 1379 1710 1409 undarum
1722 1380 1827 1411 celator
1840 1402 1848 1416 ,
1872 1380 1954 1417 Nile,
1977 1388 2087 1414 tuarum
2098 1403 2107 1420 ,

1384 1415 1427 1445 Te
1436 1416 1506 1445 mihi
1520 1417 1597 1447 nosse
1609 1417 1695 1446 dedit.
1774 1449 1776 1451 ,

1263 1453 1286 1482 C
1295 1463 1308 1482 r.
1318 1464 1333 1481 L
1343 1457 1360 1483 Κ
1370 1465 1391 1483 M
1403 1464 1417 1483 iz
1426 1464 1447 1483 N
1457 1476 1465 1490 ,
1487 1455 1551 1484 inis.
1573 1465 1601 1484 11.
1627 1455 1702 1493 apud
1713 1453 1793 1492 Apul.
1806 1453 1875 1486 Met.
1889 1467 1913 1492 ς.

1262 1491 1285 1520 C
1295 1501 1309 1520 3
1318 1503 1333 1520 L
1343 1502 1386 1521 ox
1397 1514 1406 1528 ,
1426 1493 1495 1522 ocis.
1515 1492 1534 1522 f.
1555 1493 1670 1529 [κέληε]
1692 1493 1839 1531 Navigium
1850 1494 1948 1525 breve:
1972 1490 2079 1526 dierum
2098 1505 2113 1525 a
2126 1491 2276 1526 Celei-itate
2285 1518 2292 1530 .
2313 1498 2424 1528 austore

1301 1529 1407 1560 Nonio.
1447 1530 1480 1560 V.
1507 1540 1524 1560 0
1533 1539 1546 1559 ε
1556 1541 1571 1558 L
1581 1540 1625 1560 ss·
1665 1531 1751 1561 Plaut.
1763 1533 1842 1569 Capt.
1855 1543 1882 1569 4.
1894 1542 1920 1562 2.
1934 1544 1979 1569 94.
2003 1533 2064 1563 Vidi
2080 1531 2110 1563 in
2119 1534 2232 1572 publica
2242 1534 2345 1564 celoce.
2368 1535 2428 1565 Liv.

1301 1575 1348 1597 21.
1363 1578 1406 1605 17.
1428 1567 1520 1598 Naves
1531 1569 1660 1598 ducentae
1669 1569 1786 1606 viginti,
1807 1570 2038 1607 quinqueremes,
2057 1572 2170 1601 celoces
2179 1573 2275 1610 viginti
2289 1573 2425 1603 deduttae.

1301 1605 1353 1634 Pro
1366 1605 1472 1635 Ancilla
1480 1616 1567 1643 gnava
1579 1607 1604 1636 81
1615 1606 1699 1636 celeri
1709 1606 1802 1644 posuit
1822 1606 1907 1638 Fiant.
1919 1608 2011 1646 milit.
2024 1620 2051 1645 4.
2067 1619 2089 1639 1.
2101 1620 2146 1645 40.
2169 1610 2239 1647 Quae
2253 1611 2311 1640 haec
2323 1610 2427 1640 celox?

1321 1643 1453 1673 ancillula
1464 1644 1540 1674 illius
1550 1644 1589 1674 est
1601 1666 1610 1680 ,
1631 1655 1690 1682 quae
1707 1645 1753 1674 hic
1770 1647 1910 1683 egreditur
1920 1646 2001 1676 foras.
2041 1647 2154 1677 Diversa
2168 1648 2366 1686 significatione
2377 1650 2429 1679 uti-

1320 1683 1405 1711 turin
1419 1681 1514 1712 Pseud.
1529 1693 1552 1718 ς.
1564 1692 1590 1712 2.
1606 1692 1647 1712 12.
1670 1683 1793 1713 Onerare
1804 1684 1940 1719 celocem,
1964 1685 2003 1714 est
2016 1684 2154 1716 inebriare
2161 1685 2197 1716 se.

1265 1718 1290 1748 C
1301 1729 1314 1748 a
1325 1729 1361 1749 Ls
1370 1731 1379 1748 1
1389 1729 1408 1749 n
1417 1731 1427 1749 1
1439 1730 1457 1749 υ
1468 1730 1480 1749 3
1490 1742 1499 1756 ,
1520 1721 1539 1750 i.
1554 1730 1591 1750 m.
1615 1721 1726 1750 Nomen
1740 1721 1883 1758 cujusdam
1894 1723 1962 1758 viri;
1986 1723 2062 1753 unde

1266 1757 1289 1786 C
1299 1767 1311 1785 3
1321 1768 1357 1787 Ls
1367 1767 1423 1787 ini
1435 1768 1455 1787 A
1465 1768 1486 1787 N
1497 1768 1536 1788 us
1549 1780 1558 1794 ,
1581 1768 1597 1787 a
1607 1781 1615 1793 ,
1636 1768 1694 1789 um.
1717 1759 1776 1795 Adi.
1801 1767 1832 1789 ut
1842 1782 1849 1795 ,
1871 1760 2011 1790 Porcellus
2025 1761 2204 1791 Celsinianus.
2229 1761 2307 1798 Apic.
2324 1767 2350 1796 8.
2364 1770 2389 1799 7.

1264 1794 1288 1824 C
1298 1805 1311 1824 11
1320 1805 1336 1824 L
1345 1805 1357 1825 s
1366 1806 1382 1825 u
1393 1806 1404 1825 s
1415 1818 1423 1831 ,
1445 1797 1464 1825 i.
1480 1806 1517 1826 m.
1540 1796 1689 1834 plagiarius
1699 1798 1821 1827 carmine
1836 1798 1944 1834 Horatii
1957 1799 2130 1833 notiffimus,
2158 1810 2178 1828 1.
2193 1799 2274 1837 Epist.
2290 1809 2314 1835 3.
2331 1810 2375 1836 ις.

1384 1834 1462 1871 Quid
1474 1835 1544 1864 mihi
1555 1834 1650 1864 Celsus
1661 1836 1718 1872 agit
1728 1837 1869 1871 monitus,
1891 1836 2068 1875 multumque
2087 1838 2245 1867 monendus
2255 1860 2263 1873 ,
2285 1840 2337 1868 Sco.

1303 1871 1334 1900 A.
1352 1871 1499 1902 Cornelius
1511 1872 1615 1907 Celsus.
1637 1883 1722 1910 quem
1737 1874 1867 1903 nonnulli
1882 1875 2023 1904 Aurelium
2037 1876 2213 1913 praenomine
2225 1882 2334 1905 vocant.
2359 1875 2430 1906 Scri-

1322 1915 1386 1947 0101
1398 1910 1541 1940 luculenta
1551 1911 1684 1940 brevitate
1695 1911 1812 1941 disertus
1823 1934 1830 1947 ‚
1851 1912 1931 1948 cujus
1943 1912 2027 1942 libros
2044 1923 2061 1943 v
2071 1924 2117 1942 111
2137 1913 2172 1943 de
2191 1914 2333 1944 medicina
2347 1913 2431 1944 habe-

1325 1957 1396 1977 mus.
1439 1948 1528 1984 Hujus
1543 1949 1673 1978 meminit
1687 1949 1809 1986 Quintil.
1826 1949 1874 1979 lib.
1890 1960 1930 1979 12.
1941 1951 2059 1988 cap.ult.

1303 1984 1480 2020 AliusJulius
1491 1984 1652 2023 Celsusfuit,
1677 1988 1767 2016 multo
1781 1988 1934 2023 recentior,
1956 1990 2003 2025 qui
2023 1989 2058 2018 de
2067 1989 2247 2025 vitalCaesaris
2256 1989 2306 2019 scri
2329 1989 2358 2018 sit
2373 2012 2380 2024 ,
2403 1990 2432 2020 &

1325 2022 1549 2054 Commentarios
1562 2023 1673 2059 Caesaris
1681 2025 1829 2061 recensuit,
1851 2026 1897 2056 vel
1909 2027 2002 2064 potius
2020 2026 2208 2065 interpolavit.
2247 2027 2277 2057 V.
2323 2027 2370 2057 off.
2393 2028 2430 2057 de

1321 2060 1391 2090 Hist.
1404 2061 1461 2090 Lat.
1475 2072 1498 2091 1.
1514 2071 1555 2096 13.
1569 2063 1594 2092 &
1608 2073 1632 2097 ς.
1654 2063 1688 2092 Et
1696 2063 1783 2093 [nstit.
1795 2063 1905 2094 Orator.
1918 2074 1979 2102 cap.
1997 2073 2022 2100 3.
2038 2065 2060 2101 §.
2078 2075 2121 2095 10.
2145 2067 2172 2096 &
2189 2065 2301 2096 Salmas.
2320 2065 2426 2102 Proleg.

1323 2098 1443 2129 Exercit.
1460 2099 1585 2129 Plin.sub
1597 2100 1645 2131 fin.

1303 2136 1387 2203 Allxigs·
1399 2137 1494 2167 Celsus
1504 2138 1590 2210 JCigus
1606 2139 1637 2168 in
1655 2137 1830 2177 Digestorum
1848 2135 1925 2170 libris
1940 2139 2010 2179 saepe
2022 2140 2160 2171 laudatus.
2198 2140 2231 2171 V.
2252 2141 2389 2180 Spartian.
2400 2142 2430 2171 in

1368 2184 1434 2205 nan.
1450 2185 1511 2212 cap.
1529 2185 1539 2204 ι
1565 2198 1572 2205 .

1302 2211 1399 2279 (31011113
1411 2213 1497 2242 etiam
1508 2214 1579 2244 inter
1588 2210 1700 2252 triginta
1710 2221 1844 2253 tyrannos
1858 2215 2005 2253 vigesimus
2015 2217 2138 2247 octavus.
2155 2215 2192 2247 de
2204 2227 2259 2254 quo
2272 2217 2356 2248 Treb.
2372 2217 2432 2247 Pol-

1334 2261 1360 2279 io
1370 2261 1403 2280 ca
1426 2274 1433 2281 .
1447 2261 1462 2281 2
1485 2273 1492 2281 .

1262 2262 1424 2324 Cusus?
1443 2260 1482 2325 a?
1495 2298 1554 2319 um.
1576 2287 1635 2325 Adi.
1669 2286 1811 2326 [ὑψκλὲς]
1843 2290 1936 2326 Altus,
1957 2288 2102 2328 sublimis,
2131 2293 2288 2323 excellens:
2314 2303 2329 2323 a
2351 2293 2430 2323 Cello

1302 2327 1418 2364 antiquo
1427 2326 1534 2357 verbo:
1557 2327 1633 2356 unde
1646 2329 1832 2365 compositum
1851 2328 1975 2359 Excello.
2016 2329 2087 2360 Plin.
2100 2330 2149 2361 lfb.
2165 2341 2206 2367 13.
2223 2341 2283 2370 cap.
2299 2341 2343 2367 24.
2378 2332 2432 2361 Fir-

1301 2365 1422 2401 miores,
1443 2365 1624 2402 celsioresque
1634 2366 1754 2396 infantes
1769 2367 1837 2396 fore.
1877 2367 1935 2396 Cic.
1954 2377 1979 2397 2.
1993 2368 2029 2397 de
2041 2368 2104 2405 Nat.
2121 2369 2203 2399 Deor.
2214 2381 2260 2406 40.
2288 2370 2359 2407 Quae
2375 2370 2432 2408 pri-

1301 2412 1381 2432 mum
1395 2413 1443 2432 eos
1453 2403 1540 2432 humo
1557 2405 1693 2433 excitatos
1704 2426 1712 2438 ,
1734 2404 1820 2434 celsos
1829 2406 1857 2434 Sc
1869 2407 1958 2435 106103
1970 2406 2122 2436 constituit.

1300 2440 1373 2470 Celsi
1387 2447 1555 2479 praetereunt
1567 2441 1670 2470 austera
1680 2449 1808 2479 poemata
1817 2442 1967 2473 Rhamnes.
2008 2444 2075 2473 Hor.
2085 2445 2121 2474 de
2131 2447 2196 2475 Arte
2206 2445 2282 2475 Poet.
2298 2455 2359 2481 342.
2381 2445 2431 2474 Ac-

1322 2480 1502 2508 commodata
1516 2480 1604 2516 equiti
1616 2480 1797 2510 attributione
1815 2481 1944 2510 vocabuli
1964 2480 2072 2511 dicium
2091 2483 2137 2513 est.
2177 2483 2271 2513 Celsus
2283 2485 2359 2513 enim
2371 2505 2379 2518 ,
2400 2490 2432 2513 ut

1322 2517 1362 2546 ait
1373 2517 1464 2547 Festus
1474 2538 1484 2552 ,
1505 2527 1520 2546 a
1535 2517 1632 2546 Graeco
1646 2519 1715 2547 κέλης
1726 2518 1877 2549 deducitur
1887 2541 1896 2554 ,
1918 2529 1973 2557 quo
1984 2520 2126 2550 vocabulo
2139 2520 2305 2559 significatur
2317 2523 2365 2560 qui
2381 2521 2432 2550 lin-

1323 2554 1411 2591 gulari
1421 2564 1494 2591 equo
1506 2555 1625 2584 vehitur.

1303 2592 1399 2622 Celsos
1409 2594 1493 2622 etiam
1503 2593 1611 2629 judices
1624 2588 1804 2623 Marcellinus
1816 2593 1888 2624 dixit
1898 2594 1946 2624 lib.
1959 2600 2003 2629 28.
2025 2595 2060 2625 Et
2072 2596 2211 2631 iudicibus
2223 2619 2231 2632 ,
2247 2598 2354 2634 inquit,
2370 2596 2432 2626 Cel-

1322 2631 1355 2660 sis
1369 2653 1377 2666 ,
1399 2631 1553 2668 itidemque
1567 2631 1729 2660 minoi-ibus.
1771 2631 1816 2661 Sic
1827 2632 1936 2662 fortasse
1950 2633 2018 2662 Celsi
2027 2633 2171 2665 Rhamnes
2182 2636 2345 2671 magnisunt
2355 2636 2432 2672 equi-

1326 2675 1367 2698 tes
1377 2691 1385 2704 ,
1407 2668 1523 2712 aliisque
1534 2668 1648 2698 ditiores
1662 2670 1688 2698 δε
1695 2669 1881 2706 potentiores.
1906 2671 2066 2702 Turnebus.
2108 2673 2296 2711 [Periphrasis
2306 2674 2344 2703 est
2358 2674 2431 2703 ordi-

1306 2706 1556 2774 stlsuesqsstleglblgsus
1563 2705 1600 2773 {sd
1609 2716 1838 2776 aliisniiiffigtsasissl.
1880 2746 1939 2776 Cic.
1955 2757 1978 2782 5.
1993 2747 2074 2778 Tusc.
2085 2755 2132 2784 4².
2154 2747 2211 2785 Qui
2222 2755 2313 2792 autem
2328 2749 2432 2786 poterit

1325 2782 1378 2812 effe
1388 2782 1476 2812 celsus
1487 2784 1513 2812 δι
1525 2783 1647 2818 01061113,
1670 2783 1737 2813 &ca
1747 2792 1807 2820 quie
1818 2785 1927 2815 homini
1940 2786 2068 2816 accidere
2083 2785 2197 2825 poffunt
2207 2808 2215 2821 ,
2237 2796 2332 2815 onmia
2343 2796 2431 2824 parva

1321 2821 1431 2850 ducens
1461 2822 1516 2851 &a

1305 2858 1398 2888 Status
1413 2843 1501 2888 ceisus
1513 2856 1539 2889 Sc
1549 2856 1665 2888 erec‘tus.
1689 2857 1747 2889 Cic.
1758 2859 1787 2889 in
1799 2859 1876 2890 Orat.
1892 2871 1934 2897 59.
1955 2861 1998 2890 De
2012 2861 2130 2899 gestibus
2145 2861 2268 2891 oratoris.

1306 2897 1395 2926 Armis
1406 2896 1523 2932 celsior,
1544 2897 1677 2933 Superior
1701 2899 1727 2928 ὁὶ
1748 2899 1900 2936 potentior.
1923 2899 2009 2929 Valet.
2022 2909 2048 2930 2.
2060 2901 2160 2935 Argon.
2173 2906 2236 2936 547.
2277 2898 2316 2929 Al.
2339 2899 2429 2930 Attus.

1307 2935 1422 2964 Cunt‘tis
1431 2934 1537 2964 celsior.
1559 2935 1657 2964 Claud.
1672 2935 1707 2964 de
1719 2935 1787 2966 Bell.
1807 2936 1869 2966 Get.
1882 2946 1946 2974 4-30.

1307 2973 1432 3010 Corpore
1444 2972 1542 3002 celsus.
1564 2972 1622 3002 Liv.
1639 2983 1679 3002 io.
1692 2973 1760 3004 Beli.
1775 2974 1843 3004 Puri.

1305 3010 1398 3040 Cristis
1410 3010 1481 3040 celsa
1490 3011 1557 3040 avis.
1581 3010 1649 3041 Plin.
1660 3011 1708 3041 lib.
1728 3022 1769 3050 ιφ.
1786 3022 1847 3050 cap.
1864 3022 1910 3043 21.

1305 3047 1420 3078 Honore
1434 3048 1530 3079 celsus.
1552 3048 1636 3079 Ovid.
1651 3059 1692 3079 10.
1708 3049 1789 3088 Epist.
1807 3053 1866 3081 i26.
1890 3049 2050 3089 Aliilegunt
2061 3073 2070 3088 ,
2090 3050 2123 3082 In
2138 3059 2210 3081 arce.

1306 3085 1414 3116 Verrice
1424 3087 1527 3116 celsior.
1549 3087 1694 3117 Claud-de
1705 3087 1773 3119 Bell.
1786 3087 1848 3119 Get.
1861 3097 1906 3126 77.

1305 3124 1359 3153 Arx
1370 3124 1449 3155 celsa.
1470 3124 1542 3162 Virg.
1558 3135 1581 3155 1.
1596 3126 1659 3156 AEn.
1674 3129 1717 3161 56·
1758 3161 1760 3163 Ι

1305 3161 1397 3199 Caput
1411 3185 1420 3198 ,
1443 3163 1575 3192 Altissima
1584 3173 1645 3201 pars
1660 3164 1793 3202 corporis.
1814 3164 1879 3194 Sen.
1890 3163 2007 3202 Hippol.
2019 3174 2044 3201 ς.

1307 3198 1409 3230 Colles.
1432 3201 1497 3230 Sen.
1515 3202 1676 3239 Agamemn.

1304 3238 1427 3268 Collum.
1449 3239 1534 3269 Ovid.
1547 3249 1589 3269 11.
1603 3239 1673 3269 Met.
1687 3244 1749 3276 358.

1306 3275 1416 3313 Corpus
1426 3298 1434 3312 ,
1456 3277 1475 3307 i.
1486 3287 1512 3307 e.
1535 3277 1679 3314 Magnum.
1700 3278 1748 3307 Sil.
1763 3276 1812 3307 lib.
1826 3285 1850 3315 3.
1862 3285 1928 3314 273>-

1305 3313 1405 3351 Eques.
1428 3315 1496 3345 Stat.
1511 3324 1534 3345 1.
1547 3315 1611 3345 Silv.
1626 3326 1652 3351 4.
1665 3324 1711 3350 42.
2228 3348 2230 3350 .

1304 3352 1347 3381 Os
1364 3352 1467 3382 celsum
1478 3375 1486 3388 ‚
1506 3353 1607 3382 dicitur
1616 3352 1740 3390 respedtu
1748 3352 1835 3382 totius
1845 3352 1980 3391 corporis,
1999 3352 2072 3390 quasi
2081 3352 2110 3382 in
2119 3353 2176 3383 alto
2186 3354 2314 3393 positum.
2328 3355 2429 3387 Claud.

1329 3399 1354 3420 1.
1367 3391 1403 3420 de
1413 3391 1496 3429 Rapt.
1510 3391 1629 3428 Proserp.
1643 3396 1686 3428 83.
2059 3427 2066 3433 ·

1466 3444 1504 3450 —-
1514 3436 1573 3458 tum
1588 3428 1652 3457 talia
1665 3427 1738 3458 celso
1815 3427 1873 3456 Ore
1885 3435 1972 3457 tonat.
2058 3437 2076 3456 1.
2091 3437 2115 3457 e.
2152 3429 2233 3460 Clara
2244 3440 2330 3462 voce-z
2348 3431 2430 3469 quod

1325 3465 1397 3495 irato
1408 3467 1531 3496 maxime
1541 3466 1675 3495 convenit
1688 3475 1694 3495 :
1716 3465 1806 3495 velex
1817 3464 1873 3495 alto
1883 3465 1959 3495 1000.
1982 3464 2141 3496 Ρ31111311113.

1308 3500 1422 3542 Puppis.
1445 3504 1517 3541 Virg.
1531 3513 1555 3539 3.
1566 3504 1627 3534 ffin.
1644 3512 1713 3545 5²72

1400 3542 1480 3571 Stans
1495 3542 1566 3571 celsa
1581 3542 1610 3570 in
1623 3550 1722 3578 puppi.

1306 3577 1402 3616 Regia.
1426 3579 1510 3609 Ovid.
1526 3589 1549 3609 1.
1565 3578 1645 3615 Epist.
1662 3587 1704 3613 34.
1888 3609 1894 3613 .

1305 3617 1394 3646 Sedes
1404 3617 1545 3646 celsiffima
1555 3616 1669 3645 honoris
1681 3617 1706 3645 Se
1718 3614 1868 3653 dignitatis.
1891 3614 1951 3646 Cic.
1967 3625 2020 3654 pro
2032 3616 2108 3647 Sulla
2119 3627 2145 3654 ς.

1306 3654 1437 3692 Sonipes.
1458 3655 1522 3684 sen.
1536 3653 1652 3691 Hippol.
1667 3663 1710 3682 10.

1307 3692 1392 3721 Silva.
1416 3692 1504 3721 Valer.
1519 3696 1544 3721 6.
1558 3693 1658 3728 Argon.
1672 3694 1718 3727 76.

1308 3729 1421 3759 Τ111103.
1444 3729 1511 3758 Ηοι.
1524 3739 1550 3759 2.
1563 3729 1654 3758 (331111.
1669 3739 1711 3758 io.
1724 3739 1767 3760 10.
1852 3767 1854 3769 .

1309 3767 1413 3796 Vertex
1424 3768 1537 3796 montis.
1561 3767 1620 3795 Cic.
1636 3776 1659 3795 1.
1679 3767 1714 3796 de
1726 3762 1819 3796 Divin.
1836 3774 1880 3804 13.

1309 3803 1391 3834 Urbs.
1414 3804 1507 3839 virgil.
1521 3813 1544 3840 3.
1566 3804 1628 3834 AEri.
1641 3813 1706 3839 203.
2017 3835 2021 3842 ‚

1309 3842 1439 3872 Graditur
1453 3841 1532 3872 celsa.
1572 3843 1636 3871 Seii.
1652 3844 1814 3880 Agamemn.
1843 3841 2012 3876 Nunc'levat
2022 3846 2054 3876 in
2064 3855 2142 3878 auras
2153 3847 2233 3877 altior
2244 3847 2325 3877 solito
2336 3852 2438 3884 caput.

1331 3879 1508 3916 graditurque
1521 3879 1600 3909 celsa.
1622 3879 1648 3908 h.
1662 3890 1686 3909 e.
1710 3881 1818 3910 incedit
1829 3880 1928 3913 erecta.

1274 3912 1297 3948 C
1309 3927 1322 3946 iz
1333 3928 1348 3944 L
1358 3927 1370 3946 s
1382 3927 1410 3950 iz,
1432 3917 1500 3947 Adv.
1527 3924 1558 3947 ut
1573 3939 1581 3952 ,
1604 3917 1707 3948 Celsius
1718 3918 1867 3957 assurgunt.
1886 3917 1989 3951 Claud.
2001 3923 2031 3952 in
2043 3922 2161 3961 Eutrop.
2176 3932 2199 3952 1.
2214 3928 2277 3959 387.

1310 3954 1486 3993 consurgens
1502 3955 1599 3986 celsius
1609 3955 1673 3986 vita.
1696 3957 1834 3997 Ammian.
1846 3967 1891 3994 25.
1907 3970 1934 3996 4.
1952 3969 1992 3997 pr.

1751 3994 1778 4026 0
1789 4003 1807 4026 0
1817 4005 1834 4026 ο
1854 4005 1873 4028 2
2308 3996 2442 4026 Gradien·
