2667 4145
167 132 239 174 22

622 111 763 162 ROB.
799 109 1095 159 siriasim
1135 74 1572 152 PRAEFATio
1597 98 1722 152 Edit.
1748 97 1907 169 Pamy:
1940 110 2104 167 1531·

276 283 1259 383 ROBERTUS
1365 282 2468 371 STEPHANUS

536 403 2214 556 STUDIOSISSIEECTORIBUS

1067 627 1236 697 (Edit.
1279 625 1438 698 Pargss
1471 643 1493 681 1
1509 640 1538 696 5
1548 640 1578 694 3
1591 627 1667 694 Ι.)

383 760 410 799 E
432 761 521 796 forte
538 756 669 792 mirum
688 753 728 791 sit
751 753 854 790 vobis
866 781 874 795 ‚
899 751 1065 790 Leaores
1081 752 1260 795 benevoli,
1278 764 1341 789 cui·

406 809 483 857 post
499 815 571 843 tam
593 804 739 845 multas,
763 810 907 851 tamque
929 804 1037 838 varias
1051 802 1343 839 diffionariorum

406 858 599 896 editiones,
626 854 705 901 post
718 860 773 889 tot
795 853 904 889 libros
924 852 1196 899 elegantiarum,
1223 859 1280 888 tot
1295 853 1347 887 vi-

404 918 528 943 rorum
537 903 723 941 illustrium
736 903 1005 942 annotationes,
1021 900 1234 937 collectanea
1247 929 1256 943 ,
1279 900 1345 936 flo-

405 968 481 997 res,
522 952 765 993 miscellanea,
806 950 1067 987 vocabulorum
1097 948 1313 986 differentias
1330 977 1341 990 ,

182 1007 443 1054 castigationes,
487 1005 681 1051 epitomas.
716 1000 912 1048 spicilegia,
939 1000 1214 1040 raceniationes,
1244 999 1344 1035 deni-

181 1069 250 1105 que
271 1055 350 1103 post
369 1061 423 1091 tot
440 1056 477 1090 in
498 1063 608 1090 omne
624 1062 737 1099 genus
755 1050 938 1085 auctorum
955 1049 1236 1085 commentarios
1260 1060 1343 1085 cum

179 1103 396 1152 amplissimis
421 1102 617 1139 indicibus.
647 1110 742 1135 nunc
770 1098 959 1135 audeamus
986 1098 1060 1133 hoc
1083 1108 1220 1133 novum
1250 1108 1342 1144 opus

180 1154 285 1192 edere
308 1153 353 1189 de
381 1153 576 1189 verborum
605 1149 816 1186 Latinorum
844 1146 1121 1194 significatione,
1157 1153 1262 1193 atque
1282 1146 1343 1182 usu

179 1202 389 1249 multiplici:
417 1201 563 1237 instituti
585 1197 792 1244 consiliique
810 1197 919 1232 nostri
934 1197 1130 1237 rationem,
1159 1196 1221 1231 nifi
1240 1197 1343 1231 vobis

179 1252 369 1289 molestum
388 1251 453 1292 est,
476 1249 598 1298 paucis
617 1247 773 1293 accipite.
821 1244 1114 1285 Trienniumest,
1140 1253 1200 1281 aut
1213 1256 1256 1280 eo
1271 1257 1344 1280 am-

179 1302 271 1350 plius
284 1329 293 1342 ‚
321 1312 404 1337 cum
423 1311 441 1335 a
462 1310 520 1334 me
540 1296 745 1343 complures
767 1293 1024 1342 efflagitabant,
1051 1301 1090 1330 ut
1107 1293 1271 1341 Calepini
1291 1293 1346 1329 di-

179 1351 412 1390 Ctionariuni,
445 1350 542 1394 juxta
562 1346 796 1394 posteriorem
820 1342 923 1390 ipfius
945 1343 1102 1379 authoris
1124 1344 1346 1390 recognitio-

177 1412 262 1437 nem
277 1427 286 1441 ‚
314 1398 378 1435 suae
393 1397 584 1444 integritati
606 1394 841 1431 restituerem:
869 1393 1161 1441 restitutumque,
1186 1394 1276 1429 meis
1291 1398 1345 1440 ty-

177 1451 232 1496 pis
251 1448 446 1496 castigatius
463 1458 503 1482 ac
530 1444 756 1491 diligentius,
783 1453 891 1490 quam
910 1441 1020 1489 vulgo
1043 1441 1250 1483 haberetur,
1282 1452 1346 1477 ex-

177 1498 357 1535 cuderem.
408 1494 521 1541 Quod
536 1506 618 1531 cum
635 1493 723 1539 saepe
736 1490 947 1538 negavissem
965 1503 1023 1527 me
1041 1490 1210 1526 facturum
1234 1490 1345 1531 (mul-

177 1549 222 1584 tis
238 1548 333 1584 enim
354 1545 399 1582 de
418 1543 525 1581 causis
538 1543 574 1580 id
593 1541 705 1590 ipsum
722 1541 880 1588 praestare
898 1538 997 1588 poffe
1017 1537 1246 1584 diffidebam)
1269 1546 1345 1576 tan-

177 1597 262 1634 dem
280 1595 388 1632 vidtus
406 1601 462 1631 tot
479 1592 694 1641 importunis
715 1590 952 1631 clamoribus,
979 1600 1016 1625 re
1043 1595 1096 1625 ter
1123 1596 1247 1637 quater
1269 1595 1346 1625 ten-

177 1652 269 1687 tata,
297 1643 532 1681 nihilominus
562 1643 725 1687 incoepto
760 1638 918 1675 desistere
953 1638 1095 1675 coaetus
1135 1639 1195 1674 sui.
1246 1637 1344 1676 Cum

177 1696 275 1732 enim
300 1692 500 1730 universum
519 1702 610 1739 opus
629 1689 819 1737 diligenter
840 1687 1050 1736 inspecfium,
1076 1688 1199 1724 animo
1226 1687 1345 1734 perlu-

177 1742 348 1784 straffem,
376 1742 541 1779 adhibitis
561 1741 668 1777 etiam
687 1740 725 1774 in
746 1736 934 1775 confilium
947 1738 1029 1773 viris
1049 1736 1342 1785 prudentiffimis:

177 1793 420 1841 reperiebam,
451 1802 509 1827 me
527 1791 563 1826 in
582 1801 626 1826 eo
648 1799 780 1836 genere
795 1788 881 1823 citra
899 1785 1079 1823 infinitum
1100 1785 1262 1823 laborem
1285 1797 1346 1833 pa-

177 1854 257 1880 rum
272 1840 474 1888 reipublicae
495 1839 723 1887 profuturum
750 1835 828 1873 effe.
879 1834 979 1872 Talis
993 1837 1091 1872 enim
1109 1835 1198 1872 mihi
1219 1846 1346 1871 occur-

177 1893 277 1928 rebat
298 1892 370 1936 ejus
393 1889 474 1925 libri
503 1888 627 1929 facies,
654 1893 751 1923 tanta
778 1886 910 1934 ubique
937 1885 1164 1933 depravatio,
1204 1891 1343 1920 tantuin

177 1943 244 1987 (ut
258 1941 304 1976 ita
325 1938 468 1982 dicam)
495 1937 603 1974 chaos
616 1964 626 1978 ,
653 1937 689 1972 ὃς
710 1947 828 1972 reruni
846 1935 1013 1971 omnium
1027 1932 1208 1975 consufio,
1236 1936 1343 1970 etiam

179 1992 216 2026 in
241 1991 282 2025 iis
303 1987 511 2028 codicibus,
539 1989 600 2035 qui
614 1987 731 2021 minus
750 1985 910 2032 corrupti
930 1983 1041 2031 vulgo
1057 1983 1276 2019 ferebantur:
1305 1990 1344 2019 ut

177 2039 332 2075 omnino
355 2037 592 2084 desperarem,
619 2046 711 2082 opus
731 2032 819 2070 illud
837 2045 855 2070 a
875 2044 933 2069 me
947 2034 1079 2080 corrigi
1093 2041 1198 2080 atque
1218 2033 1344 2068 instau-

178 2089 245 2124 rari
263 2086 379 2134 posse:
406 2085 469 2122 nisi
495 2085 510 2129 <
521 2087 582 2133 qui
600 2084 722 2125 labor,
751 2082 941 2130 praesertim
962 2083 999 2119 in
1014 2084 1117 2118 tantis
1136 2083 1344 2129 occupatio-

180 2138 283 2173 nibus
304 2137 412 2176 meis,
437 2134 667 2171 vehementer
687 2144 745 2169 me
766 2132 1001 2176 absterrebat)
1027 2138 1144 2167 totum
1159 2131 1343 2178 exemplar

179 2198 257 2222 mea
278 2184 350 2232 ipse
370 2196 478 2220 manu
498 2183 766 2220 conscriberem.
807 2181 935 2229 Neque
950 2181 1047 2217 enim
1070 2192 1124 2217 res
1143 2180 1340 2217 commode

178 2236 252 2273 fieri
279 2235 379 2270 aliter
400 2232 498 2280 posse
516 2232 717 2272 videbatur,
745 2242 828 2267 cum
852 2237 1003 2277 propter
1026 2229 1341 2271 innumerabilium

178 2295 339 2322 errorum
374 2281 682 2319 emendationem:
723 2287 799 2316 tum
828 2286 866 2315 ut
896 2278 1022 2326 (quod
1056 2281 1093 2315 in
1126 2278 1341 2314 difflonariis

178 2334 372 2382 plurimum
393 2332 587 2379 probatur)
614 2329 765 2366 exactius
783 2330 905 2364 omnia
930 2330 967 2364 in
984 2329 1083 2365 suum
1107 2339 1255 2376 quaeque
1284 2339 1342 2363 or-

179 2383 300 2420 dinem
335 2381 556 2417 referrentur.
604 2378 686 2417 Huc
715 2377 923 2418 accedebat,
955 2377 1056 2425 quod
1086 2378 1122 2413 in
1148 2377 1206 2413 illa
1236 2378 1342 2413 etiam

177 2431 372 2480 posteriore
395 2429 553 2466 authoris
577 2428 852 2475 recognitione,
885 2425 1038 2473 plurima
1066 2425 1122 2462 vel
1148 2428 1185 2462 in
1217 2428 1341 2473 primis

176 2479 362 2518 necessaria
377 2506 387 2520 ,
414 2478 668 2514 desiderantur:
695 2477 848 2524 plurima
866 2476 953 2511 item
967 2476 1083 2512 iniunt
1097 2487 1163 2512 nec
1178 2475 1253 2511 satis
1279 2486 1344 2522 pu.-

179 2542 234 2571 ra,
257 2540 325 2565 nec
346 2529 436 2564 bene
457 2527 589 2564 Latina.
635 2525 689 2564 Ex
708 2537 782 2574 quo
801 2526 1028 2573 sequebatur,
1056 2526 1184 2572 partim
1210 2524 1342 2561 adden-

178 2579 221 2616 da
240 2578 324 2614 illuc
339 2576 404 2613 effe
425 2576 619 2624 permulta,
646 2577 775 2622 partim
788 2574 1012 2610 detrahenda.
1065 2574 1178 2619 Quod
1194 2574 1341 2622 quidem

176 2627 201 2665 fi
222 2626 396 2667 fecissem,
425 2624 672 2662 exclamassent
694 2624 854 2672 plerique
880 2624 941 2668 (id
966 2623 1066 2671 quod
1099 2625 1137 2658 in
1167 2623 1341 2669 ejusmodi

177 2677 270 2714 sattis
301 2677 442 2712 evenire
472 2674 584 2718 solet)
610 2673 751 2709 authori
777 2672 899 2708 iactam
920 2671 985 2708 esse
1003 2674 1184 2718 injuriam:
1222 2673 1259 2708 &
1283 2684 1342 2708 me

177 2727 375 2762 alienorum
397 2735 548 2770 operum
575 2721 667 2770 quasi
690 2723 1014 2758 contaminatorem
1037 2721 1252 2757 dictitassent.
1279 2720 1341 2759 Ob

178 2787 233 2812 eas
252 2781 356 2822 atque
373 2773 453 2809 alias
473 2771 605 2813 causaS,
633 2771 796 2818 Calepini
813 2782 906 2818 opus
934 2782 1009 2806 non
1033 2770 1148 2807 modo
1174 2778 1343 2818 typogra-

178 2824 334 2872 phorum
354 2821 590 2869 negligentia,
617 2820 675 2856 sed
699 2822 804 2857 etiam
827 2819 1052 2868 quorundam
1074 2819 1339 2861 correctorum,

178 2885 268 2922 quos
294 2873 408 2908 verius
446 2877 676 2917 corruptores
712 2869 862 2910 dixeris,
893 2870 1090 2905 temeritate
1109 2876 1340 2916 corruptum,

178 2934 218 2959 ac
239 2920 359 2969 paffiin
383 2920 504 2957 multis
524 2918 642 2954 modis
665 2918 856 2954 laceratum
870 2945 879 2959 ,
907 2929 973 2954 nos
996 2918 1135 2964 prorsus
1152 2918 1255 2965 quale
1276 2918 1342 2954 fuit

178 2971 394 3018 reliquimus.
446 2968 491 3006 At
512 2979 598 3004 vero
630 2967 865 3003 nihilominus
892 2967 1063 3002 instabant
1091 2967 1253 3015 quotidie
1275 2967 1343 3004 stu·-

180 3019 287 3060 diofi,
314 3018 443 3055 assiduo
466 3017 624 3054 clamore
642 3015 877 3063 postulantes,
908 3023 948 3052 ut
968 3014 1170 3064 exquisitius
1193 3016 1341 3065 aliquod

180 3068 424 3105 diffitionarium
445 3078 489 3103 ex
505 3067 651 3112 optimis
671 3064 868 3113 quibusque
891 3064 1020 3111 linguat
1033 3063 1166 3102 Latinae
1185 3065 1343 3102 authori-

180 3119 264 3157 bus,
292 3117 326 3152 &
343 3128 467 3152 eorum
488 3115 754 3151 commentariis
771 3121 876 3162 atque
895 3115 1165 3160 interpretibus,
1193 3120 1252 3150 aut
1267 3114 1342 3151 col-

181 3165 365 3213 ligendum
387 3175 564 3208 curarem;
591 3170 649 3199 aut
668 3175 738 3210 ego
762 3163 832 3209 ipse
862 3174 946 3198 meo
970 3161 1092 3198 labore
1118 3162 1339 3210 colligerem.

182 3215 349 3259 Quorum
371 3215 462 3249 votis
482 3220 520 3248 ut
541 3213 656 3260 aliqua
676 3224 720 3249 ex
740 3219 837 3259 parte
863 3212 1092 3247 satisfacerem
1106 3239 1115 3252 ,
1145 3213 1180 3248 &
1202 3223 1268 3259 pro
1292 3213 1344 3247 vi-

182 3263 237 3300 rili
259 3269 356 3310 parte
379 3274 452 3297 reni
473 3263 626 3304 juvarem
647 3262 854 3301 literarium,
882 3261 939 3307 egi
961 3260 1080 3307 saepius
1095 3272 1177 3296 cum
1194 3261 1268 3296 aliis
1293 3268 1344 3296 at-

182 3324 250 3360 que
266 3311 339 3347 aliis
350 3310 548 3346 doctissimis
569 3310 796 3351 hominibus,
823 3316 862 3346 ut
875 3320 951 3345 eam
966 3308 1176 3356 susciperent
1195 3311 1341 3356 provin-

182 3363 292 3397 ciam:
321 3371 383 3395 eos
403 3360 503 3394 omni
519 3359 631 3394 modo
652 3359 844 3395 solicitavi:
872 3360 1024 3405 praemiis
1038 3359 1144 3394 etiam
1170 3370 1245 3394 non
1268 3370 1342 3394 me-

183 3408 362 3445 diocribus
385 3407 426 3442 ad
447 3406 482 3442 id
502 3407 700 3443 iaciendum
728 3409 883 3444 invitavi.
936 3405 1132 3448 Caeterum,
1160 3419 1243 3443 cum
1262 3418 1342 3442 om-

182 3470 244 3494 nes
262 3457 334 3492 hoc
352 3457 539 3502 negotium
562 3455 811 3498 detrectarent,
840 3457 968 3503 partim
995 3455 1154 3492 laborem
1180 3456 1343 3492 reformi-

183 3507 323 3545 dantes,
353 3506 388 3540 ὁὶ
408 3506 456 3540 rei
480 3504 621 3551 pondus
639 3516 678 3540 ac
708 3505 1011 3552 magnitudinem,
1039 3506 1167 3551 partim
1187 3505 1252 3540 suis
1275 3504 1345 3541 stu-

183 3555 248 3591 diis
276 3554 353 3601 plus
374 3565 476 3601 :equo
502 3552 646 3588 addicti:
685 3553 778 3590 haud
810 3555 941 3591 diutius
969 3552 1205 3590 cunctandum
1230 3560 1341 3594 ratus,

182 3615 240 3640 me
264 3603 401 3638 accinxi
420 3608 565 3648 egomet
593 3601 662 3647 ipse
684 3605 800 3648 operi:
827 3603 862 3639 &
885 3604 954 3649 Jam
971 3602 1073 3644 inde,
1102 3603 1235 3639 caeteris
1264 3613 1344 3638 om-

182 3652 285 3688 nibus
305 3650 530 3698 posthabitis,
559 3649 646 3685 nihil
663 3661 753 3696 pene
775 3651 869 3688 aliud
891 3652 1048 3698 agebam.

251 3699 292 3736 In
309 3701 431 3746 primis
453 3700 569 3746 itaque
589 3698 679 3733 duos
698 3698 828 3735 Latinae
846 3701 976 3748 linguae
989 3699 1155 3736 authores
1174 3699 1209 3735 &
1225 3700 1340 3746 copia,

184 3750 219 3785 ἃ
241 3748 431 3795 elegantia,
459 3747 494 3782 &
506 3747 694 3782 verborum
711 3750 925 3794 proprietate
938 3747 1231 3796 praestantiffinios
1244 3747 1343 3784 Plau-

183 3805 258 3834 tum
290 3808 330 3832 ac
354 3795 563 3831 Terentium
593 3794 782 3841 diligenter
808 3798 946 3838 evolvi,
974 3806 1078 3845 atque
1104 3797 1261 3844 perlegi:
1305 3798 1342 3833 in

181 3847 309 3894 quibus
334 3845 440 3881 etiarn
458 3842 681 3880 minutissinia
702 3854 849 3892 quaeque
866 3846 956 3882 adeo
977 3846 1176 3894 scrupulose
1195 3853 1342 3883 annota-

1395 753 1452 793 vi,
1480 757 1519 788 ut
1535 751 1676 789 nullum
1695 751 1767 789 fere
1790 754 1940 791 verbum
1962 748 2266 799 praetermiserim,
2294 746 2394 796 quod
2411 747 2454 785 ad
2473 747 2570 786 Lati..

1396 813 1442 837 ne
1472 808 1547 841 tum
1577 802 1821 850 loquendum,
1849 810 1926 839 tum
1956 799 2203 840 scribendum,
2241 798 2480 834 commodum
2501 797 2568 834 esse

1398 851 1645 887 existimarem.
1694 849 1759 889 Eas
1788 851 1918 888 deinde
1946 850 2220 887 annotationes,
2256 854 2295 883 ut
2321 845 2429 883 effent
2457 847 2569 883 veluti

1397 899 1490 947 sylva
1514 900 1693 947 quaedam,
1721 902 1757 937 ἃ.
1783 899 1877 950 quasi
1903 901 2065 936 materies
2085 898 2192 934 futuri
2211 895 2428 938 diffitionariL
2456 898 2572 944 proti-

1397 961 1462 984 nus
1481 948 1724 986 exscribendas
1749 952 1888 991 curavi,
1917 950 1953 985 ἃ
1973 960 2056 985 cum
2077 948 2178 983 omni
2195 944 2380 993 diligentia
2408 947 2448 982 in
2470 945 2569 982 ordi-

1398 1011 1482 1034 nem
1499 999 1762 1046 alphabeticum
1789 998 2010 1047 redigendas.
2060 995 2244 1034 Postremo
2269 996 2366 1042 coepi
2386 1006 2437 1031 ex
2465 996 2568 1040 omni

1397 1047 1610 1095 scriptorum
1627 1060 1759 1096 genere
1777 1048 1949 1085 diffitiones
1974 1057 2057 1083 cum
2078 1045 2144 1082 suis
2162 1046 2486 1091 interpretamentis
2503 1044 2569 1081 stu-

1397 1097 1494 1133 diose
1513 1096 1708 1144 colligere,
1744 1098 2064 1144 dittionariumque
2090 1094 2204 1141 ipsum
2230 1092 2299 1129 tale
2333 1094 2376 1129 ab
2413 1093 2569 1130 exordio

1397 1154 1536 1188 texere,
1566 1147 1601 1182 &
1619 1146 1805 1193 ordinare3
1859 1147 1936 1183 uale
1955 1156 2070 1185 nunc,
2097 1144 2121 1180 ὁ
2146 1142 2311 1180 Lectores
2328 1143 2477 1190 optimi,
2504 1154 2570 1179 no-

1396 1196 1471 1232 stris
1488 1195 1759 1238 characteribus,
1786 1199 1850 1235 nol
1869 1208 1903 1232 ra
1918 1206 2047 1243 opera,
2074 1194 2200 1229 nostris
2215 1192 2410 1239 sumptibus
2431 1192 2491 1228 hic
2508 1203 2570 1228 ex-

1394 1245 1516 1281 cusum
1536 1245 1673 1281 videtis,
1722 1243 1804 1292 Ejus
1823 1253 1942 1282 autem
1964 1243 2116 1290 incoepti
2138 1243 2257 1290 operis
2281 1253 2363 1278 cum
2388 1243 2458 1288 jam
2477 1241 2569 1277 duos

1395 1302 1456 1330 aut
1483 1301 1552 1330 tres
1578 1296 1644 1335 (ut
1670 1295 1873 1342 appellant)
1909 1294 2161 1342 quaterniones
2194 1298 2334 1338 paratos
2375 1290 2566 1327 haberem:

1397 1343 1531 1390 placuit
1549 1343 1637 1379 mihi
1657 1355 1732 1379 rem
1753 1344 1862 1392 ipsam
1886 1344 2156 1380 communicare
2181 1351 2265 1376 cum
2294 1341 2376 1375 viris
2407 1339 2565 1376 eruditis.

1398 1393 1539 1438 Quibus
1566 1404 1650 1429 cum
1672 1391 1836 1430 laborem
1865 1392 2027 1430 nostrum
2055 1390 2150 1427 haud
2177 1400 2354 1438 quaquam
2383 1388 2569 1436 displicere

1395 1442 1716 1478 animadverterem
1735 1455 1743 1480 2
1771 1444 1867 1492 iique
1889 1441 2116 1487 summopere
2138 1451 2196 1475 me
2216 1438 2258 1475 ad
2273 1438 2571 1487 perseverandum

1396 1491 1642 1528 hortarentur:
1669 1503 1730 1528 eos
1748 1494 1819 1539 jam
1838 1491 1964 1539 sponte
1984 1490 2140 1527 currenti
2159 1489 2320 1525 stimulos
2342 1486 2569 1528 addiderunt,

1398 1548 1437 1577 ut
1456 1553 1531 1577 non
1548 1541 1663 1577 solum
1684 1553 1763 1579 rem
1781 1541 2031 1581 domesticam,
2059 1538 2116 1575 sed
2145 1539 2181 1575 δε
2200 1550 2321 1574 curam
2345 1538 2511 1585 corporis
2531 1538 2570 1574 in

1397 1598 1516 1627 totum
1535 1591 1645 1627 ferme
1669 1591 1903 1639 negligerem.
1953 1588 2012 1626 Sic
2033 1589 2142 1635 igitur
2166 1586 2417 1628 confirmatus,
2452 1597 2568 1623 annos

1395 1641 1537 1676 circiter
1557 1640 1648 1676 duos
1670 1641 1707 1676 in
1730 1641 1802 1677 hoc
1822 1650 1934 1687 opere
1967 1637 2042 1674 dies
2059 1636 2248 1685 noaeique
2268 1635 2451 1672 desudavi:
2493 1647 2570 1684 quo

1396 1691 1539 1730 animo,
1567 1691 1671 1726 novit
1691 1688 1812 1731 Deus,
1837 1696 1938 1726 tanto
1957 1694 2053 1724 certe
2080 1686 2227 1735 quidem
2245 1686 2367 1722 labore
2383 1713 2393 1727 ,
2420 1692 2459 1721 ut
2480 1685 2572 1723 mihi

1397 1740 1433 1775 in
1450 1750 1576 1786 opere,
1603 1737 1666 1774 nisi
1683 1750 1754 1785 ope
1770 1739 1889 1775 divina
1906 1737 2108 1774 sustentatus
2123 1735 2246 1777 essem,
2269 1742 2328 1772 aut
2348 1735 2569 1772 occumben-

1397 1788 1505 1829 dum,
1531 1795 1590 1824 aut
1619 1790 1722 1824 oneri
1758 1786 2063 1825 succumbendum
2099 1786 2214 1825 fuerit.
2261 1784 2440 1832 Reputate
2472 1786 2572 1821 enim

1397 1836 1654 1885 prudentiflimi
1674 1836 1857 1877 Lectores,
1886 1843 2036 1885 quantus
2060 1835 2163 1872 suerit
2187 1834 2290 1871 labor
2318 1836 2355 1870 in
2387 1836 2572 1870 excutien-

1397 1887 1471 1928 dis,
1499 1898 1539 1923 ac
1560 1889 1666 1924 toties
1697 1886 1885 1923 volvendis
1915 1886 1951 1922 St
1981 1883 2208 1921 revolvendis
2236 1890 2292 1921 tot
2312 1882 2492 1920 immensis
2509 1894 2570 1919 au-

1398 1936 1546 1972 thorum
1579 1936 1842 1977 voluminibus,
1869 1942 1926 1972 tot
1959 1935 2246 1975 commentariis,
2277 1933 2475 1974 indicibus,
2502 1933 2570 1968 fra-
2621 1964 2623 1966 .

1397 1987 1573 2033 gmentis,
1602 1987 1912 2022 annotationibus:
1941 1996 2018 2020 non
2038 1983 2153 2020 modo
2183 1989 2223 2020 ut
2253 1982 2425 2019 dictiones
2451 1983 2486 2018 &
2511 1993 2572 2017 va-

1396 2037 1463 2071 rias
1482 2034 1656 2082 loquendi
1681 2034 1873 2076 formulas,
1902 2045 2094 2081 earumque
2127 2033 2449 2080 interpretationes.
2466 2031 2571 2068 undi-

1397 2096 1467 2133 que
1486 2086 1523 2120 in
1540 2096 1651 2134 unum
1669 2084 1779 2121 veluti
1800 2095 1931 2131 corpus
1954 2094 2213 2130 congererem:
2242 2093 2367 2118 verum
2397 2083 2502 2117 etiam
2528 2087 2569 2119 ut

1397 2135 1551 2181 integra,
1582 2134 1701 2181 quoad
1729 2135 1872 2174 liceret,
1901 2144 2115 2180 reponerem
2149 2130 2448 2178 significationum
2476 2131 2569 2167 testi-

1397 2185 1539 2223 monia,
1567 2182 1685 2230 pallini
1706 2183 1800 2231 apud
1818 2182 1910 2230 ipsos
1931 2183 2118 2228 depravata
2133 2179 2341 2217 &mutilata
2358 2179 2490 2227 linguae
2503 2179 2571 2216 La-

1397 2234 1478 2268 tinae
1497 2234 1715 2279 interpretes.
1768 2232 1923 2278 Quoties
1941 2239 2021 2267 toto
2049 2229 2138 2266 mihi
2158 2230 2298 2278 oppido
2330 2228 2569 2268 cursitandum

1397 2282 1480 2322 suit,
1507 2288 1546 2317 ut
1565 2293 1608 2317 ex
1630 2280 1831 2318 doctissimis
1851 2282 1932 2316 viris
1958 2279 2072 2315 modo
2104 2280 2221 2320 hunc,
2250 2278 2366 2315 modo
2387 2278 2487 2315 illum
2522 2278 2570 2315 de

1397 2331 1511 2367 dubiis
1522 2330 1667 2366 subinde
1689 2329 1937 2367 consulerem?
1962 2328 2082 2374 Quid,
2110 2328 2211 2377 quod
2227 2340 2271 2364 ne
2285 2328 2398 2364 ullum
2420 2329 2568 2376 quidem

1397 2381 1545 2416 verbum
1577 2381 1613 2415 in
1634 2380 1706 2416 hoc
1729 2387 1827 2416 tanto
1857 2379 1904 2415 est
1932 2390 2063 2426 opere,
2092 2377 2192 2426 quod
2219 2390 2296 2413 mea
2326 2376 2430 2424 ipfius
2459 2389 2567 2413 manu

1394 2428 1683 2476 perscribendum
1702 2441 1778 2465 non
1802 2428 1929 2465 fuerit?
1963 2427 2136 2464 Praetereo
2159 2427 2259 2475 quod
2282 2429 2374 2463 inter
2391 2426 2466 2462 haec
2488 2438 2569 2462 om-

1394 2481 1452 2515 nia
1477 2477 1523 2514 sic
1537 2478 1624 2514 mihi
1644 2478 1781 2526 semper
1796 2477 2036 2514 laborandum
2055 2477 2138 2517 suit,
2163 2483 2203 2513 ut
2225 2477 2408 2512 materiam
2427 2475 2568 2511 duobus

1395 2527 1502 2575 prelis
1529 2528 1690 2576 quotidie
1723 2539 1816 2575 pene
1844 2526 2052 2563 sufficerem.
2104 2525 2249 2564 Horum
2274 2526 2440 2561 omnIum
2467 2525 2567 2561 testes

1392 2577 1604 2614 suntamici:
1634 2579 1694 2625 qui
1717 2589 1774 2613 me
1796 2578 1832 2613 ἃ
1851 2575 1965 2612 labori
1986 2575 2256 2623 propemodum
2274 2576 2564 2616 immorientem,

1397 2627 1484 2673 saepe
1507 2626 1716 2662 inviserunt:
1746 2627 1781 2662 ἃ
1802 2627 1957 2662 in'tanto
1980 2627 2069 2661 mari
2091 2636 2168 2661 non
2193 2625 2235 2660 ab
2258 2636 2295 2660 re
2319 2623 2567 2665 fluctuantem,

1398 2674 1672 2723 frequentissime
1693 2674 1958 2712 confirmarunt.
1986 2673 2065 2711 Nec
2081 2685 2167 2710 vero
2188 2673 2338 2722 querelae
2350 2674 2480 2719 gratia,
2507 2672 2568 2709 ista

1398 2725 1502 2761 vobis
1533 2736 1681 2771 expono
1706 2723 1943 2771 jucundissimi
1973 2722 2163 2764 Lectores,
2198 2721 2291 2771 quasi
2321 2734 2379 2758 nie
2409 2723 2568 2769 peniteat

1399 2773 1556 2810 exhausti
1573 2774 1721 2810 laboris:
1749 2773 1806 2810 sed
1825 2780 1863 2809 ut
1874 2772 2078 2819 intelligatis
2094 2772 2179 2820 quid
2192 2770 2323 2819 lupinis
2335 2783 2400 2806 aera
2418 2771 2564 2807 distent:

1397 2823 1470 2859 hoc
1484 2824 1550 2865 est,
1578 2830 1751 2871 quantum
1775 2835 1793 2859 a
1808 2822 2005 2868 Calepino,
2033 2820 2233 2868 caeterisque
2263 2820 2478 2856 dictionariis
2500 2820 2567 2856 dis-

1397 2873 1484 2908 ferat
1502 2872 1574 2908 hoc
1590 2872 1749 2908 nostrum
1771 2872 1926 2908 omnino
1949 2881 2071 2906 recens
2094 2882 2204 2917 opus:
2232 2871 2268 2905 in
2287 2881 2360 2916 quo
2383 2876 2439 2905 tot
2465 2869 2565 2905 labo-

1396 2933 1469 2963 τες,
1498 2928 1553 2957 tot
1571 2922 1719 2969 vigiliae,
1747 2928 1803 2957 tot
1822 2931 2005 2960 aerumnae,
2034 2930 2125 2966 pene
2157 2919 2330 2959 dixerim,
2358 2917 2562 2960 Herculeae‚

1397 2971 1528 3007 suerint
1540 2970 1770 3007 exantlandae.
1817 2968 1939 3017 Itaque
1957 2970 2111 3016 ingenue
2133 2967 2267 3008 fateor,
2294 2967 2383 3003 nihil
2403 2968 2461 3004 liic
2478 2967 2566 3003 ines-

1396 3019 1428 3056 se
1462 3019 1506 3056 de
1539 3031 1644 3056 meo:
1681 3026 1806 3067 praeter
1834 3019 1997 3054 laborem
2025 3029 2065 3053 ac
2088 3017 2329 3064 diligentiam,
2359 3017 2393 3052 ἃ
2417 3015 2564 3053 Gallicae

1398 3068 1644 3105 declarationis
1676 3070 1809 3105 bonam
1842 3074 1989 3114 partem.
2039 3066 2074 3102 Si
2103 3077 2170 3114 qua
2190 3067 2436 3112 interpretatio
2456 3065 2565 3101 letto-

1396 3129 1473 3154 rem
1490 3118 1581 3154 sorte
1602 3117 1785 3158 offendet,
1812 3117 1840 3152 is
1867 3127 1943 3151 non
1968 3114 2077 3156 mihi,
2105 3115 2162 3151 sed
2192 3117 2232 3150 iis
2260 3117 2379 3161 potius
2406 3115 2564 3151 authori-

1397 3168 1486 3208 buS,
1514 3179 1559 3202 ex
1577 3169 1704 3214 quibus
1730 3165 1774 3201 ad
1800 3166 1949 3201 verbum
1974 3165 2096 3200 omnia
2120 3163 2337 3211 transcripsi,
2366 3163 2564 3200 succensere

1397 3215 1550 3252 debebit.
1605 3215 1691 3253 Non
1711 3216 1808 3250 enim
1834 3216 1898 3256 (ut
1922 3225 2005 3250 cuni
2022 3212 2139 3249 Plinio
2161 3213 2313 3260 loquar)
2341 3214 2376 3248 in
2399 3211 2490 3248 hisce
2510 3225 2564 3248 re-

1398 3265 1462 3301 bus
1484 3264 1591 3301 fidem
1620 3265 1775 3300 nostram
1800 3263 2074 3309 obstringimus:
2102 3262 2158 3299 sed
2181 3263 2224 3298 ad
2256 3261 2348 3309 ipsos
2376 3261 2562 3304 authores,

1396 3316 1458 3362 qui
1480 3321 1538 3350 aut
1554 3312 1734 3361 scripsere,
1763 3319 1821 3348 aut
1840 3312 1989 3348 aliorum
2012 3311 2134 3358 scripta
2155 3312 2373 3358 interpretati
2384 3310 2482 3352 sunt,
2510 3323 2564 3346 re-

1395 3362 1564 3410 legamus.
1617 3362 1728 3407 Quod
1752 3361 1921 3408 superest,
1947 3360 1991 3396 de
2011 3360 2195 3408 diligentia
2216 3361 2331 3396 nostra
2359 3361 2394 3395 in
2418 3359 2561 3407 lingulis

1398 3413 1546 3448 vocibus
1576 3409 1800 3448 curiosissime
1819 3409 2024 3446 ordinandis
2040 3436 2048 3449 ‚
2077 3410 2193 3456 deque
2215 3410 2255 3445 iis
2271 3410 2456 3448 omnibus,
2485 3421 2562 3456 quae

1396 3460 1439 3496 ad
1463 3461 1587 3497 nostrae
1615 3462 1694 3496 artis
1721 3459 1895 3495 decorum
1921 3458 2125 3505 pertinent,
2152 3469 2216 3494 vos
2238 3456 2300 3505 ipsi
2321 3457 2476 3493 videritis
2508 3459 2563 3496 in-

1396 3515 1449 3544 ter
1467 3509 1671 3555 legendum.
1719 3508 1760 3546 In
1781 3508 1932 3548 summa,
1960 3507 2112 3554 quisquis
2137 3507 2257 3554 aliquo
2280 3505 2414 3553 judicio
2437 3507 2563 3553 praedi-

1397 3564 1452 3593 tus
1472 3569 1563 3604 opus
1584 3558 1695 3605 ipsum
1714 3558 1825 3593 acrius
1847 3556 2058 3602 inspexerit,
2085 3558 2206 3592 omnia
2227 3557 2401 3603 opinione
2427 3557 2562 3602 maiora

1397 3609 1559 3653 reperiet.
1609 3607 1858 3652 Quamobrem
1876 3603 2041 3641 Lectores
2055 3603 2302 3645 studiosiffinii‚
2330 3604 2404 3639 satis
2419 3601 2458 3640 sit
2473 3616 2560 3640 cori-

1398 3654 1511 3690 silium
1537 3656 1694 3691 nostrum
1710 3683 1719 3696 ,
1748 3656 1783 3690 &
1804 3654 1942 3689 labores
1960 3654 1997 3688 in
2021 3653 2094 3689 hoc
2114 3664 2223 3699 opere
2244 3653 2440 3699 insumptos
2456 3654 2560 3689 vobis

1398 3703 1575 3749 aperuisse.
1626 3704 1718 3740 Nam
1737 3715 1790 3739 res
1823 3703 1885 3746 (ut
1900 3702 2026 3748 spero)
2052 3702 2210 3738 bonitate
2236 3701 2290 3738 sua
2309 3701 2384 3737 satis
2403 3701 2473 3748 ipsa
2494 3702 2561 3738 sese

1397 3751 1597 3799 legentibus
1611 3753 1785 3799 probabit.
1832 3750 1957 3787 Valete
1972 3748 2291 3786 benevolentiffimi
2310 3748 2494 3788 Lectores:
2523 3751 2560 3787 &-

1398 3811 1481 3835 n0s‚
1509 3799 1619 3847 siquid
1641 3802 1922 3837 benemeremur
1934 3799 1976 3834 de
1988 3798 2104 3834 studiis
2118 3799 2253 3841 vestris,
2279 3797 2423 3835 vicissim
2437 3807 2559 3835 amate.

1397 3845 1451 3885 Ex
1461 3850 1577 3885 nostra
1595 3847 1751 3887 Officina
1762 3849 1900 3885 libraria
1925 3846 1989 3885 llll
2003 3847 2078 3885 Cal.
2099 3846 2246 3886 Otiosi.
2273 3847 2326 3885 M.
2347 3847 2394 3885 D.
2411 3846 2561 3885 XXXi.

2357 3930 2389 3968 R
2401 3929 2436 3969 O
2446 3928 2505 3969 BE
2514 3931 2564 3969 R-
