2600 4177
487 122 516 158 C
612 123 637 157 E
737 125 767 160 R

87 201 182 235 Primae
191 207 216 235 ἃ
227 202 352 234 secundm
361 204 654 242 ceraetestamenti,pro
666 204 762 234 Primis
775 206 800 235 ἅ
809 204 938 236 secundis
947 205 1121 239 tabellisdive
1129 205 1206 236 foliis

108 243 272 272 testamenti.
302 244 376 271 Suet.
392 244 419 270 in
433 243 538 272 Neron.
553 252 613 279 cap.
632 251 673 278 r7.
698 243 817 272 Cautum
837 249 867 272 ut
886 245 913 272 in
928 245 1094 273 testamentis
1112 244 1207 279 prima:

109 281 170 309 duze
181 289 249 309 cerae
258 280 417 308 testatorum
431 280 516 308 modo
524 280 641 308 nomine
657 279 787 317 inscripto
807 290 900 310 vacuae
923 282 1063 317 signaturis
1082 281 1208 309 ostende-

109 325 212 346 rentur.
235 316 436 345 Haecssudaeus.
477 317 551 346 Suet.
565 317 593 345 in
606 317 671 345 Caes.
682 326 742 354 cap.
755 323 799 353 83.
822 318 853 347 ln
865 319 919 348 ima
937 329 997 348 cera
1010 320 1041 348 C.
1059 319 1208 348 Octavium

17 336 19 375 Ι
110 355 193 383 etiam
205 354 232 382 in
242 353 375 383 familiam
391 375 399 388 ‚
420 360 581 389 nomenque
595 352 748 392 adoptavit.
790 356 807 384 i.
826 366 850 385 e.
873 356 905 386 ln
922 357 1021 386 ultima
1039 364 1116 393 parte
1129 356 1210 385 tabu-

109 391 143 421 lae
157 390 377 421 testamentariae.
399 391 466 420 Hor.
479 401 505 420 2.
517 391 602 420 Serm.
622 403 645 424 ς.
670 402 712 426 53-
827 409 863 413 —
873 395 940 430 quid
952 396 1040 432 prima
1050 394 1171 423 secundo

183 427 250 456 Cera
267 428 334 457 velit
346 428 422 457 versu
434 428 506 458 solus
519 450 526 463 ,
544 429 674 459 multisne
683 429 804 459 cohaeres
814 452 822 465 ,

181 464 277 499 Veloci
298 476 428 503 percurre
448 466 540 496 oculo.
637 466 691 496 Ubi
716 475 795 497 vetus
812 468 995 505 Scholiastes,
1022 469 1112 499 Prima
1128 477 1209 503 cera,

111 502 200 533 Prima
209 501 326 532 Tabula.

89 541 166 570 Cerae
176 540 282 570 ultimae
293 563 300 575 ,
322 550 372 578 pro
383 541 488 570 Ultimo
500 541 673 571 testamento.
697 542 817 571 Martial.
832 541 880 572 lib.
897 554 923 580 4.
939 552 983 580 70,

183 575 261 607 Nihil
273 578 388 607 Amiano
399 586 498 616 praeter
510 579 616 608 aridam
630 579 731 609 vestem
742 601 751 615 ‚

183 615 308 645 Moriens
324 616 435 652 reliquit
445 615 549 646 ultimis
557 623 634 654 pater
646 618 725 646 ceris.

92 652 205 682 Codicis
216 662 278 682 cera
291 661 422 682 extrema.
460 654 517 683 Cic.
532 663 555 689 3.
573 654 644 683 Verr.
662 665 707 690 95.
743 655 854 684 Deinde
872 655 978 685 codicis
1002 662 1127 686 extrema
1149 665 1212 685 cera

91 726 93 729 ι
112 700 217 719 nomen
230 690 357 721 infimum
368 692 395 720 in
409 691 541 729 flagitiosa
553 691 634 721 litura
648 692 724 721 fecit.

92 727 162 757 Cera
176 730 202 758 ἃ
215 735 296 757 creta.
338 730 396 758 Cic.
412 739 462 767 pro
474 729 562 759 Flacc.
577 737 620 765 37.
653 730 752 759 Nostra
764 730 847 767 igitur
861 730 982 760 laudatio
994 753 1002 764 .
1026 732 1077 761 διε.
1120 731 1212 760 datam

110 766 224 803 quidem
235 766 384 796 confitetur
394 790 401 801 ,
423 767 579 805 consignata
589 773 662 796 creta
672 768 709 797 est
723 778 728 796 :
752 768 780 797 in
797 768 846 797 illo
857 775 948 798 autem
959 769 1126 804 testimonio,
1137 769 1213 805 quod

109 803 260 832 accusatori
272 804 374 834 dicitur
382 805 487 840 datum,
504 805 657 834 eerameffe
673 805 810 836 videmus.
832 805 863 835 V.
886 816 947 844 quae
961 807 1131 837 antecedunt
1142 806 1210 836 ibid.

91 840 160 870 Alba
175 850 245 870 cera.
270 841 340 872 Plin.
354 842 403 872 lib.
417 852 461 871 22.
475 852 534 880 cap.
549 852 594 876 24.

92 873 191 908 Caerit‘e
206 886 268 909 cera
282 879 383 918 dignus
393 902 400 915 ‚
413 880 516 946 ἐ-Ιοζηο
526 879 630 909 nullius
640 882 732 919 pretii.
754 881 823 911 Hor.
835 890 859 911 1.
874 881 957 920 Epist.
976 885 1001 911 6.
1016 885 1061 912 62.

366 933 402 938 -¹
437 924 511 946 aerlte
523 927 585 947 cera

172 954 266 993 Digni,
282 955 428 993 remigium
437 955 564 985 vitiosum
576 955 723 985 Ithacensis
734 955 845 994 Ulyssei.
909 957 991 986 Unde
1002 962 1098 986 natum
1110 955 1141 986 sit
1151 961 1214 994 pro-

111 992 249 1028 verbium,
271 993 302 1022 V.
312 994 342 1022 in
351 1003 437 1028 ciana,
447 999 507 1022 tum
518 993 681 1030 interpretes
690 1000 790 1031 poetae,
802 996 829 1025 ὅ(
840 995 870 1024 in
879 994 1053 1025 Chiliadibus
1063 994 1211 1025 Erasmum.

90 1026 318 1061 commutabilis.
342 1031 401 1060 Cic.
415 1039 439 1068 3.
452 1031 487 1060 de
500 1030 563 1060 Nat.
579 1031 663 1061 Deor.
682 1040 725 1069 30.

90 1064 186 1097 Flava.
208 1068 293 1098 Ovid.
305 1078 329 1103 ς.
343 1068 412 1098 Met.
425 1074 489 1105 487.

90 1104 217 1136 Flavens.
237 1106 322 1136 Ovid.
336 1112 361 1141 8.
374 1106 445 1136 Met.
460 1109 524 1143 670.

91 1141 215 1181 Fragilis.
237 1143 335 1180 Juven.
355 1154 397 1174 12.
417 1145 471 1174 Sat.
488 1150 532 1179 88.

91 1179 244 1218 Impatiens
254 1182 358 1212 caloris.
383 1182 469 1213 Ovid.
481 1193 509 1212 2.
520 1182 556 1212 de
573 1182 637 1212 Arte
649 1181 708 1211 Am.
722 1183 764 1212 61.

92 1218 208 1249 Infamis
219 1229 251 1249 ac
264 1216 377 1250 nEfaria.
418 1221 449 1250 V.
471 1231 480 1249 1
490 1230 509 1249 N
520 1231 534 1249 r
545 1230 563 1249 A
574 1231 595 1249 M
605 1231 613 1248 1
623 1229 644 1249 s.

33 1264 59 1287 .'
91 1256 244 1287 Laboratae.
265 1258 331 1288 Stat.
346 1269 387 1287 10.
401 1258 491 1288 Theb.
504 1267 565 1295 573.
584 1258 620 1286 de
629 1257 745 1295 apibus,

286 1312 324 1317 »-
337 1296 526 1332 laboratasque
534 1304 666 1333 premunt
677 1295 712 1325 ad
723 1296 837 1333 pectora
847 1304 932 1325 ceras.

48 1353 50 1358 ·
93 1330 230 1369 Legitima
242 1343 304 1363 cera
314 1334 422 1363 tabella.
445 1334 503 1363 Cic.
517 1344 540 1363 1.
561 1333 634 1363 verr.
645 1342 689 1369 ²4-
734 1333 762 1362 V.
786 1333 883 1364 Ascon.
895 1335 929 1363 ad
944 1331 999 1364 loc.

0 1368 5 1392 ’ν
91 1370 235 1401 odoratae.
257 1372 340 1401 Ovid.
355 1378 381 1406 8.
395 1372 464 1401 Met.
477 1376 542 1401 226.

6 1437 7 1441 ,
42 1437 44 1442 .
173 1408 262 1438 Solvit
271 1410 399 1440 odoratas
409 1419 564 1447 pennarum
572 1408 684 1439 vincula
693 1418 778 1439 ceras.

91 1441 202 1486 uPusilla.
225 1447 325 1482 Juven.
344 1458 385 1484 ¹4·
402 1449 457 1478 Sat.
474 1454 520 1484 29.

93 1484 184 1514 Sacra.
228 1485 258 1515 V.
280 1495 468 1515 moronis.

92 1521 256 1560 sexangulae
271 1533 340 1553 cerae
354 1524 485 1553 dicuntur
497 1521 599 1553 alveoli
609 1522 706 1560 apium
722 1521 756 1552 ab
768 1521 852 1552 Ovid.
867 1532 910 1559 ις.
923 1521 993 1552 Met.
1009 1527 1070 1560 382.

93 1559 198 1590 Solutae
210 1561 284 1598 igne.
306 1561 390 1591 Ovid.
401 1572 427 1591 2.
443 1562 479 1592 de
492 1563 553 1591 Arte
567 1562 625 1590 Am.
639 1571 684 1596 47.

93 1597 221 1629 Tenaces
230 1608 300 1629 cerae
310 1622 318 1636 ‚
340 1599 411 1637 Quae
421 1600 477 1629 mel
487 1600 618 1629 retinent.
638 1598 660 1627 V
664 1600 712 1636 irg.
722 1607 749 1635 4.
761 1597 862 1636 Georg.
875 1601 937 1628 162.

369 1654 405 1659 -—
415 1638 519 1667 deinde
529 1644 642 1667 tenaces

186 1674 366 1713 Suspendunt
375 1685 460 1706 ceraS.
553 1675 672 1705 Servius.

91 1711 217 1751 Tenues.
242 1713 329 1743 Valet.
345 1724 370 1744 1.
381 1715 482 1752 Argon.
497 1718 558 1747 128.

91 1750 290 1780 Circumlinire
308 1761 381 1782 cera.
421 1752 479 1782 Cic.
493 1761 516 1781 r.
529 1749 611 1781 Tusc.
625 1755 686 1784 108.
719 1749 866 1779 Condiunt
885 1748 1008 1787 AEgyptii
1025 1755 1168 1785 mortuos,
1189 1750 1217 1780 ἃ

110 1797 163 1818 >eos
174 1789 250 1818 dorni
265 1789 379 1819 servant.
420 1789 504 1819 Persae
521 1789 605 1818 etiam
624 1798 687 1818 cera
707 1787 878 1818 circumlitos
890 1788 1049 1824 condiunt,
1070 1795 1102 1818 ut
1121 1797 1217 1826 quam-

113 1827 236 1856 maxime
245 1834 428 1865 permaneant
440 1828 572 1857 diuturna
586 1835 712 1864 corpora.

93 1864 216 1894 Credere
226 1875 304 1895 cerae.
344 1862 376 1896 In
397 1875 414 1895 c
422 1875 438 1894 a
447 1876 461 1895 a
470 1875 488 1894 D
498 1874 523 1894 o.

96 1902 274 1940 Conjungere
285 1913 347 1933 cera
361 1903 480 1933 calamos
492 1903 595 1941 plures.
617 1902 692 1939 Virg.
705 1910 730 1930 2.
745 1900 802 1930 Ecl.
817 1908 861 1936 32.

96 1939 223 1978 Defigere
232 1951 338 1971 nomen
349 1942 466 1978 alicujus
475 1951 555 1977 cera,
578 1941 596 1970 i.
611 1950 635 1970 e.
656 1941 688 1970 ln
698 1949 760 1969 cera
770 1939 898 1972 scribere.
918 1939 1032 1976 Ovid.3.
1045 1940 1216 1975 Amor.7.29.

189 1979 292 2016 Sagave
302 1979 414 2008 Punici-a
423 1979 521 2009 defixit
531 1979 647 2008 nomina
656 1987 727 2007 cera.
822 1978 838 2013 [
850 1977 965 2014 magica:
991 1987 1079 2015 genus
1101 1977 1220 2007 defixio-

114 2016 160 2045 'n-is
169 2016 208 2045 est
219 2039 226 2052 ,
249 2027 330 2054 quam
341 2018 451 2056 plenius
462 2018 497 2046 ad
505 2017 600 2046 locum
611 2015 737 2046 Heinsius
746 2014 868 2044 illustrat.

95 2053 214 2092 Fingere
224 2055 252 2083 in
264 2056 334 2085 ceris
351 2062 399 2084 aut
410 2055 660 2093 fiftilibusssguris.
701 2053 760 2083 Cic.
776 2063 800 2082 r.
816 2054 852 2082 de
859 2053 924 2082 Nat.
938 2053 1022 2082 Deor.
1033 2062 1078 2090 71.
1103 2052 1167 2083 Hoc
1177 2053 1219 2082 in-

112 2091 270 2130 telligerem
279 2092 358 2130 quale
369 2093 452 2127 esset,
474 2093 493 2122 si
503 2095 534 2123 in
547 2093 616 2123 ceris
628 2092 779 2129 fingeretur
789 2113 798 2127 ,
808 2097 867 2130 ¹aut
875 2090 1008 2121 fictilibus
1019 2091 1120 2129 figuris.
1136 2091 1219 2128 Qua:-

96 2161 98 2164 ,
112 2130 181 2160 dam
192 2131 321 2168 exempla
331 2132 428 2169 legunt
441 2131 544 2161 Cereis.

96 2166 224 2198 Formare
237 2170 262 2198 ἃ
271 2170 373 2206 tingere
383 2169 570 2199 molliffimam
580 2177 672 2198 ceram
682 2166 717 2195 ad
728 2166 883 2196 arbitrium.
907 2166 965 2210 Cic.
979 2175 1002 2203 3.
1016 2165 1052 2210 de
1062 2166 1141 2196 Orat.
1156 2176 1218 2204 175.

114 2206 180 2236 Non
192 2207 266 2236 enim
275 2207 337 2237 sunt
350 2208 401 2236 alia
410 2207 547 2237 sermonis
557 2229 565 2243 ‚
583 2209 634 2237 &c
673 2205 719 2233 sed
733 2214 764 2234 ea
775 2214 826 2234 nos
837 2214 922 2242 quum
932 2211 1053 2241 jacentia
1062 2204 1221 2235 sustulimus

111 2245 254 2279 emedio,
274 2245 342 2275 licut
352 2245 539 2275 molliffimam
558 2255 653 2275 ceram
673 2243 709 2273 ad
727 2244 852 2273 nostrum
869 2242 1012 2273 arbitrium
1024 2242 1175 2273 formamus
1190 2245 1220 2274 ἃ

114 2282 153 2311 fin
173 2283 254 2312 imus.

96 2293 170 2350 luit}
178 2321 248 2350 ceris
256 2320 368 2359 pocula.
390 2321 475 2351 Ovid.
489 2326 516 2355 8.
530 2320 601 2350 Met.
613 2323 679 2358 ⁶70*

96 2357 235 2395 Liquescit
246 2369 315 2388 cera.
335 2359 407 2397 Virg.
422 2366 448 2394 8.
466 2359 523 2389 Ecl.
536 2364 580 2393 80.

96 2394 210 2426 Mollire
222 2404 313 2427 ceram
325 2397 429 2435 digitis.
452 2398 537 2427 Ovid.
550 2403 576 2431 8.
588 2396 659 2426 Met.
674 2400 737 2430 198·
763 2432 770 2438 -
858 2426 861 2429 ,

93 2432 167 2464 Silet
181 2435 209 2463 in
221 2445 284 2464 cera
294 2435 394 2465 vultus.
415 2435 537 2465 Martial.
548 2434 597 2464 lib.
613 2444 623 2463 1
633 2444 654 2464 r.
669 2443 731 2476 ¹03·
762 2442 779 2461 1.
793 2441 816 2461 e.
836 2431 936 2476 Mutus
951 2431 997 2462 est.

98 2471 251 2503 Tabescere
259 2483 327 2503 cerae
336 2474 485 2509 dicuntur,
504 2473 603 2510 Quum
613 2472 766 2510 liquehunt.
788 2470 872 2500 Ovid.
887 2475 913 2505 8.
931 2471 1000 2500 Met.
1014 2478 1079 2507 227.
1105 2507 1111 2514 .

59 2508 208 2539 Crixum.
219 2533 227 2545 ‚
247 2521 278 2541 ae.
300 2511 318 2540 f.
345 2511 500 2547 [κκωῖὢον]
521 2512 622 2540 dimin.
657 2511 718 2539 Cic.
732 2513 774 2538 16.
792 2510 847 2538 Att.
861 2518 904 2538 11.
934 2508 1049 2538 Cerulas
1065 2517 1142 2538 enim
1158 2513 1221 2539 tuas

96 2548 325 2579 miniatulasillas
336 2549 558 2579 extimescebam.
601 2549 707 2578 Atticus
728 2547 757 2575 in
777 2546 921 2578 Ciceronis
933 2546 1009 2576 libris
1022 2556 1065 2583 ea·²
1086 2556 1147 2584 quae
1161 2556 1220 2576 non

135 2587 231 2617 obaret
239 2609 248 2623 ‚
270 2595 367 2617 notare
377 2588 492 2617 miniata
502 2597 565 2617 cera
573 2587 670 2616 solitus
682 2591 747 2615 erat.
1201 2619 1207 2629 r

134 2625 218 2654 iniata
231 2626 322 2655 cerula
331 2633 435 2655 notare.
463 2625 522 2655 Cic.
541 2635 584 2661 15.
603 2626 657 2655 Att.
672 2634 714 2659 19.
736 2622 787 2652 His
802 2622 900 2652 litteris
913 2622 1020 2660 scriptis
1032 2632 1076 2652 me
1090 2623 1126 2652 ad
1136 2634 1221 2649 ovum-

118 2662 164 2696 ἒειε
175 2663 258 2693 dedi-2
277 2672 341 2701 quae
350 2663 463 2700 quidem
475 2673 572 2693 vereor
582 2673 617 2692 ne
626 2663 745 2691 miniata
758 2660 851 2690 cerula
869 2667 916 2690 tua
931 2661 1057 2698 pluribus
1078 2660 1149 2690 locis
1170 2670 1221 2689 no-

119 2702 210 2730 tandae
221 2701 283 2731 sint.
326 2701 390 2730 Vult
401 2701 500 2731 Cicero
507 2701 534 2731 se
546 2702 627 2731 Attici
638 2699 780 2729 censuram
792 2699 827 2728 de
838 2698 914 2727 libris
924 2700 1044 2728 veritum
1052 2699 1140 2728 fuisse.
1163 2699 1222 2728 Cri-

114 2739 168 2768 'tici
177 2740 253 2769 enirn
265 2740 294 2768 in
305 2738 382 2768 libris
389 2740 566 2777 perlegendis
575 2739 698 2776 suspecta
707 2760 715 2773 ‚
736 2737 821 2766 dubia
828 2744 876 2766 aut
889 2736 1045 2774 improbata
1054 2736 1159 2773 signare
1170 2746 1221 2766 no-

117 2777 153 2806 tis
164 2777 329 2815 quibusdam
339 2777 465 2807 solebant
475 2800 483 2814 ,
504 2784 587 2814 atque
596 2778 625 2806 id
636 2777 726 2806 facere
736 2775 905 2813 attingendis
916 2775 1035 2804 frustulis
1050 2784 1065 2804 e
1076 2785 1138 2804 cera
1149 2797 1157 2809 ‚
1177 2785 1222 2804 ea-

115 2824 173 2850 que
195 2816 318 2845 miniata.
379 2816 467 2846 Graeci
484 2813 702 2853 ungemar-5190&
724 2813 882 2849 vocabant3
914 2820 946 2842 ut
963 2812 1088 2842 observat
1107 2813 1219 2843 Salmas.

118 2852 214 2883 Exere.
228 2853 296 2883 Plin.
332 2876 338 2882 .
406 2877 411 2883 .
1070 2881 1074 2884 .

62 2889 111 2921 Ca
121 2900 163 2919 Ro
174 2913 182 2927 ‚
204 2864 328 2928 [κηςόωῗ
340 2863 400 2921 grief
418 2891 488 2921 Cera
504 2897 608 2929 tegere.
646 2888 786 2918 Columel.
799 2888 847 2920 lib.
862 2897 905 2917 12.
920 2898 981 2926 cap.
995 2899 1037 2924 50.
1070 2889 1144 2919 Nam
1163 2889 1221 2919 fere

100 2928 175 2959 sexta
186 2938 294 2967 quaque
309 2929 434 2959 olivitate
444 2929 519 2958 dolia
530 2929 615 2959 cerari
625 2937 755 2965 oportere
767 2927 873 2964 antiqui
883 2926 1025 2956 dixerunt.

63 2965 237 2997 Cussx‘rus
248 2989 257 3003 ‚
279 2967 377 2997 partic,
400 2964 549 3004 [anemis]
568 2974 599 2997 ut
609 2989 617 3001 ‚
638 2966 755 2996 'sabella
769 2971 870 2994 cerata.
903 2964 961 2993 Cic.
976 2975 998 2993 1.
1017 2965 1089 2994 Verr.
1102 2973 1146 3000 24.
1169 2964 1222 2994 Ce-

98 3008 187 3034 ratam
196 3006 349 3043 unicuique
358 3005 491 3035 tabellam
501 3005 569 3040 dari,
589 3014 652 3034 cera
663 3004 787 3041 legitima
797 3025 806 3039 ‚
828 3012 887 3032 non
896 3002 945 3031 'illa
953 3002 1051 3032 infami
1062 3013 1095 3033 ac
1104 3003 1220 3033 nefaria.

100 3042 235 3072 codicilli
242 3044 335 3073 cerati.
357 3043 420 3082 Ulp.
433 3044 462 3072 in
476 3043 495 3072 l.
509 3043 654 3072 librorum.
677 3043 697 3079 §.
718 3051 741 3070 1.
756 3041 789 3071 D.
806 3042 841 3070 de
855 3040 908 3078 leg.
920 3049 946 3076 3.

99 3080 209 3119 Puppes
220 3088 316 3111 ceratae
327 3103 335 3116 ,
358 3082 427 3111 Cera
436 3081 522 3111 illitae.
543 3081 628 3111 Ovid.
642 3081 677 3109 de
686 3080 766 3110 Rem.
777 3080 870 3109 Amor.
883 3087 949 3116 447.

99 3117 195 3149 Rates.
216 3119 294 3149 Idem
308 3130 331 3156 5.
345 3119 365 3149 E
388 3121 426 3148 ist.
436 3129 482 3155 42.

98 3151 196 3186 Tedae.
221 3157 306 3187 Ovid.
319 3166 346 3194 7.
385 3156 444 3195 pist.
456 3166 502 3194 23.

0 3227 3 3233 .
180 3194 252 3224 Uror
264 3216 272 3230 ,
293 3201 325 3224 ut
336 3196 453 3225 inducto
468 3199 567 3225 ceratae
580 3193 682 3224 sulfure
691 3193 774 3223 tedae.
1124 3225 1126 3228 y

0 3239 4 3262 ι
65 3230 111 3261 Cn
119 3242 136 3261 a
145 3241 164 3261 A
173 3236 221 3261 τῦ
230 3242 275 3261 RA
283 3254 292 3268 ‚
312 3243 343 3262 ae.
365 3233 384 3262 f.
406 3232 546 3270 [κη’ςωα-ιε]
566 3232 626 3270 Ipsa
636 3232 752 3267 ceratio,
772 3230 827 3260 five
837 3230 913 3260 Cerae
923 3228 1059 3259 inductio.
1070 3229 1220 3266 ,Columeh

2 3271 3 3274 ’
103 3269 150 3299 lib.
164 3279 205 3300 12.
217 3280 279 3308 cap.
292 3281 334 3306 50.
356 3271 430 3300 Nam
440 3271 679 3307 quemadmodum
689 3279 762 3300 nova
772 3269 831 3298 vasa
841 3269 858 3297 fi
870 3267 1007 3303 calefiant,
1031 3268 1166 3304 liquidam
1177 3277 1222 3297 ce-

103 3317 161 3337 ram
173 3308 255 3338 facile
264 3309 419 3347 recipiunt:
441 3309 477 3339 sic
490 3315 582 3339 vetera
592 3318 650 3337 non
662 3308 829 3337 crediderim
839 3312 953 3345 propter
960 3306 1014 3335 olei
1024 3306 1136 3335 succum
1147 3328 1156 3341 ,
1177 3316 1222 3335 ce-

102 3353 220 3376 raturam
231 3347 299 3385 pati.

65 3382 219 3413 Cissfiru
229 3396 251 3414 M
263 3407 272 3420 ,
292 3384 346 3414 five
367 3384 414 3414 ΟΞ
425 3387 493 3414 Βότ
503 3394 522 3414 u
531 3395 553 3413 M
563 3406 572 3419 ,
591 3384 608 3413 i.
622 3394 650 3413 n.
673 3380 822 3420 [κηρωτὶν]
844 3381 1025 3420 Emplastrum
1037 3382 1075 3411 est
1090 3382 1202 3420 proprie
1212 3405 1221 3417 ‚

103 3431 158 3451 nec
166 3422 297 3458 Pastillus,
317 3422 365 3452 sed
378 3422 543 3460 plerumque
555 3432 590 3451 ex
600 3421 715 3459 pastillis
726 3421 764 3450 fit.
786 3420 937 3450 constater(
946 3419 1028 3448 rebus
1043 3420 1203 3450 siccioribus
1212 3440 1221 3456 ,

101 3460 196 3497 &igni
208 3460 363 3498 appositum
372 3460 525 3490 mollescit:
547 3460 641 3498 postea
650 3459 822 3497 applicatum
832 3458 942 3496 corpori
954 3457 1090 3492 durescit,
1111 3468 1143 3487 ac
1160 3468 1222 3496 per-

103 3498 221 3527 tinacius
230 3499 323 3528 haeret.
345 3499 453 3528 dictum
464 3509 479 3527 a
489 3498 558 3527 Cera
568 3520 576 3533 ‚
597 3508 657 3535 quae
670 3498 728 3527 fere
745 3497 844 3526 ceratis
864 3495 995 3525 omnibus
1006 3496 1132 3526 adhiberi
1142 3496 1219 3526 solet.

100 3534 169 3565 Pli‘n.
179 3535 227 3566 lib.
239 3545 281 3574 13.
292 3543 354 3573 cap.
368 3546 413 3566 22.
434 3536 600 3574 Faciemque
611 3535 750 3565 invadunt
759 3535 837 3572 ignes
847 3533 933 3569 sacri,
954 3533 1029 3563 obid
1040 3540 1132 3564 cerato
1143 3535 1221 3573 prius

102 3572 227 3603 illinunt.
266 3574 337 3604 Cels.
350 3574 398 3603 lib.
411 3585 438 3610 4.
453 3584 513 3612 cap.
528 3585 555 3609 4.
578 3574 613 3604 de
626 3572 792 3603 difficultate
806 3572 935 3611 spirandi.

102 3610 216 3641 Fadium
227 3620 263 3641 ex
271 3612 330 3642 rosa
339 3618 472 3642 ceratum.
494 3611 563 3642 Cels.
575 3611 625 3641 lib.
636 3623 663 3647 4·
677 3620 737 3649 cap.
749 3619 795 3647 24,

70 3656 74 3664 ·
102 3648 207 3687 Pingue
215 3658 349 3680 ceratum.
373 3649 491 3679 Martial.
502 3650 552 3680 lib.
567 3660 608 3679 11.
621 3660 666 3685 99.

118 3720 121 3722 ,
194 3687 221 3717 N
224 3688 340 3718 eclabra
350 3688 448 3726 pingui
459 3687 585 3718 delibuta
593 3693 696 3717 cerato.

103 3724 216 3760 Cei-ata,
237 3725 422 3764 malagmata,
441 3726 606 3764 emplastra,
626 3725 758 3762 collyria.
779 3723 926 3760 antidota,
959 3731 1020 3751 non
1035 3722 1104 3753 fecit
1120 3731 1223 3762 parens

123 3762 274 3793 divinailla
283 3773 315 3793 ac
324 3763 423 3793 artifex
432 3773 534 3793 retum.
556 3763 624 3793 Plin.
638 3762 685 3792 lili.
702 3773 744 3792 22.
759 3771 820 3799 cap.
835 3771 881 3796 ²4·

105 3800 158 3830 Alii
168 3801 269 3830 rectius
276 3811 333 3830 non
345 3800 485 3836 Ceratum,
501 3801 684 3839 sedCeroturn
693 3800 849 3835 scribunt‚a
859 3800 966 3835 Graeco,
978 3799 1055 3837 quod
1063 3798 1101 3829 est
1112 3801 1223 3836 κηςωτὸν.

116 3839 210 3875 Atque
219 3838 255 3867 ita
262 3839 344 3868 codd.
358 3839 499 3868 emendati
510 3840 654 3868 exhibent.

69 3873 92 3904 c
101 3884 141 3904 BR
150 3879 192 3905 KR
201 3886 210 3904 1
221 3886 240 3904 u
250 3885 262 3905 s
272 3898 280 3911 ‚
300 3877 318 3906 i.
340 3886 378 3906 m.
399 3874 583 3913 [ungendam]
604 3876 688 3907 Gloff.
703 3875 749 3905 Gr.
764 3874 822 3904 Lat.

69 3912 262 3948 CERARIA,
283 3924 314 3943 ae.
334 3914 353 3943 f.
377 3914 447 3951 Quae
467 3924 562 3944 cereos
576 3916 651 3944 facit.
690 3914 774 3943 Plaut.
796 3912 880 3943 Milit.
893 3920 918 3948 3.
936 3921 959 3942 1.
976 3921 1036 3941 102.
1059 3912 1135 3949 Quia
1151 3912 1224 3942 nihil

105 3950 245 3980 abstulerit
252 3951 393 3981 luccenser
401 3953 515 3982 ceratia.
538 3953 572 3982 al.
593 3953 712 3982 Germia.
753 3952 781 3978 V.
806 3951 928 3980 Gronov.
942 3951 972 3978 in
981 3949 1037 3979 loc.

66 3985 91 4017 C
99 3997 166 4058 aa&
176 3999 194 4017 a
204 3999 213 4017 1
223 3999 242 4018 υ
253 4000 276 4058 a}
286 4011 294 4025 ,
314 3990 333 4020 i.
354 4000 383 4020 n.
404 3989 525 4021 Pecunia
534 4012 542 4027 ,
564 4000 648 4028 quam
663 3999 715 4028 pro
726 3997 788 4020 cera
797 3988 966 4027 magistratus
978 3997 994 4018 a
1006 3987 1226 4020 Provincialibus

173 4036 226 4058 or..
277 4049 286 4058 .

1662 126 1691 160 C
1787 127 1814 161 F.
1905 127 1934 161 R

1299 208 1454 244 exigerunt.
1495 206 1555 237 Cic.
1570 217 1593 242 5.
1609 208 1684 236 Verr.
1701 213 1760 241 ¹81.
1785 207 1824 236 Ex
1843 208 1918 235 omni
1936 209 2073 244 pecunia.
2097 217 2178 244 quarn
2201 209 2353 239 aratoribus
2373 211 2423 239 sol-

1301 256 1366 274 vere
1379 245 1494 274 debuisti
1506 268 1514 277 ,
1536 246 1616 274 certis
1628 245 1790 274 nominibus
1803 245 1987 274 deductiones
2001 246 2057 274 tic-ri
2071 245 2213 274 lidebant:
2237 248 2356 282 primurn
2372 259 2422 285 prr»

1301 283 1651 320 spectatione&colivbo,
1673 283 1838 320 deindepro
1858 283 1951 311 nescio
1968 292 2022 319 quo
2041 285 2154 311 cer-ario.
2196 282 2228 311 Et
2250 284 2331 319 paulo
2352 288 2420 322 post,

1301 320 1442 349 cerarium
1454 330 1518 349 vero
1531 322 1618 356 quid‘?
1641 320 1794 357 Quomodo
1811 320 1863 349 hoc
1874 330 1979 348 nomen
1987 321 2022 349 ad
2035 321 2156 349 rationes
2167 321 2345 357 magistratus,
2356 334 2423 359 qno.

1300 358 1387 386 modo
1399 359 1432 385 ad
1444 359 1591 393 pecuniam
1603 358 1745 396 publicani
1755 357 1866 387 allatum
1876 358 1935 386 est‘?
1972 357 2004 386 V.
2027 357 2129 387 Min-cc.
2142 358 2201 387 Var.
2217 359 2288 388 teet.
2306 371 2345 389 12.
2362 371 2384 395 ς.
2397 364 2423 392 ἅ

1301 394 1373 423 Vols.
1387 395 1541 432 Etymolog.
1582 396 1645 431 [ild
1664 405 1759 425 cereos
1771 417 1779 429 ,
1802 396 1819 425 fi
1835 396 1930 424 audias
1942 395 2045 425 Fabric.
2059 396 2189 431 Bibliogr.
2207 397 2343 434 Antiquar.
2361 407 2422 436 cap.

1305 437 1346 460 16.
1364 443 1387 466 ς.
1404 432 1527 461 dabatur.
1549 434 1602 462 Sed
1619 441 1677 462 tum
1689 456 1697 467 ,
1721 439 1798 469 puto,
1819 434 1979 462 Cercarium
1989 434 2228 462 dicendumforet.

1265 467 1311 497 C'rt
1321 479 1333 497 ιι
1346 479 1358 497 r.
1371 480 1387 497 υ
1398 480 1409 497 s
1422 491 1429 502 .
1453 470 1511 505 Adj,
1536 471 1686 506 [m‘va'Ja]
1707 472 1793 507 Quod
1808 481 1842 500 ex
1857 481 1918 500 cera
1930 472 2032 500 factum
2043 471 2091 500 est.
2114 479 2144 499 ut
2155 493 2163 505 ,
2185 471 2308 501 Candela
2327 482 2405 502 cerea
2415 495 2424 506 ,

1303 507 1337 535 ad
1349 507 1534 536 disserentium
1544 509 1602 543 ejus
1614 518 1673 544 quae
1684 518 1716 537 ex
1728 508 1792 537 sebo
1804 509 1842 537 fit.
1883 508 1940 537 Cic.
1957 518 1979 544 3.
1994 509 2029 538 de
2040 509 2103 538 Nat.
2118 508 2200 538 Deor.
2214 518 2256 544 30.
2295 510 2329 539 Ut
2349 512 2426 540 enim

1302 544 1321 574 si
1336 545 1428 610 <prunis
1439 553 1499 573 cera
1509 545 1715 575 commutabilis
1724 546 1799 582 eiset,
1820 546 1891 575 nihil
1904 546 2089 576 eiletcereum
2100 547 2176 584 quod
2190 548 2356 577 commutari
2367 558 2426 577 non

1323 591 1340 609 o
1366 588 1412 610 et.
1424 584 1476 611 &a

1302 591 1403 648 Castra.
1425 619 1522 647 Claud.
1537 619 1572 648 dc
1581 619 1661 657 Rapt.
1676 620 1796 658 Proscrp.
1814 630 1874 655 ης.
1910 618 2185 659 Alveariaintelligit.
2206 623 2280 652 conf.
2303 623 2405 661 Regna.

1302 656 1397 686 Color.
1421 656 1488 685 Plin.
1499 656 1545 685 lib.
1562 666 1604 692 ³7-
1619 667 1681 695 cap.
1696 668 1721 687 2.
1744 659 1902 687 Candidum
1916 667 1998 695 atque
2010 659 2208 693 cercicoloris.
2230 661 2305 698 quod
2318 671 2427 692 vocare-

1321 701 1366 722 tur
1378 694 1530 734 elec‘trum:
1554 696 1582 722 in
1594 695 1648 723 alio
1661 695 1723 724 loco
1736 717 1744 730 ,
1765 695 1889 731 fulvum,
1912 697 1987 732 quod
2000 697 2186 735 appellaretur
2199 697 2425 730 subalternicum.

1302 731 1424 769 Effigies.
1447 730 1515 761 Hor.
1535 740 1557 761 1.
1575 732 1661 761 Serm.
1678 738 1704 766 3.
1719 742 1763 768 30.

1303 769 1408 805 lmagO.
1436 770 1502 798 Hor.
1518 779 1540 798 1.
1557 769 1642 798 Serm.
1658 776 1683 804 8.
1697 780 1728 806 43

1302 807 1430 843 Persona.
1471 807 1578 836 Lucret.
1594 807 1644 836 lib.
1657 819 1684 843 4.
1698 814 1762 842 298.
1790 806 1922 845 intelligit
1938 808 2147 847 Imagunculam
2167 810 2291 842 hominis
2308 822 2427 843 ceream.

1323 844 1440 881 [Immo
1450 844 1593 874 Personam
1603 845 1743 874 scenicam
1754 845 1880 875 fictilem.
1922 847 1995 876 Nam
2007 849 2104 877 Cretea
2113 847 2264 885 legendum
2276 872 2284 886 ‚
2304 857 2335 880 ut
2349 852 2387 880 est
2398 852 2428 880 in

1322 882 1407 911 codd.
1421 884 1534 911 correct.

1304 919 1396 950 Pruna
1406 929 1494 950 cerea.
1522 920 1592 955 Virg.
1607 929 1632 949 2.
1653 919 1709 949 Ecl.
1725 929 1768 955 53.

1398 958 1504 987 Addam
1523 967 1602 987 cerea
1618 968 1723 995 pruna,
1746 959 1772 988 &
1788 958 1880 987 honos
1897 959 1950 987 erit
1970 959 2036 989 huic
2053 968 2165 998 quoque
2181 971 2279 999 pomo.

1323 996 1434 1025 Servius
1445 1018 1452 1031 ‚
1476 1005 1523 1024 aut
1537 997 1609 1024 cerei
1620 996 1723 1024 coloris
1733 1017 1742 1029 .,
1766 1002 1814 1025 aut
1826 996 1930 1025 mollia.

1322 1034 1619 1070 Novasqueimitantia
1629 1043 1704 1063 ceras
1716 1033 1812 1063 Pruna.
1836 1034 1869 1063 H.
1891 1034 1929 1064 St.
1960 1033 1991 1064 V.
2014 1034 2097 1064 Ovid.
2112 1035 2181 1065 Met.
2199 1046 2239 1072 13.
2252 1043 2315 1073 818.

1304 1072 1400 1109 Regna
1410 1080 1489 1100 cerea
1499 1094 1506 1106 ,
1529 1071 1657 1101 Alveolos
1667 1073 1692 1102 ἃ
1705 1071 1820 1101 cellulas
1831 1082 1916 1109 apum
1931 1078 2012 1100 vocat
2029 1072 2102 1110 Virg.
2115 1084 2141 1109 4.
2158 1074 2258 1111 G:org.
2272 1085 2336 1106 202.

1307 1110 1413 1139 Cereus
1424 1131 1432 1144 ‚
1456 1109 1573 1143 Mollem
1583 1109 1733 1147 aliquando
1746 1108 1898 1148 fignificat,
1920 1118 1953 1138 ac
1963 1108 2072 1139 facilem
2083 1113 2109 1141 &t
2119 1118 2250 1152 tanquam
2262 1122 2324 1144 cera
2334 1116 2434 1146 trana-

1326 1147 1421 1176 bilem.
1445 1144 1512 1176 Hor.
1533 1157 1554 1176 1.
1573 1147 1664 1176 Carm.
1683 1157 1725 1182 η.
1741 1157 1766 1177 2.

1399 1186 1485 1214 Cerea
1499 1185 1619 1223 Telephi
1637 1185 1735 1215 laudat
1748 1185 1868 1214 brachia.

1323 1222 1414 1252 Bentl.
1455 1223 1511 1252 Sed
1522 1223 1662 1259 vulgatam
1678 1230 1773 1253 tuetur
1784 1223 1952 1260 Cuningam.

1304 1261 1409 1291 Cereus
1421 1261 1469 1290 ille
1481 1261 1598 1296 dicitur,
1621 1261 1678 1297 Qui
1690 1271 1788 1299 parum
1797 1262 1891 1290 animo
1902 1260 2024 1294 constat.
2047 1262 2127 1291 &cui
2139 1272 2214 1292 nunc
2224 1263 2292 1299 haec,
2313 1267 2434 1296 nuncil-

1324 1299 1352 1328 la
1363 1298 1500 1328 sententia
1513 1300 1607 1336 potior
1626 1300 1745 1329 videtur.
1767 1300 1835 1328 item
1857 1299 1905 1328 ille
1928 1300 1974 1336 qui
1999 1298 2116 1329 aliorum
2135 1301 2255 1331 consiliis
2274 1304 2433 1341 instigatus,

1322 1344 1395 1374 ‘quos
1415 1343 1480 1366 ante
1497 1337 1644 1372 laudabat,
1665 1347 1742 1366 nunc
1760 1338 1917 1375 vituperat,
1939 1346 2009 1373 quos
2029 1347 2123 1368 amore
2135 1338 2242 1369 summo
2253 1340 2437 1378 prosequeba-

1322 1381 1369 1404 tur
1380 1397 1388 1410 ‚
1412 1385 1489 1409 nunc
1500 1374 1616 1413 pessime
1628 1375 1697 1404 odit.
1722 1375 1788 1405 Hor.
1799 1375 1829 1404 in
1846 1377 1909 1404 Arte
1920 1374 1994 1404 Poet.
2013 1379 2073 1412 163.

1401 1411 1504 1442 Cereus
1519 1413 1546 1441 in
1559 1414 1659 1442 vitium
1673 1413 1757 1443 flecti.

1306 1450 1387 1480 lldem
1398 1451 1517 1480 Cereum
1531 1458 1612 1480 vocat
1624 1451 1705 1480 illum
1717 1452 1752 1480 de
1763 1461 1818 1489 quo
1829 1451 1920 1480 varius
1931 1450 1970 1480 est
1981 1460 2085 1484 rumor,
2097 1452 2124 1480 ἀ
2135 1459 2219 1488 quem
2231 1461 2307 1482 nunc
2318 1453 2434 1491 bonum,

1328 1498 1406 1518 nunc
1428 1489 1532 1518 malum
1549 1489 1623 1519 fama
1637 1489 1736 1526 fingit,
1756 1489 1877 1527 2².-Epist.
1901 1500 1922 1518 1.
1939 1494 2000 1524 κός.
2032 1488 2141 1526 sumpta
2159 1491 2322 1527 metaphora
2339 1501 2354 1521 a
2367 1493 2437 1522 Cera

1326 1536 1387 1563 quae
1399 1527 1527 1556 manibus
1539 1528 1652 1556 tractata
1667 1549 1675 1562 ,
1696 1537 1902 1565 quamcumque
1913 1527 2030 1556 formam
2041 1526 2176 1557 facillime
2188 1529 2298 1566 recipit.
2321 1529 2438 1565 [Immo

1325 1565 1447 1600 Cereus,
1465 1574 1500 1594 ex
1511 1564 1682 1599 Cerafiems,
1703 1566 1883 1602 xngdmaes-&.
1927 1565 1956 1594 V.
1981 1565 2104 1603 interpp.

1306 1602 1418 1632 Cereus
1429 1624 1437 1637 ‚
1458 1602 1579 1640 Pinguis.
1620 1603 1719 1632 Accius
1733 1625 1741 1638 ,

2349 130 2416 171 483

2374 963 2431 993 Ubi

1964 1183 2065 1215 Lac‘tea
2076 1194 2110 1215 ex
2123 1186 2213 1225 Capro
2226 1187 2347 1220 Gramm.
2358 1190 2433 1222 Rob.

1401 1640 1536 1678 Pinguem
1545 1647 1699 1676 turturem,
1721 1650 1884 1678 cereamque
1895 1639 2055 1670 ficedulam.
2138 1639 2265 1671 Nonius.

1325 1677 1426 1746 Sicie‘iii
1438 1678 1581 1745 ΙΙὶςῙξῑῑίειΙίε.
1627 1679 1656 1708 V.
1681 1690 1694 1708 r
1704 1690 1741 1708 ic
1751 1689 1791 1707 eo
1801 1689 1818 1708 o
1831 1690 1846 1707 L
1857 1686 1885 1708 A.
1927 1678 2007 1708 Cerei
2035 1677 2138 1708 coloris
2166 1689 2224 1717 prae
2254 1680 2437 1718 pinguedine.

1362 1726 1372 1744 ί
1403 1726 1677 1784 Cereus3immodicis
1687 1758 1777 1783 turtur
1789 1760 1816 1783 te
1825 1753 1955 1784 clunibus
1968 1752 2076 1792 implet.
2159 1753 2194 1784 H.
2208 1755 2247 1785 Sc.

1308 1791 1434 1827 Cereus,
1456 1792 1570 1822 Unctus.
1595 1790 1714 1821 Maniai.
1731 1791 1780 1821 lib.
1799 1802 1820 1821 1.
1835 1802 1881 1827 93.

1390 1830 1478 1860 Cerea
1489 1831 1507 1860 si
1519 1831 1625 1868 pendet
1636 1829 1738 1859 lumbis
1749 1852 1756 1865 ‚
1779 1832 1804 1860 δι
1816 1831 1879 1859 trita
1892 1830 2012 1859 lacerna.

1271 1867 1417 1897 Currus
1431 1890 1439 1903 ‚
1462 1869 1480 1897 i.
1502 1878 1539 1898 m.
1563 1868 1677 1904 [κηρὸς]
1698 1867 1822 1897 Candela
1841 1877 1932 1897 cerea.
1974 1867 2085 1903 Festus,
2116 1867 2220 1899 Cereos
2246 1870 2440 1903 Saturnalibus

1309 1906 1419 1935 muneri
1434 1906 1538 1935 dabant
1548 1906 1713 1936 humiliores
1724 1907 1949 1944 potentioribus:
1972 1907 2038 1944 quia
2046 1906 2171 1936 candelis
2181 1917 2318 1946 pauperes
2333 1932 2341 1945 ‚
2362 1909 2440 1940 locu-

1309 1943 1494 1981 pletescereis
1505 1944 1664 1974 utebantur.
1688 1944 1806 1974 Martial.
1818 1944 1870 1973 lib.
1886 1955 1928 1979 14.
1944 1954 1990 1980 42.

1403 1982 1459 2013 Hic
1473 1983 1684 2012 tibinofturnos
1698 1982 1835 2019 praestabit
1849 1992 1944 2012 cereus
1961 1983 2050 2019 ignes.
2133 1982 2191 2013 Cic.
2206 1993 2230 2019 3.
2252 1984 2308 2013 Off.
2321 1991 2366 2019 80.
2405 1985 2441 2015 Et

1310 2028 1344 2048 ea
1354 2029 1396 2049 res
1417 2020 1584 2058 ffiquaeris)
1604 2021 1629 2049 ei
1641 2022 1743 2057 magno
1758 2021 1859 2049 honori
1870 2021 1940 2050 fuit:
1963 2020 2096 2050 omnibus
2115 2022 2184 2051 vicis
2204 2022 2314 2052 statuae:
2338 2024 2373 2052 ad
2394 2034 2441 2054 eas

1311 2058 1375 2087 thus
1387 2059 1412 2088 Sc
1424 2059 1506 2088 cerei.
1546 2057 1657 2096 Ulpian.
1675 2058 1733 2087 inl.
1748 2067 1772 2094 3.
1787 2059 1808 2096 §.
1828 2058 1912 2096 ligna.
1936 2058 1969 2088 D.
1988 2059 2023 2087 de
2034 2067 2110 2096 penu
2122 2058 2176 2097 leg.
2210 2060 2300 2090 Etiam
2309 2061 2390 2098 thus,
2413 2063 2440 2092 &

1311 2105 1406 2125 cereos
1415 2097 1445 2125 in
1454 2096 1640 2126 domesticum
1654 2095 1733 2125 usum
1746 2102 1864 2134 paratos.

1274 2132 1297 2162 C
1308 2143 1321 2162 Ε
1330 2144 1344 2162 R
1354 2135 1394 2163 26
1403 2145 1419 2162 L
1429 2144 1448 2163 u
1456 2144 1468 2164 s
1480 2157 1488 2170 ‚
1510 2135 1571 2171 Adj.
1594 2134 1694 2163 dimin.
1717 2134 1857 2164 Columel.
1868 2135 1894 2164 ἃ
1905 2133 2021 2163 Hieron.

1274 2171 1297 2200 C
1309 2181 1322 2200 a
1332 2182 1347 2200 R
1357 2173 1388 2201 ῖμ
1398 2174 1410 2201 f
1419 2182 1437 2201 C
1447 2181 1464 2201 0
1477 2194 1485 2207 ,
1506 2172 1675 2208 [κηροπωέω]
1695 2174 1751 2201 are.
1773 2172 1871 2201 Ceram
1882 2173 1988 2201 facere:
2013 2173 2039 2201 Sc
2055 2171 2091 2200 de
2100 2172 2200 2210 apibus
2217 2174 2328 2204 dicitur.
2369 2174 2439 2205 Plin.

1311 2208 1360 2239 lib.
1371 2220 1396 2245 9.
1420 2220 1482 2248 cap.
1496 2216 1539 2245 38.
1571 2210 1668 2247 Quum
1686 2210 1860 2240 cerificavere
1874 2233 1882 2245 ,
1908 2209 2001 2240 fluxos
2016 2210 2123 2240 habent
2147 2209 2254 2242 succos.
2303 2213 2441 2250 Quaedam

1312 2248 1484 2286 exemplaria
1494 2247 1623 2277 hocloco
1632 2248 1731 2295 legunt
1742 2247 1945 2278 Foetificavere.

1274 2285 1298 2315 C
1309 2288 1364 2315 ERI
1375 2296 1394 2315 Ν
1407 2296 1444 2316 us
1456 2308 1465 2322 ‚
1488 2286 1548 2322 Adi.
1571 2285 1731 2323 [maeoniis]
1753 2285 1839 2323 Quod
1862 2295 1931 2315 cerae
1953 2284 2040 2315 simile
2060 2286 2107 2316 est.
2140 2292 2189 2320 ut,
2211 2286 2329 2318 Cerinus
2353 2289 2441 2320 color.

1310 2323 1381 2358 Plin.
1395 2323 1443 2354 lib.
1454 2334 1496 2361 15.
1509 2334 1570 2362 cap.
1585 2333 1626 2360 13.
1650 2325 1685 2354 de
1698 2334 1852 2362 prunorum
1865 2324 2012 2361 generibus
2024 2323 2152 2360 loquens.
2191 2325 2300 2356 Sunt&
2321 2327 2397 2363 nigra
2408 2338 2441 2358 ac

1312 2361 1489 2397 laudatiora,
1511 2362 1604 2392 cerina
1622 2369 1706 2400 atquc
1729 2372 1877 2400 purpurea.
1919 2362 2004 2391 Plaut.
2028 2362 2110 2400 Epid.
2127 2372 2154 2392 2.
2167 2373 2194 2392 2.
2208 2374 2253 2400 49.
2284 2366 2421 2394 Cumatile
2433 2388 2441 2399 ,

1309 2407 1362 2429 ‘aut
1371 2400 1519 2438 plumatile
1532 2423 1540 2436 ,
1561 2407 1610 2430 aut
1620 2401 1766 2430 cerinum‘.>
1788 2399 1901 2429 subaud.
1925 2400 2145 2430 vestimentum:
2173 2403 2249 2439 quod
2265 2402 2442 2434 &Melinum

1274 2474 1277 2475 .
1313 2437 1348 2467 ab
1358 2439 1460 2468 eodem
1474 2439 1592 2473 dicitur,
1613 2448 1627 2468 a
1638 2439 1729 2468 mellis
1739 2437 1842 2468 colore.
1864 2438 1940 2467 conf.
1957 2439 2069 2468 Nonius
2083 2443 2126 2468 16.
2137 2442 2164 2469 6.
2398 2468 2400 2474 ,

1275 2470 1369 2505 Carti
1382 2486 1530 2506 NAarus.
1574 2476 1601 2504 V.
1622 2485 1872 2506 CAarNAams.

1278 2514 1301 2543 C
1312 2524 1326 2543 s
1335 2524 1350 2542 R
1361 2518 1378 2543 ὃ
1388 2524 1400 2543 s
1412 2525 1429 2544 u
1439 2525 1452 2544 s
1462 2537 1470 2550 ‚
1492 2515 1553 2550 Adj.
1574 2511 1722 2551 [κκςώὺς]
1744 2514 1841 2543 Ceram
1856 2513 1961 2543 habens
1969 2513 2123 2544 admistam.
2144 2515 2222 2545 unde
2235 2515 2295 2546 Mel
2304 2517 2441 2553 cerosum,

1315 2552 1443 2582 nondum
1453 2552 1646 2590 despumatum
1659 2575 1667 2588 ,
1688 2553 1714 2582 δε
1723 2552 1815 2582 adhuc
1826 2562 1888 2582 cera
1898 2552 2081 2582 commistum.
2101 2553 2170 2582 Plin.
2186 2563 2229 2590 32.
2242 2563 2266 2590 3.

1273 2589 1300 2620 ‘C
1311 2598 1350 2619 ER
1359 2600 1376 2619 0
1385 2601 1398 2619 r
1408 2601 1423 2619 Ε
1432 2600 1448 2619 R
1457 2600 1477 2619 A
1487 2601 1503 2619 R
1514 2601 1524 2618 1
1535 2600 1554 2619 υ
1563 2600 1585 2626 s,
1598 2591 1616 2619 i.
1634 2600 1671 2620 m.
1694 2590 1827 2626 Clericus,
1837 2592 1916 2626 cujus
1930 2598 2032 2619 munus
2042 2598 2100 2620 erat
2109 2592 2144 2620 ad
2152 2591 2291 2621 sacrorum
2301 2592 2442 2629 mysterio-

1295 2637 1357 2657 rum
1367 2638 1501 2666 pompam
1513 2628 1643 2658 accensos
1651 2638 1747 2658 cereos
1755 2628 1897 2665 ferre.Qui
1908 2629 1934 2658 ἃ
1945 2628 2097 2658 licoliithus
2107 2629 2265 2659 vocabatur.
2273 2631 2438 2667 V.llid.7.12.

1277 2665 1326 2696 ΟΞ
1336 2676 1353 2694 R
1362 2676 1382 2695 A
1392 2675 1411 2696 c
1420 2676 1441 2695 rr.
1451 2676 1471 2695 A
1480 2675 1500 2699 fr
1510 2676 1524 2695 s
1534 2676 1546 2695 s
1557 2688 1565 2702 ‚
1587 2664 1769 2702 [zaofflzu‘m]
1792 2666 1909 2696 Gemma
1920 2666 1958 2695 est
1968 2676 2004 2695 ex
2015 2666 2125 2697 Achutae
2134 2668 2293 2705 generibus,
2314 2678 2383 2698 cerae
2395 2679 2442 2698 co-

1315 2703 1404 2733 lorem
1413 2714 1469 2742 prae
1477 2704 1503 2733 se
1513 2703 1613 2743 ferens.
1634 2700 1705 2734 Prin.
1717 2704 1765 2734 lib.
1781 2713 1823 2741 37.
1836 2713 1896 2742 cap.
1915 2714 1956 2733 10.

1278 2742 1325 2772 Cri·
1335 2752 1350 2770 R
1360 2746 1377 2771 Ji
1387 2754 1397 2771 1
1408 2752 1427 2771 T
1437 2754 1445 2770 1
1454 2752 1466 2771 s
1479 2764 1487 2777 ‚
1510 2743 1574 2772 idis.
1597 2742 1749 2779 [negaram]
1770 2753 1786 2772 a
1797 2742 1963 2780 quibusdam
1973 2740 2128 2780 appellatur
2144 2742 2245 2778 herba,
2267 2753 2326 2779 quae
2339 2744 2440 2775 Graecis

1311 2779 1385 2814 5⁸5an
1398 2802 1406 2816 ‚
1427 2779 1534 2810 Latinis
1548 2781 1654 2810 fenum
1664 2782 1785 2818 graecu'm
1795 2781 1906 2809 dicitur.
1947 2780 2060 2809 Ceraitis
2072 2780 2155 2816 dieta,
2178 2781 2254 2819 quod
2265 2782 2384 2812 fructum
2395 2787 2441 2813 ha-

1317 2819 1383 2848 beat
1391 2818 1542 2848 corniculis
1555 2818 1681 2847 similem.
1705 2818 1828 2849 Dioscor.
1842 2819 1872 2847 in
1884 2818 2009 2856 Append.
2022 2828 2048 2847 2.
2063 2829 2122 2853 124.

1277 2856 1497 2886 Ceramicus
1509 2878 1516 2890 ,
1540 2857 1558 2885 i.
1579 2864 1615 2885 m.
1634 2855 1843 2892 [κερέιμευιῶο]
1864 2858 1976 2894 proprie
1990 2856 2028 2885 est
2046 2856 2133 2894 Figuli
2149 2856 2270 2886 officina.
2311 2857 2379 2887 Plin.
2393 2867 2436 2895 35.

1318 2904 1361 2924 12.
1384 2894 1496 2924 Fecit&
1510 2894 1726 2924 Chalcosthenes
1745 2895 1831 2924 cruda
1841 2904 1926 2933 opera
1941 2894 2054 2924 Athenis
2065 2916 2073 2930 ‚
2094 2895 2142 2932 qui
2155 2894 2236 2924 locus
2257 2895 2293 2925 ab
2317 2896 2439 2926 Officina

1315 2933 1377 2968 ejus
1391 2933 1542 2962 ceramicus
1554 2932 1718 2970 appellatur.

1316 2971 1453 3000 Ceramici
1464 2972 1520 2999 duo
1531 2970 1645 3000 fuerunt
1653 2970 1768 3000 Athenis
1780 2993 1788 3007 ‚
1810 2971 1845 3000 de
1853 2969 1953 3007 quibus
1962 2970 2060 2999 Suidas
2071 2969 2164 2999 scribit
2171 2970 2215 3000 his
2226 2970 2316 3000 verbis
2326 2993 2334 3006 ,
2358 2971 2439 3002 Athe-

1335 3010 1378 3037 nis
1389 3007 1525 3037 Ceraniici
1536 3009 1590 3037 loci
1605 3009 1662 3037 duo
1673 3014 1765 3037 erant:
1788 3010 1897 3038 unusiu
1912 3009 2039 3042 civitate,
2060 3008 2129 3037 alter
2142 3016 2218 3037 extra
2228 3010 2385 3038 civitatem:
2408 3011 2439 3040 in

1335 3056 1392 3083 quo
1410 3047 1458 3083 qui
1481 3047 1510 3075 in
1533 3045 1606 3075 bello
1624 3046 1792 3076 cecidissent
1801 3069 1810 3083 ,
1832 3046 1947 3084 publico
1964 3045 2077 3083 sumptu
2104 3046 2307 3083 sepeliebantur
2318 3069 2326 3081 ‚
2358 3048 2438 3078 fune-

1333 3084 1432 3120 brique
1455 3085 1581 3113 oratione
1599 3087 1776 3114 ornabantur.
1824 3084 1955 3122 Superior
1971 3084 2024 3113 fuit
2044 3089 2119 3113 certa
2140 3085 2342 3121 constitutaque
2361 3086 2438 3116 sedes

1332 3121 1535 3158 meretricibus.
1576 3122 1634 3152 Cic.
1652 3134 1672 3151 1.
1688 3123 1724 3152 de
1737 3121 1823 3152 finib.
1838 3133 1881 3158 39.
1912 3124 1946 3151 At
1966 3123 2052 3151 etiam
2066 3122 2196 3157 Athenis,
2217 3129 2249 3152 ut
2266 3132 2281 3151 e
2294 3130 2371 3160 patre
2391 3134 2439 3153 au-

1333 3160 1446 3189 diebam
1462 3182 1469 3195 ‚
1496 3160 1586 3189 facete
1598 3162 1625 3190 ὃς
1641 3161 1748 3190 urbane
1771 3161 1882 3189 Stoicos
1899 3160 2031 3189 irridente
2045 3182 2053 3195 ‚
2081 3160 2167 3188 statua
2187 3161 2225 3189 est
2242 3161 2270 3189 in
2290 3161 2437 3191 Ceramico

1335 3198 1480 3236 Chryiippi
1500 3197 1619 3227 sedentia
1633 3221 1641 3236 ‚
1664 3201 1789 3236 porrecta
1809 3208 1892 3227 manu
1905 3220 1913 3233 ,
1931 3199 1982 3227 Sec.
2004 3197 2073 3226 Plin.
2088 3197 2138 3226 lib.
2152 3201 2195 3234 36.
2216 3207 2278 3237 cap.
2294 3209 2318 3234 ς.
2341 3200 2436 3237 Opera

1332 3236 1476 3266 Praxitelis
1486 3236 1548 3265 sunt
1559 3238 1672 3266 Athenis
1682 3239 1708 3265 in
1724 3237 1876 3266 Ceramico.

1313 3273 1379 3305 Fuit
1390 3281 1522 3312 praeterea
1533 3274 1717 3311 Ceramicus„
1733 3275 1826 3303 Atticae
1836 3274 1955 3311 regionis
1971 3272 2051 3301 locus
2065 3273 2193 3310 praealtus
2203 3295 2210 3309 ‚
2230 3274 2330 3303 eodem
2349 3275 2438 3306 Suida

1333 3314 1465 3347 auctore,
1486 3313 1515 3340 in
1537 3322 1592 3349 quo
1617 3312 1777 3350 lampadum
1791 3312 1942 3341 certamina
1962 3312 2172 3347 peragebantur.
2196 3312 2231 3341 de
2251 3313 2351 3350 quibus
2371 3314 2437 3344 vide

1332 3350 1475 3380 Erasmum
1487 3351 1514 3379 in
1527 3352 1675 3388 proverbio
1687 3373 1693 3385 ,
1716 3350 1885 3386 Lampadcm
1894 3349 1944 3377 tibi
1953 3348 2031 3378 cursu
2046 3350 2134 3378 trado.
2241 3378 2250 3388 ‚

1314 3387 1379 3417 Hoc
1390 3390 1505 3417 nomine
1515 3389 1598 3417 etiarn
1611 3390 1713 3425 gaudet
1728 3388 1812 3417 Caria:
1827 3387 1898 3415 sinus
1908 3394 1964 3415 non
1979 3386 2061 3423 longe
2071 3386 2105 3415 ab
2119 3386 2309 3417 Halicarnasso
2324 3389 2438 3419 nobilis-

1330 3426 1399 3456 sima
1411 3427 1488 3456 urbe.
1521 3428 1654 3455 Amatores
1673 3426 1842 3463 Pomponius
1852 3424 1902 3454 lib.
1924 3435 1947 3454 1.
1968 3427 2010 3454 16.
2031 3425 2062 3454 in
2077 3425 2162 3455 Cariae
2180 3425 2386 3464 descriptione,
2408 3430 2436 3458 ὅτ.

1335 3464 1403 3494 Plin.
1417 3465 1465 3494 lib.
1480 3475 1503 3499 ς.
1519 3474 1580 3501 cap.
1595 3474 1638 3498 aq.

1278 3501 1301 3532 C
1310 3512 1323 3531 Ε
1333 3512 1346 3530 a
1358 3513 1376 3530 A
1385 3513 1406 3531 M
1417 3512 1474 3531 ιεΝ
1485 3512 1497 3531 s
1507 3511 1539 3530 as
1550 3524 1557 3535 ,
1580 3500 1785 3537 [xzqffimffiou]
1805 3499 1904 3538 Populi
1930 3500 2008 3534 sunt,
2031 3501 2076 3538 qui
2099 3500 2134 3529 de
2154 3507 2295 3531 conventu
2314 3502 2436 3540 Carum,

1317 3550 1400 3577 quern
1412 3539 1746 3576 Chrysaoreumvocant,
1767 3539 1951 3576 participant,
1974 3540 2040 3568 licet
2059 3539 2148 3568 Carici
2165 3541 2273 3576 generis
2294 3550 2352 3570 non
2369 3541 2436 3578 sint,

1283 3610 1285 3612 ,
1316 3584 1348 3607 ut
1357 3580 1453 3607 auctor
1464 3578 1502 3606 est
1512 3577 1610 3606 Strabo
1621 3575 1668 3604 lib.
1686 3586 1728 3608 ¹4-

1279 3614 1516 3648 CERaMiras,
1538 3613 1714 3650 [aff-mm]
1746 3613 1862 3642 Gemma
1877 3612 1916 3641 est
1933 3614 2007 3642 testae
2029 3616 2154 3643 colorem
2173 3615 2298 3651 habens,
2320 3617 2396 3645 unde
2413 3619 2439 3647 &

1317 3663 1424 3682 nomen
1435 3654 1511 3682 acce'
1524 3652 1553 3680 it.
1573 3660 1637 3679 narn
1649 3654 1768 3686 κέίαζκΘα
1781 3652 1876 3680 testam
1888 3673 1896 3686 ,
1918 3651 1962 3680 vel
1978 3651 2100 3689 tegulam
2111 3652 2197 3683 sonat.
2238 3655 2372 3684 Meminit
2391 3655 2441 3684 hu-

1319 3692 1361 3725 ius
1371 3700 1487 3727 gemmae
1519 3690 1566 3718 lin.
1579 3688 1627 3717 lib.
1643 3698 1684 3723 37.
1696 3698 1756 3725 cap.
1776 3699 1816 3717 10.

1281 3729 1328 3759 Cf:
1339 3731 1377 3757 aa
1387 3740 1407 3757 M
1419 3740 1428 3756 1
1441 3738 1487 3756 um
1502 3748 1511 3761 ,
1534 3726 1698 3762 [κεράμων]
1722 3725 1856 3755 Mensurae
1878 3736 1965 3763 genus
1980 3727 2056 3756 idem
2076 3727 2185 3764 prorsus
2203 3738 2269 3758 cum
2286 3730 2436 3767 amphora,

1320 3773 1374 3803 quo
1383 3764 1538 3794 verbousus
1550 3763 1588 3793 est
1601 3763 1801 3793 Demosthenes
1817 3764 1846 3793 in
1861 3773 1932 3794 orat.
1949 3774 2009 3802 quae
2028 3764 2089 3794 we
2108 3762 2146 3795 viu
2166 3769 2282 3797 2⁴1an
2302 3779 2437 3803 nugam.-

1319 3806 1364 3838 φὴν
1374 3802 1530 3832 inscribitur
1541 3823 1550 3836 ,
1571 3802 1598 3830 ἅ
1611 3801 1756 3831 Athenaeus
1770 3802 1800 3831 in
1813 3803 1920 3839 quinto.
1944 3803 1984 3832 Ex
2001 3803 2104 3833 Budaeo
2117 3803 2166 3834 lib.
2182 3815 2205 3840 5.
2217 3805 2252 3834 de
2265 3805 2331 3834 Asse.
2355 3805 2441 3841 Quod

1322 3841 1369 3870 alii
1380 3846 1491 3877 negant.
1531 3839 1562 3868 V.
1585 3849 1602 3868 c
1612 3849 1631 3867 A
1643 3849 1659 3866 o
1670 3849 1686 3868 υ
1697 3849 1718 3868 s.

1322 3879 1480 3908 Ceramium
1493 3898 1501 3912 ,
1524 3876 1613 3906 Locus
1635 3876 1732 3906 Romae
1742 3900 1749 3907 .
1771 3878 1802 3906 in
1825 3887 1882 3915 quo
1901 3877 2002 3908 Cicero
2020 3880 2046 3908 ἃ
2064 3878 2135 3908 Milo
2156 3879 2273 3909 domum
2294 3879 2440 3909 habebant.

1342 3916 1401 3945 Cic.
1415 3926 1440 3950 4.
1452 3916 1505 3943 Art.
1518 3923 1542 3950 3.
1564 3913 1637 3943 Nam
1649 3915 1765 3944 Milonis
1776 3915 1893 3945 domum
1903 3926 2050 3954 meamque
2060 3916 2188 3946 Ceramio
2201 3918 2271 3954 prid.
2294 3917 2364 3946 idib.
2386 3918 2443 3946 No.

1340 3953 1432 4022 ἶῖεῐηὶ).
1450 3961 1608 4020 exgiignare
1620 3953 1646 3983 ἃ
1659 3953 1810 3983 incendere
1826 3955 1864 3983 ita
1874 3961 1992 3984 conatus
2008 3955 2062 3991 est,
2078 3956 2130 3984 &a
2169 3955 2226 3984 Sed
2241 3956 2346 3984 variant
2357 3956 2441 3985 codd.

1366 4013 1373 4022 .
1395 4000 1454 4021 not.
1465 4000 1481 4021 a
1525 3997 1568 4021 oc.

1822 4027 1936 4067 Pppa
2333 4030 2444 4059 CraA.
