2667 4145
226 116 274 143 10
685 96 713 132 A
807 94 832 128 B
928 90 947 128 I

280 187 344 221 egit.
366 185 446 215 Idem
455 182 530 211 Verr.
542 185 585 214 28·
618 178 750 208 Praeterea
761 185 854 219 greges
864 180 995 210 equarum
1006 170 1065 203 eius

299 216 310 224 s

1075 166 1154 195 istum
1164 161 1316 200 abigendos
1327 169 1375 189 cu-

281 223 355 254 rasse.
382 222 461 251 Hanc
471 218 697 256 significationem
707 222 826 252 apertius
835 212 941 240 videbis
952 218 985 237 ex
995 207 1114 248 Ulpiano
1123 225 1130 237 ,
1152 203 1180 230 in
1194 212 1213 229 A
1222 211 1252 243 ai
1261 209 1279 228 G
1288 209 1301 227 a
1310 209 1328 226 u
1337 208 1358 227 s.

263 262 378 295 Abigere
395 268 480 296 pecus
489 279 496 291 ,
517 266 567 293 pro
582 256 666 292 Agere
677 254 731 281 sine
742 253 768 280 vi
780 273 788 286 ,
807 256 853 279 aut
862 249 951 277 furto:
982 252 1012 273 ut
1022 247 1051 272 ht
1061 250 1125 283 cum
1137 240 1220 268 boves
1237 248 1265 266 m
1277 236 1376 279 pascua

282 290 437 328 mittuntur.
460 294 532 322 Varr.
546 303 570 321 2.
585 294 619 320 de
630 292 663 320 R.
674 291 706 319 R.
724 299 783 326 cap.
801 298 822 324 1.
859 286 954 322 Itaque
965 291 1057 320 greges
1067 287 1162 308 ovmm
1171 276 1254 313 longe
1264 275 1377 311 abigun-

281 342 326 365 tur
337 344 371 364 ex
383 332 480 370 Apulia
491 331 519 359 in
529 330 671 359 Samnium
681 350 688 362 ,
709 327 864 355 aestivatum.

263 373 379 410 Abigere
388 368 550 399 translatum
562 367 596 396 ad
606 376 648 395 res
659 366 834 402 incorporeas
846 370 852 402 ᾗ
1267 388 1272 393 ι

283 419 357 439 nem.
380 408 447 437 Plin.
465 406 511 434 lib.
528 415 567 433 12.
588 413 646 440 cap.
663 411 702 439 17.
744 400 783 429 Ex
795 402 870 428 Svna
888 395 1024 424 revehunt
1041 393 1190 430 styracem,
1219 398 1273 417 acri
1290 389 1376 415 odore

282 448 343 482 ejus
352 447 381 474 in
390 444 459 474 focis
469 443 609 479 abigentes
619 439 729 469 suorum
738 436 881 466 fastidium.
913 432 999 475 Plaut3
1012 430 1099 474 Merc.
1117 439 1137 457 1.
1158 438 1182 471 ι..
1194 437 1217 463 3.
1251 425 1378 462 Agedum

283 483 418 513 Achantio
428 504 436 517 ,
457 481 535 517 abige
544 479 590 508 abs
600 485 626 507 te
637 475 821 506 lassitudinem
829 494 836 506 ,
857 479 922 499 cave
931 475 1048 511 pigritiae
1057 473 1224 509 praevortrer.
1274 501 1279 506 ι

263 522 378 558 Abigere
390 525 514 557 partum,
539 516 583 546 vel
599 516 715 547 foetum,
746 511 783 540 est
797 511 975 538 immaturum
991 509 1092 535 toetum
1109 513 1216 538 elicere.
1249 501 1306 530 Cic.
1327 509 1378 537 pro

285 559 395 588 Cluent.
415 566 473 593 cap.
492 565 530 584 ιι.
564 552 700 583 Memoria
710 556 792 577 teneo
808 545 941 576 Mileliam
959 544 1097 582 quandam
1109 541 1271 573 mulierem,
1293 546 1380 574 quum

282 596 367 625 essem
384 596 413 623 in
428 593 501 627 Asia,
530 590 605 628 quod
618 589 650 618 ab
666 585 820 616 haeredibus
836 583 965 612 secundis
978 588 1092 619 accepta
1105 579 1224 617 pecunia
1234 599 1242 612 ,
1270 582 1380 619 partum

281 633 331 663 fibi
342 632 398 670 ipsa
412 628 620 660 medicamentis
632 623 761 661 abegiffet
770 645 777 656 .
799 620 837 651 rei
849 620 973 659 capitalis
984 619 1036 648 effe
1048 619 1213 648 damnatam.
1251 615 1295 643 Sic
1309 612 1377 641 Plin.

280 671 329 700 lib.
347 681 387 705 14.
401 679 459 705 cap.
475 673 514 700 18.
544 665 577 694 Et
587 663 694 693 Colum.
712 661 758 690 lib.
772 664 796 690 6.
811 669 870 698 cap.
885 669 928 696 27.
966 658 1039 687 Nam
1052 657 1112 686 haec
1123 655 1217 684 onmia
1226 653 1381 682 incommo-

281 709 317 737 da
327 708 427 736 foetum
437 705 556 740 abigunt.
827 735 832 740 ·

262 746 379 782 Abigere
394 748 591 772 venenatorum
606 736 711 766 morsus
727 735 795 765 Plin.
814 734 861 763 lib.
874 744 917 764 20.
937 743 996 771 cap.
1011 743 1033 769 ς.

1052 742 1093 768 19.

225 782 249 817 Α
257 794 271 812 13
281 795 289 811 1
298 793 315 811 c
325 793 338 811 E
347 792 366 810 N
375 792 392 809 u
400 791 419 809 u
427 789 439 809 s
450 802 457 814 ,
478 778 571 807 PartiC.
594 770 874 811 [ἀπλαιθηο-ὀιθρῶ]
903 772 985 802 Ovid.
1001 781 1023 808 3.
1042 770 1107 800 Fast.
1122 778 1184 806 344.

340 819 366 848 O
379 819 418 847 vir
430 815 570 852 colloquio
582 823 640 842 non
650 812 786 849 abigende
798 820 870 839 meo.

223 858 347 887 flssac'r
357 866 393 884 cs
405 877 412 886 .
433 854 526 882 Partic.
560 849 796 888 [dmnnmm‘v&]
824 853 871 882 ut,
900 846 995 876 Abaffl
1013 854 1107 883 greges
1117 866 1124 879 ,
1155 843 1202 880 qui
1221 845 1269 869 aut
1287 839 1379 874 furto,

262 900 309 923 aut
324 903 372 931 per
382 893 438 921 vim
452 890 563 919 abducti
579 888 648 918 sunt.
682 887 713 916 V.
732 886 789 916 Liv.
802 897 828 921 4.
845 885 879 914 ab
896 884 929 914 U.
949 884 978 913 C.
993 894 1036 919 90.
1076 882 1219 911 Exercitus
1238 879 1267 906 in
1284 887 1381 914 agrum

261 932 405 960 Veientem
417 939 448 958 ac
457 928 592 958 Faliscum
601 926 677 955 ducti
687 947 695 961 ,
715 924 816 962 praedae
826 923 926 953 abactae
937 922 1084 950 hominum
1093 942 1101 955 ,
1120 925 1318 956 pecorumque.
1345 952 1361 957 ..

259 969 377 998 Abastus
391 968 473 996 furto.
505 965 574 995 Plin.
596 964 643 993 lib.
658 970 682 998 8.
701 972 760 1001 cap.
776 972 818 998 51.
857 960 1040 998 Compertum
1051 981 1059 994 ,
1089 957 1182 994 agnita
1197 963 1267 985 voce
1283 952 1379 989 suarii,

278 1007 352 1035 furto
365 1006 483 1034 abactos.

258 1044 360 1075 abacta
370 1053 445 1077 nox,
465 1041 596 1079 figurate,
614 1048 666 1076 pro
679 1038 782 1067 exacta.
813 1036 886 1073 Virg.
900 1041 924 1069 8.
949 1034 1006 1064 AEn.
1018 1042 1082 1070 407.

340 1101 374 1106 --
382 1081 476 1110 medio
485 1081 540 1115 jam
550 1078 639 1107 nonis
650 1076 751 1105 abaetae
832 1072 985 1102 Curriculo.

258 1119 354 1150 Aba&
364 1114 518 1156 magistratu
528 1113 750 1152 dicebantur,qui
759 1112 846 1141 coacti
856 1110 1041 1148 deposuerant
1049 1107 1205 1147 imperium.
1219 1103 1312 1136 Festus
1325 1110 1376 1133 1.1.

277 1158 413 1189 Abaetum
423 1156 533 1185 flamen.
556 1154 621 1183 Stat.
636 1152 683 1181 lib.
696 1161 719 1186 3.
739 1150 828 1179 Theb.
841 1158 866 1178 v.
881 1157 942 1185 257.

339 1194 538 1236 Sylvarumque
547 1200 640 1221 comas
649 1212 656 1226 ,
676 1191 702 1219 ἃ
713 1188 810 1218 abacto
822 1187 934 1216 flamine
945 1184 1044 1220 nubes,

339 1231 449 1263 Mulcet
461 1240 533 1259 iners
548 1229 629 1258 aestas.

257 1270 353 1301 abacti
364 1269 448 1299 oculi.
477 1269 542 1298 Stat.
556 1266 602 1295 lib.
619 1276 640 1295 1.
661 1263 751 1294 Theb.
765 1273 826 1299 105.
844 1262 879 1291 de
888 1260 1050 1299 Tisiphone,

416 1306 533 1335 --sedet
545 1305 619 1333 intus
632 1302 733 1333 abactis

337 1345 435 1375 Ferrea
449 1344 498 1373 lux
509 1342 605 1372 oculis.
1341 1368 1347 1374 '

256 1383 359 1414 Abana
377 1382 522 1421 pauperies
541 1379 631 1418 epulis
649 1387 752 1415 regum.
791 1376 824 1406 Id
841 1376 898 1410 est,
928 1375 1046 1410 reiecta,
1076 1371 1197 1410 expulsa.
1237 1369 1304 1400 Hor.
1327 1367 1375 1399 lib.

276 1431 303 1451 2.
322 1422 378 1451 Ser.
392 1421 445 1450 Sat.
458 1430 483 1449 2.
497 1431 541 1455 44.
617 1435 651 1441 --
660 1415 782 1444 necdum
801 1414 891 1442 omnis
909 1412 1004 1442 abacta

336 1459 482 1496 Pauperies
495 1456 584 1494 epulis
595 1464 699 1491 regum.
722 1462 787 1482 nam
798 1451 898 1481 vilibus
909 1451 978 1486 ovis,

337 1497 484 1534 NigriSque
495 1495 533 1523 est
543 1493 611 1522 oleis
623 1492 707 1522 hodie
719 1490 806 1520 locus.

219 1536 264 1565 AB
271 1544 292 1563 Λ
299 1544 316 1563 c
324 1543 343 1563 T
351 1545 370 1563 U
379 1545 391 1563 s
402 1556 410 1568 ,
433 1543 473 1563 us.
497 1528 655 1568 [ἀπέλιπε]
676 1527 800 1558 Verbale.
836 1525 896 1563 Ipse
908 1524 1037 1561 abigendi
1048 1524 1125 1552 aetus
1134 1545 1143 1557 ,
1165 1523 1190 1552 ἃ
1199 1521 1321 1551 violenta
1331 1530 1380 1550 ex-

257 1572 354 1611 pulfio.
378 1571 445 1601 Plin.
458 1571 472 1606 J
477 1580 521 1599 un.
534 1570 564 1598 in
572 1569 670 1604 Paneg.
683 1576 743 1603 cap.
757 1575 801 1594 20.
834 1564 926 1600 Quam
939 1561 1074 1591 dissimilis
1083 1570 1172 1604 nuper
1181 1559 1292 1589 alterius
1304 1559 1379 1597 prin-

257 1611 327 1648 cipis
336 1609 462 1639 transitus
482 1608 521 1643 (si
532 1614 625 1636 tamen
633 1604 759 1634 tranfitus
776 1601 823 1631 ille
834 1624 842 1637 ,
861 1611 920 1630 non
935 1599 1080 1638 populatio
1092 1599 1164 1634 fu1t)
1185 1607 1250 1627 cum
1265 1597 1378 1626 abactus

257 1648 398 1686 hospitum
409 1652 551 1676 exerceret
559 1667 567 1680 ,
588 1643 735 1679 omniaque
746 1642 842 1670 dextra
851 1661 858 1674 ,
879 1639 1001 1675 laevaque
1012 1636 1126 1675 perusta.

219 1685 410 1721 ABACTOR,
431 1684 492 1713 oris.
515 1693 551 1712 m.
584 1680 746 1718 [dmm-ens]
777 1676 899 1706 Verbale.
936 1675 1046 1705 Dicitur
1062 1672 1256 1712 pecuariorum
1274 1672 1380 1701 anima-

256 1723 328 1753 lium
339 1723 399 1758 fur,
427 1719 641 1752 latrunculusve.
672 1717 750 1755 Apul.
770 1716 805 1744 de
814 1715 883 1744 Asin.
906 1713 923 1743 l.
937 1723 961 1751 7.
979 1723 1006 1751 p.
1022 1723 1081 1748 199.
1121 1711 1219 1741 Meum
1234 1720 1300 1739 vero
1318 1710 1379 1739 Bel-

256 1761 470 1799 lerophontem,
499 1759 655 1787 abadtorem
666 1755 873 1787 indubitatum,
904 1758 1107 1787 cruentumque
1124 1748 1310 1786 percussorem
1327 1748 1379 1777 cri-

258 1800 404 1830 minantes.
433 1798 464 1827 V.
484 1795 560 1826 Pauli
576 1796 651 1825 Sent.
671 1793 719 1822 lib.
735 1804 757 1827 ς.
776 1791 833 1820 Tit.
850 1795 890 1823 18.
910 1790 946 1818 de
958 1788 1138 1818 abactoribus.

219 1838 265 1870 AB
273 1848 282 1865 1
291 1847 330 1865 GE
339 1847 357 1865 A
365 1846 384 1864 T
393 1846 410 1865 o
418 1846 436 1864 R
451 1834 496 1864 vel
510 1835 531 1863 A
541 1845 554 1862 s
563 1845 570 1861 1
580 1843 597 1861 o
606 1842 652 1861 AT
660 1841 677 1860 o
686 1841 702 1859 R
717 1831 801 1859 idem.
824 1828 865 1857 Ita
873 1827 1000 1856 Labbeus
1008 1825 1105 1855 edidit.
1127 1823 1210 1861 vulgo
1220 1823 1377 1860 Abigeator,

258 1875 335 1912 quod
351 1874 434 1903 etiam
452 1874 482 1902 in
500 1871 566 1907 Julii
585 1869 662 1901 Pauli
678 1868 794 1898 sentent.
815 1865 861 1895 lib.
879 1876 902 1901 5.
924 1865 980 1894 Tit.
997 1870 1038 1898 18-
1070 1862 1224 1892 secundum
1244 1860 1378 1898 quosdam

257 1913 388 1945 adiicitur
397 1933 404 1947 ,
426 1911 482 1948 Qui
494 1909 595 1938 bovem
602 1907 647 1937 vel
656 1916 760 1944 equum
769 1910 906 1934 errantem
916 1902 1078 1936 abduxerim
1098 1901 1188 1929 furem
1198 1900 1283 1936 magis
1294 1908 1378 1936 quam

257 1950 443 1988 abigeatorem
454 1947 582 1978 constitui
593 1945 706 1984 placuit.
870 1979 875 1984 Ι

219 1989 243 2019 A
250 1999 265 2017 B
275 1999 284 2017 1
292 1998 310 2017 c,
319 1999 332 2016 E
339 1993 357 2017 Ᾰ
364 1997 384 2016 τ
393 1998 411 2016 U
419 1997 431 2016 s
439 2009 447 2022 ,
464 1996 504 2015 us.
524 1980 684 2021 [demam-ia]
704 1980 945 2011 denominativum
954 1988 969 2007 a
978 1977 1093 2006 nomine
1101 1975 1229 2013 abigeus:
1251 1974 1311 2013 Ipse
1320 1974 1377 2003 abi-

214 2037 219 2041 ’
257 2026 342 2064 gendi
360 2026 453 2059 aelus,
474 2024 527 2053 sive
542 2023 655 2052 crimen.
688 2018 812 2049 Marcell.
825 2017 873 2046 lib.
884 2027 929 2059 47.
952 2015 1044 2053 digest.
1083 2014 1248 2051 Abigeatus,
1270 2013 1377 2042 crimen

256 2063 364 2102 publici
373 2062 471 2099 judicii
482 2072 540 2090 non
553 2060 608 2089 est:
631 2058 695 2096 quia
704 2058 808 2086 furtum
819 2064 904 2092 magis
913 2054 960 2083 est.

200 2106 207 2115 ³
219 2103 282 2132 Am
292 2111 309 2130 G
318 2111 395 2136 aus,
415 2101 448 2129 ei.
479 2100 558 2129 Idem
568 2099 644 2134 quod
652 2095 762 2125 abaetor
784 2094 923 2130 [ἁπελοιτκς
933 2092 955 2127 ].
988 2090 1065 2127 Quid
1075 2090 1208 2128 significet
1219 2090 1303 2118 docet
1310 2089 1374 2126 Ulp.

257 2139 306 2169 lib.
319 2148 364 2175 47.
386 2138 480 2175 digest.
495 2137 512 2166 l.
529 2147 551 2166 1.
569 2135 603 2165 D.
626 2135 660 2163 de
677 2133 788 2170 abigeis.
818 2130 860 2159 his
874 2129 982 2163 verbis,
1007 2128 1103 2166 Abigei
1113 2128 1224 2166 proprie
1235 2128 1254 2156 ii
1274 2128 1377 2156 haben-

256 2183 303 2206 tur
313 2177 360 2214 qui
378 2185 479 2214 pecora
489 2185 524 2204 ex
561 2173 646 2202 ascuis
656 2194 663 2206 ,
683 2170 727 2200 vel
738 2180 773 2199 ex
783 2168 913 2198 armentis
930 2166 1093 2196 subtrahunt
1101 2189 1109 2202 ,
1130 2168 1157 2196 ἃ
1167 2164 1377 2203 quodammodo

258 2214 454 2253 depraedantur
463 2235 471 2248 ,
492 2214 518 2242 δε
531 2184 660 2248 abigendi
673 2208 794 2237 studium
811 2205 883 2243 quasi
899 2211 986 2234 artem
998 2210 1146 2239 exercent,
1168 2213 1233 2233 oves
1243 2203 1278 2231 de
1290 2203 1377 2240 gregi-

258 2252 327 2288 bus,
357 2251 401 2281 vel
420 2251 504 2280 boves
524 2250 558 2278 de
576 2247 705 2277 armentis
722 2245 899 2275 abducentes.
935 2242 967 2271 V.
985 2241 1048 2279 Dig.
1068 2241 1116 2271 lib.
1135 2251 1179 2279 47.
1203 2240 1259 2270 Tit.
1276 2251 1316 2276 14.
1340 2240 1376 2269 de

256 2290 375 2327 Abigeis.
399 2291 425 2319 δε
436 2288 482 2317 lib.
497 2293 542 2323 48.
555 2286 611 2316 Tit.
628 2296 668 2321 19.
688 2284 751 2321 Leg.
768 2287 808 2312 16.
828 2282 848 2319 §.
862 2291 886 2317 7.

217 2329 315 2363 Amr,
337 2326 448 2364 [ΑἜωι]
475 2324 569 2362 Steph.
591 2322 689 2361 populi
708 2322 771 2350 sunt
781 2319 917 2357 Scythiaz,
947 2327 1015 2355 quos
1033 2317 1071 2346 ait
1088 2317 1200 2347 Solinus
1217 2325 1252 2345 ex
1269 2315 1376 2345 Abiano

257 2366 373 2397 flumine
383 2364 438 2394 dici
449 2386 456 2398 ,
476 2363 554 2399 juxta
565 2362 640 2399 quod
649 2359 789 2389 habitant:
810 2356 855 2386 vel
866 2355 1008 2385 nonnullis
1018 2377 1025 2389 ,
1047 2355 1123 2392 quod
1136 2355 1192 2383 sine
1203 2355 1260 2383 vita
1276 2353 1374 2388 stabili,

256 2410 304 2433 aut
331 2401 474 2431 domicilio
500 2400 552 2429 sint
580 2400 610 2428 in
635 2397 759 2427 curribus
786 2396 927 2431 degentes.
972 2392 1081 2422 Horum
1107 2393 1236 2422 meminit
1258 2391 1373 2420 Homer.

257 2439 435 2474 Γλοικπφοίγυν
455 2437 528 2465 A'G't'm
543 2449 567 2463 τε
584 2435 745 2463 δικαιοτάτων
764 2434 891 2469 oluff-priimam
914 2430 993 2460 Iliad.
1011 2440 1050 2467 13.
1066 2433 1091 2459 6.
1128 2429 1289 2465 JustllllmOS
1299 2430 1376 2459 enim

255 2485 346 2514 vocat,
355 2477 431 2515 quod
440 2477 469 2505 in
480 2485 548 2514 pace
559 2474 615 2503 sine
624 2473 699 2502 bello
709 2473 820 2509 degant,
830 2469 875 2499 vel
885 2469 961 2506 quod
971 2468 1153 2506 extemporali
1165 2469 1238 2497 victu
1250 2473 1371 2496 utantur.

217 2518 364 2551 Assjicio
375 2538 382 2551 ,
411 2513 574 2551 [habim-71⁴1,
594 2510 742 2545 maneam]
767 2509 827 2543 eci,
856 2509 965 2542 ectum,
988 2516 1041 2535 ere.
1084 2505 1125 2535 Ex
1138 2505 1171 2534 ab
1184 2508 1210 2535 ὁὶ
1224 2505 1314 2541 jacio,
1336 2504 1375 2534 est

253 2554 367 2593 proprie
377 2552 482 2590 aliquid
493 2551 526 2580 ab
537 2549 563 2579 se
579 2550 668 2585 jacere
678 2570 686 2583 ,
707 2547 843 2585 projicere
853 2568 860 2580 ,
872 2545 1010 2578 ‹reiicerez
1041 2545 1067 2573 ἃ
1083 2543 1139 2572 fere
1154 2553 1189 2572 ex
1206 2549 1374 2579 contemptu

253 2598 303 2622 aut
320 2590 520 2628 indignatione.
562 2588 597 2617 Et
608 2593 706 2624 praeter
719 2584 810 2614 casum
825 2583 969 2621 proprium
979 2604 987 2617 ,
1015 2581 1098 2611 habet
1114 2581 1170 2610 fere
1188 2580 1375 2609 accusativum

253 2640 320 2659 cum
342 2627 544 2667 praepositione.
581 2625 637 2654 Cic.
655 2635 675 2653 1.
697 2622 777 2652 Tuse.
795 2632 837 2657 34.
876 2622 947 2650 Cum
967 2620 993 2648 ei
1006 2619 1077 2648 nihil
1093 2618 1233 2648 accidisset
1253 2617 1372 2653 adversi,

253 2678 269 2698 e
280 2677 360 2696 muro
370 2666 397 2695 se
408 2667 436 2694 in
448 2674 522 2694 mare
533 2661 659 2699 abjecisse
668 2684 676 2697 ,
696 2660 769 2689 lecito
779 2659 898 2688 Platonis
910 2658 988 2686 libro.

251 2705 378 2741 Abjicere
387 2713 461 2733 arma
470 2701 666 2737 defatigatione
675 2721 684 2734 ,
703 2708 753 2736 pro
765 2697 920 2733 relinquere
930 2694 1043 2724 bellum.
1074 2693 1131 2724 Cic.
1143 2693 1286 2731 Torquato
1295 2716 1302 2729 ,
1321 2692 1369 2722 lib.

272 2747 297 2772 6.
310 2742 391 2780 Epist.
404 2751 429 2771 2.
462 2739 576 2769 Necesse
586 2738 638 2772 est,
658 2742 706 2766 aut
715 2736 795 2765 armis
804 2734 894 2771 urgeri
904 2732 1104 2770 rempublicam
1114 2732 1286 2769 sempiternis
1297 2753 1304 2766 ,
1325 2737 1372 2760 aut

270 2780 313 2810 his
324 2779 418 2818 positis
434 2777 548 2807 recreari
559 2774 708 2818 aliquando
718 2795 725 2809 ,
747 2780 794 2802 aut
807 2772 932 2801 funditus
946 2771 1065 2799 interire.
1107 2770 1134 2798 Si
1146 2780 1220 2798 arma
1229 2769 1370 2808 valebunt,

270 2828 324 2848 nec
334 2827 382 2847 eos
394 2827 409 2846 a
420 2815 520 2854 quibus
528 2813 666 2844 recefleris
676 2834 684 2848 ,
704 2811 791 2841 vereri
801 2809 886 2838 debes
896 2831 904 2844 ,
925 2818 977 2837 nec
987 2818 1034 2837 eos
1045 2817 1114 2844 quos
1123 2807 1256 2843 adjuvisti.
1294 2807 1321 2835 Si
1332 2816 1372 2835 ar-

269 2857 322 2885 mis
332 2862 380 2885 aut
389 2854 552 2884 conditione
562 2851 656 2890 positis
664 2872 672 2885 ,
693 2855 740 2878 aut
750 2847 945 2885 defatigatione
955 2845 1067 2881 abjectis
1077 2867 1084 2880 ,
1105 2852 1152 2873 aut
1159 2846 1274 2873 victoria
1284 2845 1373 2874 detra-

269 2895 320 2923 e'tis
330 2916 338 2929 ,
358 2893 453 2923 civitas
464 2889 649 2928 respiraverit:
671 2889 697 2917 δι
707 2887 840 2923 dignitate
849 2892 896 2914 tua
904 2884 956 2913 frui
968 2884 1017 2912 tibi
1029 2905 1036 2917 ,
1060 2885 1086 2912 δε
1094 2883 1212 2911 fortunis
1225 2881 1329 2911 licebit.

251 2929 376 2965 Abiicere
385 2930 410 2959 se
419 2929 521 2966 aliquo,
536 2927 608 2965 quasi
618 2936 653 2956 ex
662 2924 710 2954 suo
721 2923 803 2961 ipsius
814 2928 988 2959 contemptu,
999 2920 1044 2950 vel
1053 2920 1191 2957 despectu.
1214 2920 1272 2949 Cic.
1284 2919 1330 2949 lib.
1346 2930 1370 2949 1.

483 2966 539 2995 uod
549 2965 596 2994 ille
606 2962 752 2993 duriffimis
762 2960 879 2999 pedibus
891 2960 973 2993 fecit,
991 2965 1021 2988 ut
1031 2958 1057 2987 se
1068 2958 1199 2991 abjiceret
1209 2958 1237 2986 in
1247 2957 1368 2987 herbam.

251 2967 509 3042 Agiigi‘sstsghugii.
536 3003 606 3032 Plin.
618 3001 664 3031 lib.
678 3010 722 3029 21.
737 3009 796 3037 cap.
814 3008 853 3034 13.
883 2998 939 3034 Qui
952 2997 1051 3031 edere,
1071 2995 1240 3030 abiiciuntse
1252 2996 1338 3025 humi.

252 3044 376 3079 Abiicere
392 3043 436 3077 se,
458 3052 508 3080 pro
525 3041 602 3080 parvi
615 3040 752 3069 aestimare.
784 3036 842 3066 Cic.
862 3036 892 3064 in
909 3035 1001 3064 parad.
1019 3044 1040 3062 1.
1083 3034 1128 3062 Sic
1144 3041 1170 3063 te
1185 3033 1242 3072 ipse
1260 3033 1373 3069 abjicies

269 3089 352 3119 atque
367 3081 520 3119 prosternes
532 3102 540 3115 ,
570 3085 602 3107 ut
617 3076 687 3106 nihil
704 3076 776 3104 inter
792 3081 819 3103 te
836 3079 918 3110 atque
937 3073 1009 3101 inter
1027 3071 1237 3110 quadrupedem
1252 3072 1374 3109 aliquam

271 3127 352 3157 putes
364 3117 512 3147 interesl'e‘.>
544 3116 615 3146 Vide
625 3114 709 3153 paulo
724 3113 794 3141 infra
809 3111 923 3146 Abiecit.

251 3156 376 3193 Abjicere
389 3156 414 3185 se
430 3155 507 3184 alteri
522 3155 557 3184 ad
568 3153 663 3192 pedes.
701 3151 733 3181 Id
748 3150 803 3185 est,
832 3149 915 3179 alicui
935 3147 1088 3185 supplicem
1105 3146 1176 3181 esse,
1197 3146 1373 3185 supplicandi

271 3195 357 3231 gratia
366 3194 401 3222 ad
416 3193 531 3229 alicujus
546 3192 632 3230 pedes
641 3190 668 3220 se
679 3188 858 3228 prosternere.
888 3186 945 3216 Cic.
958 3187 1010 3215 Att.
1031 3185 1077 3214 lib.
1090 3190 1116 3217 8.
1155 3185 1220 3213 Non
1232 3185 1291 3213 sum
1302 3185 1372 3214 veri-

271 3239 315 3261 tus
325 3254 333 3267 ,
354 3241 389 3260 ne
399 3231 506 3260 viderer
515 3228 656 3264 assentari,
677 3228 723 3257 cui
733 3226 783 3256 tali
798 3227 827 3254 in
841 3235 868 3254 re
877 3224 996 3253 libenter
1007 3233 1052 3252 me
1062 3223 1096 3251 ad
1108 3222 1193 3259 pedes
1204 3222 1369 3258 abjeciffem.

269 3269 369 3299 Eidem
380 3268 425 3297 lib.
439 3279 464 3304 4.
476 3278 500 3297 2.
539 3268 652 3303 Abjeeta
664 3273 746 3303 toga,
767 3264 793 3293 se
806 3263 840 3292 ad
853 3262 947 3299 generi
961 3261 1046 3299 pedes
1059 3260 1167 3295 abjecit.

250 3307 375 3343 Abjicere
386 3305 411 3334 se
421 3305 573 3343 supplicem
581 3328 588 3341 ,
609 3304 763 3334 Demittere
773 3301 799 3331 se
808 3301 843 3330 ad
855 3299 1066 3338 supplicandum
1076 3300 1101 3327 Sc
1111 3297 1289 3334 prosternere.
1311 3296 1368 3327 Cic.

270 3355 320 3382 pro
330 3344 447 3373 Milone.
461 3353 520 3381 cap.
534 3347 574 3379 36.
616 3342 673 3379 Ego
686 3351 730 3370 me
743 3339 869 3378 plurimis
901 3347 931 3366 ro
947 3343 974 3365 te
985 3335 1139 3373 supplicem
1150 3335 1247 3370 abjeci.

250 3383 374 3417 Abjicere
385 3381 505 3418 aliquem
515 3402 523 3415 ,
543 3390 593 3417 pro
602 3379 757 3417 Negligere.
789 3377 847 3406 Cle.
858 3386 873 3405 a
906 3375 942 3411 Q
956 3374 1086 3409 Fratrem,
1106 3372 1154 3402 lib.
1167 3382 1178 3409 3
1192 3395 1198 3402 .
1238 3373 1372 3402 Scaurum

269 3426 362 3450 autem
379 3418 543 3455 jampridem
560 3417 707 3455 Pompeius
722 3415 832 3451 abjecit.

251 3458 375 3493 Abjicere
387 3457 454 3484 item
465 3465 537 3489 rem,
558 3456 595 3483 est
605 3455 681 3483 velut
695 3458 886 3490 contemptam
895 3450 943 3480 vili
959 3449 1049 3488 pretio
1064 3447 1193 3477 vendere.
1227 3447 1257 3476 V.
1275 3447 1368 3477 Burm.

269 3496 303 3524 ad
317 3494 419 3522 l’haedr.
435 3504 460 3528 4.
474 3504 498 3528 4.
523 3493 548 3521 Sc
559 3492 592 3520 ad
604 3491 722 3528 Quintil.
736 3490 813 3520 Deci.
832 3493 870 3519 16.
885 3494 910 3522 8.
924 3499 950 3526 p.
966 3497 1026 3523 329.
1051 3487 1125 3514 item.
1139 3487 1221 3514 (ir-on.
1235 3485 1270 3513 ad
1283 3483 1368 3514 Plaut.

269 3532 350 3562 Most.
365 3541 389 3567 3.
407 3540 430 3567 3.
447 3540 469 3565 3.
513 3529 596 3565 [Vim
606 3529 724 3566 sequitur
735 3529 905 3566 reliquorum
915 3524 1134 3564 compositorum
1149 3534 1163 3551 a
1174 3523 1250 3557 ‚lucio
1261 3524 1287 3551 Sc
1299 3521 1371 3550 cele-

268 3579 327 3599 rem
340 3569 391 3597 live
403 3568 573 3605 praecipitem
592 3567 783 3595 venditionem
793 3566 927 3599 denotat,
966 3562 1024 3592 uod
1036 3571 1071 3590 ex
1088 3561 1202 3590 Phaedro
1217 3570 1249 3589 ac
1266 3560 1372 3590 Teren-

269 3608 310 3636 tio
327 3606 430 3643 liquet:
466 3604 515 3647 §lc
532 3604 647 3647 enimin
659 3603 775 3641 Adelph.
787 3615 813 3640 4.
828 3613 852 3640 7.
868 3612 914 3638 25.
989 3609 1082 3630 emea:

403 3649 542 3679 -viginti
562 3651 644 3669 nnnae

329 3679 379 3709 Pro
392 3679 499 3717 psaltria
511 3679 615 3716 periere
625 3701 632 3712 ,
654 3688 714 3715 quae
723 3700 731 3713 ,
752 3682 885 3714 quantum
896 3675 995 3714 potest,

329 3717 381 3746 Ali<
393 3728 428 3745 uo
445 3716 600 3752 abjicienda
616 3716 669 3751 est,
700 3716 718 3744 si
735 3724 791 3743 nou
811 3716 900 3751 pretio
919 3714 1019 3751 gratiis.

268 3754 327 3786 Res
342 3778 348 3784 .
392 3755 459 3783 licio
473 3764 478 3783 :
501 3754 599 3790 Neque
611 3754 665 3787 est,
686 3762 775 3789 neque
789 3751 863 3780 illam
875 3751 937 3780 sine
950 3751 1047 3780 studeo
1060 3749 1189 3779 vendere.

269 3765 339 3822 Galli
373 3796 400 3818 Se
419 3792 513 3826 def-aire
531 3801 564 3817 au
578 3791 657 3825 pltitot
681 3792 752 3817 dune
770 3791 844 3825 chose.
891 3788 1019 3817 Pha-drus
1036 3787 1102 3816 ibid.
1125 3786 1240 3824 ipsemet
1259 3783 1369 3821 gemina

268 3829 354 3867 phrasi
367 3838 400 3857 ex
423 3829 499 3857 onit:
521 3828 695 3864 Quacunque
711 3827 816 3855 summa
831 3826 945 3854 tradere.
984 3825 1053 3854 Gall.
1077 3827 1172 3851 vendre
1184 3835 1200 3850 a
1217 3831 1273 3850 tout
1283 3830 1352 3858 prix.

248 3868 356 3903 Abjecit
366 3888 374 3900 ,
409 3866 426 3894 d
440 3866 494 3899 est,
516 3874 603 3902 prona
617 3865 691 3893 fecit.
714 3864 771 3892 Cic.
785 3865 819 3892 de
834 3862 893 3898 l1eg.
913 3862 957 3890 lib.
975 3873 995 3891 1.
1029 3863 1101 3890 Nam
1110 3872 1174 3890 cum
1184 3868 1294 3889 caeteras
1311 3859 1369 3888 ani-

267 3912 374 3934 mantes
384 3902 521 3937 abiecill‘et
532 3903 566 3930 ud
576 3902 679 3938 pastum
690 3923 698 3935 ,
718 3901 806 3930 solum
820 3900 960 3928 hominem
972 3900 1075 3928 erexit:
1105 3902 1131 3929 ὁὶ
1143 3900 1178 3928 ad
1191 3898 1273 3933 coeli,
1294 3896 1368 3933 quali

269 3941 437 3980 cognitionis
452 3939 641 3976 domiciliique
657 3939 761 3976 pristini
772 3937 952 3975 conspectum
963 3936 1100 3967 excitavit.

878 364 926 392 ut,
947 356 1061 392 Abigere
1072 353 1227 386 fastidium,
1246 349 1378 379 laffitudi-

1801 77 1830 111 A
1926 76 1950 112 B
2044 75 2060 110 I

1466 156 1608 200 Abii-cere,
1628 157 1791 186 translatum
1803 158 1837 187 ad
1853 168 1895 187 res
1906 159 2008 193 animi,
2030 169 2080 197 pro
2091 158 2247 196 Deponere.

1466 195 1696 238 IEdrhcationem.
1720 194 1777 237 Cic.
1795 196 1829 224 ad
1840 196 1913 225 Fam.
1932 196 1978 225 lib.
1994 206 2034 230 13.
2050 207 2072 225 1.
2109 196 2194 232 Quod
2204 203 2231 224 te
2242 192 2369 230 abjecisse
2381 191 2456 223 illam
2471 193 2590 225 :edifica-

1485 239 1591 261 tionem
1602 232 1741 261 constabat
1751 240 1822 262 mter
1831 232 1937 263 omneis
1948 235 2050 263 amicos
2060 244 2145 263 meos.
2163 233 2217 262 vid.
2229 243 2295 262 mox
2306 233 2415 265 Curam,
2425 232 2586 263 Consilium.

2133 270 2223 308 Caput
2240 277 2332 299 autem
2349 270 2488 298 literarum
2500 292 2508 304 ,
2540 271 2589 300 fibi

1468 270 1597 299 Amorem
1617 270 1649 298 ab
1670 269 1770 306 aliquo.
1812 271 1870 299 Cic.
1889 282 1913 301 2.
1935 271 2032 309 Philip.
2047 281 2090 308 77.
2274 307 2291 336 s
2477 307 2493 336 b

2143 317 2257 337 omnem
2286 317 2301 336 e
2320 317 2441 336 amorem
2460 318 2475 336 a
2494 308 2588 343 jecisse

1488 317 1552 350 cum
1571 306 1617 335 illa
1635 308 1719 335 mima
1738 308 1849 344 posthac
1866 309 1935 338 nihil
1954 310 2078 338 futurum
2098 319 2104 338 z

1487 344 1565 373 illinc
1576 367 1584 379 ,
1605 351 1686 381 atque
1699 345 1728 372 in
1739 346 1809 374 hanc
1820 346 2000 376 transfudisse.

1469 383 1600 426 Animum
1609 404 1616 417 ⁷
1637 392 1687 419 pro
1699 382 1822 411 animum
1833 382 1951 420 dejicere
1960 406 1967 419 ,
1988 394 2020 413 ac
2030 383 2184 421 deprimere
2193 405 2201 417 ,
2223 383 2249 411 8:
2258 391 2330 418 pene
2342 381 2490 419 desperare.

1469 421 1687 462 Aurum-natent,
1709 429 1759 457 pro
1769 430 1802 449 eo
1816 422 1890 457 quod
1903 422 1958 455 est,
1989 422 2146 459 deponere,
2168 423 2194 450 ok
2208 418 2279 456 quasi
2296 418 2379 447 vilem
2395 419 2590 457 abiectumque

1488 458 1612 500 reddere.
1648 456 1706 485 Cle.
1727 457 1780 486 Att.
1802 458 1847 487 lib.
1867 469 1887 488 1.
1936 460 2009 488 Nam
2031 460 2057 489 Sc
2074 459 2182 488 senatus
2202 456 2397 486 authoritatem
2416 455 2533 493 abjecit:
2562 460 2590 487 ἀ

1489 495 1620 524 ordinum
1636 495 1813 524 concordiam
1832 497 1973 532 disjunxit.

1472 533 1676 574 Cogitationem
1692 533 1730 561 in.
1757 532 1814 563 Cic.
1832 535 1860 562 in
1877 531 1969 563 Laelio.
1982 543 2025 570 31.
2065 534 2121 570 Qui
2137 532 2196 561 suas
2208 540 2306 560 omnes
2317 531 2499 569 cogitationes
2516 532 2590 569 abJ'e-

1492 577 1589 599 cerunt
1600 580 1628 598 in
1638 580 1695 598 rem
1706 576 1762 599 tam
1773 571 1907 601 humilem
1917 594 1925 605 ,
1947 579 2004 600 tam
2026 581 2058 600 ue
2071 575 2268 606 contemptam.

1473 607 1582 641 Curam,
1594 609 1867 650 commentationem.
1885 609 1963 638 Idem
1973 609 2008 638 ad
2039 619 2091 637 am.
2104 608 2150 636 lib.
2163 618 2186 642 9.
2200 617 2242 635 20.
2266 606 2338 635 Nam
2348 616 2461 636 omnem
2471 606 2590 637 nostram

1492 646 1527 674 de
1537 645 1690 688 Republica
1698 655 1791 674 curam
1800 669 1807 682 ,
1828 647 2025 683 cogitationem
2037 646 2071 675 de
2082 644 2201 675 dicenda
2209 644 2239 672 in
2248 643 2342 673 senatu
2354 644 2498 680 sententia,
2515 654 2590 674 com-

1492 690 1692 725 mentationem
1702 683 1840 713 causarum
1853 684 2011 718 abiecimus.
2602 688 2607 692 ’

1474 720 1643 763 Conlrlium3
1673 718 1801 757 Mutare,
1831 722 1974 760 respuere,
2002 721 2132 757 rejicere,
2160 718 2314 756 repudiare.
2349 718 2407 748 Cic.
2427 721 2480 749 Att.
2501 731 2523 755 5.
2545 730 2587 750 11.

1492 758 1612 800 Fannius
1629 764 1721 787 autem
1741 759 1884 788 confilium
1901 760 2055 789 aedificandi
2072 758 2216 794 abjecerat.
2258 757 2338 786 Idem
2354 756 2385 786 in
2401 767 2426 786 2.
2449 756 2528 787 Catil.
2546 768 2588 794 14.

1492 796 1576 825 Nunc
1594 797 1612 839 ir
1627 795 1772 839 consilium
1789 798 1908 826 faciendi
1924 798 1989 827 belli
2007 796 2146 832 abjecerit.

1473 833 1584 864 Famam
1596 834 1708 870 ingemi.
1731 834 1788 864 Cic.
1800 836 1835 864 ad
1848 836 1920 865 Fam.
1936 835 1982 864 lib.
1996 846 2021 871 9.
2038 839 2078 863 16.
2106 832 2235 870 Effugere
2244 838 2336 861 autem
2347 832 2364 861 fi
2375 832 2460 861 velim
2472 833 2594 863 nonnul-

1491 872 1582 915 lorum
1592 878 1672 900 acute
1683 878 1730 900 aut
1740 872 1827 901 facete
1837 874 1975 902 dictorum
1990 871 2172 901 offensronem
2182 892 2189 905 ,
2210 870 2284 899 fama
2294 870 2399 907 ingenii
2411 870 2479 899 mihi
2492 870 2530 899 est
2547 871 2594 900 ab·

1491 910 1621 976 Jsoele'sssda'
1663 909 1749 976 Qud-{id
1765 910 1784 939 fi
1799 910 1829 939 id
1840 911 1946 949 possem
1956 933 1963 946 ,
1991 920 2050 939 non
2066 909 2227 939 recusarem.
2266 907 2300 937 Id
2310 908 2365 943 est,
2388 907 2591 945 dissimulanda,

1504 957 1545 976 ive
1587 956 1698 984 eponen
1737 970 1743 976 .
2488 968 2490 970 ,

1474 985 1596 1015 Gloriam
1606 984 1723 1028 abjicere
1735 986 1761 1014 Sc
1772 985 1920 1024 deponere.
1944 986 2001 1015 Cic.
2015 984 2062 1014 lib.
2075 994 2099 1014 2.
2120 984 2156 1013 de
2166 984 2241 1014 Orat.
2258 994 2302 1013 10.
2340 983 2433 1014 Gloria
2447 991 2525 1022 parta
2534 993 2593 1014 non

1493 1022 1622 1051 delectari
1631 1045 1639 1057 ,
1657 1029 1800 1060 totamque
1811 1024 1929 1059 abiicere
1942 1031 2024 1062 atque
2040 1023 2189 1060 deponere.

1471 1060 1688 1090 Intercefforem.
1710 1060 1768 1089 Cic.
1779 1062 1812 1104 ad
1824 1061 1896 1091 Fam.
1917 1062 1963 1091 lib.
1981 1073 2021 1091 10.
2037 1071 2078 1090 12.
2114 1060 2197 1089 Hunc
2207 1059 2444 1096 quemadmodum
2455 1059 2592 1097 fregerim,

1491 1104 1648 1141 quantaque
1664 1104 1845 1128 contentrone
1860 1100 1968 1129 Titium
1984 1097 2190 1129 intercessorem
2205 1097 2370 1133 abjecerim,
2391 1106 2427 1127 ex
2437 1097 2554 1126 aliorum
2564 1103 2595 1128 te

1492 1136 1578 1165 literis
1592 1135 1665 1174 malo
1676 1136 1849 1173 cognoscere.

1472 1174 1640 1205 Memoriam
1652 1174 1763 1203 doloris.
1794 1174 1851 1204 Cic.
1868 1185 1888 1204 1.
1907 1174 2005 1211 Philip.
2020 1182 2062 1209 30.

1473 1212 1672 1255 obedientiam
1682 1212 1836 1249 relinquere
1847 1215 1872 1243 ἃ
1884 1213 2009 1249 abjicere.
2030 1211 2087 1241 Cic.
2100 1212 2147 1241 lib.
2162 1210 2254 1241 1.'Off.
2268 1220 2311 1247 29.
2334 1209 2508 1248 Relinquunt
2518 1211 2599 1246 enim

1492 1253 1519 1280 ἃ
1530 1251 1664 1293 abiiciunt
1675 1249 1862 1280 obedientiam
1873 1273 1880 1285 ,
1901 1261 1954 1280 nec
1969 1250 2069 1279 rationi
2085 1256 2190 1288 parent.

1473 1289 1554 1319 Onus
1565 1289 1683 1324 abjicere
1694 1295 1740 1316 aut
1749 1288 1897 1326 deponere.
1926 1288 1982 1318 Cic.
1998 1298 2048 1325 pro
2058 1288 2120 1317 Sex.
2134 1287 2233 1316 Roscio
2243 1286 2331 1315 Amer.
2347 1296 2388 1314 10.
2419 1285 2500 1315 Onus
2508 1285 2595 1315 susce-

1491 1333 1572 1393 ptum
1588 1334 1636 1355 aut
1652 1332 1765 1364 propter
1781 1327 1925 1364 perfidiam
1943 1326 2078 1363 abjicere,
2106 1332 2154 1355 aut
2170 1330 2284 1364 propter
2302 1323 2492 1370 infirmitatem
2508 1324 2596 1355 animi

1491 1375 1501 1393 (
1512 1374 1641 1402 eponere.

1472 1403 1635 1432 Socordiam
1648 1401 1773 1437 abiicere.
1805 1402 1891 1432 Plaut.
1908 1402 1977 1431 Asin.
1991 1412 2015 1432 2.
2033 1412 2056 1431 1.
2076 1405 2101 1431 6.
2123 1401 2196 1438 vulg.
2214 1401 2296 1429 reice.

1471 1441 1574 1483 Spem,
1595 1450 1646 1478 pro
1656 1440 1812 1479 Desperare.
1834 1441 1891 1470 Cic.
1905 1449 1928 1476 3.
1942 1440 2016 1469 Verr.
2046 1440 2120 1469 Socii
2130 1449 2195 1468 vero
2206 1439 2389 1475 nationesque
2397 1442 2507 1473 exterae,
2517 1435 2596 1474 spem

1491 1488 1617 1507 omnium
1627 1485 1688 1507 tum
1696 1479 1818 1517 primum
1835 1479 1959 1515 abjecere
1968 1487 2068 1508 rerum.
2106 1477 2169 1507 Hoc
2179 1476 2216 1506 est
2225 1499 2233 1513 ,
2259 1475 2313 1506 suis
2323 1477 2358 1505 de
2369 1475 2452 1504 rebus
2463 1475 2597 1504 omnibus

1491 1516 1633 1553 desperare
1645 1523 1798 1554 coeperunt.

1471 1554 1556 1592 Spem
1568 1554 1685 1596 abjicere
1696 1555 1730 1583 de
1743 1554 1843 1592 aliquo.
1874 1553 1974 1584 Brutus
1990 1553 2048 1583 Cic.
2066 1553 2114 1583 lib.
2131 1562 2172 1582 11.
2187 1563 2228 1584 11.
2243 1562 2270 1583 2.
2308 1550 2354 1581 Ne
2371 1551 2407 1580 de
2424 1549 2527 1581 Planco
2535 1551 2597 1589 quia

1491 1592 1556 1620 dem
1571 1593 1646 1629 lpem
1662 1592 1754 1621 adhuc
1770 1592 1878 1628 abjecit.

1471 1629 1634 1668 Superbiam
1649 1629 1774 1665 abjicere.
1801 1629 1887 1659 Plaut.
1906 1628 2022 1659 Mercat.
2035 1639 2060 1658 2.
2078 1639 2120 1658 10.

1471 1668 1624 1697 Timorem.
1655 1667 1711 1697 Cic.
1730 1668 1823 1697 Bruto.
1841 1667 1887 1696 lib.
1905 1677 1944 1695 11.
1958 1677 2002 1696 21.
2017 1672 2042 1700 8.

1470 1705 1650 1735 Voluntatem
1664 1705 1797 1735 discendi.
1825 1705 1883 1734 Cic.
1894 1704 1941 1733 lib.
1955 1714 1978 1733 2.
1996 1704 2030 1733 de
2041 1704 2117 1733 Orat.
2133 1711 2195 1741 132.
2231 1703 2270 1733 Ut
2285 1701 2460 1733 voluntatem
2470 1699 2596 1733 discendi

1490 1743 1570 1772 simul
1581 1753 1645 1773 cum
1654 1743 1700 1781 spe
1712 1743 1885 1781 perdiscendi
1896 1743 2086 1778 abjiceremus.

1469 1781 1595 1817 Abjicere
1605 1781 1710 1818 aliquid
1719 1781 1844 1810 ostentui.
1867 1780 1929 1810 Hoc
1940 1780 1993 1815 est,
2012 1780 2047 1808 ad
2056 1780 2202 1809 ostentum.
2226 1778 2315 1808 Tacit.
2327 1778 2374 1807 lib.
2389 1787 2411 1806 1.
2426 1777 2496 1806 Ann.
2510 1787 2553 1813 29.
2566 1780 2591 1807 6.

1490 1819 1618 1849 Tradunt
1632 1818 1756 1856 plerique
1766 1819 1837 1848 intra
1851 1817 2062 1847 tabernaculum
2078 1817 2156 1846 ducis
2166 1817 2279 1845 obrutos
2292 1827 2298 1846 :
2329 1816 2375 1845 alii
2388 1824 2504 1853 corpora
2518 1821 2598 1846 extra

1491 1857 1594 1886 vallum
1608 1856 1717 1893 abjecta
1731 1857 1857 1886 ostentui.
2240 1855 2244 1859 ”

1434 1897 1457 1926 Α
1465 1906 1479 1924 s
1487 1905 1498 1930 J
1507 1905 1521 1923 a
1529 1905 1546 1923 c
1554 1905 1573 1923 T
1582 1905 1600 1923 u
1608 1905 1620 1923 s
1630 1917 1639 1930 ,
1659 1895 1754 1924 Partic.
1783 1893 2025 1930 [λ’γηζεβλημένῶι]
2055 1892 2153 1922 Hostes
2163 1913 2172 1927 ,

1472 1939 1546 1963 runt.
1569 1932 1633 1962 Caes.
1647 1933 1682 1961 de
1694 1932 1771 1961 Bello
1784 1931 1853 1962 Gall.
1866 1931 1914 1961 lib.
1926 1944 1952 1968 4.
1967 1941 2009 1967 34.
2021 1942 2047 1967 4.

1472 1971 1585 2006 Abjeeta
1601 1971 1787 2000 cunctatione.
1819 1969 1876 2000 Cic.
1891 1981 1914 1999 1.
1935 1969 1992 2000 Off.
2008 1978 2053 2006 72.
2093 1967 2206 2004 Abjeeta
2222 1967 2302 1997 omni
2319 1967 2516 2003 concitatione,
2538 1966 2596 1997 adi-

1491 2008 1614 2046 piscendi
1626 2008 1794 2045 magistratus
1805 2007 1875 2037 sunt.

1471 2047 1600 2081 Abienus
1612 2046 1640 2074 in
1652 2046 1751 2075 herbis.
1779 2045 1811 2077 ld
1822 2045 1876 2080 est,
1897 2044 2054 2084 prostratus.
2079 2043 2155 2073 Ovid
2171 2042 2264 2083 Epist.
2277 2051 2303 2079 7.
2320 2051 2343 2073 1.

1471 2085 1584 2120 Abjeeta
1602 2084 1648 2113 ira.
1676 2083 1775 2119 idest,
1794 2083 1902 2119 sedata,
1932 2084 1959 2113 δι
1974 2082 2083 2121 prorsus
2095 2080 2227 2119 deposita.
2257 2080 2321 2111 Sen.
2341 2081 2371 2109 in
2382 2079 2495 2118 Thyest.
2518 2091 2543 2117 5.
2565 2079 2590 2110 6.

1434 2151 1439 2155 ,
1492 2123 1533 2152 Ira
1548 2122 1629 2150 frater
1646 2121 1753 2157 abjecta
1768 2121 1846 2150 redit.

1434 2160 1573 2195 ABJECT
1581 2169 1637 2195 us,
1655 2160 1713 2194 ior,
1734 2158 1846 2189 issimus.
1869 2154 2064 2194 [Xmstssnnr&,
2086 2152 2259 2191 meamea]
2289 2155 2408 2192 Jacens,
2428 2154 2596 2191 summissus,

1471 2204 1648 2234 contemptus
1659 2220 1667 2233 ,
1692 2197 1768 2234 quod
1779 2204 1835 2225 tam
1845 2197 1879 2225 ad
1890 2206 1932 2225 res
1942 2205 2024 2232 quam
2033 2195 2068 2224 ad
2085 2194 2214 2232 personas
2228 2195 2350 2231 pertinet
2359 2216 2367 2228 ,
2388 2199 2436 2228 ut,
2464 2193 2597 2229 Abjeetus

1470 2235 1556 2266 homo
1566 2258 1574 2269 ,
1595 2236 1641 2272 qui
1659 2244 1795 2273 perpetuo
1812 2235 1889 2263 humi
1906 2233 2011 2263 desidet
2021 2255 2028 2267 ,
2048 2231 2173 2270 nihilque
2185 2232 2302 2261 arduum
2312 2231 2428 2260 molitur
2439 2253 2447 2266 ,
2477 2232 2504 2261 ἃ
2515 2231 2552 2260 ob
2563 2231 2597 2260 id

1470 2273 1504 2302 ab
1516 2273 1644 2302 omnibus
1659 2273 1854 2302 contemnitur.
1883 2271 1941 2302 Cic.
1954 2283 1980 2307 4.
1998 2271 2081 2301 Acad.
2096 2279 2158 2307 235.
2197 2269 2257 2298 Hos
2274 2269 2294 2298 fi
2310 2269 2516 2303 contemnimus
2526 2291 2535 2305 ,
2555 2275 2598 2299 et·-

1469 2312 1524 2340 iam
1536 2311 1656 2345 abiectos
1669 2320 1806 2348 putamus.

1469 2349 1598 2385 Abjectus
1609 2351 1634 2378 te
1643 2355 1829 2385 contemptus.
1851 2347 1909 2376 Cic.
1922 2355 2018 2375 contra
2030 2344 2106 2375 Rull.
2119 2354 2163 2381 93.
2198 2344 2291 2381 Quem
2301 2343 2446 2373 hominem
2456 2350 2488 2374 ut
2497 2344 2595 2379 grandi

1489 2387 1577 2416 macie
1594 2387 1730 2416 torridum
1746 2387 1841 2416 Roma:
1851 2408 1859 2420 ,
1889 2390 2083 2421 contemptum
2094 2405 2102 2417 ,
2131 2383 2270 2419 abjectum
2284 2382 2456 2412 videbamus.
2493 2381 2528 2411 Et
2543 2391 2596 2420 pro

1488 2424 1599 2454 Cluent.
1612 2434 1656 2461 75.
1693 2425 1748 2454 Aut
1758 2423 1866 2453 causam
1876 2422 2003 2461 pecuniae
2019 2421 2140 2459 publicae
2150 2426 2342 2458 contemptam
2357 2426 2439 2457 atque
2457 2419 2598 2455 abjectam

2199 1874 2312 1928 abjeais
2329 1891 2410 1920 armis
2421 1897 2498 1929 terga
2507 1897 2598 1922 verte-

1510 2468 1626 2491 utarent.
2123 2475 2125 2478 ⁴

1467 2473 1596 2530 Diesertus
1612 2507 1693 2536 atque
1702 2498 1832 2535 abjectus.
1855 2497 1913 2526 Cic.
1925 2496 2061 2532 Lentulo,
2082 2495 2129 2526 lib.
2144 2506 2167 2525 1.
2182 2506 2205 2532 5.
2224 2505 2265 2533 13.
2304 2495 2362 2525 Nisi
2370 2505 2421 2534 per
2432 2501 2460 2524 te
2470 2495 2502 2524 sit
2519 2495 2593 2525 resti-

1489 2545 1564 2567 tutus
1577 2560 1584 2572 ‚
1606 2538 1743 2567 desertum
1753 2537 1779 2565 se
1790 2543 1871 2573 atque
1882 2535 2020 2570 abjectum
2036 2535 2103 2563 sore.

1468 2575 1596 2605 Humiles
1606 2576 1781 2611 abjectosque
1799 2573 1920 2611 sequitur
1931 2579 2118 2610 contemptus.
2141 2571 2239 2608 Quint.
2251 2570 2298 2600 lib.
2310 2581 2337 2606 4.
2358 2580 2418 2608 cap.
2434 2580 2456 2599 1.
2473 2581 2515 2600 10.

1469 2613 1583 2648 Abiecta
1593 2615 1619 2643 δι
1631 2612 1743 2642 humi-lis
1759 2612 1856 2641 oratio.
1889 2610 1947 2639 Cic.
1962 2611 1991 2639 in
2009 2610 2085 2639 Orat.
2105 2619 2165 2645 192.
2206 2609 2247 2638 Ita
2262 2617 2353 2645 neque
2364 2608 2500 2637 humilem
2511 2631 2519 2644 ,
2540 2617 2596 2638 neo

1487 2651 1622 2687 abjectam
1636 2651 1807 2685 orationem,
1834 2657 1886 2677 nec
1899 2648 1981 2677 nimis
1993 2648 2076 2677 altam
2086 2648 2112 2677 ἃ
2128 2653 2318 2686 exaggeratam
2333 2646 2449 2684 probat:
2479 2645 2596 2684 plenam

1486 2695 1581 2718 tamen
1590 2699 1651 2718 eam
1659 2688 1720 2717 vult
1729 2687 1781 2716 esse
1792 2686 1937 2724 gravitatis.

1466 2726 1546 2756 Nihil
1555 2727 1693 2762 abiectum
1705 2727 1731 2756 ἃ
1743 2724 1847 2755 humile
1859 2724 1988 2760 cogitare.
2018 2721 2076 2753 Cic.
2091 2733 2114 2757 5.
2132 2722 2167 2751 de
2176 2721 2235 2751 Fin.
2253 2730 2295 2757 57.

1466 2764 1596 2800 Abiectus
1609 2766 1636 2794 Sc
1647 2763 1796 2801 neglectus.
1826 2762 1884 2792 Cic.
1902 2761 1950 2790 lib.
1964 2770 1987 2795 3.
2002 2760 2036 2788 de
2048 2760 2108 2789 Fin.
2122 2770 2166 2789 20.
2207 2759 2327 2789 ,Minime
2339 2764 2432 2787 autem
2448 2758 2591 2794 convenit,

1487 2813 1573 2839 quum
1592 2802 1639 2840 ipsi
1656 2803 1727 2831 inter
1740 2811 1790 2830 nos
1800 2799 1898 2836 abjecti
1910 2798 2084 2835 neglectique
2100 2797 2181 2827 limus
2191 2820 2198 2833 ,
2220 2796 2357 2834 postulare
2368 2806 2399 2826 ut
2410 2796 2463 2825 diis
2479 2796 2592 2825 immor-

1485 2840 1586 2869 talibus
1597 2840 1670 2869 chari
1682 2836 1763 2868 fimus
1772 2861 1780 2873 ,
1802 2839 1827 2868 δέ
1840 2838 1873 2867 ab
1884 2836 1937 2865 illis
1948 2835 2104 2872 diligamur.

1466 2878 1595 2913 Abjecrus
1614 2880 1639 2908 δὲ
1654 2876 1816 2907 summissus.
1856 2875 1912 2904 Cic.
1929 2873 1976 2903 lib.
1990 2883 2015 2903 2.
2037 2872 2094 2905 Off.
2115 2883 2175 2908 114.
2212 2872 2351 2902 Privatum
2369 2877 2462 2901 autem
2479 2877 2593 2908 oportet

1486 2926 1564 2952 aequo
1580 2918 1605 2946 St
1617 2916 1675 2955 pari
1686 2926 1750 2945 cum
1759 2913 1873 2944 civibus
1886 2914 1945 2950 jure
1960 2912 2052 2943 vivere
2062 2934 2070 2947 ,
2098 2921 2190 2948 neque
2206 2909 2377 2939 summissum
2395 2911 2422 2939 ὃς
2439 2909 2592 2946 abjectum,

1486 2964 1577 2992 neque
1594 2954 1620 2984 se
1638 2955 1808 2984 efferentem.
2527 2971 2529 2976 .

1466 2992 1595 3028 Abjeelus
1614 2995 1640 3022 St
1660 2992 1812 3021 semivivus.
1848 2989 1906 3018 Cic.
1924 2989 1953 3016 in
1969 2987 2056 3018 Pison.
2071 2995 2114 3023 31.
2152 2986 2258 3022 Abjecti
2280 2985 2402 3015 hominis
2421 2986 2448 3015 Sc
2466 2984 2592 3015 semivivi·

1485 3030 1606 3061 furorem
1621 3030 1857 3068 petulantiamque
1871 3026 1991 3063 fregistis.

1465 3067 1596 3104 Abjeetus
1604 3069 1724 3097 fortuna.
1746 3067 1803 3096 Cic.
1815 3064 1919 3101 Figulo.
1933 3063 2009 3099 lib.4.
2020 3071 2089 3099 13.3.
2112 3060 2171 3098 Ipse
2181 3062 2257 3090 enim
2266 3061 2323 3098 pari
2334 3060 2445 3088 fortuna
2454 3059 2588 3095 abjedtus.

1466 3105 1611 3142 Abjet‘tum
1622 3107 1751 3136 excitare.
1780 3103 1837 3132 Cle.
1854 3104 1904 3131 Att.
1920 3101 1967 3129 lib.
1984 3111 2005 3129 1.
2020 3111 2043 3135 ς.
2081 3100 2214 3129 Senatum
2228 3099 2263 3128 ad
2278 3098 2420 3136 pristinam
2431 3097 2506 3126 suam
2517 3097 2591 3127 seve-

1485 3144 1595 3172 ritatem
1608 3143 1733 3172 revocavi
1745 3165 1752 3176 ,
1773 3148 1853 3178 utque
1865 3139 2002 3175 abjectum
2015 3137 2141 3166 excitavi.

1466 3182 1595 3215 Abiectus
1605 3188 1699 3216 metu,
1720 3180 1791 3209 Pene
1802 3177 1967 3215 desperatus.
1990 3175 2046 3205 Cic.
2062 3186 2112 3214 pro
2122 3174 2213 3203 Domo
2223 3172 2277 3203 sua.
2293 3183 2320 3210 13
2330 3184 2352 3209 ς.
2385 3172 2591 3209 Civitatemque

1485 3220 1599 3248 fractam
1608 3218 1702 3253 malis,
1723 3224 1845 3249 mutam,
1867 3214 2038 3244 debilitatam
2049 3235 2056 3247 ,
2079 3212 2213 3249 abjectam
2225 3218 2319 3247 metu,
2338 3211 2373 3240 ad
2382 3210 2501 3249 aliquam
2511 3210 2589 3248 spem

1485 3257 1634 3291 libertatis,
1657 3258 1683 3286 St
1714 3255 1810 3284 ristinae
1822 3253 1961 3289 dignitatis
1976 3252 2071 3280 erexit.

1464 3295 1564 3323 Animo
1574 3294 1681 3329 abjecto
1691 3266 1785 3322 iiomo.
1809 3290 1865 3320 Cic.
1885 3291 1937 3319 Att.
1955 3289 2002 3319 lib.
2018 3298 2040 3325 3.
2055 3298 2080 3318 2.
2114 3287 2193 3317 Plura
2201 3286 2317 3316 scribere
2332 3296 2389 3315 non
2401 3284 2509 3323 possum
2519 3307 2526 3320 ,
2545 3286 2585 3316 ita

1485 3332 1543 3361 sum
1556 3333 1648 3361 animo
1659 3329 1783 3369 perculso
1799 3335 1879 3365 atque
1892 3327 2008 3361 abiecto,

1464 3370 1580 3399 Animus
1599 3369 1739 3403 abiectior.
1772 3366 1829 3396 Cic.
1850 3366 1884 3394 de
1897 3364 2039 3397 Amicitia.
2062 3373 2103 3398 59.
2139 3362 2217 3400 Saepe
2227 3362 2340 3391 enimin
2357 3360 2523 3398 quibusdam
2539 3365 2587 3389 aut

1482 3408 1592 3436 animus
1602 3406 1733 3440 abiectior
1742 3405 1795 3439 est,
1817 3409 1863 3432 aut
1877 3402 1934 3440 spes
1944 3400 2144 3439 amplificanda*
2158 3401 2275 3429 fortuna>
2287 3400 2404 3428 fractior.

1464 3445 1555 3474 Animi
1565 3444 1696 3478 abiectior
1706 3466 1713 3478 ,
1733 3443 1838 3472 dietum
1850 3441 1944 3469 Graeca
1951 3439 2037 3475 figura
2046 3460 2053 3473 ,
2074 3448 2123 3476 pro
2134 3448 2166 3467 eo
2180 3437 2256 3474 quod
2268 3438 2305 3466 est
2315 3438 2407 3466 animo
2425 3435 2583 3472 abjectiore.

1466 3510 1467 3513 ,
1484 3482 1540 3512 Liv.
1563 3482 1669 3511 Multos
1680 3481 1726 3510 sibi
1736 3479 1886 3509 moestiores
1897 3479 1923 3507 Sc
1934 3476 2095 3512 abjectiores
2105 3476 2188 3504 animi
2198 3475 2277 3504 visos.

1465 3519 1591 3549 Gemitus
1610 3519 1741 3555 abjectus.
1770 3518 1827 3546 Cic.
1840 3526 1864 3545 2.
1885 3514 1966 3544 Tusc.
1980 3523 2024 3550 97.
2061 3514 2108 3543 Sin
2121 3514 2171 3541 erit
2191 3512 2235 3541 ille
2254 3513 2371 3547 gemitus
2388 3509 2584 3545 lamentabilis,

1483 3557 1501 3586 fi
1515 3557 1689 3593 imbecillus,
1706 3557 1724 3586 si
1736 3555 1876 3591 abjectus,
1899 3552 1916 3582 li
1928 3551 2044 3581 flebilis:
2067 3551 2093 3581 ei
2106 3552 2152 3588 qui
2169 3550 2195 3580 se
2212 3550 2337 3585 dederit,
2356 3549 2404 3579 vix
2414 3552 2480 3578 cum
2493 3549 2585 3582 virum.

1480 3595 1609 3624 dixerim.

1462 3632 1551 3669 Nugae
1568 3632 1689 3667 abjet‘tae.
1718 3630 1786 3660 Hor.
1806 3628 1852 3657 lib.
1866 3637 1890 3656 2.
1908 3626 1991 3664 Epist.
2004 3636 2030 3655 2.
2048 3636 2108 3660 141.

1508 3670 1647 3698 Nimirum
1659 3669 1750 3706 sapere
1767 3666 1804 3696 est
1821 3665 1933 3698 abiectis
1947 3663 2013 3692 utile
2027 3664 2115 3700 nugis.
2152 3661 2215 3691 Hoc
2225 3662 2279 3696 est,
2298 3661 2445 3699 depositis,
2465 3659 2581 3694 reiectis,

1461 3707 1591 3741 Abiectu,
1613 3707 1687 3743 apud
1704 3703 1918 3742 jurisconsultos
1934 3702 2083 3735 dicuntur,
2113 3710 2173 3737 quae
2190 3701 2312 3729 incendii
2325 3699 2403 3729 causa
2419 3698 2468 3728 sub
2486 3698 2584 3732 divum.

1480 3745 1656 3773 emittuntur.
1678 3744 1696 3772 l.
1717 3742 1815 3773 Falsus.
1830 3741 1850 3777 ς.
1866 3740 1911 3777 qui
1928 3739 2059 3768 alienum.
2082 3738 2115 3768 D.
2130 3737 2164 3765 de
2175 3737 2238 3766 iiirt.

1461 3782 1566 3814 Senarii
1578 3782 1687 3817 abjecti.
1719 3781 1776 3809 Cic.
1797 3779 1824 3807 in
1843 3778 1919 3807 Orat.
1936 3782 1995 3812 184.
2038 3776 2071 3804 At
2085 3775 2265 3804 Comicorum
2276 3775 2373 3803 senarii
2388 3778 2500 3811 propter
2512 3772 2583 3801 simi-

1479 3819 1627 3848 litudinem
1644 3818 1776 3855 sermonis
1794 3817 1829 3845 lic
1846 3815 1916 3853 saepe
1934 3814 1997 3843 sunt
2012 3812 2110 3848 abjecti
2124 3834 2131 3847 ,
2160 3819 2191 3840 ut
2212 3821 2413 3849 nonnunquam
2429 3811 2475 3839 vix
2492 3810 2521 3838 in
2539 3810 2582 3838 his

1480 3867 1612 3886 numerus
1623 3858 1648 3886 Sc
1659 3855 1748 3884 versus
1763 3852 1879 3891 intelligi
1897 3851 1987 3890 pollit.
2009 3852 2027 3882 i.
2041 3861 2065 3881 e.
2085 3850 2163 3880 humi
2173 3858 2290 3889 repunt,
2312 3858 2410 3887 parum
2427 3848 2491 3878 elati
2506 3847 2579 3882 sunt,

1478 3904 1596 3925 numero
1608 3893 1744 3932 neglecto.

2494 3920 2582 3951 Verba
