2600 4177
474 155 503 189 C
591 158 625 191 Y
716 158 744 191 C

196 236 304 266 Vertice
315 236 447 273 turrigero
467 236 546 271 juxta
567 237 619 265 dea
640 246 738 275 magna
758 237 882 274 Cybelle.

108 285 169 313 quae
180 274 300 304 diximus
313 274 341 302 in
360 282 404 302 cv
413 283 427 301 s
437 282 451 302 s
460 283 474 301 a
484 283 506 302 a.
528 273 629 303 Lucan.
641 274 689 304 lib.
704 285 725 303 ι.
743 286 804 309 595-

203 311 234 341 Et
243 311 327 340 lotam
341 320 424 347 parvo
433 317 564 339 revocant
573 312 688 341 Almone
699 312 843 344 Cybellen.

965 240 1006 270 Al.
1029 240 1150 278 Cybebe.
1187 239 1220 268 V.

939 313 971 343 V.
995 325 1012 343 Α
1024 325 1070 343 Lm
1081 324 1097 342 o
1113 310 1221 342 fluvius.

109 348 278 378 Claudianus
299 349 333 377 de
349 348 428 386 Rapt.
448 347 567 384 Proserp.
589 348 633 377 lib.
649 358 671 379 1.
687 345 752 379 212).
774 350 814 379 De
831 349 936 387 Cybele
957 352 1021 381 vide
1040 351 1127 381 multa
1148 351 1224 388 apud

110 386 285 422 fulgentium
297 408 304 418 .
327 385 374 414 lib.
389 394 413 417 ι.
429 384 654 422 Mytliologicorn

110 423 220 452 Turrita
229 423 341 461 Cybele.
363 422 460 451 Claud.
473 431 495 456 3.
509 422 544 451 de
557 423 637 460 Rapt.
657 423 778 460 Proserp.
793 433 856 461 ²7¹·

111 460 266 497 Turrigera.
288 460 384 490 Claud.
401 468 424 489 1.
437 459 473 488 de
484 459 564 498 Rapt.
578 460 699 497 Proserp.
713 471 774 496 179.

75 497 309 532 Οῖειῑιὲιυε,
326 507 358 530 a.
380 506 437 525 um.
461 498 520 533 Adj.
541 503 592 532 ut,
614 498 763 535 Cybeleius
783 499 859 527 Attis.
882 498 965 528 Ovid.
981 508 1023 529 10.
1042 499 1112 529 Met.
1128 509 1190 535 104.

76 534 99 563 C
109 539 218 564 YBELE
228 544 246 564 A
259 556 268 570 ,
289 544 320 564 ae.
341 534 361 563 f.
381 533 542 570 [κυζέλεω]
563 534 634 564 Urbs
647 536 729 565 Ioniae
743 558 751 571 ,
771 537 838 565 teste
848 536 1000 573 Stephano.

75 570 98 601 C
109 582 126 600 Υ
135 581 150 600 Β
159 581 172 600 a
181 582 197 600 a
206 581 226 601 N
235 575 271 601 Es
280 581 316 600 [Α
326 593 334 606 ,
356 571 550 607 [KvCep-n'mx]
571 572 646 602 Festa
657 573 718 602 sunt
728 595 736 608 ,
757 573 864 603 Theseo
877 583 911 602 ex
923 575 1002 603 Creta
1014 574 1149 603 redeunte
1161 596 1167 606 .
1191 574 1231 603 in-

112 608 223 643 stituta,
244 608 385 638 Naufithoi
410 609 602 646 gubernatori-s
624 611 744 644 honori,
772 612 798 640 ἅ
827 619 942 648 proretae
967 612 1104 641 Phreacis:
1128 612 1231 640 etiamsi

113 646 259 676 Phereclus
269 646 422 676 Simonidae
431 648 517 685 magis
527 647 620 686 placet
630 648 730 678 Thesei
740 649 817 677 navis
827 649 992 677 moderator.
1014 650 1068 678 Sed
1080 650 1232 678 Naulithoo

113 684 140 713 ἃ
153 683 256 713 Phaeaci
269 686 360 714 erecta
376 686 530 714 etiamnum
540 685 625 715 heroa
634 685 704 715 sunt.
744 686 776 715 V.
797 686 915 723 Rhodig.
933 686 981 716 lib.
996 692 1038 720 18.
1064 696 1124 724 cap.
1141 697 1182 722 ¹7·
1207 689 1233 716 Se

114 720 251 750 Plutarch.
267 721 297 750 in
308 721 390 751 Thes.

77 758 318 793 Crmosacrussts.
331 769 368 788 m.
380 758 893 797 [KvGrmiz-mr]Sueton.inVespascap.
902 771 941 795 ¹9.
954 760 1235 798 AlexandriniCybio-

113 794 214 839 faciem
226 806 291 826 eum
303 807 401 826 vocare
408 797 654 835 perseveraverunt
663 819 670 833 ,
692 799 860 835 cognomine
873 799 954 827 unius
966 808 980 827 e
992 799 1101 835 regibus
1116 799 1168 828 suis
1179 807 1235 828 tur-

114 833 287 900 pijffimarum
311 835 441 864 sordium.
483 835 536 864 Hic
556 843 649 864 autem
675 845 758 871 quem
775 835 956 872 Cybiosacten
978 837 1148 873 appellatum
1168 837 1236 865 dicit

144 872 295 909 tanquillus
306 880 419 910 propter
430 873 490 908 ejus
500 873 733 908 illiberalitatem,
753 883 809 901 non
823 883 892 902 unus
911 873 964 902 suit
975 883 1009 902 cx
1023 873 1174 903 Ptolemaeis
1197 884 1237 903 re-

115 908 216 946 gibus,
237 909 284 939 sed
300 920 316 939 e
335 911 411 947 Syria
426 911 532 940 ducens
549 912 703 948 originem,
725 911 771 947 qui
790 920 805 939 a
822 910 876 939 filia
888 911 1007 940 maxima
1027 919 1091 940 natu
1103 911 1236 941 Ptolemei

115 946 222 976 Auletae
235 957 250 977 a
261 947 314 977 suis
324 948 428 986 expulsi
442 949 471 976 in
482 949 569 978 virum
578 949 718 978 arceffitus
729 970 736 981 .
757 958 814 976 non
830 949 917 977 multo
929 949 988 986 post
1005 949 1106 987 abipsa
1121 949 1238 987 expelli-

117 990 180 1020 tur,
200 986 277 1021 quod
295 987 355 1022 ejus
372 985 574 1023 ignobilitatem
592 993 675 1023 atque
693 985 906 1015 illiberalitatern
920 987 977 1023 pati
996 996 1053 1015 non
1066 986 1163 1024 poil'et.
1187 989 1239 1015 Au-

119 1023 180 1051 δῖοι·
191 1023 288 1052 Strabo
302 1023 350 1052 lib.
365 1033 406 1058 17.
427 1023 470 1053 Illi
481 1023 514 1052 ab
528 1024 690 1053 ordinandis
700 1023 788 1061 cybiis
804 1045 812 1058 ,
833 1033 892 1060 quae
908 1024 978 1052 forte
998 1024 1113 1061 ipsemet
1127 1024 1239 1053 familiae

119 1059 306 1097 dispensaret,
327 1061 426 1090 merito
445 1061 658 1091 sordidislimum
676 1068 895 1098 cognomentum
911 1062 1039 1091 adhaesit:
1063 1072 1118 1098 quo
1140 1064 1164 1092 ἃ
1188 1062 1241 1091 Ve-

117 1097 272 1135 spalianum
284 1099 441 1136 principem
462 1100 514 1134 (ut
528 1107 606 1129 erant
620 1099 797 1128 Alexandrini
811 1100 938 1133 dicaces)
959 1108 1071 1136 propter
1085 1101 1144 1135 ejus
1157 1100 1241 1128 avari-

119 1136 190 1164 tiam
208 1135 393 1173 asperserunt,
414 1138 653 1173 quemadmodum
668 1139 694 1167 ἃ
708 1137 791 1174 Syriae
807 1137 863 1174 regi
877 1136 1002 1175 Physcon
1021 1145 1241 1174 cognomentum

118 1172 195 1202 suita
209 1173 336 1203 craffiore
345 1175 474 1204 intestino
484 1197 492 1210 ,
513 1177 589 1212 quod
600 1175 687 1204 multa
697 1180 818 1213 caperet.

84 1208 351 1247 CYBloTATRs‚
372 1211 403 1241 V.
426 1222 580 1242 ovatum.

84 1246 158 1277 Cvs
168 1258 201 1277 ra
212 1259 231 1277 A
242 1271 251 1283 ,
272 1259 302 1279 ae.
325 1249 343 1279 f.
369 1249 504 1286 [indaga]
524 1249 671 1288 Oppidum
684 1249 722 1279 est
733 1249 897 1287 Lycaoniae,
917 1259 976 1279 non
992 1249 1091 1287 procul
1106 1259 1121 1278 a
1139 1248 1244 1279 Maean-

120 1285 172 1315 dro
182 1286 277 1317 fluvio.
317 1287 375 1317 Cic.
388 1291 414 1317 6.
427 1287 500 1318 Verr.
513 1297 556 1324 30.
579 1287 669 1317 l-Iosce
685 1288 786 1324 opinor
805 1288 913 1324 Cybira:
925 1309 934 1322 ,
956 1296 1042 1324 quum
1066 1288 1095 1316 in
1112 1286 1244 1325 suspicio-

123 1333 188 1353 nem
200 1324 335 1354 veniss'ent
345 1325 468 1360 civibus,
489 1326 585 1355 fanum
597 1325 728 1363 expilaffe
744 1325 894 1362 Apollinis,
909 1327 961 1354 ἃς.

83 1359 108 1389 C
117 1370 158 1389 ΥΒ
167 1372 175 1389 ι
184 1371 200 1390 R
210 1371 226 1390 A
235 1371 255 1390 Τ
264 1372 297 1392 as
308 1384 315 1397 ,
337 1362 381 1392 vel
407 1363 428 1392 C
438 1373 456 1391 Υ
465 1373 480 1391 B
489 1375 497 1392 1
506 1373 548 1392 RA
557 1372 577 1391 T
587 1373 616 1396 Α,
630 1372 660 1392 ae.
684 1373 721 1392 m.
743 1363 856 1392 Nomen
870 1363 983 1399 gentile.
1007 1362 1064 1391 Cic.
1079 1365 1103 1392 6.
1116 1362 1242 1395 Vernae.

123 1397 162 1427 Eo
173 1408 258 1435 quum
270 1401 369 1435 venio,
390 1400 488 1429 Praetor
502 1400 672 1437 quiescebat,
692 1401 786 1430 fratres
806 1400 844 1429 illi
855 1401 989 1437 Cybiratae
1000 1399 1218 1429 inambulabunt.

85 1434 158 1464 Cra
168 1446 177 1464 1
187 1446 203 1464 R
213 1446 233 1464 A
242 1446 278 1465 τι
289 1447 307 1466 c
317 1447 335 1466 u
344 1447 356 1467 s
365 1459 373 1473 ‚
395 1447 410 1466 a
422 1459 430 1473 ,
452 1448 506 1467 um.
530 1438 637 1476 possess.
673 1438 730 1468 Cic.
743 1442 768 1468 6.
780 1438 853 1467 Verr.
866 1448 911 1474 47.
933 1438 1158 1467 lmmittebantur
1170 1437 1246 1467 illico

124 1472 276 1510 Cybiratici
287 1474 326 1504 illi
336 1485 418 1505 canes
426 1497 434 1511 ,
454 1477 502 1512 qui
513 1475 712 1513 investigabant
722 1478 748 1506 Sc
757 1475 998 1514 perscrutabantur
1008 1476 1113 1506 omnia.

123 1511 245 1548 Negotia
257 1512 421 1549 Cybiratica.
445 1514 541 1543 Horat.
556 1524 577 1542 ι.
592 1514 675 1551 Epist.
689 1518 714 1543 6.
729 1523 769 1550 33.

85 1548 138 1578 ΟΥ
147 1559 226 1578 ΒιεΤ
235 1552 278 1579 ΞΤ
287 1554 327 1579 ἐκ
338 1561 352 1580 Ε
361 1560 373 1580 s
385 1572 393 1585 ,
414 1549 612 1588 [mannase]
634 1551 792 1580 Urinamres
805 1550 861 1580 dici
880 1549 992 1588 poffunt
1003 1572 1012 1584 ,
1032 1551 1079 1587 qui
1090 1550 1135 1577 πὶς
1150 1548 1248 1579 κυζιςιῖ-

125 1598 189 1622 τῆς,
210 1587 266 1617 hoc
275 1588 313 1617 est
325 1598 457 1625 aquarum
468 1590 589 1626 gurgites
600 1589 719 1618 subeunt
728 1611 735 1624 ‚
757 1599 812 1626 quo
821 1589 936 1617 nomine
947 1590 972 1617 ἃ
984 1587 1124 1617 saltatores
1136 1588 1248 1623 quidam

123 1624 256 1668 appellati
267 1625 329 1655 sunt
342 1648 349 1661 ‚
359 1627 418 1667 'qui
432 1627 460 1655 in
473 1634 557 1664 caput
568 1626 696 1656 convolvi
707 1648 716 1659 ,
740 1626 870 1655 manibus
887 1625 1058 1663 pedibusque
1070 1626 1199 1654 adductis
1208 1626 1248 1654 di-

123 1663 265 1693 drcerant:
287 1674 302 1693 a
321 1668 395 1693 cubo
408 1686 417 1699 ,
438 1664 468 1693 id
478 1665 516 1695 est
525 1665 635 1700 tessera,
655 1663 740 1693 verbo
749 1664 871 1694 deducto
882 1685 890 1699 ‚
912 1664 958 1701 qui
969 1673 1056 1701 quum
1066 1663 1098 1692 in
1108 1662 1249 1693 alveolum

126 1701 244 1737 iacitur,
266 1702 611 1732 hocmodoconvolvitur.
652 1702 751 1737 Unde,

89 1736 140 1768 ΟΥ
148 1749 163 1766 13
174 1749 184 1767 1
193 1748 205 1767 s
214 1748 234 1767 τ
243 1742 260 1769 ῑῑ
269 1751 290 1768 M
300 1750 319 1768 A
329 1762 337 1775 ,
358 1741 420 1770 atis.
443 1740 610 1777 [κυέίςημα]
634 1739 714 1769 Aliud
728 1748 814 1776 genus
831 1738 983 1768 saltationis
995 1740 1023 1768 <Sc
1041 1738 1167 1768 exercitii
1182 1737 1255 1768 dici-

128 1782 174 1806 tur
186 1787 202 1806 a
213 1776 336 1807 Luciano
347 1778 374 1806 in
392 1777 534 1808 Anacharfi
546 1800 553 1812 ,
575 1778 620 1807 seu
631 1778 668 1807 de
676 1777 830 1815 gymnasiis.
854 1777 971 1805 Budaeus
984 1777 1012 1805 in
1025 1778 1156 1806 Annotat.

89 1813 260 1849 cicurum,
282 1815 300 1845 i.
322 1825 350 1844 n.
373 1815 495 1851 [κύζιον]
516 1816 644 1851 dictum,
665 1816 728 1852 quia
744 1816 803 1851 ejus
815 1815 939 1843 medium
953 1824 1030 1852 aeque
1047 1821 1124 1852 patet
1142 1814 1172 1842 in
1190 1823 1251 1843 om-

127 1861 178 1882 nes
187 1859 279 1890 partes
289 1875 297 1888 ‚
318 1854 394 1891 quod
405 1863 493 1891 genus
507 1864 521 1883 a
533 1853 689 1883 Geometris
705 1852 775 1880 κόέον
793 1853 902 1881 dicitur.
945 1852 1027 1881 Unde
1048 1853 1133 1881 etiam
1144 1851 1251 1882 Tess'el-

128 1889 162 1919 lae
174 1892 312 1927 quadratae
321 1888 397 1919 κύξοι.
437 1892 511 1921 Hinc
521 1893 546 1922 δι
557 1890 652 1925 κῦζιον,
674 1900 760 1931 genus
773 1891 855 1928 piscis
866 1911 875 1925 ‚
895 1891 959 1927 quia
972 1890 1108 1928 piscantes
1121 1889 1151 1918 id
1163 1899 1252 1927 genus

128 1928 210 1966 piscis
220 1929 295 1958 velut
305 1928 392 1958 aleam
401 1929 507 1959 ludant.
548 1929 615 1958 Haec
628 1929 727 1958 Festus.

128 1966 251 2004 cybium
262 1988 270 2002 ,
290 1967 372 1996 Piscis
383 1977 471 2004 genus
481 1989 489 2002 ,
511 1967 586 2004 quod
596 1968 634 1995 ita
646 1966 752 1995 scissum
766 1966 804 1995 est
818 1987 826 2000 ,
848 1972 878 1995 ut
891 1965 1017 1994 medium
1031 1975 1108 2003 aeque
1118 1971 1212 2003 pateat
1223 1965 1252 1994 in

148 2014 250 2034 omnes
262 2011 369 2041 partes,
391 2006 426 2034 ad
437 2004 647 2034 limilitudinem
666 2004 834 2033 tell'erarum.
858 2003 925 2033 Plin.
939 2003 989 2032 lib.
1002 2013 1046 2040 32.
1058 2013 1121 2041 cap.
1136 2013 1177 2033 ιι.
1200 2004 1254 2041 Cy-

151 2041 230 2072 bium
241 2043 279 2072 est
291 2041 423 2072 conscissa
432 2043 558 2080 pelamis.
580 2042 698 2072 Martial.
711 2042 759 2071 lib.
779 2053 802 2076 ς.
817 2050 861 2078 79.

210 2080 311 2110 Divisis
322 2081 434 2117 cybium
445 2080 549 2110 latebat
559 2081 626 2110 ovis.
723 2080 800 2109 Idem
815 2079 862 2108 lib.
877 2088 887 2107 1
896 2088 919 2108 1.
931 2084 977 2111 28.

130 2117 252 2155 Cybium
263 2117 357 2148 scribit
368 2119 484 2148 Budaeus
495 2119 578 2148 etiam
589 2117 761 2155 appellatum
776 2117 846 2147 illud
857 2126 905 2146 vas
919 2127 934 2145 a
943 2116 1046 2146 Graecis
1056 2138 1065 2151 ,
1085 2116 1164 2153 quod
1183 2115 1256 2146 Lati-

150 2156 179 2184 ni
192 2155 364 2192 Quadrantal
374 2156 568 2194 appellabant,
589 2157 695 2185 dictum
705 2165 739 2185 ex
754 2156 860 2184 ratione
875 2176 882 2187 ,
903 2165 963 2188 quae
983 2154 1106 2192 superius
1120 2154 1206 2191 posita
1218 2155 1256 2183 est

148 2194 180 2222 in
193 2194 282 2231 Cybio
290 2194 374 2231 pisce.
412 2194 523 2224 Salmas.
538 2195 567 2223 in
579 2194 665 2224 Solin.
679 2204 706 2231 p.
721 2203 785 2230 79²·
806 2202 863 2222 non
878 2193 982 2222 Piscem
993 2193 1038 2222 sed
1048 2192 1171 2221 Frustum
1180 2192 1256 2221 salsa-

150 2232 240 2260 menti
250 2232 415 2268 quadratum
425 2231 481 2262 effe
492 2232 570 2261 dicit.
593 2231 623 2261 V.
645 2232 769 2269 Oppian.
784 2240 809 2260 1.
822 2229 944 2260 Halieut.
959 2241 983 2261 v.
999 2236 1060 2265 183.
1081 2232 1109 2260 ἃ
1120 2230 1255 2260 Harduin.

150 2268 298 2300 Emendat.
314 2270 344 2299 in
351 2269 420 2299 Plin.
429 2269 479 2299 lib.
493 2279 536 2306 3²·
549 2279 576 2299 n.
587 2279 632 2305 ²9·

95 2306 168 2337 ΟΥΕ
177 2318 187 2336 1
198 2317 218 2336 A
228 2317 245 2336 R
256 2320 265 2336 1
275 2318 294 2337 u
303 2317 316 2337 s
327 2329 335 2342 ‚
356 2308 374 2336 i.
397 2317 435 2337 m.
457 2308 514 2344 Qui
535 2308 615 2345 cybia
630 2306 737 2337 vendit.
776 2305 877 2335 Arnob.
890 2304 938 2335 lib.
954 2315 980 2335 2.
1003 2315 1031 2343 p.
1044 2313 1089 2342 70.
1113 2304 1237 2342 Cybiarii
1247 2327 1255 2341 ‚

131 2344 292 2375 salinatores
301 2367 309 2381 ,
330 2345 451 2375 bolonae.

95 2383 187 2414 Cui
196 2392 215 2412 c
224 2393 243 2412 u
251 2393 265 2413 s
275 2405 284 2419 ,
303 2392 320 2413 a
329 2405 339 2419 ,
359 2393 416 2413 um.
438 2383 608 2420 Quadratus.
631 2389 662 2412 ut
674 2404 682 2418 ‚
703 2381 807 2420 Cybica
824 2380 955 2410 soliditas.
976 2380 1059 2409 Mart.
1073 2380 1187 2417 Capella
1205 2380 1255 2411 lib.

137 2430 164 2451 2.
179 2431 207 2458 p.
217 2431 263 2457 25.
304 2421 335 2451 V.
358 2421 481 2451 Cubicus
495 2422 524 2449 in
545 2430 563 2449 e
573 2431 590 2449 υ
601 2431 615 2449 s
626 2430 674 2450 us.

96 2457 168 2488 Cn
176 2468 193 2487 o
203 2461 241 2487 ip
251 2468 265 2488 s
274 2468 286 2488 s
298 2480 307 2494 ,
327 2460 344 2495 [
354 2456 494 2494 va'oaJt's]
515 2458 587 2488 Offis
598 2459 625 2487 in
637 2458 710 2496 pede
719 2466 806 2494 genus
816 2479 823 2491 ‚
844 2466 859 2486 a
870 2463 947 2493 parte
957 2456 1095 2485 exteriore
1107 2455 1185 2491 juxta
1195 2456 1259 2486 Sca.

133 2496 255 2534 phoides
263 2496 383 2534 positum
398 2506 404 2526 :
430 2506 527 2526 verum
540 2496 594 2525 hoc
604 2506 658 2532 qua
668 2505 732 2525 cum
741 2495 928 2532 talojungitur
937 2495 1075 2524 linuatum
1086 2514 1095 2529 ,
1115 2493 1258 2531 Cyboides

134 2533 251 2571 gibbum
261 2535 308 2565 est.
331 2534 428 2564 Galen.
441 2534 491 2564 lib.
502 2535 537 2563 de
549 2533 636 2564 Offib.
648 2543 709 2572 cap.
726 2542 772 2570 23.
792 2539 864 2563 extr.

98 2571 268 2603 Cirssoaru
279 2582 301 2602 M
312 2594 322 2609 ,
343 2572 374 2603 V.
395 2581 560 2602 crunam.

100 2794 124 2824 C
132 2802 177 2824 vc
186 2801 200 2822 a
208 2802 224 2821 o
235 2801 257 2821 n
268 2813 276 2826 ,
297 2789 369 2819 onis.
389 2798 427 2819 m.
446 2788 578 2826 [κυκεὼν]
600 2788 694 2818 Genus
707 2788 831 2825 potionis
844 2797 879 2817 ex
890 2785 986 2816 multis
998 2785 1154 2825 liquoribus
1164 2788 1260 2818 confe-

139 2833 226 2861 etum.
248 2827 350 2859 Arnob.
364 2838 389 2863 5.
401 2837 429 2865 p.
445 2836 506 2863 175.
530 2827 779 2864 Ebibicyceonem.

102 2870 207 2899 Cvcu
217 2878 232 2896 a
244 2875 341 2896 anus
353 2887 361 2900 ‚
381 2865 400 2894 i.
422 2875 458 2894 m.
477 2861 661 2903 [κύγχςαμῷι
682 2864 757 2892 Arist.
772 2863 840 2892 Hist.
853 2862 901 2892 An.
915 2867 940 2895 8.
957 2862 1026 2897 12]
1055 2863 1117 2892 Avis
1135 2873 1196 2901 quae
1215 2873 1262 2893 co-

138 2905 294 2936 turnicibus
306 2910 382 2933 trans
391 2912 466 2932 mare
477 2902 660 2931 redeuntibus
670 2902 832 2930 comitatum
845 2899 958 2937 praessat.
1000 2900 1067 2929 Plin.
1081 2900 1129 2930 lib.
1143 2911 1182 2929 ιο.
1197 2911 1258 2939 cap.

139 2954 186 2979 23.
207 2944 377 2980 Semperque
392 2940 459 2970 hinc
469 2940 604 2969 abeuntes
615 2940 772 2968 coturnices
783 2939 947 2968 comitatum
956 2937 1107 2968 sollicitant
1117 2960 1125 2974 ,
1146 2939 1261 2969 abeunt-

140 2991 195 3019 que
208 2990 264 3010 una
276 2989 325 3018 per
335 2978 383 3008 sua
393 2978 467 3016 signa
476 2978 578 3007 Glottis
590 2999 598 3012 ,
620 2977 684 3007 Otis
694 2998 703 3011 ,
725 2978 750 3006 ἃ
765 2976 943 3013 Cychramus.

104 3021 128 3051 C
137 3029 210 3050 Yet-1
221 3029 237 3047 R
247 3028 262 3047 a
273 3027 291 3046 υ
301 3026 313 3046 s
325 3038 334 3052 ‚
355 3017 374 3046 i.
396 3025 433 3045 m.
454 3015 610 3053 [Kv‘stssow]
630 3015 791 3052 Neptuni&
802 3013 950 3043 Salaminis
961 3011 1033 3041 filius
1045 3034 1053 3047 ,
1075 3013 1122 3050 qui
1144 3013 1181 3042 ob
1202 3023 1261 3043 mo.

142 3067 205 3088 rum
216 3055 390 3094 asperitatem
401 3076 409 3088 ,
428 3052 483 3086 ’όφις
493 3075 500 3088 ,
522 3054 576 3082 hoc
586 3053 624 3082 est
638 3052 748 3090 serpens
762 3051 976 3089 cognominatus
994 3050 1040 3079 est.
1081 3051 1165 3081 Hunc
1186 3051 1263 3081 Euri.

142 3094 241 3126 lochus
251 3102 337 3130 quum
347 3091 462 3121 insulam
472 3091 586 3120 vastaret
596 3112 604 3125 ,
625 3090 744 3128 expulit.
783 3088 910 3126 Suscepit
925 3094 1017 3117 autem
1028 3088 1110 3118 Ceres
1121 3090 1149 3118 in
1162 3089 1263 3119 Eleufi-

142 3143 179 3163 ne
194 3155 202 3167 ,
223 3132 357 3167 suumque
368 3130 436 3159 fecit
443 3128 624 3158 sacerdotem.
665 3128 704 3157 Ab
714 3127 796 3162 hujus
806 3127 890 3156 etiam
909 3126 1024 3155 nomine
1036 3125 1154 3156 Salamis
1173 3127 1261 3157 insula

144 3170 304 3207 aliquandiu
317 3167 442 3205 Cychrea
454 3165 593 3204 appellata
606 3165 652 3194 est.
677 3165 708 3194 V.
729 3165 911 3202 Stephanum.

107 3209 130 3239 C
144 3217 264 3238 *rcum
275 3228 284 3242 ,
306 3215 393 3235 orum.
414 3214 452 3233 m.
475 3203 599 3234 Thraciae
618 3203 736 3241 populi,
770 3202 844 3240 apud
861 3210 930 3238 quos
948 3210 1031 3239 aquas
1048 3201 1103 3232 effe
1124 3201 1220 3233 letales
1236 3204 1263 3234 δι

146 3254 262 3279 necare,
283 3253 319 3273 ex
329 3243 519 3280 Theopompo
528 3241 610 3270 refert
622 3240 689 3270 Plin.
700 3240 747 3269 lib.
759 3248 770 3274 3
780 3250 800 3268 ι.
814 3249 874 3277 cap.
887 3248 914 3268 2.

108 3283 132 3314 C
140 3293 160 3313 Υ
169 3292 186 3312 c
197 3285 235 3311 rx
245 3292 262 3310 D
273 3291 287 3310 a
295 3291 307 3310 s
320 3302 328 3315 ,
349 3289 405 3309 um.
426 3279 444 3308 f.
466 3276 645 3315 [amdan]
666 3277 762 3308 Insulae
775 3277 863 3306 Plinio
874 3299 882 3311 ,
902 3276 1025 3305 ficdietae
1036 3277 1111 3314 quod
1130 3278 1203 3307 circa
1210 3278 1264 3308 De-

145 3321 194 3350 lon
205 3342 214 3354 ,
234 3327 327 3348 earum
336 3317 507 3348 clariffimam
517 3338 525 3352 ,
546 3317 574 3345 in
585 3316 681 3345 orbem
692 3316 745 3344 fitae
753 3315 811 3344 lint.
844 3314 994 3344 Accedit&
1005 3315 1103 3344 Strabo
1113 3326 1121 3351 3
1144 3322 1176 3345 ut
1185 3317 1266 3346 mira.

145 3360 168 3388 ri
183 3358 266 3387 liceat
276 3366 328 3393 qua
339 3355 416 3384 causa
424 3361 517 3384 motus
528 3354 638 3383 Servius
648 3353 782 3391 Cycladas
791 3351 924 3390 scripserit
931 3352 1016 3381 dieras
1026 3351 1080 3381 esse
1090 3374 1097 3386 ,
1120 3363 1175 3383 non
1189 3355 1264 3391 quod

147 3397 177 3427 in
188 3395 303 3425 circuitu
315 3393 365 3422 sint
375 3414 383 3428 ,
403 3392 450 3421 sed
460 3393 554 3430 potius
562 3392 638 3429 quod
649 3391 734 3429 longo
745 3391 844 3420 ordine
855 3399 900 3419 eas
911 3390 1026 3419 circuire
1039 3390 1148 3420 necesse
1162 3391 1200 3426 Iit,
1221 3392 1264 3421 vel

147 3440 263 3472 propter
281 3430 471 3469 promontoria
482 3451 492 3465 ,
512 3430 557 3459 vel
572 3430 634 3466 quia
649 3428 774 3458 naturale
785 3428 839 3460 est.
859 3434 891 3456 ut
914 3428 1095 3458 concitatiora
1113 3428 1166 3458 fint
1179 3431 1267 3460 maria

147 3471 291 3501 vicinitate
299 3476 447 3503 terrarum,
467 3477 534 3504 quas
545 3467 650 3496 constat
661 3466 815 3496 anhelitum
825 3465 966 3508 quendam
976 3475 1010 3494 ex
1021 3464 1046 3494 se
1056 3467 1192 3496 emittere.
1213 3468 1266 3497 Ad-

148 3509 314 3539 vertendum
327 3506 417 3536 obiter
427 3526 436 3540 ,
457 3514 564 3534 morem
575 3504 629 3534 effe
640 3504 779 3534 veteribus
788 3503 947 3532 auctoribus
957 3524 964 3537 ‚
986 3509 1084 3539 utquae
1099 3503 1150 3533 sint
1167 3505 1266 3541 Spora-

149 3547 217 3580 des,
237 3545 373 3583 Cycladas
387 3542 470 3573 etiam
489 3550 592 3572 vocent
604 3564 613 3577 ,
635 3547 786 3579 contraque
798 3563 806 3576 ‚
828 3540 978 3570 Hermolao
996 3541 1071 3570 teste.
1112 3542 1266 3579 Cycladum

149 3583 280 3614 meminit
292 3582 411 3615 Plinius,
431 3590 582 3618 earumque
591 3580 708 3610 nomina
723 3578 895 3617 persequitur
909 3578 958 3608 lib.
969 3589 996 3614 4.
1011 3588 1071 3616 cap.
1084 3588 1127 3609 12.
1149 3580 1183 3610 Et
1197 3581 1265 3610 item

149 3621 321 3658 Pomponius
331 3620 380 3649 lib.
392 3629 418 3649 2.
430 3626 456 3653 7.

151 3658 261 3690 Crebrae
270 3657 413 3694 Cyclades.
434 3657 500 3685 Stat.
511 3666 533 3690 ς.
547 3654 639 3685 Theb.
655 3659 715 3690 183.

151 3696 262 3735 Sparsae.
285 3695 367 3724 Ovid.
379 3705 404 3724 2.
421 3695 489 3724 Met.
502 3696 566 3728 264.

151 3733 304 3769 Singularis
314 3732 429 3769 Cyclas,
450 3730 592 3767 [κυκλὰς]
612 3730 698 3759 utitur
710 3729 814 3758 Vitruv.
830 3737 856 3764 7.
868 3737 894 3765 7.
916 3728 952 3758 de
970 3738 1026 3758 una
1043 3728 1153 3759 illarum
1169 3729 1268 3760 insula-

174 3770 230 3803 lurn
243 3782 251 3807 ·,
274 3770 338 3802 Eius
348 3771 388 3798 vis
398 3769 504 3799 metalli
514 3768 606 3797 insulae
622 3767 736 3804 Cycladi
748 3766 826 3796 Nlelo
838 3767 939 3797 dicitur
948 3766 1011 3795 efl’e.

119 3813 166 3844 CY
175 3821 192 3840 c
203 3821 219 3840 L
228 3821 245 3838 Α
257 3820 275 3837 Μ
286 3810 322 3836 iu
333 3817 349 3835 υ
359 3816 371 3835 s
381 3829 389 3841 ‚
410 3808 428 3836 i.
450 3808 469 3836 f.
492 3805 700 3843 [κνκλάμινθ]
722 3805 814 3834 Herba
824 3805 860 3833 de
867 3814 920 3841 qua
929 3804 965 3834 sic
974 3803 1096 3834 Ruellius
1105 3803 1152 3833 lib.
1165 3813 1190 3834 2.
1204 3813 1264 3842 cap.

156 3860 201 3885 9⁴·
223 3845 398 3884 Cyclaminus
414 3854 429 3872 a
442 3844 545 3873 Latinis
562 3852 672 3880 rapum,
695 3844 720 3872 Sc
735 3842 815 3871 tuber
825 3849 901 3873 terrae
915 3863 923 3877 ,
944 3842 1087 3871 nonnullis
1105 3842 1188 3871 etiam
1209 3852 1269 3871 um.

156 3887 255 3916 bilicus
266 3892 343 3912 terrae
355 3904 362 3915 ,
383 3881 450 3911 folia
465 3882 549 3910 habet
556 3882 673 3913 hederae‚
696 3890 833 3917 purpurea
844 3881 870 3909 &
881 3880 954 3908 varia
966 3901 973 3914 ,
994 3880 1021 3908 in
1034 3879 1131 3916 quibus
1141 3879 1220 3916 supra
1229 3881 1272 3909 in.

155 3925 251 3961 fraque
261 3920 408 3950 candicant
420 3920 544 3948 macnlae.
559 3918 660 3955 Vulgus
666 3924 755 3953 panem
762 3919 889 3953 porcinum
900 3923 989 3946 vocat.
1008 3917 1037 3945 V.
1052 3916 1202 3946 Dioscor.2.
1210 3928 1219 3946 1
1227 3927 1271 3951 <3-

157 3962 227 3993 Plin.
242 3970 286 3991 21.
296 3968 326 3995 9:
337 3968 382 3993 25.
395 3966 430 3993 9:
444 3961 489 3988 26.
501 3963 526 3992 8.
539 3958 565 3987 ἃ
577 3966 620 3992 29.
633 3966 656 3993 3.
679 3955 758 3993 Apul.
773 3955 809 3985 de
821 3954 905 3984 Herb.
914 3964 976 3993 cap.
989 3964 1031 3992 17·
1044 3955 1071 3985 ἃ.
1081 3954 1155 3985 Chil.
1168 3954 1269 3986 Erasm.

1715 151 2004 187 cYD
2360 164 2435 199 749

1277 239 1299 268 C
1310 248 1328 267 Υ
1337 248 1353 267 c
1362 249 1376 266 r.
1386 248 1404 266 Α
1415 247 1426 266 s
1437 259 1444 271 ,
1466 237 1533 265 fidis.
1555 235 1573 264 s.
1597 232 1739 270 [κυκλὰς]
1761 232 1848 261 Vestis
1859 231 1978 260 feminea
1993 252 2001 264 ,
2022 241 2082 267 quae
2101 233 2128 260 in
2140 232 2254 261 modum
2265 231 2319 262 veli
2330 235 2434 262 tectum

1316 286 1415 312 corpus
1427 273 1563 303 muliebre
1575 271 1772 301 circumdabat.
1813 270 1884 299 Nam
1895 269 1982 299 Gra-ei
1998 266 2096 303 κύκλον,
2117 271 2251 299 circulum
2264 292 2272 304 ,
2295 272 2320 300 St
2332 278 2434 305 κυκλοω,

1316 313 1462 342 circumdo
1478 311 1584 339 dicunt.
1608 310 1706 345 juven.
1720 313 1745 337 6.
1765 308 1820 337 Sat.
1835 312 1895 341 562.

1399 350 1445 378 lia:
1458 348 1528 383 sunt,
1550 357 1608 383 quae
1622 347 1698 375 tenui
1714 346 1811 375 sudant
1823 346 1849 373 in
1862 343 1985 379 cyclade.
2068 341 2190 378 Propert.
2205 354 2229 377 4.
2241 354 2265 380 7.
2279 348 2322 378 36.

1551 401 1587 405 —-
1598 386 1623 413 δι
1638 384 1720 419 longa
1731 383 1846 420 cyclade
1859 382 1943 410 verrit
1953 381 2080 409 humum.
2177 379 2290 409 Videtur
2305 382 2384 411 vestis
2399 388 2439 412 te.

1319 423 1446 452 nuissrma
1459 422 1624 459 explicatilis
1637 423 1662 451 ἃ
1675 421 1789 459 spatiosa
1800 442 1806 454 ,
1829 419 1939 455 qualem
1954 418 2041 448 solent
2053 417 2137 447 hodie
2151 416 2282 447 Romana·
2295 422 2319 448 ὁὶ
2330 420 2440 448 Floren-

1321 462 1384 490 tina:
1396 470 1428 490 ac
1439 459 1572 489 Senenses
1587 460 1716 488 mulieres
1729 459 1756 486 in
1770 457 1846 487 ltalia
1856 457 1967 493 gestare.

1321 498 1418 528 Cvelas
1429 497 1524 526 insula.
1567 496 1598 525 V.
1621 497 1649 525 in
1671 507 1688 525 c
1698 506 1715 525 Υ
1727 506 1743 525 c
1754 506 1770 524 ι,
1781 505 1798 523 A
1811 505 1827 524 r)
1841 504 1854 522 r<
1864 504 1885 523 S.

1284 535 1335 565 Cr
1347 531 1362 563 c
1375 547 1389 563 r,
1400 545 1415 563 A
1427 545 1444 563 r>
1456 544 1471 563 A
1482 544 1500 562 *r
1513 545 1528 563 υ
1541 544 1552 563 s
1564 555 1571 568 ,
1592 544 1623 567 a,
1646 544 1702 562 um.
1727 533 1785 568 Adj.
1809 531 1930 569 Cyclade
1954 531 2077 560 indutus.
2117 530 2193 559 Suet.
2208 529 2294 565 Calig.
2321 538 2381 566 cap.
2397 540 2440 564 52.

1322 573 1399 608 Szepe
1409 573 1532 609 ‹lepit‘tas
1546 571 1747 607 gemmatasque
1757 571 1871 599 indutus
1879 568 2011 606 paenulas,
2033 568 2208 597 manuleatus
2218 569 2243 597 ἅ
2252 567 2403 596 armillatus
2415 568 2443 596 in

1323 610 1466 647 publicum
1482 609 1627 646 precellit,
1649 609 1798 644 aliquando
1810 608 1937 636 sericatus
1951 628 1959 640 ,
1982 608 2007 635 r&
2019 605 2188 642 cycladatus.

1286 647 1429 680 Circei,
1450 657 1538 675 orum.
1561 657 1596 675 m.
1631 646 1764 682 [κύκλοι]
1791 645 1864 681 quasi
1885 644 2010 678 Circuli;
2046 643 2117 671 Loca
2143 651 2220 672 erant
2245 642 2376 676 Athenis,
2398 642 2446 671 ubi

1324 685 1460 722 mancipia
1475 684 1616 713 venibant.
1656 684 1687 713 ld
1701 692 1793 712 autem
1814 691 1917 711 nomen
1936 682 1974 710 est
1985 682 2102 709 tractum
2124 690 2139 709 a
2158 680 2291 710 Circulari
2309 680 2447 708 circumli-

1325 723 1422 750 stentia
1433 722 1656 750 vendendorum.
1699 721 1801 753 Cyclus
1815 721 1890 748 enim
1912 719 2074 747 Rotundum
2091 718 2231 753 significat.
2276 718 2304 746 V.
2327 717 2445 754 licl'ych.

1288 759 1335 789 Cr
1346 770 1363 787 c
1374 771 1388 787 ι,
1398 762 1407 787 ἰ
1419 770 1460 788 cu
1472 768 1483 788 s
1495 781 1502 791 .
1523 769 1537 788 a
1549 781 1556 792 ,
1580 768 1634 787 um.
1658 754 1771 790 Adi.'ut
1781 779 1789 792 ‚
1810 758 1934 793 Scriptor
1945 756 2076 794 cyclicus.
2100 754 2166 784 llor.
2183 757 2217 785 de
2230 758 2291 784 Arte
2303 755 2446 790 Poet136.

1420 797 1477 825 Nec
1489 796 1648 832 {icincipius
1661 805 1689 825 ut
1699 796 1813 832 scriptor
1827 795 1948 832 cyclicus
1961 794 2038 822 olim.
2135 794 2187 822 llic
2205 793 2288 829 quaeri
2311 792 2378 821 solet
2399 793 2447 829 qui

1326 833 1358 862 sit
1368 834 1493 871 Cyclicus
1503 856 1510 867 ,
1533 835 1556 862 St
1566 834 1659 862 multis
1671 833 1814 871 proprium
1829 841 1931 860 nomen
1941 833 2066 860 videtur:
2090 840 2141 865 ego
2154 852 2162 865 ,
2184 831 2273 867 inquit
2287 830 2447 863 Turnebus,

1330 881 1372 905 19.
1385 882 1411 904 ι).
1433 871 1571 900 censerem
1582 872 1693 907 epicum
1718 877 1831 907 poetam
1850 869 2016 905 rhapsodum
2035 869 2186 904 ligniticari.
2229 869 2298 896 Nam
2321 868 2450 905 rhapsodi

1327 908 1417 937 versus
1427 909 1554 938 heroicos
1568 908 1653 937 scenae
1662 909 1807 937 &theatro
1820 907 1933 937 dabant.
1944 908 1989 942 qui
2001 905 2119 938 tertall'e.
2135 915 2164 935 ut
2174 906 2263 934 versus
2273 906 2452 942 dithyrambi-

1327 956 1424 976 corum
1436 968 1444 981 ,
1465 957 1480 975 a
1500 947 1585 975 choro
1605 944 1695 980 κυκλίῳ
1715 953 1815 975 vocato
1834 944 2016 974 cantabantur
2028 965 2036 977 ,
2058 953 2092 971 ex
2107 954 2162 979 quo
2174 945 2199 973 ἃ
2214 942 2301 979 Cyclii
2316 944 2452 972 vocaban-

1328 991 1372 1013 tur
1382 1005 1389 1017 ,
1411 985 1444 1012 ab
1458 984 1570 1013 Horatio
1584 983 1700 1021 Cyclici.
1741 984 1837 1012 Fidem
1849 983 1932 1018 hujus
1942 981 2157 1019 reiepigramma
2176 982 2303 1010 (ita-‘cum
2319 980 2384 1010 facit
2394 1003 2402 1016 ‚
2423 982 2453 1010 in

1329 1031 1385 1058 quo
1396 1020 1521 1050 scribitur
1531 1043 1538 1055 ,

1411 1063 1476 1091 Τες,
1494 1058 1595 1085 ›ruallus-
1615 1056 1690 1084 τέτκς
1702 1080 1709 1093 ‚
1731 1058 1774 1085 riu·
1789 1054 1869 1093 oud-1123
1887 1056 1971 1083 ’ἐπει-ηε
1990 1056 2101 1093 >ispi-rut

1454 1098 1538 1131 Μιηῐ,
1553 1094 1695 1122 zanobius
1707 1096 1828 1129 mmm
1844 1092 1911 1121 ἐπέων
1923 1112 1929 1121 ,
1949 1096 2001 1124 ἃς.
2086 1093 2214 1131 Cyclicus
2226 1115 2233 1126 ,
2255 1093 2344 1131 inquit
2355 1094 2454 1130 Acron,

1331 1133 1528 1169 Quiordinem
1539 1134 1639 1162 variare
1650 1133 1736 1162 nescit
1750 1155 1758 1167 ,
1781 1132 1823 1162 vel
1836 1134 1898 1169 quia
1914 1133 2036 1161 carmina
2056 1130 2101 1160 sua
2115 1131 2289 1165 circumfert,
2312 1132 2382 1167 quasi
2403 1133 2456 1162 cir.

1331 1172 1533 1200 cumsoraneus.
1558 1172 1624 1200 Haec
1636 1170 1691 1200 ille.
1728 1170 1773 1200 Tu
1781 1171 1876 1199 statue.
1899 1169 1931 1198 V.
1955 1168 2069 1199 Casaub.
2082 1170 2225 1199 Animadv.
2239 1169 2273 1198 ad
2285 1170 2382 1199 Athen.
2396 1178 2454 1206 7.3.

1334 1210 1359 1237 ἅ
1375 1208 1407 1238 D.
1425 1209 1517 1237 Heins.
1536 1210 1572 1238 ad
1586 1209 1651 1237 Hor.
1670 1218 1693 1237 ι.
1709 1208 1800 1237 Carm.
1811 1218 1836 1244 7.
1848 1217 1874 1244 7.

1294 1245 1344 1275 ΟΥ
1353 1250 1466 1276 (3μοΒό
1476 1256 1492 1275 R
1504 1256 1522 1274 u
1533 1256 1544 1275 s
1554 1268 1562 1281 ‚
1585 1247 1604 1275 i.
1627 1255 1664 1275 m,
1691 1245 1909 1282 [Κυκλόέωρερι]
1940 1244 2053 1273 Fluvius
2074 1244 2187 1280 quidam
2211 1244 2305 1273 Atticae
2316 1267 2324 1281 ‚
2348 1245 2456 1283 ingenti

1334 1284 1447 1321 strepitu
1459 1284 1594 1314 defluens.
1634 1284 1705 1312 Vide
1715 1283 1892 1320 proverbium
1904 1304 1912 1316 ,
1934 1281 2085 1319 Cyclobori
2095 1291 2159 1311 vox.

1296 1321 1320 1352 C
1328 1331 1345 1350 γ
1357 1330 1373 1349 c
1384 1333 1399 1349 L
1410 1323 1426 1351 ὅ
1435 1331 1450 1350 p
1458 1332 1482 1350 η
1492 1332 1509 1350 n
1520 1325 1557 1350 ῑΑ
1568 1343 1575 1357 ‚
1598 1330 1628 1350 ae.
1649 1321 1668 1350 f.
1690 1319 1919 1357 [κυιλοπαιδεὶαι]
1943 1319 2080 1349 Omnium
2092 1319 2264 1349 scientiarum
2275 1319 2404 1350 circulus.
2423 1320 2456 1351 V.

1336 1358 1408 1388 Voss.
1420 1360 1455 1388 de
1468 1359 1519 1388 Vit.
1534 1359 1560 1388 L.
1578 1358 1608 1388 L.
1623 1368 1646 1394 3.
1657 1368 1682 1394 7.
1694 1369 1722 1395 p.
1733 1368 1797 1392 421.

1296 1396 1376 1426 Cre
1387 1400 1472 1426 ιόΡῐ·
1483 1408 1505 1425 με
1520 1397 1668 1434 Speluncae
1688 1395 1858 1432 [Κυκλῶπκα
1877 1394 2010 1430 minusne]
2032 1394 2091 1432 post
2112 1394 2261 1433 Naupliam
2283 1394 2345 1424 sunt
2356 1417 2364 1431 ,
2385 1397 2410 1426 St
2431 1396 2459 1425 in

1337 1434 1391 1463 illis
1404 1434 1626 1472 labyrinthorum
1639 1434 1774 1469 aedificia,
1795 1440 1827 1463 ut
1837 1433 1935 1463 Strabo
1946 1432 2029 1462 refert
2040 1433 2086 1462 lib.
2100 1438 2126 1467 8.

1297 1472 1348 1502 Cr
1359 1481 1487 1507 epops,
1508 1475 1525 1502 ὃ
1549 1473 1578 1502 is.
1600 1469 1868 1508 m.[1<221.m11]v.
1891 1472 1920 1500 in
1939 1471 2063 1500 dictione
2078 1480 2116 1499 po
2128 1479 2221 1500 1.va
2234 1481 2278 1500 EM
2290 1480 2339 1500 us.
2363 1470 2462 1508 Cyclo-

1338 1520 1405 1547 pes,
1428 1511 1503 1539 utait
1543 1509 1737 1547 heophrastus,
1759 1509 1923 1542 I’hoenices,
1943 1508 2205 1538 sabricamaerariam
2219 1509 2352 1538 invenisse
2363 1509 2462 1538 dicun.

1338 1554 1391 1577 tur.
1432 1548 1552 1577 Proinde
1565 1548 1653 1577 Poetis
1666 1547 1780 1576 ministri
1794 1547 1946 1576 Vulcaniin
1955 1546 2047 1575 Sicilia
2059 1546 2172 1576 unoculi
2187 1547 2255 1576 dicti
2265 1569 2272 1581 ,
2295 1547 2420 1584 Neptuni
2432 1547 2463 1575 fi.

1338 1584 1368 1613 lii
1378 1594 1412 1614 ex
1423 1586 1598 1623 Amphitrite.
1640 1585 1811 1614 Dicunturin
1823 1584 1922 1613 fabulis
1933 1583 1994 1619 Jovi
2007 1584 2145 1613 conficere
2159 1584 2275 1613 fulmina
2288 1585 2364 1622 apud
2387 1586 2464 1623 Lipa-

1339 1633 1413 1658 ram,
1435 1633 1495 1659 quae
1507 1624 1607 1652 estuna
1616 1632 1650 1652 ex
1665 1621 1761 1652 ffioliis
1772 1622 1875 1652 insulis.
1915 1621 2052 1650 Omnium
2071 1623 2203 1659 praecipui
2224 1622 2335 1652 fuerunt
2349 1645 2357 1659 ,
2379 1622 2465 1652 Bron-

1341 1666 1381 1690 tes
1395 1682 1404 1697 ,
1423 1662 1553 1699 Steropes
1563 1682 1571 1696 ,
1593 1661 1753 1698 Pyracmon.
1774 1660 1816 1689 De
1828 1659 1928 1697 quibus
1937 1659 2009 1696 Virg.
2024 1664 2050 1692 8.
2066 1659 2126 1689 JEn.
2141 1670 2204 1696 4²4·

1421 1699 1534 1728 Ferrum
1545 1698 1715 1728 exercebant
1725 1698 1798 1727 vasto
1807 1697 1946 1736 Cyclopes
1956 1697 1984 1726 in
2001 1704 2081 1726 antro

1380 1773 1400 1803 F
1420 1736 1592 1803 slgrontesque
1604 1758 1612 1772 ,
1632 1736 1814 1774 Steropesque
1825 1757 1834 1771 ,
1855 1736 1883 1765 δι
1895 1735 1989 1765 nudus
1999 1735 2124 1765 membra
2135 1735 2297 1773 Pyracmon.

1341 1784 1361 1810 4
1403 1783 1416 1803 a
1443 1780 1523 1808 -288.

1422 1811 1496 1841 Hinc
1505 1821 1580 1841 mare
1589 1812 1765 1842 Trinacrium
1775 1834 1784 1847 ,
1804 1811 1928 1840 candens
1938 1810 1985 1839 ubi
1995 1811 2102 1847 tingere
2112 1811 2216 1841 ferrum

1462 1850 1577 1879 Brontes
1587 1852 1611 1880 Sc
1623 1851 1752 1887 Steropes
1762 1872 1770 1884 ,
1794 1848 2013 1886 Acmonidesque
2022 1848 2120 1878 solent.

1343 1886 1444 1916 Rabidi
1458 1888 1606 1926 Cyclopes.
1628 1887 1717 1916 Valer.
1731 1898 1755 1920 4.
1771 1888 1869 1923 Argon.
1884 1896 1944 1922 104.

1304 1924 1549 1960 (ΞΥωιὸΡὲυε,
1570 1927 1596 1955 δι
1617 1925 1849 1958 (ὶΥοιὸΡιυε,
1871 1934 1905 1959 a,
1926 1934 1983 1953 um.
2010 1924 2069 1959 Adj.
2093 1922 2310 1959 [Kvsso'wrssQ]
2332 1928 2382 1959 ut,
2412 1922 2468 1953 Te-

1344 1962 1371 1992 la
1386 1962 1526 2000 Cyclopia.
1548 1964 1565 1993 i.
1578 1972 1602 1992 e'.
1625 1963 1761 1993 Fulmina.
1783 1962 1880 1992 Claud.
1894 1972 1916 1992 r.
1936 1962 1971 1991 de
1984 1962 2062 1999 Rapt.
2079 1961 2197 1999 Proserp.
2211 1969 2257 1997 97.

1437 2001 1605 2038 lgnavosque
1612 2007 1693 2039 putas
1704 2022 1713 2036 ,
1735 2001 1810 2036 quod
1822 2010 1879 2029 non
1890 2000 2024 2037 Cyclopia
2035 1998 2090 2028 tela

1436 2039 1619 2075 Stringimus,
1640 2046 1687 2068 aut
1696 2039 1782 2067 varias
1792 2040 1896 2068 tonitru
1908 2037 2068 2067 deludimus
2083 2045 2169 2066 auras.

1345 2075 1443 2106 Fames
1454 2076 1596 2115 Cyclopia.
1618 2078 1636 2105 i.
1649 2087 1673 2106 e.
1697 2076 1842 2106 Immensa.
1863 2075 1961 2106 Claud.
1972 2085 1998 2106 2.
2008 2075 2160 2113 inEutrop.
2174 2078 2238 2112 383.

1345 2112 1443 2151 Regna
1454 2115 1595 2153 Cyclopia.
1619 2114 1719 2150 Sil.14.
1734 2123 1775 2150 3³-

1346 2151 1417 2181 Saxa
1431 2152 1581 2190 Cyclopea.
1602 2152 1676 2189 Virg.
1694 2162 1717 2181 1.
1737 2152 1799 2182 AEn.
1811 2160 1876 2186 205.

1309 2187 1361 2218 cr
1371 2194 1518 2225 οιδτὲε,
1533 2200 1564 2220 ae.
1584 2200 1620 2219 m.
1643 2187 1810 2226 [mamb]
1832 2189 1965 2219 Machina
1978 2189 2106 2219 tractoria
2117 2188 2246 2218 rotunda.
2267 2188 2374 2218 Vitruv.
2389 2197 2430 2217 10.
2441 2192 2468 2222 8.

1309 2225 1479 2263 CYCNus,
1500 2228 1517 2256 i.
1540 2238 1576 2257 m.
1599 2228 1750 2264 [1⁴05vass
1772 2227 1902 2264 Ligurum
1922 2228 1979 2256 dux
2000 2228 2071 2261 suit,
2096 2235 2200 2255 amator
2222 2226 2400 2255 Phaetontis:
2422 2226 2470 2260 qui

1348 2274 1434 2301 quum
1445 2275 1509 2294 eum
1519 2265 1598 2294 fleret
1609 2265 1764 2294 extinctum
1784 2265 1898 2300 (inquit
1911 2265 2039 2299 Servius)
2059 2266 2088 2293 in
2108 2273 2186 2293 avem
2198 2264 2236 2292 sui
2246 2264 2367 2293 nominis
2380 2263 2471 2293 versus

1348 2302 1404 2331 est:
1428 2304 1508 2335 cuius
1523 2303 1611 2332 filium
1621 2303 1806 2340 Cupavonem
1820 2302 1891 2339 Virg.
1905 2302 1951 2331 lib.
1968 2312 2009 2330 10.
2021 2302 2081 2331 AEn.
2099 2304 2159 2333 186.
2181 2302 2250 2330 dicit
2267 2301 2369 2331 habere
2389 2301 2471 2338 cycni

1349 2349 1455 2378 pennas
1468 2341 1496 2369 in
1507 2340 1585 2378 galea
1599 2341 1633 2369 ad
1647 2340 1742 2369 formae
1752 2347 1872 2376 paternae
1882 2339 1986 2376 infigne
1997 2339 2204 2368 monstrandum
2218 2348 2226 2374 ;

1442 2378 1509 2407 Non
1520 2387 1572 2414 ego
1583 2384 1610 2407 te
1622 2372 1751 2415 Ligurum
1763 2377 1862 2406 ductor
1871 2399 1879 2411 ,
1901 2376 2045 2406 fortissime
2059 2375 2133 2405 bello

1432 2415 1607 2482 grantierim
1615 2416 1729 2453 Cycne,
1751 2416 1777 2445 &
1795 2415 1891 2453 paucis
1910 2415 2043 2444 comitate
2066 2414 2201 2452 Cupavo,
2215 2414 2268 2444 διο.
2363 2413 2415 2443 Alii
2435 2414 2474 2444 le.

1370 2459 1421 2482 unt
1456 2455 1483 2482 in
1507 2464 1542 2483 ra.

1349 2463 1464 2528 Cycnus
1476 2463 1702 2529 hleptunifilius,
1723 2488 1799 2518 omni
1813 2496 1847 2518 ex
1861 2495 1939 2527 parte
1952 2488 2179 2523 invulnerabilis,
2201 2498 2264 2518 curn
2280 2497 2335 2526 quo
2354 2489 2474 2521 Achilles

1370 2529 1486 2564 Troiani
1496 2529 1561 2558 belli
1572 2535 1697 2566 tempore
1707 2527 1881 2563 congressus,
1903 2537 1990 2564 quum
2005 2527 2100 2556 frustra
2115 2537 2180 2556 eum
2196 2526 2292 2561 jaculis
2307 2527 2472 2565 appetisset,

1371 2567 1487 2596 tandem
1506 2576 1534 2596 re
1554 2566 1694 2596 intellefta
1709 2565 1788 2594 humi
1805 2574 1869 2594 eum
1892 2565 2052 2603 prostravit,
2080 2564 2250 2602 genibusque
2267 2564 2340 2593 collo
2361 2565 2474 2596 innixus

1371 2606 1496 2634 animam
1515 2605 1637 2642 eripuit,
1658 2612 1799 2640 quumque
1820 2603 1936 2632 cadaver
1955 2602 2072 2640 spoliare
2090 2602 2192 2638 vellet,
2212 2612 2286 2631 arma
2297 2611 2382 2632 vacua
2400 2604 2477 2632 inve.

1372 2642 1633 2709 ninnffygnumque
1647 2642 1676 2670 in
1688 2650 1768 2671 avem
1787 2640 1827 2670 sui
1850 2640 1973 2670 nominis
1991 2641 2062 2670 vidit
2080 2646 2293 2669 commutatum.
2334 2639 2366 2670 V.
2388 2641 2473 2672 Ovid.

1376 2689 1418 2709 12.
1467 2687 1503 2709 et.
1533 2690 1559 2709 2.

1351 2717 1418 2748 Fuit
1429 2691 1538 2755 insupe⁷r
1550 2717 1660 2755 Cycnus
1670 2737 1678 2750 ,
1701 2714 1784 2745 Filius
1796 2715 1894 2744 Martis
1903 2737 1912 2749 ,
1933 2715 2032 2752 dequo
2043 2714 2155 2743 Hefiod.
2167 2715 2194 2743 in
2204 2714 2311 2752 Aspide.

1353 2756 1485 2822 Ckycnps,
1508 2754 1710 2823 Qomenequi,
1729 2754 1806 2792 apud
1815 2754 1914 2783 Stat-6.
1928 2752 2018 2783 Theb.
2029 2756 2093 2788 463.
2115 2752 2155 2782 Al.
2178 2752 2298 2791 Cygnus.
2319 2763 2369 2790 per
2378 2763 2403 2791 g.
2413 2753 2476 2785 scri.

1393 2803 1452 2823 un.
1475 2803 1502 2831 q.
1542 2816 1548 2823 .

2379 1734 2464 1765 Ovid.

1757 2854 1786 2888 C
1879 2853 1913 2889 Y
2009 2854 2042 2888 D

1316 2905 1394 2935 Cirr>
1406 2913 1424 2933 Α
1435 2924 1444 2940 ,
1466 2911 1498 2932 ae.
1520 2911 1557 2931 m·
1580 2901 1725 2940 Proprium
1737 2902 1787 2931 viri
1797 2901 1949 2936 Cretenfis,
1971 2901 2006 2930 de
2017 2910 2072 2937 quo
2089 2899 2148 2930 Cic.
2165 2912 2188 2936 ς.
2201 2900 2322 2938 Philipp.
2337 2910 2379 2936 η.

1317 2944 1396 2973 ΟΥι)
1408 2952 1426 2970 A
1438 2952 1459 2970 M
1470 2950 1534 2976 um,
1554 2940 1573 2968 i.
1593 2949 1620 2968 n.
1651 2935 1812 2976 [Κύδδκρων]
1842 2939 1990 2978 Oppidum
2007 2938 2165 2976 Cyrenaicae
2183 2948 2198 2967 e
2215 2939 2328 2976 regione
2343 2940 2473 2972 Sabratae.

1356 2982 1458 3009 Auctor
1468 2978 1537 3008 Plin.
1547 2977 1596 3006 lib.
1613 2987 1706 3014 5.cap.
1719 2977 1785 3006 item
1800 2988 1822 3010 ς.

1317 3019 1340 3049 C
1351 3028 1369 3047 Υ
1381 3029 1398 3047 p
1409 3027 1428 3046 A
1438 3025 1501 3045 aas
1516 3037 1535 3050 ‚.
1546 3025 1576 3044 ae.
1599 3025 1634 3044 m.
1656 3015 1808 3044 Carmaniae
1819 3015 1918 3044 fluvius
1930 3036 1937 3049 ,
1959 3014 1993 3043 ad
2003 3013 2230 3051 Septentrionem
2244 3014 2406 3050 Indiamque
2417 3026 2474 3046 ver-

1354 3056 1414 3085 sum
1425 3077 1433 3090 ‚
1454 3054 1546 3091 quiex
1557 3053 1649 3090 stagno
1664 3053 1804 3090 quodam,
1825 3052 1952 3090 Megisba
1970 3053 2084 3081 nomine
2095 3073 2103 3086 ‚
2125 3060 2271 3088 erumpere
2293 3053 2472 3084 existimatur.

1355 3095 1457 3123 Auster
1469 3091 1536 3120 Plin.
1549 3090 1599 3119 lib.
1609 3095 1633 3120 6.
1643 3099 1703 3137 cap.
1717 3100 1762 3120 22.

1317 3131 1368 3162 ΟΥ
1377 3142 1396 3160 p
1405 3133 1421 3160 tr
1430 3140 1446 3158 r<
1456 3139 1474 3158 υ
1483 3139 1503 3158 M
1514 3150 1522 3163 ,
1543 3129 1560 3157 i.
1582 3138 1610 3157 n.
1632 3124 1775 3164 [uvolapov]
1795 3128 1889 3157 Genus
1899 3127 2011 3165 navigii.
2034 3126 2104 3156 Gell.
2121 3136 2160 3156 ro.
2173 3136 2217 3162 25.

1318 3170 1443 3200 Cypra
1455 3176 1466 3196 s
1478 3188 1486 3201 ,
1507 3176 1538 3195 ae.
1558 3175 1595 3194 m.
1618 3165 1722 3200 Pictor,
1744 3166 1912 3201 Argonautas
1933 3165 2045 3202 pinxit,
2077 3173 2157 3201 quam
2182 3164 2303 3193 tabulam
2329 3174 2370 3193 cx
2382 3176 2415 3193 r.r
2426 3177 2474 3196 ιιι

1356 3216 1406 3236 Hs.
1427 3203 1586 3234 Hortensius
1597 3210 1690 3232 orator
1704 3210 1840 3232 mercatus
1850 3203 1887 3232 est
1897 3225 1903 3236 ,
1929 3204 2009 3240 eique
2023 3203 2111 3231 aedem
2126 3203 2155 3230 in
2171 3202 2327 3231 Tusculano
2339 3201 2386 3231 suo
2397 3203 2472 3234 fecit.

1357 3243 1474 3273 emicuit
1485 3241 1655 3279 Olympiade
1671 3251 1771 3270 crrrr.
1794 3240 1852 3270 Plin
1875 3241 1920 3269 lib.
1937 3250 1978 3275 35.
1991 3250 2052 3277 cap.
2068 3249 2108 3268 ιι.

1320 3283 1370 3312 ΟΥ
1379 3292 1414 3311 or
1423 3289 1501 3315 pes,
1522 3288 1561 3308 es.
1583 3279 1601 3309 f.
1623 3276 1760 3314 [KvA'n-mr
1771 3278 1786 3313 ]
1798 3278 1891 3307 Puella
1902 3279 1936 3308 ab
1946 3279 2064 3308 Acontio
2073 3277 2207 3307 adamata.
2229 3276 2313 3306 Ovid.
2328 3287 2350 3307 1.
2365 3278 2401 3307 de
2413 3278 2475 3308 Arte

1358 3321 1418 3349 Am.
1428 3326 1536 3385 liit‘era
1551 3353 1698 3391 Cydippen
1709 3363 1794 3391 pomo
1802 3353 1907 3391 perlata
1917 3353 2033 3382 fefellit:

1481 3392 1622 3428 Insciaque
1634 3392 1671 3420 est
1684 3391 1773 3421 verbis
1783 3399 1863 3429 capta
1873 3391 1966 3429 puella
1975 3391 2037 3420 suis.

1357 3431 1580 3462 ExtantAcontii
1596 3430 1630 3458 ad
1653 3429 1821 3466 Cydippen,
1843 3431 1868 3459 Sc
1891 3430 2034 3467 Cydippes
2048 3428 2082 3458 ad
2096 3428 2246 3458 Acontium
2261 3427 2382 3465 epistolae
2404 3429 2476 3459 inter

1380 3469 1534 3499 Ovidianas
1546 3467 1643 3496 ordine
1652 3466 1766 3496 ultimae.

1323 3508 1398 3538 Cirr>
1410 3517 1473 3541 NA,
1495 3516 1525 3534 ae.
1548 3506 1567 3533 f.
1590 3502 1710 3541 [Κυδνοι]
1731 3504 1798 3533 olim
1815 3504 1889 3533 dida
1909 3504 1961 3533 fuit
1976 3503 2148 3533 Macedoniae
2169 3503 2266 3532 civitas
2278 3524 2286 3537 ,
2310 3512 2369 3539 quae
2382 3504 2476 3541 postea

1361 3551 1491 3582 corrupto
1500 3543 1615 3572 nomine
1632 3542 1723 3579 Pydna
1731 3541 1868 3580 appellata
1880 3542 1925 3571 est.
1949 3543 2050 3571 Auctor
2061 3541 2226 3576 Stephanus.

1324 3586 1399 3616 CYD
1411 3591 1496 3615 Nus,
1518 3581 1535 3609 i.
1557 3590 1594 3609 m.
1618 3577 1766 3615 [Κυδνῶᾼ]
1788 3579 1892 3609 Ciliciae
1912 3579 2011 3609 fluvius
2028 3588 2083 3607 non
2101 3579 2188 3615 spatio
2210 3587 2340 3614 aquarum
2352 3599 2359 3612 ,
2378 3578 2424 3607 sed
2445 3580 2476 3608 li.

1361 3630 1448 3658 quore
1459 3617 1661 3647 memorabilis:
1685 3618 1789 3655 quippe
1801 3617 1858 3646 leni
1869 3619 1955 3646 tractu
1966 3627 1981 3645 e
1991 3617 2115 3645 fontibus
2125 3615 2222 3644 labens
2234 3638 2240 3648 .
2266 3625 2334 3651 puro
2354 3616 2412 3644 solo
2429 3627 2476 3646 ex-

1361 3656 1861 3728 {iisstilss'³¹‘3050f30m3512222‘553133
1874 3653 2190 3729 ..¹{‡{5‘.5¹.33¹2211’.‚¹3¹s{2
2203 3653 2477 3721 ‘izsfflssssffssrffsg‘

1472 3717 1477 3723 .
1510 3717 1515 3722 .
1546 3716 1549 3721 .
1581 3715 1587 3721 .
1647 3715 1653 3722 .
2369 3714 2376 3726 ‚
2466 3711 2477 3717 -

1364 3743 1417 3770 que
1432 3730 1688 3769 periculosissimum
1706 3730 1832 3759 morbum
1849 3729 2023 3758 contraxisse.
2059 3729 2149 3764 Hujus
2161 3729 2289 3756 meminit
2301 3728 2348 3757 lib.
2363 3739 2402 3758 rr.
2414 3735 2437 3762 8.
2452 3739 2474 3765 ζ.

1363 3771 1492 3807 justinus.
1509 3768 1637 3798 Tibullus
1650 3768 1697 3797 lib.
1715 3779 1735 3796 1.
1751 3767 1822 3804 Eleg.
1834 3777 1858 3796 2.
1872 3767 1981 3796 Solinus
1990 3766 2198 3803 scribitcap.51.
2210 3775 2320 3794 amnem
2331 3776 2345 3795 a
2356 3769 2477 3796 candore

1363 3810 1494 3845 Syrorum
1505 3806 1598 3843 lingua
1607 3815 1709 3834 nomen
1721 3806 1853 3834 sortitum.
1865 3805 2003 3833 Vitruvius
2014 3804 2090 3837 lib.8.
2100 3813 2190 3840 capnt.
2205 3803 2294 3840 Cydni
2303 3814 2383 3839 aquas
2392 3806 2476 3839 poda-

1366 3856 1411 3883 gra
1423 3844 1614 3873 laborantibus
1623 3844 1748 3879 apprime
1761 3842 1879 3871 salubres
1892 3842 1962 3876 esse,
1985 3842 2108 3870 cruribus
2120 3842 2147 3869 in
2161 3841 2199 3869 eis
2215 3841 2305 3869 merlis
2321 3850 2327 3869 :
2350 3842 2383 3869 de
2399 3841 2477 3876 cujus

1367 3884 1407 3913 rei
1417 3882 1589 3920 experientia
1600 3880 1677 3909 Caffii
1690 3880 1836 3909 Parmensrs
1847 3888 1936 3916 poetae
1946 3879 1979 3907 ad
1994 3879 2034 3908 M.
2047 3879 2199 3908 Antonium
2210 3878 2323 3916 epistola
2332 3879 2432 3912 extitit,
2450 3884 2480 3907 ut

1367 3920 1417 3949 lib.
1431 3929 1474 3954 31.
1493 3928 1553 3955 cap.
1570 3927 1595 3946 2.
1607 3919 1749 3946 adnotavit
1765 3918 1876 3946 Plinius.

1331 3958 1352 3989 C
1363 3968 1382 3988 Υ
1392 3968 1409 3987 ι)
1419 3967 1435 3986 o
1444 3967 1463 3986 N
1472 3978 1480 3992 ‚
1502 3956 1573 3985 onis.
1594 3965 1632 3985 m.
1655 3955 1742 3985 Cretae
1755 3955 1847 3984 insulae
1859 3954 2085 4021 tssrsssbvkekpotius
2104 3953 2253 3988 Cenoma,
2269 3962 2299 3981 ae.
2322 3947 2478 3988 [mama]

2011 4001 2024 4027 3
2429 3997 2459 4019 ut
2469 4011 2478 4024 ,
