2641 4187
447 134 475 169 A
572 134 606 169 G
703 136 740 171 Ο

79 212 111 245 Id
122 224 200 252 agere
211 239 219 251 ,
233 222 265 247 ut
277 218 327 247 Sec.
349 216 466 251 Elegans
476 215 594 244 formula
603 224 656 251 qua
664 216 795 249 studium,
814 217 959 248 consilium
969 243 976 251 .
996 220 1022 249 ἃ
1035 225 1150 248 conatus
1164 218 1195 248 ii-

99 254 244 289 gnificatur
259 277 266 289 ,
288 253 436 291 praesertim
449 253 642 282 clandestinus.
668 254 726 283 Cic.
738 265 763 288 4.
779 254 859 284 Catil.
876 267 916 285 12.
958 257 1014 294 Qui
1027 257 1055 285 id
1068 264 1195 291 egerunt,

99 297 131 319 ut
145 299 257 330 gentem
279 292 455 327 Allobrogum
472 291 499 319 in
517 290 635 326 vestigiis
648 291 728 324 liuius
745 292 818 320 urbis
839 293 1018 324 collocarent.
1059 294 1155 331 Nepos
1169 302 1195 323 2.

103 338 126 362 ς.
147 340 168 358 i.
191 329 342 359 Certiorem
352 339 416 357 euni
424 328 509 362 fecit,
523 328 551 356 id
568 329 620 364 agi,
644 329 962 362 utponsdiilblveretur.

38 389 39 393 .
80 364 145 396 Idus
156 367 268 402 agendas
278 367 339 395 sunt
356 365 405 394 tibi
415 375 534 394 mecum.
558 365 659 400 Hor.4.
679 367 768 395 Cium.
788 378 827 396 11.
842 379 883 404 ¹4-
904 371 1009 398 Acron:
1032 369 1049 397 i.
1072 378 1096 397 e.
1120 367 1198 396 Cele-

100 403 218 433 brandae.
242 404 322 433 Diem
333 413 397 432 vero
408 402 528 432 natalem
539 403 700 433 Maecenatis
713 404 853 441 significat,
863 407 996 436 nimirum
1006 406 1070 436 Idus
1080 404 1196 443 Apriles.

81 437 231 478 Imperium
243 450 329 478 agere.
353 441 421 469 Plin.
436 440 484 469 lib.
498 450 523 476 7.
541 450 599 477 cap.
615 446 659 474 28.

80 478 204 516 Impetus
213 479 270 515 agit
279 478 407 514 aliquem.
442 478 526 507 Ovid.
544 489 568 507 2.
588 478 656 507 Met.
676 487 738 516 203.

80 517 165 553 Agere
175 517 223 550 in,
244 526 295 553 pro
308 515 373 544 Effe.
397 515 469 553 Virg.
486 527 510 547 ς.
533 516 594 546 IEn.
616 527 658 551 51.

161 554 244 582 Nunc
261 563 312 590 ego
325 553 432 583 Get-ldis
450 563 557 591 agerem
570 554 585 582 ii
598 553 714 591 syrtibus
723 553 796 583 exul.
853 554 907 584 Ubi
919 557 1029 585 Servius
1039 578 1047 589 ,
1067 555 1095 585 Si
1109 554 1137 583 in
1147 554 1200 583 Ge-

99 589 166 634 tulis
176 590 292 629 syrtibus
302 601 419 626 agerem.
444 592 460 620 i.
477 602 502 620 e.
534 591 633 621 Effem.
656 592 724 621 Plin.
746 591 793 620 lib.
808 597 833 625 g.
847 602 907 630 cip.
920 603 965 629 25.
1005 594 1071 623 Dies
1090 593 1199 621 interra

101 635 156 665 agit
168 650 176 663 ,
192 631 287 658 noctes
298 630 325 657 in
341 639 419 665 aqua.

82 664 113 697 In
125 666 232 701 furore,
260 677 310 704 pro
319 666 461 696 Furiosum
469 665 532 696 effe.
554 666 665 705 Ulpian.
678 666 736 696 inl.
760 666 837 696 Patre
849 666 958 697 furioso.
987 669 1019 698 D.
1047 667 1088 697 De
1106 667 1139 696 iis
1154 666 1201 703 qui

26 734 32 736 ‚
101 703 158 738 sui,
181 705 223 733 vel
236 704 298 734 alie.
328 705 396 740 juris
411 704 481 733 sunt.

46 779 49 782 Δ
81 740 113 772 In
123 742 337 772 admirationem
349 743 475 771 animum
492 744 556 779 agit.
586 740 773 778 Plin.lib·25.
792 751 852 779 cap.
871 752 893 771 1.
915 743 933 772 i.
953 752 976 772 e.
1012 742 1154 781 Impellit,
1176 743 1202 771 δε

101 780 173 817 quali
188 780 272 847 Rapit
284 787 365 817 atque
379 781 471 809 trahit.

81 816 116 847 In
126 827 208 847 arina.
253 819 287 847 iv.
300 822 326 847 6.

82 854 243 886 lncrucem.
266 856 284 885 i.
306 865 330 885 e.
354 855 476 885 Tollere.
499 855 557 885 Cic.
570 864 596 892 7.
615 855 690 884 Verr.
710 858 769 884 162.
785 856 811 884 ἃ
824 865 847 889 ς.
870 855 905 883 de
921 855 1038 891 fin-84-

82 891 278 924 lncruciatum
289 895 314 924 Sc
326 903 446 923 crucem.
470 893 527 923 Cic.
542 903 566 930 7.
596 893 669 922 Verr.
711 892 776 922 Non
790 900 819 921 tii
841 892 895 921 hoc
910 892 973 922 loco
986 894 1105 923 Gavium
1115 916 1123 929 ,
1146 901 1204 921 non

101 940 191 960 unuin
201 931 348 961 hominem
359 931 451 960 nescio
463 941 545 968 quem
561 932 651 960 civem
661 930 821 959 Romanum
830 952 837 964 ,
866 930 912 958 sed
929 941 1111 962 communem
1125 930 1206 960 liber-

101 969 165 998 tatis
179 971 204 999 ἂ
214 970 332 999 civitatis
343 969 452 999 causam
461 970 489 997 in
499 968 579 998 illum
591 969 746 998 cruciatum
756 970 780 998 Sc
790 978 903 997 crucem
914 969 998 1007 egisti.

80 1003 116 1036 In
126 1006 252 1036 exilium.
275 1007 345 1037 Plin.
358 1007 404 1036 lib.
419 1016 443 1043 7.
456 1017 516 1044 cap.
532 1016 576 1042 30.
608 1006 643 1037 Et
652 1006 709 1036 Liv.
728 1017 751 1043 5.
777 1005 845 1036 Bell.
856 1006 925 1036 Puri.

35 1049 47 1059 ³
84 1043 118 1075 In
132 1044 266 1074 fraudem.
288 1045 361 1083 Virg.
375 1055 417 1073 10.
440 1044 501 1074 [En.
515 1052 558 1082 73.

84 1081 117 1112 In
134 1082 245 1120 fugam,
266 1082 379 1120 Fugare.
403 1082 460 1112 Liv.

85 1118 258 1156 Infiirorem,
279 1120 430 1150 inrabieni.
454 1120 549 1149 Horat.
566 1117 616 1158 Ep.
632 1130 654 1149 1.
668 1107 714 1155 3¹9.
731 1129 776 1155 25.

244 1175 281 1179 ——-
304 1158 443 1189 Numeros
458 1159 622 1195 animosque
638 1157 747 1187 secutus

166 1195 325 1226 Archilochi
340 1207 426 1239 gnon
434 1206 476 1226 res
490 1197 517 1225 Se
528 1197 638 1233 agentia
646 1196 730 1225 verba
739 1194 906 1232 Lycamben.
928 1194 964 1224 H.
987 1195 1026 1224 St.
1061 1193 1209 1224 Subaudiri

103 1242 209 1272 nempe
228 1234 322 1264 innuit
340 1246 364 1260 π
383 1234 414 1264 In
433 1234 565 1263 furorem.

86 1270 188 1339 Irbhoc
206 1281 306 1309 agam,
325 1280 357 1302 ut
374 1283 440 1303 euin
456 1271 568 1309 deleget
594 1271 675 1301 inihi.
709 1270 774 1308 Ulp.
794 1270 823 1299 in
836 1270 855 1299 l.
883 1270 1027 1308 Idemque.
1055 1271 1077 1309 §.
1099 1270 1128 1300 Si
1152 1270 1206 1299 cui.

87 1347 119 1378 In
131 1310 294 1385 cibistriidzautgi.
315 1346 389 1384 virg.
406 1357 432 1377 2.
456 1347 631 1384 Georg.401.

88 1385 121 1416 In
130 1385 203 1415 bona
214 1385 269 1423 spe.
303 1385 392 1416 Tacit.
414 1396 455 1414 12.
478 1388 548 1415 Anii.
562 1385 597 1414 ad
609 1385 656 1414 fin.
686 1383 846 1421 Crebroque
855 1383 1000 1422 vulgabat,
1019 1385 1058 1414 ire
1069 1384 1101 1413 in
1110 1383 1211 1414 melius

42 1432 45 1435 ’
105 1423 297 1454 valetudinem
314 1424 466 1461 principis,
489 1433 544 1461 quo
554 1423 634 1452 miles
643 1422 717 1451 bona
727 1421 811 1459 inspe
821 1430 922 1460 ageret.

87 1461 292 1492 inconsiderate
309 1463 335 1492 ἃ,
345 1462 526 1500 negligenter.
567 1461 598 1490 V.
622 1470 642 1489 N
654 1470 667 1489 a
677 1470 720 1488 GL
729 1471 738 1488 1
748 1470 765 1488 c
775 1470 801 1489 o.

89 1499 262 1530 Incurioiius.
284 1499 374 1529 Tacit.
390 1512 417 1536 4.
437 1499 506 1530 Hist.
521 1505 566 1533 28.
587 1498 668 1528 Caesae
677 1498 807 1527 cohortes
818 1508 915 1527 eorum
928 1498 957 1527 iri
967 1499 1032 1528 vico
1043 1496 1212 1527 Marcoduro

109 1538 271 1568 incuriosius
290 1545 412 1576 agentes.

89 1575 234 1613 Inquisitio
244 1576 342 1614 agitur.
366 1574 492 1605 Plin-lib.
510 1584 555 1611 29.
568 1584 629 1613 cap.
644 1584 667 1604 1.
692 1573 836 1612 Inquisitio
850 1583 900 1611 per
910 1574 1028 1610 parietes
1040 1575 1137 1612 agitur.

90 1614 167 1645 Inter
176 1614 265 1644 bonos
277 1615 348 1644 bene
357 1615 439 1652 agier.
462 1613 521 1642 Cic.
536 1622 561 1649 7.
578 1612 654 1642 Fam.
670 1621 712 1641 12.
746 1612 799 1641 Ubi
809 1622 892 1649 porro
900 1612 950 1640 erit
958 1612 1006 1641 illa
1017 1611 1136 1641 formula
1145 1609 1217 1640 fidu-

108 1653 161 1682 ciae
176 1675 184 1688 ,
204 1653 278 1682 Inter
287 1652 376 1682 bonos
387 1653 458 1681 bene
467 1650 541 1688 agier
550 1652 564 1680 ‘3
595 1651 663 1680 Haec
681 1649 801 1679 formula
811 1650 934 1688 pertinet
949 1650 983 1679 ad
997 1660 1096 1679 omnes
1106 1656 1216 1679 contra-

111 1692 172 1720 etus
187 1691 266 1720 bonae
276 1690 351 1720 fidei.
385 1690 487 1721 Monet
496 1695 590 1718 autem
599 1688 671 1718 viros
682 1688 770 1718 bonos
781 1687 870 1717 multa
879 1687 980 1717 debere
993 1688 1132 1726 praestare,
1154 1696 1215 1725 quae

110 1729 198 1758 etiarn
207 1738 265 1758 non
278 1728 340 1758 sunt
348 1728 443 1766 lingua
451 1737 547 1757 nuncu
569 1735 621 1756 ata.

91 1765 236 1797 Iracunde.
253 1766 312 1796 Cic.
326 1772 350 1801 8.
364 1766 483 1804 Philipp.
492 1775 533 1803 17.
574 1765 736 1794 chementer
745 1774 792 1793 ine
801 1773 881 1801 agere
890 1763 1122 1799 fateor,iracunde
1132 1773 1213 1801 nego.

92 1804 148 1835 lter
163 1815 250 1843 agere.
272 1804 356 1834 Ovid.
368 1814 394 1834 2.
407 1804 443 1833 de
454 1807 516 1833 Arte
533 1805 592 1834 Ain.
604 1809 650 1839 84.
666 1803 701 1831 de
716 1802 802 1832 Icaro.

91 1842 238 1880 Judicium
255 1844 307 1881 agi.
329 1842 398 1872 Plin.
412 1842 459 1871 lib.
473 1853 498 1878 9.
509 1851 569 1879 cap.
583 1850 626 1876 35.
645 1840 754 1870 Postero
764 1839 810 1869 die
821 1850 875 1877 quo
887 1840 1025 1875 iudicium
1035 1839 1176 1878 agebatur.

91 1881 206 1918 ,iudicio
218 1891 298 1920 agere
309 1891 374 1911 cum
383 1881 486 1918 aliquo.
505 1879 628 1909 Scaevola
639 1878 658 1908 I.
673 1878 781 1917 penult.
792 1878 827 1908 D.
838 1878 873 1907 de
882 1879 984 1916 acquir.
996 1878 1120 1908 liaeredit.

93 1919 159 1956 Jure
170 1920 278 1950 summo
288 1929 376 1956 agere.
396 1919 529 1953 Budaeus,
552 1918 670 1947 Summo
682 1917 742 1952 jure
752 1926 832 1954 agere
839 1916 972 1946 dicebant
982 1917 1100 1954 antiqui,
1121 1926 1171 1954 pro
1181 1925 1216 1945 eo

113 1959 189 1995 quod
201 1958 255 1993 est,
286 1958 353 1988 Nori
361 1967 397 1987 ex
409 1966 487 1994 aequo
501 1958 527 1986 δι
543 1955 618 1985 bono
628 1977 635 1990 ,
656 1954 703 1984 sed
714 1955 853 1992 iniquiore
867 1955 989 1991 quodam
1004 1955 1099 1990 jure&
1130 1955 1218 1983 raefra-

111 1997 168 2025 c‘to.
191 1997 250 2025 Cic.
261 2006 311 2033 pro
328 1995 429 2025 Caecin.
444 2005 487 2032 34.
520 1994 586 2026 Non
605 1993 681 2022 enim
694 1991 900 2022 minuslaborat
913 1992 1041 2028 Caecina,
1060 2002 1097 2022 ne
1120 2001 1216 2023 ummo

113 2034 172 2070 iure
190 2034 290 2072 egisse,
311 2043 393 2071 quam
408 2043 444 2063 ne
460 2038 568 2062 certum
577 2032 622 2068 jus
640 2030 789 2060 obtinuisse
805 2031 940 2060 videatur.

93 2071 202 2102 Laudes
219 2074 246 2103 ἃ
263 2078 351 2110 grates
371 2072 432 2101 diis.
457 2071 514 2101 Liv.
528 2080 553 2108 7.

92 2110 274 2149 Legationem
284 2110 360 2147 apud
371 2109 501 2147 aliquem.
523 2118 574 2147 pro
586 2106 693 2145 Exequi
708 2107 854 2145 legationis
866 2116 978 2137 munus.
1018 2106 1159 2136 Asconius.

95 2148 189 2187 Legati
196 2158 276 2188 agere
288 2148 426 2177 dicuntur.
439 2157 490 2186 pro
497 2157 531 2176 eo
541 2146 617 2185 quod
625 2146 672 2181 est,
684 2145 841 2183 Legationis
855 2155 958 2175 munus
966 2145 1077 2182 exequi.
1098 2145 1156 2175 Liv.
1169 2155 1195 2180 9.

95 2186 167 2225 Lege
177 2197 265 2226 agere.
284 2186 349 2217 Ter.
361 2186 472 2216 Phorm.
483 2196 506 2222 ς.
520 2195 545 2222 7.
559 2195 604 2220 91.
632 2183 705 2222 Lege
714 2184 787 2221 agito
803 2193 876 2220 ergo.
909 2183 964 2213 Ubi
974 2183 1101 2212 Donatus
1112 2205 1120 2219 ,
1145 2183 1218 2220 Lege

115 2226 207 2264 agito,
226 2224 372 2254 dicebatur
391 2225 418 2253 ei
435 2246 444 2260 ,
465 2224 544 2260 cujus
555 2223 677 2252 intentio
691 2220 913 2259 contemptibilis
932 2220 1084 2250 adversario
1105 2221 1219 2250 videba-

113 2270 166 2293 tur.
198 2263 256 2293 Cic.
277 2273 298 2292 1.
321 2262 356 2291 de
374 2262 452 2292 Orat.
497 2263 618 2300 Agerent
639 2261 717 2290 enim
732 2267 828 2290 tecum
842 2259 904 2297 lege
918 2260 1042 2298 primum
1055 2258 1219 2298 Pythagorei

114 2311 222 2332 omnes.
260 2300 291 2330 V.
318 2299 391 2339 Lege
413 2310 492 2338 agere
507 2300 537 2329 in
553 2311 570 2328 L
581 2309 595 2328 Ε
606 2308 634 2328 X.

95 2340 170 2378 Lege
184 2339 300 2379 agerein
313 2338 505 2368 haereditatem
515 2346 668 2376 paternam.
690 2336 749 2366 Cic.
765 2346 788 2366 1.
802 2336 838 2366 de
848 2335 924 2366 Orat.
939 2344 1000 2374 175.

96 2378 223 2414 Leniter,
262 2377 294 2407 V.
315 2376 345 2406 su
368 2387 396 2411 ra
410 2399 418 2413 ,
440 2377 573 2406 Graviter.

97 2416 184 2446 Lente
197 2426 294 2454 agere,
360 2438 367 2445 .
390 2424 485 2444 LENT
495 2424 543 2444 us.

97 2454 189 2486 Limes
200 2454 333 2492 agendus.
355 2452 439 2483 Ovid.
457 2463 481 2490 3.
500 2452 535 2482 de
552 2453 616 2482 Arte
630 2452 690 2482 Am.
709 2456 772 2487 558.
803 2488 808 2493 .

176 2493 239 2523 Nec
254 2491 365 2522 stabiles
373 2492 482 2521 animos
497 2491 595 2525 annis,
615 2490 790 2526 viridemque
799 2494 943 2524 juventam

214 2531 253 2560 Ut
263 2531 355 2569 capias
365 2551 373 2565 ,
390 2530 470 2558 idem
479 2528 561 2558 limes
575 2528 697 2566 agendus
707 2528 767 2556 erit.
824 2527 853 2556 h.
878 2536 904 2556 e.
924 2524 1103 2556 Noniisdem
1117 2525 1223 2556 artibus

116 2568 247 2599 fefelleris
267 2568 360 2598 senem
381 2568 558 2604 &juvenem
599 2565 787 2596 Proverbium.

99 2607 233 2639 Mandata
245 2616 325 2643 agere
335 2628 343 2642 ,
364 2605 440 2635 idern
450 2605 525 2642 quod
537 2604 671 2634 Mandata
678 2604 788 2640 exequi.
811 2602 869 2632 Cic.
881 2612 906 2637 9.
930 2602 985 2632 Att.
999 2607 1025 2636 8.

99 2645 217 2676 Mecum
225 2645 281 2683 agit
290 2643 535 2673 fortimaseeundis
548 2643 639 2672 rebus.
660 2642 678 2671 i.
702 2651 726 2671 e.
749 2640 841 2671 Favet.
875 2639 978 2669 Lucan.
994 2640 1042 2669 lib.
1055 2649 1078 2669 1.
1094 2648 1157 2677 310.

100 2683 217 2720 Mecum
233 2683 290 2721 agit
305 2682 380 2712 duris
390 2681 509 2719 legibus.
539 2681 606 2711 Non
621 2679 711 2709 verbis
723 2679 836 2717 posthac
845 2700 854 2713 ,
869 2677 917 2707 sed
927 2677 1088 2707 verberibus
1098 2688 1177 2716 agam
1186 2684 1225 2708 te-

118 2732 194 2752 cum.
233 2722 350 2751 Summo
365 2720 425 2755 jure
445 2721 501 2757 egit
515 2728 581 2749 cuin
598 2718 666 2753 illo,
688 2720 715 2748 ἃ
736 2717 842 2747 similia.

100 2759 205 2790 Mensis
215 2760 312 2796 agitur.
338 2757 409 2790 Plin.
426 2757 475 2787 lib.
495 2767 537 2795 ¹4-
557 2767 619 2795 cap.
643 2766 666 2785 1.
703 2754 844 2792 AVirgilii
863 2754 932 2783 vatis
950 2753 1029 2783 obitu
1041 2763 1078 2783 xc
1106 2759 1226 2791 aguntur

119 2798 194 2827 anni.
215 2798 279 2828 Ter.
299 2796 369 2826 Hec.
385 2805 408 2832 3.
423 2805 448 2833 3.
464 2805 507 2833 34.
548 2795 625 2825 Tum
642 2794 788 2833 postquam
799 2793 834 2822 ad
846 2799 874 2822 te
885 2792 977 2828 venit,
997 2792 1098 2821 mensis
1108 2792 1165 2828 jam
1178 2791 1225 2821 hic

118 2836 207 2873 agitur
216 2834 357 2873 septimus.

100 2872 261 2904 Mensuram
271 2871 388 2908 alicujus
398 2871 438 2901 rei
450 2881 539 2909 agere.
562 2870 631 2901 Plin.
643 2869 693 2899 lib.
708 2880 719 2899 1
727 2881 750 2906 ς.
762 2879 823 2907 cap.
838 2878 861 2905 3.
876 2868 1001 2898 Amurcae
1010 2866 1168 2910 mensuram
1179 2877 1227 2896 ne-

121 2921 169 2941 mo
183 2911 247 2950 agit.
269 2909 287 2939 i.
303 2920 328 2940 e.
346 2910 439 2940 Nemo
450 2919 594 2939 amurcam
603 2909 718 2938 metitur
727 2931 735 2943 ,
756 2907 809 2936 sive
819 2907 854 2936 ad
865 2905 1020 2936 mensuram
1039 2905 1149 2942 redigit.

101 2949 224 2981 Morem.
260 2948 366 2979 Sallust.
394 2947 518 2977 Primum
530 2947 675 2983 omnium,
697 2945 888 2976 omittendum
902 2953 1010 2973 morem
1024 2943 1120 2979 hunc,
1142 2953 1226 2981 quem

122 2988 202 3025 agitis
220 2987 345 3025 impigrae
361 2985 473 3025 linguae.

101 3024 198 3057 Metus
211 3026 308 3055 mortis
319 3024 357 3053 est
366 3024 437 3053 foras
450 3023 583 3062 agendus.
603 3021 712 3053 Lucret.
726 3021 775 3050 lib.
793 3030 816 3058 3.
827 3030 870 3058 37.

182 3063 218 3094 Et
234 3069 326 3092 metus
341 3061 388 3091 ille
402 3062 474 3091 foras
497 3071 622 3099 praeceps
640 3059 804 3091 Acherontis
818 3056 942 3096 agendus

181 3101 319 3132 Funditus
330 3123 339 3136 ,
358 3100 511 3130 humanam
524 3099 572 3137 qui
585 3099 670 3129 vitam
679 3098 773 3128 turbat
783 3097 817 3127 ab
830 3098 898 3127 imo.
938 3095 966 3125 h.
989 3105 1013 3125 e.
1035 3093 1228 3133 Expellendus

122 3140 201 3169 omni
213 3149 248 3169 ex
279 3145 346 3169 arte.

104 3177 233 3208 Minerva
242 3149 343 3216 psngui
353 3185 440 3214 agere.
467 3174 525 3205 Cic.
545 3174 576 3204 in
584 3174 679 3210 Laelio,
693 3184 735 3209 19.
753 3171 1071 3214 Agamusigiturnpingui
1090 3170 1228 3206 Minerva,

123 3222 156 3245 ut
173 3217 260 3245 aiunt.
281 3216 309 3244 h.
324 3225 347 3244 e.
376 3213 482 3244 Omiffa
497 3213 575 3242 omni
586 3212 751 3242 obscuritate
763 3214 790 3241 ἃ
804 3210 891 3240 nimia
899 3210 1048 3238 iubtilitate
1058 3231 1066 3243 ,
1082 3208 1155 3237 hanc
1170 3218 1231 3238 rem

121 3255 272 3284 tradtemus
290 3251 419 3282 craffius:
441 3251 495 3281 five
514 3251 699 3288 (utimperiti
709 3249 883 3287 loquuntur)
902 3247 1058 3286 Loquamur
1070 3246 1158 3284 grosso
1171 3255 1232 3275 mo-

124 3292 172 3321 do.
194 3290 368 3322 Proverbiale
386 3290 431 3320 est.

106 3327 233 3365 Modeste
244 3339 333 3368 agere.
356 3327 476 3365 Quintil.
496 3327 545 3356 lib.
558 3337 582 3364 ς.
598 3335 658 3394 ολδ.
672 3330 699 3356 6.
1001 3361 1006 3367 ⁸
1191 3360 1197 3366 .

108 3367 223 3398 Modice
237 3377 317 3405 agere
325 3367 476 3404 quippiam.
493 3365 552 3395 Cic.
567 3374 617 3402 pro
651 3364 728 3393 oelio.
745 3363 830 3393 Nunc
839 3370 919 3400 agam
930 3359 1108 3396 modice,nec
1120 3360 1233 3398 longius

148 3406 297 3443 regrediar,
312 3414 394 3442 quam
403 3414 447 3434 me
455 3413 517 3434 mea
525 3402 593 3432 fides
601 3404 627 3432 ἃ
638 3402 717 3432 causa
725 3401 781 3440 ipsa
793 3407 883 3438 coget.
921 3399 953 3428 V.
973 3409 994 3427 M
1003 3409 1020 3428 o
1029 3409 1047 3427 r>
1057 3408 1075 3427 u
1083 3408 1104 3428 s.
1159 3436 1165 3442 .

107 3416 231 3511 Ἆξιιζίωω
239 3443 295 3481 agit
307 3442 397 3478 sexm,
408 3448 483 3479 aetas,
494 3441 638 3472 conditio:
659 3446 692 3470 ut
703 3440 735 3469 in
745 3439 879 3474 foeminis,
890 3436 1009 3471 senibus,
1024 3437 1076 3466 δίε.
1109 3435 1231 3474 Quintil.

139 3492 148 3511 i
169 3505 175 3512 .
210 3491 258 3511 .ca
281 3504 287 3510 .
303 3491 326 3510 1.

108 3519 176 3550 Non
185 3491 306 3548 riiultiim
321 3518 416 3556 egerit.
437 3516 495 3546 Cic.
509 3526 535 3554 7.
550 3516 625 3546 Fam.
659 3516 746 3553 Quod
758 3514 872 3552 quidem
883 3513 902 3542 si
912 3513 985 3542 inter
994 3521 1043 3542 vos
1052 3511 1129 3542 senes
1136 3510 1234 3542 venale

149 3556 324 3595 roscripserit‚
337 3556 424 3593 egerit
443 3565 501 3584 non
513 3554 644 3584 multum.
668 3555 687 3584 i.
698 3564 723 3584 e.
744 3554 812 3583 Non
820 3551 942 3581 multum
976 3550 1114 3580 rofecerit.

110 3595 130 3627 Ii
144 3595 234 3625 ultum
242 3595 304 3624 affl.
328 3592 447 3630 Quintil.
461 3592 479 3622 1.
494 3602 553 3630 7.c.
568 3603 590 3622 1.
601 3602 629 3630 p.
645 3601 706 3627 <9²-
728 3591 819 3621 Burni.
840 3590 902 3625 Jam
913 3598 960 3618 mu
974 3595 1035 3618 tum
1045 3588 1152 3618 actiest.
1173 3587 1236 3617 Pos-

128 3633 169 3663 set
176 3633 274 3670 aliquis
287 3642 345 3661 non
355 3630 471 3661 adsuiss'e
486 3632 511 3660 &
524 3631 609 3660 haeres
621 3629 683 3659 esse.
717 3630 811 3666 [Sunt
825 3628 873 3666 qui
886 3637 949 3665 gen.
962 3633 1063 3664 putant
1073 3626 1107 3656 ab
1119 3635 1233 3655 acrum.

129 3672 162 3707 ti,
179 3670 233 3700 Alii
243 3670 440 3705 Archai'smum,
451 3669 511 3698 Acti
523 3678 574 3706 pro
589 3669 682 3698 Attus.
704 3668 786 3698 Forte
798 3667 898 3696 Acium
909 3664 1070 3702 legendum.

111 3708 264 3747 Negotium
273 3707 362 3737 suum.
384 3708 403 3737 i.
419 3717 444 3737 e.
466 3707 537 3736 Rem
548 3707 683 3744 privatam
692 3715 796 3735 curare.
827 3704 900 3733 Nam
911 3711 990 3740 agere
1000 3700 1080 3732 suum
1090 3701 1238 3740 negotium

130 3746 292 3784 dicitur,qui
302 3746 375 3775 sicin
382 3745 502 3783 propriis
511 3744 592 3773 rebus
601 3744 639 3773 est
649 3748 846 3782 occupatus,ut
854 3740 925 3770 nihil
937 3746 1016 3770 curet
1024 3740 1122 3784 aliena.
1144 3740 1202 3769 Cic.
1211 3750 1234 3769 1.

130 3784 189 3815 Off.
201 3794 246 3820 29.
267 3784 338 3813 Sunt
347 3784 430 3813 etiam
441 3783 487 3820 qui
494 3789 542 3812 aut
553 3782 690 3811 studiorei
698 3781 838 3811 familiaris
847 3779 968 3815 tuendae,
978 3785 1027 3808 aut
1037 3779 1105 3808 odio
1114 3778 1237 3816 quodam

107 3844 110 3849 .
131 3822 297 3857 hominum,
317 3820 398 3850 suum
410 3821 437 3851 se
452 3821 598 3859 negotium
609 3830 689 3858 agere
711 3820 815 3849 dicant.

113 3860 193 3892 Nihil
213 3869 301 3896 agere.
338 3859 370 3888 V.
404 3869 424 3888 N
435 3870 445 3888 r
455 3869 476 3888 H
486 3870 495 3887 1
507 3870 532 3888 1..
1059 3890 1065 3898 .

113 3898 194 3929 Nihil
207 3897 283 3926 aliud
299 3898 371 3933 agit,
392 3896 450 3926 nifi.
486 3896 545 3926 Cic.
565 3907 592 3932 4.
621 3896 703 3925 Acad.
727 3904 753 3932 7.
795 3893 895 3930 Neque
919 3891 1016 3921 nostrae
1037 3891 1238 3931 disputationes

134 3935 378 4004 qflicquamgpliud
394 3941 480 3974 agunt
491 3956 499 3972 ‚
519 3933 570 3964 nisi
589 3935 620 3963 in
638 3941 773 3972 urranque
787 3938 894 3972 partem
908 3929 1031 3960 dicendo
1050 3932 1077 3961 ἃ
1096 3929 1238 3962 audiendo

133 3983 150 4004 e
163 3974 262 4009 ciant,
311 3982 335 4003 c.

1697 145 1725 179 A
1820 146 1853 179 G
1947 148 1982 182 O

1292 222 1411 253 Nimbos
1428 233 1511 259 agens
1526 224 1621 254 Eurus.
1645 224 1711 254 Hor.
1723 235 1749 254 2.
1773 225 1863 255 Carni.
1882 231 1923 256 16.
1940 236 1983 264 ²3-

1292 258 1605 298 Nncleiiiintci·animia
1620 273 1708 299 agere.
1735 263 1808 298 virg.
1828 268 1853 292 (i.
1877 265 2012 301 AEn.514.
2043 266 2059 295 i.
2078 277 2101 296 c.
2124 267 2240 299 Ducere.

1294 296 1492 333 Niiqiiszigteie,
1523 310 1572 337 pro
1584 300 1693 334 Nun-ari.
1715 300 1800 330 Pliiut.
1821 301 1910 330 Cillcl.
1924 311 1948 331 2.
1969 312 1992 337 3.
2005 313 2047 338 39.

1295 333 1403 377 (lilium
1415 337 1553 379 agimus&
1567 338 1725 380 naufragum
1737 340 1762 368 S.-
1776 338 1978 375 periclitantem
1990 350 1995 368 :
2028 351 2143 377 quorum
2155 343 2269 372 induere
2281 345 2408 381 personas

1307 373 1543 410 ν(μικίιιηιηυῑηιΙι
1555 376 1668 404 iidcclus
1681 376 1839 405 iilluiiiiiiius
1856 378 1868 405 ‘2
1891 376 2009 412 Quintil.
2025 378 2087 407 lnst.
2098 384 2122 408 6.
2135 390 2159 409 2.
2171 390 2239 409 extr.

1298 409 1470 451 Orationem.
1492 412 1549 451 ¹Cic.
1564 413 1597 440 dc
1607 415 1713 442 Senect.
1726 414 1810 448 Agere
1821 414 1986 446 orationem.
1997 425 2054 443 non
2066 417 2102 444 cll
2114 428 2174 446 euin
2185 429 2354 456 componere
2365 429 2411 450 aut

1316 446 1452 488 scr-ibere,
1482 449 1529 490 l'ss'd
1545 451 1699 479 orationem
1720 452 1809 488 palum
1830 452 1948 486 habere,
1979 452 2031 481 sive
2051 456 2237 490 pronuntiare.
2289 457 2359 486 Nam
2382 459 2410 487 in

1320 493 1346 524 pi
1355 494 1410 525 iore
1423 487 1570 518 ligusticum
1584 509 1590 521 ,
1614 488 1712 517 iacere
1724 490 1878 518 orationem
1891 512 1898 525 ,
1923 490 1991 519 sicut
2004 490 2103 520 facere
2114 502 2225 522 carmen
2235 515 2243 528 ,
2264 495 2391 524 dicimus.

1298 519 1463 549 Oicitzinter.
1505 523 1534 550 V.
1566 534 1582 551 o
1593 534 1604 552 s
1615 536 1631 552 c
1642 536 1650 552 1
1662 535 1680 553 τ
1689 536 1706 553 A
1717 537 1735 553 Ν
1748 537 1766 555 '1'
1776 537 1788 555 Ε
1798 537 1823 555 R.

1298 556 1382 591 Otia,
1397 558 1412 585 ἰ-
1423 558 1555 601 „eunoun
1571 562 1799 602 &tranquillitate
1810 565 1911 598 vivere,
1926 564 2067 595 velotiari.
2109 566 2180 603 Virg.
2195 576 2218 604 3.
2236 568 2334 606 Georg.
2351 578 2411 606 377.

1378 595 1429 637 ipsi
1447 606 1474 623 iii
1491 596 1600 625 desiistis
1612 600 1746 635 specubus
1766 602 1857 631 secura
1875 602 1922 631 sub
1936 603 1991 632 ulta

1380 633 1446 660 Otia
1466 641 1550 667 agunt
1572 642 1650 664 terra.

1301 667 1408 697 Paceni.
1436 670 1543 699 Sallust.
1565 671 1692 702 liceatne
1710 682 1767 703 tum
1787 686 1885 713 pacem
1905 686 1993 713 agere.

1300 705 1418 740 Pacem,
1440 717 1489 743 pro
1508 708 1665 742 Quieibcre.
1694 712 1741 740 Sil.
1764 713 1822 742 ltzil.
1842 714 1888 742 lib.
1909 724 1933 750 7.

1384 743 1481 786 Pacem
1498 748 1579 786 nocie
1599 746 1690 788 datam
1704 750 1865 779 mortalibus
1886 752 1960 781 orbis
1974 753 2079 794 agebat.

1302 780 1393 810 Partes
1405 781 1572 825 aliqiigis3live
1582 783 1700 819 aliquam
1713 785 1863 816 Personam.
1886 790 1972 826 Cic.7.
1985 791 2058 820 baini.
2071 795 2097 819 6.
2119 790 2153 820 Et
2164 791 2275 829 quando
2286 790 2418 824 Medeam

1323 829 1402 854 agere
1413 830 1496 862 coepi,
1511 819 1579 848 illud
1589 820 1696 863 semper
1705 832 1856 857 memento,
1868 826 1923 860 Qui
1935 827 1989 863 ipsc
1999 828 2045 856 sibi
2059 829 2163 864 sapiens
2173 831 2296 867 prode-ilc
2312 833 2417 867 nequit,

1324 866 1526 899 necquicquam
1540 857 1616 900 sapit.
1639 859 1728 893 Idem,
1745 861 1839 895 Quum
1850 862 1898 890 tibi
1911 874 1995 900 prope
2008 867 2114 894 iic-celse
2127 867 2202 901 efflet,
2212 878 2257 896 ciis
2270 878 2347 897 :mere
2361 879 2422 906 par-

1324 901 1374 936 tes«.
1397 895 1423 923 h.
1436 905 1459 924 e.
1472 896 1614 933 Sulmpere
1623 896 1786 938 'inimicitias
1798 909 1861 927 cum
1873 900 1992 930 inimicis
2003 904 2079 932 ineis.
2101 904 2154 932 Sed
2168 905 2219 934 lio-c
2229 896 2309 934 traxit
2322 906 2420 935 Cicero

1324 942 1340 960 a
1354 932 1507 961 fabularum
1519 932 1642 970 personis
1658 944 1664 963 ;
1694 935 1760 963 utin
1771 937 1925 971 conrii-dia,
1949 939 2030 973 Agere
2041 948 2128 976 partes
2141 942 2249 971 lenonis
2280 944 2318 972 cst
2333 943 2420 973 Leno-

1325 979 1389 1012 nem
1400 980 1488 1014 agere.
1516 971 1575 1014 'Ubi
1586 972 1669 1000 etiam
1680 973 1764 1015 Agere
1777 973 1878 1009 primas
1889 982 1978 1010 pau-tes
1988 978 2139 1013 capt-riona
2156 966 2267 1014 (licitus,
2285 992 2344 1017 quie
2356 992 2422 1019 pru:-

1326 1009 1458 1051 cipuahest
1470 1018 1498 1052 in
1514 1008 1569 1046 ipsa
1578 1010 1726 1052 comoedia.
1747 1009 1812 1039 Ter.
1826 1011 1896 1047 prol.
1919 1012 2027 1042 Phorm.
2069 1016 2142 1050 Quia
2157 1018 2256 1052 primus
2270 1027 2358 1055 partes
2375 1021 2421 1055 qui

1326 1052 1398 1087 aget,
1415 1053 1507 1089 is‘erit
1523 1047 1660 1076 Phormio.
1691 1048 1748 1077 Cic.
1763 1048 1792 1077 in
1807 1048 1907 1083 Bruto,
1929 1049 2023 1085 Quum
2043 1051 2122 1081 Cottii
2139 1055 2265 1091 princeps
2283 1056 2423 1086 adhibitus

1326 1085 1401 1117 ellet,
1413 1093 1517 1121 priores
1531 1092 1712 1120 tiunenagere
1722 1086 1908 1114 Hortenliuin.
1926 1086 1952 1115 h.
1973 1097 1997 1115 e.
2019 1088 2193 1124 Superiorem
2210 1093 2271 1121 else.

1307 1120 1398 1150 Partes
1405 1121 1523 1163 alicujus
1535 1121 1660 1151 vicillim.
1682 1123 1746 1152 Ter.
1756 1123 1864 1152 Phorm.
1881 1134 1904 1157 ς.
1920 1134 1943 1159 ς.
1956 1133 1980 1160 7.
2015 1124 2133 1155 Vicilliin
2146 1136 2234 1164 partes
2244 1138 2303 1159 tuas
2314 1132 2423 1161 aeturus

1327 1159 1373 1188 est.
1404 1166 1598 1196 interpretatur
1611 1160 1745 1195 Donatus,
1762 1160 1876 1190 Mutuus
1889 1171 1987 1199 operas
1998 1163 2112 1192 tradere.

1307 1196 1399 1226 Partes
1408 1196 1529 1227 lenitatis
1539 1200 1564 1227 δ’(
1576 1197 1778 1228 misericordia:
1801 1199 1859 1228 Cic.
1873 1209 1923 1236 pro
1935 1199 2046 1229 Muren.
2059 1204 2085 1230 6.
2108 1202 2163 1237 ligo
2174 1210 2265 1232 :uitem
2277 1205 2323 1234 lixis
2335 1212 2423 1241 partes

1326 1234 1450 1278 lenitatis
1465 1237 1490 1264 ἃ
1501 1236 1692 1265 misericordiae
1703 1259 1710 1271 ,
1732 1246 1798 1274 quas
1813 1246 1857 1265 me
1868 1245 1964 1266 natura
1977 1237 2033 1274 ipsa
2041 1238 2137 1267 docuit
2150 1262 2157 1274 ,
2172 1241 2277 1278 semper
2285 1244 2326 1279 egi
2339 1243 2425 1272 liben-

1327 1277 1386 1301 ter:
1408 1272 1484 1316 illam
1496 1283 1559 1302 vero
1571 1274 1708 1311 gravitatis
1722 1274 1928 1311 severitatisque
1940 1274 2085 1313 personam
2102 1285 2160 1306 non
2173 1280 2292 1316 appetivi
2305 1303 2313 1315 ,
2332 1280 2378 1309 sed
2391 1281 2423 1310 ab

1327 1309 1484 1348 Republica
1500 1311 1567 1340 mihi
1582 1312 1738 1349 impositam
1748 1335 1756 1347 ,
1779 1312 1901 1341 sustinui.

1308 1346 1431 1378 Plebem.
1453 1348 1510 1379 Liv.
1531 1349 1578 1379 lib.
1603 1358 1628 1385 3.
1666 1350 1717 1380 His
1735 1351 1792 1380 fere
1811 1360 1890 1387 agere
1909 1349 2039 1388 plebem,
2061 1351 2206 1389 plebisque
2224 1355 2340 1386 animos.
2362 1357 2378 1386 i.
2399 1367 2422 1386 e.

1329 1386 1464 1416 Exercere
1482 1388 1508 1416 Sc
1530 1397 1638 1416 vexare.

1308 1422 1407 1454 Poenas
1418 1424 1533 1461 alicujus
1546 1424 1654 1454 sceleris
1665 1425 1717 1454 ase
1734 1434 1822 1462 agere.
1844 1425 1901 1454 Liv.
1916 1435 1940 1460 ς.
1963 1425 2031 1455 Bell.
2049 1426 2116 1455 Pun.
2138 1437 2187 1464 pro
2211 1428 2334 1463 Exigere.

1307 1460 1504 1492 Paenitentiam
1512 1473 1591 1500 agere
1600 1463 1702 1492 dicitur
1711 1485 1718 1498 ,
1731 1473 1814 1500 quem
1824 1463 1888 1492 facti
1898 1463 2036 1501 poenitet:
2064 1465 2109 1500 qui
2123 1465 2200 1496 dolet
2208 1466 2233 1495 se
2241 1466 2345 1504 aliquid
2353 1468 2428 1498 fecis-

1327 1499 1353 1529 se
1366 1510 1372 1529 ε
1398 1501 1511 1538 quirem
1520 1502 1620 1530 factam
1631 1523 1639 1536 ,
1658 1501 1790 1530 infestam
1801 1502 1887 1539 cupit.
1910 1500 1978 1530 Plin.
1993 1502 2023 1530 in
2032 1501 2114 1540 Epist.

1309 1536 1365 1567 Prae
1375 1537 1401 1567 se
1411 1548 1490 1576 agere
1502 1538 1615 1576 aliquid.
1638 1539 1704 1568 Stat.
1719 1548 1743 1576 3.
1757 1538 1848 1568 Theb.
1872 1538 1930 1568 Liv.
1943 1549 1987 1576 29.
2000 1545 2045 1574 28.
2059 1549 2083 1577 3.
2105 1540 2207 1570 Pecora
2215 1551 2326 1580 quoque
2339 1553 2392 1581 prae
2401 1544 2428 1574 se

1329 1577 1443 1612 agrestes
1461 1576 1587 1614 agebant.

1309 1613 1482 1656 Prffgcipitem
1494 1624 1537 1644 ex.
1559 1613 1623 1644 Caes.
1641 1623 1663 1651 3.
1679 1614 1748 1644 Bell.
1771 1613 1851 1644 Civil.
1864 1618 1908 1651 46.
1925 1625 1948 1650 ς.
1991 1615 2027 1645 Et
2036 1615 2210 1646 exinseriore
2225 1616 2288 1646 loco
2305 1619 2428 1650 adversus

1329 1651 1434 1681 clivum
1448 1653 1555 1682 incitati
1567 1652 1645 1682 cursu
1657 1675 1665 1688 ,
1690 1653 1846 1690 praecipites
1858 1652 2040 1690 Pompeianos
2058 1661 2174 1690 egerunt
2183 1677 2190 1688 ,
2207 1656 2233 1684 6<
2242 1662 2317 1688 terea
2326 1665 2429 1687 vertere

1328 1692 1490 1727 coegerunt.
1513 1691 1539 1720 h.
1562 1700 1585 1719 e.
1608 1690 1661 1720 Eos
1673 1690 1912 1728 asuperioreloco
1928 1691 2058 1728 expulsos
2072 1713 2079 1726 ,
2098 1691 2126 1720 in
2143 1692 2235 1729 fugam
2245 1701 2393 1724 verterunt.

1308 1726 1482 1766 Praecipitem
1493 1729 1527 1758 de
1537 1728 1633 1758 fundo.
1666 1728 1724 1757 Cic.
1738 1737 1788 1766 pro
1800 1729 1902 1758 Czecin.
1920 1732 1965 1758 60.
1990 1729 2018 1758 Si
2027 1729 2114 1767 glebis
2125 1752 2134 1764 ,
2150 1730 2282 1765 autsuxls,
2303 1733 2432 1762 iiutfusti-

1328 1765 1380 1795 bus
1395 1766 1516 1804 aliquem
1524 1767 1558 1795 de
1567 1766 1657 1796 fundo
1665 1767 1836 1804 praecipitem
1853 1767 1950 1804 egeris.
1971 1767 1989 1796 i.
2005 1777 2030 1796 e.
2053 1767 2186 1803 dejeceris
2196 1768 2231 1797 de
2240 1769 2411 1806 poiselsionc.

1308 1802 1481 1847 Praecipitem
1493 1827 1500 1840 ,
1521 1814 1570 1842 per
1580 1804 1780 1842 metaphoram.
1803 1804 1860 1834 Cic.
1874 1814 1915 1841 13.
1929 1804 2049 1842 Philipp.
2070 1804 2190 1835 Difficile
2200 1806 2238 1835 est
2247 1808 2367 1844 credere,
2384 1818 2432 1838 eos

1349 1851 1376 1870 ui
1392 1852 1437 1872 me
1446 1843 1618 1880 praecipitem
1636 1843 1759 1879 egerint,
1782 1842 1942 1879 aequillimas
1952 1843 2131 1872 conditiones
2142 1843 2286 1874 ferentem.
2310 1846 2328 1875 i.
2343 1856 2366 1875 e.
2389 1846 2432 1876 De

1352 1886 1397 1909 atu
1413 1890 1444 1909 ac
1454 1880 1592 1918 dignitate
1605 1880 1774 1916 dejecerint,
1795 1880 1975 1910 deturbarint.

1308 1915 1482 1955 Praecipitem
1497 1928 1562 1947 eum
1573 1926 1659 1956 agunt
1667 1928 1759 1956 poenae
1769 1918 1880 1947 civium.
1901 1918 1960 1947 Cic.
1979 1928 2002 1954 3.
2028 1917 2102 1947 Verr.
2115 1928 2141 1956 7.
2183 1919 2275 1957 Agunt
2291 1931 2356 1950 eum
2365 1932 2432 1959 pru:-

1328 1956 1444 1993 cipitem
1454 1966 1546 1994 poenae
1556 1957 1662 1986 civium
1673 1956 1754 1986 Rom.
1772 1966 1840 1992 quos
1852 1957 1951 1993 partim
1958 1955 2045 1985 securi
2056 1958 2201 1994 perculsit,
2224 1959 2360 1995 partimin
2377 1960 2434 1989 vin-

1328 1992 1399 2023 culis
1415 1995 1525 2024 necavit
1536 1996 1588 2024 Sec.
1612 1993 1675 2024 Hoc
1684 1993 1826 2024 Sallustius
1838 1995 1925 2029 dixit,
1947 1993 2047 2031 Agitari
2059 1994 2229 2024 conscientia
2238 1995 2378 2026 scelerum.

1310 2030 1433 2061 Praedam
1448 2034 1474 2062 ἃ
1486 2033 1601 2070 praedas.
1619 2031 1677 2061 Liv.
1691 2032 1740 2061 lib.
1756 2042 1778 2061 1.
1797 2040 1837 2069 17.
1861 2031 1930 2061 Inde
1946 2042 1993 2061 eos
2007 2030 2124 2061 collecta
2141 2034 2274 2068 juvenum
2289 2045 2370 2064 manu
2386 2035 2435 2064 ho-

1329 2069 1420 2099 stilem
1439 2070 1467 2098 in
1485 2071 1603 2100 modum
1617 2070 1722 2108 praedas
1734 2079 1822 2108 agere.
1863 2070 1948 2108 Agere
1964 2069 2087 2107 praedas,
2109 2071 2147 2100 est
2159 2071 2283 2101 Prasdari.
2309 2073 2336 2102 h.
2357 2083 2381 2102 e.
2404 2074 2436 2101 A-

1330 2117 1411 2145 gros,
1431 2109 1525 2144 vicos,
1544 2115 1592 2138 aut
1602 2107 1665 2138 loca
1678 2108 1730 2137 alia
1743 2107 1894 2146 populari,
1920 2114 1951 2138 ut
1965 2107 2104 2144 abigendo
2125 2119 2226 2147 pecora
2239 2131 2247 2145 ,
2268 2112 2295 2140 Sc
2312 2111 2436 2140 auferen—

1332 2146 1370 2175 do
1379 2146 1516 2184 quidquid
1530 2157 1581 2184 pro
1591 2145 1708 2176 libidine
1719 2146 1905 2184 praedantium
1914 2145 2015 2175 auferri
2028 2146 2126 2183 potest.

1311 2182 1443 2218 Praedam,
1454 2185 1490 2213 ad
1500 2185 1603 2214 furtum
1612 2184 1696 2214 etiam
1709 2184 1833 2213 refertur.
1854 2183 1941 2213 Plaut.
1954 2183 2014 2213 Aul.
2037 2183 2089 2212 Nae
2097 2183 2155 2215 illic
2164 2184 2310 2222 pulchram
2316 2186 2437 2223 praedam

1331 2229 1410 2259 agat,
1431 2222 1513 2259 siquis
1532 2222 1608 2252 illam
1619 2223 1757 2252 invenerit
1773 2222 1866 2252 aulam
1880 2221 2008 2251 onustam
2021 2222 2092 2252 auri.

1313 2259 1402 2289 Prisce
1412 2281 1421 2294 ,
1457 2260 1489 2289 V.
1512 2259 1610 2298 supra,
1631 2260 1762 2289 Graviter.

1314 2297 1464 2336 Properato
1481 2299 1523 2335 agi
1541 2299 1576 2328 ad
1590 2305 1718 2329 mortem.
1742 2298 1834 2327 Tacit.
1858 2306 1899 2333 13.
1921 2297 1992 2327 Ann.

1314 2335 1444 2373 Quercus
1456 2346 1534 2373 agere
1549 2337 1679 2365 carmine.
1709 2335 1783 2373 Virg.
1795 2347 1821 2371 4.
1844 2335 1942 2373 Georg.
1961 2345 2023 2371 510.
2044 2335 2080 2364 de
2091 2334 2216 2373 Orpheo,

1395 2373 1572 2404 Mulcentem
1589 2375 1688 2412 tigres,
1710 2375 1737 2403 δε
1748 2382 1877 2411 agentern
1893 2373 2016 2403 carmine
2028 2383 2156 2410 quercus.

1334 2411 1510 2442 Moventem.
1551 2412 1683 2449 [Ducere
1695 2411 1791 2441 Horat.
1806 2422 1828 2440 1.
1848 2411 1938 2440 Carm.
1953 2421 1994 2440 12.
2010 2420 2052 2441 12.

1315 2449 1395 2486 Quid
1409 2459 1472 2487 ages
1485 2452 1498 2482 Ἰ
1519 2450 1584 2480 Ter.
1598 2450 1706 2479 Pliorm.
1718 2460 1744 2480 2.
1759 2459 1784 2479 2.
1799 2455 1823 2484 8.
1847 2449 1926 2486 Quid
1936 2449 2019 2486 ages?
2046 2459 2070 2478 P.
2088 2448 2155 2486 quid
2164 2449 2214 2484 vis,
2227 2450 2275 2478 nisi
2286 2456 2317 2479 ut
2331 2456 2439 2479 maneat

1334 2487 1472 2554 Igianiussi
1484 2510 1491 2523 ,
1514 2490 1565 2518 ἃς.
1597 2487 1652 2517 Ubi
1662 2488 1803 2523 Donatus,
1829 2487 1896 2517 Non
1906 2487 2110 2524 interrogantis,
2121 2485 2167 2516 scd
2176 2488 2325 2517 metuentis
2336 2488 2440 2517 hoedi-

1367 2535 1414 2555 um
1427 2535 1441 2554 e
1467 2549 1472 2555 .

1318 2563 1397 2600 Quid
1410 2564 1486 2600 agis?
1517 2564 1582 2595 Ter.
1600 2563 1710 2593 Phorm.
1726 2574 1748 2592 1.
1759 2575 1785 2600 4.
1800 2572 1842 2599 39.
1865 2562 1906 2592 Ah
1917 2582 1924 2595 ‚
1946 2562 2015 2600 quid
2026 2563 2105 2600 agis‘?
2128 2572 2183 2600 quo
2199 2562 2258 2592 abis
2269 2585 2278 2598 ,
2296 2563 2438 2601 Antipho?

1337 2601 1392 2631 Ubi
1403 2601 1538 2637 Donatus,
1552 2602 1703 2632 Perturbati
1713 2601 1896 2631 intercessoris
1905 2600 1944 2630 est
1953 2601 2056 2635 dicere,
2065 2600 2142 2637 Quid
2151 2601 2206 2637 agis
2217 2602 2231 2629 ἰ)
2250 2600 2362 2633 utalibi.
2375 2602 2438 2631 Mea

1338 2640 1577 2678 Glycerium,quid
1587 2640 1664 2678 agis?
1676 2650 1724 2670 cur
1731 2647 1758 2669 te
1767 2640 1789 2668 is
1800 2639 1955 2677 perditum?
1964 2639 2061 2668 Oratio
2071 2638 2128 2673 illa,
2143 2639 2220 2674 Quid
2232 2640 2337 2676 agistri
2349 2639 2440 2676 prohi-

1336 2677 1489 2714 bentis,aut
1498 2679 1668 2708 revocantis:
1691 2678 1763 2715 quasi
1773 2687 1803 2707 tu
1810 2676 1977 2713 dicas,Quid
1990 2686 2070 2714 agere
2082 2686 2158 2714 paras
2167 2678 2180 2705 ⁴?
2192 2676 2268 2713 Quid
2279 2677 2317 2705 vis
2329 2677 2414 2705 iacere
2425 2678 2438 2705 ’ἲ

1320 2716 1399 2753 Quid
1410 2726 1473 2754 agas
1483 2717 1557 2752 vide,
1579 2716 1683 2746 Modus
1695 2716 1733 2745 est
1746 2715 1890 2753 loquendi,
1904 2724 1959 2751 quo
1970 2715 2154 2743 admonemus
2165 2724 2212 2743 eos
2227 2714 2273 2750 qui
2285 2724 2327 2743 ma
2348 2724 2380 2742 na
2391 2721 2439 2742 aut

1337 2753 1494 2792 periculosa
1504 2755 1708 2792 aggrediuntur.
1729 2753 1794 2783 Ter.
1807 2753 1875 2783 Eun.
1890 2762 1945 2782 2.1.
1966 2758 2008 2787 18.
2032 2752 2088 2782 Hui
2102 2753 2107 2780 Ι
2125 2751 2285 2782 Universum
2294 2753 2339 2780 tric
2349 2762 2414 2780 uum
2426 2752 2438 2780 ἵ)

1338 2793 1403 2821 vide
1424 2792 1491 2830 quid
1508 2803 1579 2830 agas.
1609 2792 1688 2822 Idem
1703 2792 1811 2821 Phorm.
1826 2801 1851 2820 2.
1866 2801 1891 2820 2.
1905 2800 1948 2827 72.
1992 2790 2085 2820 Senex
2097 2790 2187 2826 adest,
2206 2790 2269 2819 vide
2281 2789 2345 2827 quid
2367 2799 2438 2826 agas.

1338 2830 1392 2859 Ubi
1408 2831 1550 2866 Donatus,
1575 2830 1641 2860 Non
1658 2830 1785 2859 terrentis
1797 2852 1804 2864 ,
1830 2828 1877 2858 sed
1893 2828 2041 2858 excitantis
2063 2828 2109 2857 est.

1320 2868 1408 2904 Quod
1418 2869 1507 2906 agitur
1521 2878 1640 2904 agamus.
1662 2867 1720 2898 Cic.
1735 2878 1776 2897 11.
1801 2866 1920 2904 Philipp.

1319 2906 1455 2936 Radicem
1464 2898 1592 2936 deorsum
1600 2915 1688 2944 agere.
1715 2905 1854 2935 Columel.
1867 2904 1916 2934 lib.
1929 2914 1954 2934 2.
1976 2914 2037 2942 cap.
2054 2913 2097 2933 10.
2120 2909 2188 2933 extr.
2210 2899 2263 2932 Sed
2275 2908 2387 2930 tenuem
2401 2910 2441 2932 ra-

1340 2944 1434 2973 dicem
1452 2943 1581 2974 deorsum
1597 2951 1690 2981 agunt.
1729 2943 1819 2981 [Cels.
1833 2943 1867 2972 de
1879 2942 1955 2972 Med.
1975 2953 1998 2979 5.
2011 2948 2055 2976 28.
2071 2952 2094 2971 1.
2130 2940 2322 2982 quue-vitium
2331 2939 2421 2968 subter
2431 2962 2440 2976 ‚

1340 2983 1408 3012 actis
1417 2982 1582 3019 quibusdam
1593 2981 1731 3011 radicibus
1746 2981 1838 3019 serpit.
1856 2981 1926 3010 lbid.
1937 2981 1958 3017 ἕ.
1975 2990 2017 3016 14.
2034 2980 2069 3008 de
2086 2978 2242 3016 Myrmeciis
2259 2987 2265 3019 Ξ
2288 2977 2357 3013 Ques
2371 2978 2442 3007 radi-

1341 3030 1387 3050 ces
1401 3021 1481 3050 altius
1498 3021 1629 3057 exigunt,
1646 3020 1835 3057 majoremque
1845 3018 1972 3048 dolorem
1982 3024 2106 3047 movent.
2124 3018 2142 3045 i.
2159 3025 2182 3044 e.
2208 3014 2346 3057 Dehgurit.

1321 3057 1440 3088 Radices
1448 3059 1505 3096 agit
1513 3068 1577 3087 vera
1586 3058 1681 3096 gloria,
1699 3067 1749 3095 per
1764 3057 1955 3095 metaphoram
1965 3056 2036 3085 dixit
2044 3054 2101 3084 Cic.
2120 3064 2144 3082 2.
2167 3052 2224 3082 Ost.
2237 3061 2282 3088 43.
2304 3052 2373 3082 Vera
2385 3052 2443 3096 glo.

1341 3097 1381 3126 ria
1399 3097 1504 3126 radices
1519 3096 1576 3134 agit
1590 3118 1597 3131 ,
1622 3103 1704 3133 atque
1719 3096 1802 3125 etiarn
1812 3100 1985 3132 propagatur.
2006 3092 2033 3122 h.
2050 3103 2073 3122 e.
2096 3090 2292 3120 Corroboratur
2304 3092 2330 3120 ἃ
2344 3090 2444 3120 stabili.

1342 3141 1404 3169 tur,
1426 3141 1575 3172 manetque
1589 3134 1637 3163 diu
1652 3156 1660 3169 ,
1681 3143 1734 3162 nec
1752 3133 1834 3162 facile
1852 3132 1990 3162 evertitur.
2216 3164 2224 3169 ,

1324 3172 1471 3202 Remiffius
1485 3182 1550 3202 cum
1566 3172 1694 3207 subjectis
1715 3181 1802 3209 agere.
1824 3172 1851 3199 h.
1875 3179 1899 3199 e.
1929 3169 1982 3199 Eos
1999 3168 2111 3197 tractare
2128 3165 2270 3195 remislius.
2301 3165 2439 3196 Columel.

1344 3210 1392 3240 lib.
1407 3220 1522 3248 11.cap.
1541 3221 1562 3239 i.
1602 3210 1633 3240 V.
1655 3209 1735 3247 supra
1748 3231 1756 3245 ,
1779 3209 1911 3238 Graviter.

1323 3248 1379 3279 Res
1392 3248 1467 3279 alias.
1488 3249 1553 3279 Ter.
1568 3248 1637 3278 Eun.
1650 3257 1675 3277 2.
1695 3257 1718 3283 3.
1733 3251 1775 3283 56.
1797 3246 1914 3279 Desine,
1934 3244 1988 3280 jam
2007 3239 2211 3283 conclamatum
2230 3240 2275 3270 est.
2300 3251 2354 3270 cr-i.
2376 3241 2442 3271 alias

1343 3297 1386 3316 res
1396 3288 1462 3324 agis.
1484 3297 1508 3316 P.
1530 3286 1605 3316 Istud
1616 3295 1667 3323 ago
1677 3285 1800 3323 quidem.
1834 3284 1887 3313 Ubi
1898 3282 2031 3314 Donatus,
2044 3279 2138 3321 Recte,
2151 3288 2214 3321 quia
2227 3278 2364 3322 dixittille,
2375 3279 2442 3322 :Iam

1343 3324 1550 3355 conclamatum
1561 3324 1606 3353 est.
1629 3323 1700 3353 Alias
1709 3333 1751 3352 res
1761 3323 1817 3358 agis
1827 3331 1833 3350 :
1857 3327 1904 3350 aut
1917 3328 1973 3348 non
1982 3317 2100 3360 arten-dis
2110 3317 2144 3345 ad
2155 3316 2270 3359 iduquod
2279 3317 2353 3351 dico,
2365 3319 2443 3354 ligni-

1343 3363 1423 3394 ficat:
1449 3371 1479 3393 ut
1491 3362 1568 3392 nulla
1579 3362 1609 3391 fit
1624 3362 1654 3390 in
1663 3371 1697 3390 eo
1707 3361 1833 3390 attentio.
1873 3359 1925 3387 Aut
1936 3361 2089 3392 nugatorias
2100 3364 2142 3383 res
2150 3363 2206 3391 ³g¹S
2218 3364 2224 3383 ἱ
2246 3354 2299 3384 hOC
2312 3356 2358 3390 esti
2369 3356 2443 3390 ,ῑοΕὸ-

1344 3401 1391 3431 ῐῑς,
1413 3411 1478 3430 nam
1495 3401 1560 3430 hinc
1581 3406 1677 3429 natum
1692 3399 1744 3433 est,
1766 3398 1828 3427 Hoc
1841 3396 1932 3432 agite,
1953 3392 2061 3422 amabo.
2094 3392 2166 3429 quasi
2186 3391 2279 3427 dicat,
2301 3393 2389 3422 Vanas
2399 3402 2441 3422 res

1346 3440 1412 3477 agis,
1435 3439 1493 3469 Cic,
1511 3448 1561 3476 pm
1578 3437 1689 3467 (fluent,
1707 3446 1767 3474 179.
1808 3434 1845 3463 Ut
1858 3434 1931 3462 hunc
1942 3431 2133 3473 Oppianicum
2149 3429 2226 3459 aliud
2242 3439 2369 3467 agentem
2381 3453 2389 3465 ,
2409 3440 2442 3459 ac

1345 3476 1417 3507 nihil
1426 3477 1563 3513 ejusmodi
1574 3477 1742 3513 cogitantem
1752 3496 1760 3509 ,
1782 3470 1817 3501 ad
1830 3471 1900 3500 hanc
1910 3468 2114 3498 accusationem
2129 3467 2294 3511 detraheret.
2308 3506 2314 3511 ·
2420 3505 2425 3510 .

1327 3515 1382 3546 Res
1395 3515 1521 3548 alicuius.
1543 3514 1570 3542 h.
1589 3524 1613 3542 e.
1636 3513 1744 3542 Curare.
1766 3510 1823 3539 Cic.
1848 3517 1888 3537 12.
1912 3507 2021 3544 Att.33.
2073 3505 2165 3535 Tuam
2175 3515 2204 3534 in
2215 3506 2329 3543 agendis
2344 3505 2441 3534 nostris

1346 3554 1428 3583 rebus
1447 3548 1621 3589 diligentiam
1641 3549 1756 3579 mirifice
1776 3546 1890 3589 dilig-o..
1912 3582 1917 3588 .
1969 3581 1974 3587 ”
2222 3581 2227 3586 ·
2313 3581 2318 3586 η
2405 3581 2410 3585 ,

1327 3591 1349 3621 A
1369 3592 1429 3621 ires
1440 3591 1551 3625 dicitur,
1565 3590 1599 3618 de
1619 3589 1709 3626 quain
1721 3587 1780 3614 foro
1794 3582 1938 3620 acJudicio
1947 3581 2114 3624 disceptatur
2128 3591 2134 3611 :
2157 3582 2183 3611 ἃ
2193 3579 2262 3610 alius
2274 3580 2444 3623 quidem-ius

1358 3638 1426 3659 uum
1436 3628 1615 3667 persequitur,
1627 3626 1695 3654 alius
1704 3623 1816 3660 judicat.
1856 3621 1931 3650 Hinc
1947 3619 1996 3657 Agi
2006 3619 2171 3648 dicebantur
2180 3618 2243 3652 Res,
2266 3628 2330 3647 cum
2340 3618 2443 3653 judicii

1346 3667 1568 3699 celebrarentur3
1590 3664 1637 3701 qui
1654 3662 1711 3691 dies
1724 3657 1831 3697 2229'32101
1851 3658 2016 3687 dicebantur
2033 3657 2152 3691 Graecis,
2176 3664 2207 3686 ut
2223 3655 2398 3686 Casaubonus
2407 3655 2442 3684 ad

1345 3703 1528 3743 Theophrasti
1543 3702 1718 3731 Characteres
1736 3697 1868 3726 observat.
1908 3695 1940 3725 V.
1961 3695 2032 3724 infra
2061 3704 2182 3724 aci-us
2202 3694 2313 3723 Rerum.

1327 3743 1413 3774 Retro
1424 3740 1534 3778 aliquid.
1560 3738 1627 3768 Plin.
1640 3737 1735 3773 lib.36.
1750 3745 1809 3772 cap.
1826 3745 1850 3770 ς.
1873 3733 1959 3770 Quod
1972 3733 1991 3762 si
2001 3733 2060 3770 quis
2073 3732 2172 3762 horum
2181 3732 2314 3771 familiam
2324 3731 2357 3759 ad
2367 3740 2444 3768 proa-

1346 3791 1413 3811 vum
1431 3787 1517 3815 usque
1534 3784 1607 3805 retro
1618 3782 1679 3812 agat
1692 3796 1700 3808 ,
1722 3772 1846 3803 inveniet
1857 3773 1921 3801 artis
1940 3771 1999 3806 eius
2015 3771 2152 3808 originem
2170 3779 2233 3799 cuin
2246 3768 2446 3806 Olympi.idum

1348 3818 1454 3855 orig-ine
1464 3814 1585 3852 coepisse.
1623 3813 1707 3842 Retro
1717 3820 1796 3849 agere
1810 3833 1818 3847 ,
1837 3811 1884 3840 hic
1894 3808 2025 3847 significat
2036 3808 2144 3838 Ordine
2159 3807 2322 3844 (urdicitur
2336 3819 2342 3839 i
2362 3813 2446 3835 retro-

1347 3856 1432 3885 prado
1443 3851 1583 3882 recensere
1596 3873 1603 3885 ,
1628 3851 1682 3880 sive
1701 3859 1852 3879 numerare.
1893 3848 1938 3878 Sic
1951 3870 1958 3882 ,
1978 3846 2062 3876 Retro
2080 3855 2158 3888 agere
2176 3855 2306 3887 carmen,
2327 3852 2374 3873 aut
2387 3853 2445 3886 ora-

1347 3882 1455 3922 {ionem
1467 3913 1475 3924 ,
1496 3889 1535 3919 est
1554 3890 1573 3918 A
1591 3888 1646 3918 fine
1659 3887 1821 3926 incipiendo
1841 3885 2021 3925 pronuntiare
2037 3890 2084 3914 aut
2099 3891 2222 3913 recitare.
2263 3883 2308 3912 Sic
2325 3881 2447 3918 loquitur

1346 3929 1546 3967 Quintilianus.
1569 3927 1645 3964 quod
1658 3927 1744 3958 etiam
1753 3925 1854 3957 dicitur
1868 3924 1976 3954 Ordine
1985 3922 2151 3962 praepostero
2163 3920 2228 3950 fieri.

2333 166 2401 200 127

2234 2373 2358 2404 Servius:
2383 2374 2400 2404 i.
2411 2384 2434 2405 e.

2348 3991 2448 4023 Reum.
