2604 4222
185 100 257 181 ⁷563
605 126 634 161 C
732 127 766 160 O
867 124 893 158 L

247 211 392 242 Parmeniis
401 211 566 249 exprobrare
576 208 646 238 soliti
659 207 729 237 sunt.
751 207 789 236 Ex
801 206 907 248 Manut.
920 201 1126 233 commentariis
1138 203 1167 231 in
1176 200 1333 230 orationem

251 260 301 288 pro
318 250 420 279 Sextio.
481 249 521 279 De
539 241 955 284 Capitolinis&Mercunahbus
973 241 1003 268 V.
1016 239 1063 268 suo
1075 238 1147 267 loco.

197 288 218 317 ⁰
226 297 341 361 Οιέιῗρῑῗ
350 296 463 361 iffi?
471 296 500 353 {²1
509 286 548 358 ‘25¹
558 274 1341 356 ⁰‘ilssgssiffiliift³‘’vesirii'slz‘ffe⁵e⁶8lliii²c¹lliifii⁰t⁶tfolill

202 363 544 432 Cdvilga'rgrmmrsss,
565 397 631 426 Adv.
653 394 728 432 apud
747 393 838 429 JCtos.
945 430 951 435 .
985 428 1002 434 ..
1051 428 1056 433 .
1081 426 1086 432 ·
1126 426 1133 432 ·

203 439 226 467 C
235 448 252 467 o
261 450 277 467 L
287 449 302 466 L
311 448 325 466 ιζ
335 448 353 466 c
363 448 372 466 1
381 446 401 466 A
411 447 444 465 nr
455 445 508 470 us,
529 445 543 464 a
556 456 564 469 ,
585 443 640 463 um.
658 433 744 462 Idem.
768 439 797 461 ut
807 452 815 466 ,
846 429 1004 466 Collegraru
1019 426 1144 456 ministri.
1177 424 1294 455 Tertull.
1307 423 1343 453 de

242 476 367 513 Spectac.
390 484 450 511 cap.
469 482 508 501 ιι.
769 507 775 512 .
1177 501 1183 506 .

204 514 227 543 C
236 523 252 542 o
264 525 279 541 L
288 524 304 541 L
313 522 326 541 ιι
335 522 370 540 or
381 521 399 540 A
408 521 427 539 *r
439 520 456 539 υ
465 519 477 538 s
485 531 493 542 ,
515 519 538 544 a,
559 518 614 537 um.
637 507 666 537 ln
676 506 825 542 collegium
835 505 969 534 redatstus.
984 503 1088 532 Gruter.
1101 500 1226 537 Inscript.
1246 502 1340 537 p.860.

243 561 271 580 n.
287 559 326 584 ιζ.
362 548 441 578 AVR.
464 546 542 576 VIVI.
566 546 638 582 QVI.
661 541 773 574 Vle'l'.
794 542 879 572 ANN.
900 541 985 572 XLV.
1007 538 1230 569 COLLEGlATl.
1254 536 1340 566 EIVS.

240 587 368 618 AMlCO.
389 584 594 615 KARlSSlMO.
618 583 697 612 PRO.
722 580 880 610 MERlTlS.
911 577 1112 609 FECERVNT.
1153 575 1233 605 Conf.
1246 574 1277 617 Ἴ1.
1295 583 1342 602 un.

241 626 272 654 C.
293 625 327 653 de
345 622 519 659 Collegiatis3
542 623 567 651 dc
585 621 654 650 Cod.
677 619 787 648 Theod.
799 627 824 655 7.
839 628 881 653 14.
906 617 1001 647 Isidor.
1016 626 1041 651 9.
1053 626 1079 651 4.
1113 614 1168 644 Sed
1184 612 1289 642 Vossius
1310 611 1346 640 de

243 663 296 691 Vit.
308 661 335 690 L.
349 661 377 689 L.
391 664 463 696 326.
474 660 527 688 hoc
538 659 651 688 verbum
664 657 811 694 improbat.
1117 691 1127 696 -
1270 687 1275 692 ·

207 700 228 730 C
237 711 252 729 o
263 711 278 728 L
287 709 325 727 LE
336 708 353 727 c
363 708 394 732 o,
415 701 468 726 ῖιιε.
490 697 550 725 Vct.
571 695 654 725 Gloff.
667 695 807 731 Collegat,
829 690 959 727 συμπήω-ει
971 714 980 728 ,
999 697 1134 727 κξυςωλὶιοι.
1174 686 1346 724 [Mamfesto

206 775 228 804 C
237 746 353 803 ἓῗῖῐξᾶ
363 734 573 805 Σῖξὲἳῗὲὲῗξζ
587 781 623 800 m.
646 771 716 799 Cum
727 770 780 799 alio
791 768 934 806 legatarius
942 767 1037 796 factus.
1050 764 1161 807 Ulpian.
1169 764 1208 806 ¹in
1222 762 1239 791 l.
1253 761 1344 799 plane.

244 812 275 841 D.
289 812 324 840 de
335 811 412 847 legat.
432 821 453 838 1.
473 809 501 838 Si
513 809 619 838 duobus
631 808 798 845 sitlegatum,
811 815 926 843 quorum
937 804 1005 834 alter
1017 804 1102 832 haeres
1115 802 1252 830 institutus
1261 799 1308 834 s1t3
1331 808 1347 826 a

242 849 385 885 semetipso
394 849 418 877 ei
431 848 550 884 legatum
565 846 699 875 inutiliter
708 846 825 875 videtur.
851 844 971 880 ideoque
982 842 1058 878 quod
1068 841 1122 870 eia
1132 839 1157 868 se
1167 838 1289 875 legatum
1299 837 1345 870 est,

243 887 278 915 ad
290 886 495 922 collegatarium
510 884 666 922 pertinebit.

206 924 252 954 Co
262 935 277 952 L
289 935 303 952 L
313 927 328 952 ἒ
340 935 358 952 ιι
367 933 383 951 A
397 945 405 957 ,
426 923 485 951 fitis,
507 932 533 950 n.
557 920 710 957 [zamma]
730 919 1034 957 Conglutinamentum.
1057 915 1138 945 Mart.
1153 912 1266 952 Capella
1278 921 1302 948 3.
1314 921 1343 949 p.

243 972 288 997 49.
310 961 437 990 Niloticae
455 960 558 989 fruticis
569 958 723 988 collemata.
1041 991 1047 997 ·

206 1000 254 1029 Co
265 1010 279 1027 L
288 1008 418 1032 Lauro,
437 1001 487 1027 ire.
509 996 742 1035 apudHyginum.
796 994 864 1030 [Sic
878 994 907 1022 in
922 992 1004 1022 Thes.
1020 990 1088 1028 Lips.
1136 1028 1142 1033 ·
1232 1026 1237 1031 ι
1254 1025 1259 1031 ·

206 1038 228 1066 C
237 1047 254 1065 o
264 1047 279 1064 L
288 1047 304 1064 L
316 1046 329 1064 iz
337 1046 351 1064 P
361 1046 374 1064 a
384 1045 419 1065 os
427 1045 445 1064 υ
455 1044 467 1064 s
476 1056 485 1070 ,
505 1045 521 1064 a
531 1057 539 1070 ,
560 1045 615 1064 um.
637 1034 733 1063 Sidon.
747 1036 773 1061 6.
788 1032 868 1069 Epist.
886 1041 907 1059 1.
929 1028 1078 1066 Colleproli
1089 1037 1142 1056 mer
1154 1026 1326 1069 condiuone.

205 1075 228 1104 C
239 1084 255 1103 0
264 1085 280 1102 L
290 1077 328 1102 LE
337 1084 356 1102 T
368 1084 375 1101 1
387 1083 449 1102 cus
461 1093 467 1102 ,
486 1083 511 1108 a,
532 1082 590 1102 um.
612 1070 786 1107 [trsnxrmbc]
807 1076 837 1097 ut
847 1090 855 1102 ,
877 1067 1010 1097 Colletica
1030 1066 1234 1095 medicamenta
1251 1064 1346 1091 dicun-

244 1119 288 1140 tur
302 1133 310 1146 ,
331 1112 401 1146 Quae
412 1110 599 1147 adglutinant3
623 1109 690 1137 sicut
703 1107 892 1145 Symphytica,
915 1105 983 1141 Quae
998 1103 1186 1147 consolidant,
1210 1104 1235 1131 Sc
1246 1100 1348 1138 Epulo-

206 1186 229 1216 Ο
242 1150 296 1178 tica
307 1171 327 1193 ,—
337 1149 406 1185 Quae
417 1148 571 1214 cicatfricfim
581 1147 727 1212 {nducubnb
750 1143 937 1211 lclpctKruCass
948 1142 1038 1209 ᾖίἓῖξ.
1048 1141 1097 1208 ἓξ).
1115 1150 1139 1214 33.
1153 1150 1213 1177 cap.
1223 1148 1266 1175 14.

455 1208 461 1215 .
494 1208 499 1214 .
632 1194 648 1210 v
699 1192 748 1211 ena
785 1205 790 1211 .
884 1204 889 1210 .
965 1206 967 1208 ,
1027 1202 1032 1208 .
1102 1201 1108 1207 .
1140 1200 1147 1206 .

207 1197 254 1254 Cg
265 1198 280 1252 1L
289 1196 409 1257 ἓξὲξ]
417 1194 678 1259 [ιῗπτκεφίζξιῐῗξιὲἷ
693 1220 800 1249 videtur
813 1191 1003 1255 idlfigniticare
1012 1188 1098 1253 quodp
1104 1215 1201 1259 vulgus
1214 1213 1347 1258 ill-leviare

243 1262 321 1291 dicit.
360 1261 428 1290 Plin.
439 1260 486 1289 lib.
497 1270 541 1294 23.
559 1269 619 1296 cap.
634 1269 656 1288 ι.
678 1257 786 1287 Prodest
798 1257 909 1286 renibus
919 1278 927 1291 ,
947 1255 1063 1291 jecinori
1076 1256 1101 1283 ὃς
1115 1260 1263 1282 mteraneis
1275 1273 1282 1286 ,
1303 1259 1349 1280 ve-

244 1299 319 1328 srcae:
342 1298 460 1327 collevat
471 1298 546 1327 enim
555 1307 595 1326 ea.
621 1296 661 1325 De
672 1295 759 1324 musto
771 1295 902 1331 loquitur.
924 1293 1007 1322 Hard.
1029 1292 1170 1320 Couaevat.
1193 1300 1218 1326 q.
1236 1289 1266 1333 V.

206 1336 229 1366 C
239 1347 255 1365 ο
266 1348 282 1365 L
292 1348 307 1364 L
317 1347 324 1364 ι
336 1346 350 1364 s
361 1346 375 1364 a
385 1345 401 1364 R
412 1345 431 1364 T
439 1345 458 1364 u
467 1345 479 1364 s
490 1357 497 1368 ,
520 1336 536 1363 i.
558 1344 595 1363 m.
617 1330 867 1369 [συναπιλσίίθεςῶυ]
888 1332 945 1368 Qui
956 1330 990 1359 ab
1000 1330 1100 1359 eodem
1109 1336 1227 1366 patrono
1241 1327 1348 1357 liberta-

243 1380 271 1404 te
284 1374 402 1403 donatus
412 1374 457 1402 est.
480 1372 564 1402 Plaut.
576 1370 680 1400 Poenul.
692 1382 716 1405 4.
731 1379 756 1399 2.
770 1375 815 1404 88.

336 1412 411 1447 Quin
425 1410 515 1439 hercle
525 1409 684 1438 collibertus
693 1417 770 1436 meus
778 1408 842 1436 faxo
851 1406 904 1435 eris
914 1428 922 1441 ,
942 1405 960 1434 {i
975 1405 1002 1434 di
1015 1404 1119 1433 volent.

245 1449 320 1479 Inter
330 1448 489 1477 collibertos
502 1455 616 1476 matrem
627 1448 651 1476 ἃ
663 1445 750 1474 filiurn
763 1467 771 1480 ,
791 1445 901 1482 pietatis
911 1444 980 1472 ratio
990 1442 1142 1472 secundum
1153 1449 1279 1484 naturam
1294 1439 1347 1470 esse

263 1485 334 1515 salva
348 1486 439 1515 debet.
478 1485 588 1522 Ulpian.
604 1483 660 1512 inl.
674 1493 696 1512 1.
711 1483 743 1513 D.
756 1483 792 1512 de
805 1481 951 1519 Obsequiis
970 1491 985 1510 a
997 1480 1089 1510 liberis
1103 1482 1128 1510 ἃ
1138 1479 1243 1509 libertis
1254 1487 1350 1516 paren-

260 1523 334 1553 tibus
350 1525 374 1553 &
387 1523 508 1561 patronis
518 1521 683 1560 praestandis.

207 1560 230 1591 C
239 1571 256 1590 o
266 1573 282 1590 L
292 1563 324 1590 Li
335 1571 350 1589 r»
359 1571 400 1590 ιιτ
409 1583 417 1595 ,
437 1560 481 1589 vel
501 1560 523 1590 C
533 1570 549 1589 o
561 1571 576 1588 L
585 1570 601 1587 L
610 1562 627 1588 ῡ
635 1569 651 1587 ιι
659 1567 674 1587 ιι
683 1567 702 1586 τ
713 1579 721 1593 ,
741 1556 878 1592 collibuit,
902 1555 1057 1586 collibitum
1067 1555 1115 1590 est,
1135 1550 1272 1590 [συνδὶκῐῐ]
1293 1556 1348 1584 ὅτε.

244 1599 322 1629 Idem
341 1599 414 1635 quod
428 1597 543 1632 Libere,
564 1599 590 1627 δε
609 1595 726 1634 placere.
767 1595 832 1624 Ter.
845 1595 914 1624 Eun.
929 1604 987 1630 ς.9.
1000 1597 1045 1623 2⁶.
1067 1594 1095 1622 Si
1115 1592 1182 1630 quid
1203 1591 1350 1635 collibuit,

244 1637 309 1665 novi
322 1642 358 1665 te.
398 1636 501 1665 Sallust.
515 1636 544 1664 in
559 1634 617 1663 Cic.
629 1643 656 1662 2.
679 1635 717 1662 An
728 1633 830 1662 nonita
845 1643 859 1662 a
871 1633 987 1670 pueritia
1001 1631 1088 1660 vixisti
1101 1653 1108 1666 ,
1130 1638 1161 1659 ut
1179 1629 1251 1659 nihil
1274 1630 1350 1667 flagr-

244 1674 345 1703 tiosum
354 1674 462 1711 corpori
476 1681 524 1703 tuo
535 1679 644 1710 putares
658 1693 667 1707 ,
689 1670 764 1708 quod
776 1670 852 1700 alteri
863 1668 1053 1699 collibuisset?
1322 1705 1328 1711 ι

243 1711 322 1741 Nihil
334 1721 391 1740 non
399 1720 506 1748 aequum
515 1719 547 1740 ac
555 1719 649 1739 verum
659 1709 784 1743 duxerit,
805 1709 880 1745 quod
893 1708 942 1746 ipsi
955 1708 1044 1736 facere
1056 1704 1229 1737 collibuisset.
1251 1704 1308 1735 Cic.
1321 1714 1351 1733 m

263 1749 368 1779 Sallust.
383 1758 393 1777 1
418 1771 424 1778 .

245 1758 414 1816 Collibitum7
419 1785 457 1815 est
467 1785 543 1815 mihi.
584 1784 642 1814 Cic.
657 1793 699 1819 1ς.
711 1783 787 1813 Fam.
803 1786 846 1814 16.
875 1783 913 1813 Ut
923 1782 1003 1812 simul
1018 1791 1049 1811 ac
1067 1781 1137 1810 mihi
1150 1780 1307 1810 collibitum
1320 1779 1352 1809 fit

263 1824 335 1853 dete
350 1825 469 1860 cogitare
479 1845 487 1857 ,
506 1821 576 1852 illud
587 1828 720 1851 occurrat.

208 1860 477 1891 COLLlssEN'rrA
489 1882 497 1896 ,
516 1862 541 1891 δι
562 1860 929 1894 CoLLumzscsNTrA,
949 1867 981 1888 ae.
1002 1858 1021 1887 f.
1053 1856 1214 1886 Consensus.
1242 1855 1350 1885 Cathol.

207 1899 229 1929 C
240 1909 256 1928 o
268 1910 283 1928 L
292 1910 308 1927 L
316 1903 329 1928 ἰ
338 1910 351 1927 Β
362 1909 379 1928 o
389 1920 398 1933 ,
421 1902 476 1928 are.
497 1898 639 1928 Mantuan.
653 1897 688 1926 de
699 1896 842 1926 Columbis
853 1918 861 1930 ‚
964 1895 1142 1925 —collibant
1152 1894 1244 1924 oscula
1255 1894 1350 1923 rostro.

207 1937 230 1966 C
240 1947 256 1965 ο
267 1947 282 1964 L
293 1948 308 1964 L
316 1941 328 1965 ῑ
336 1947 350 1964 s
361 1946 377 1964 rt
385 1946 401 1965 o
410 1958 418 1970 ,
439 1939 494 1965 are.
533 1935 601 1964 Cato
617 1944 677 1972 cap.
696 1944 738 1971 ¹9·
759 1934 833 1964 Inter
844 1932 954 1964 arbores
965 1933 1088 1963 medium
1098 1933 1173 1971 quod
1181 1932 1232 1962 erit
1241 1953 1250 1968 ,
1271 1932 1301 1960 id
1317 1931 1352 1960 ad

243 1974 363 2003 mediam
374 1974 529 2002 collibrato.

207 2011 229 2041 C
239 2022 255 2041 o
265 2023 281 2040 L
291 2023 306 2040 L
316 2023 325 2040 1
335 2021 352 2041 c
361 2022 370 2040 1
379 2022 402 2040 Ε
414 2033 422 2046 ,
443 2020 528 2040 arum.
550 2010 569 2039 f.
590 2010 710 2046 Majores
718 2009 785 2038 sulci
795 2031 804 2045 ,
825 2010 854 2038 in
867 2009 966 2046 quibus
976 2018 1045 2046 aqua
1059 2008 1076 2037 fi
1091 2008 1243 2043 redundat,
1266 2018 1351 2038 exco—

242 2050 313 2079 latur
325 2059 332 2078 z
355 2049 484 2078 dicuntur
494 2050 519 2077 &
537 2047 641 2082 Elices,
661 2049 686 2077 ἅ
700 2047 853 2084 Colliquiae.
894 2047 996 2081 Festus,
1017 2046 1158 2081 Colliciae,
1178 2045 1292 2083 Tegulae
1304 2055 1352 2084 per

244 2097 311 2124 quas
323 2096 392 2124 aqua
400 2088 429 2115 in
438 2096 483 2116 vas
495 2086 616 2115 defluere
626 2085 723 2123 potest.
762 2085 830 2114 Plin.
843 2084 890 2114 lib.
904 2090 945 2118 ¹8-
961 2094 1020 2122 cap.
1037 2094 1078 2120 ¹9·
1100 2084 1135 2113 ad
1144 2085 1238 2119 finem,
1260 2084 1291 2113 In
1303 2083 1352 2113 usu

245 2125 283 2154 est
298 2126 324 2154 δι
338 2124 462 2153 collicias
472 2125 647 2160 interponere
659 2144 667 2158 ,
689 2122 707 2151 si
720 2123 758 2152 ita
768 2122 845 2152 locus
855 2122 963 2160 poscat,
984 2122 1121 2159 ampliore
1135 2121 1211 2151 sulco
1221 2143 1230 2156 ,
1250 2132 1309 2159 quae
1322 2122 1353 2150 in

246 2161 325 2191 fossas
335 2171 432 2197 aquam
441 2162 588 2190 deducant.
628 2160 764 2190 Columel.
778 2159 826 2189 lib.
840 2169 866 2190 2.
877 2165 968 2197 capg.
990 2160 1044 2189 Sed
1056 2160 1178 2196 quamvis
1190 2160 1353 2197 tempestive

245 2199 374 2228 sementis
383 2200 509 2228 confedta
519 2199 570 2227 erit
584 2220 592 2233 ,
614 2197 753 2229 cavebitur
773 2204 876 2233 tamen,
897 2204 929 2226 ut
941 2203 1067 2235 patentes
1086 2197 1147 2227 liras
1160 2219 1168 2232 ,
1189 2197 1353 2234 crebrosque

246 2236 337 2266 sulcos
347 2237 472 2273 aquarios
481 2258 489 2271 ,
510 2245 577 2273 quos
589 2235 717 2264 nonnulli
731 2235 815 2264 elices
829 2241 948 2269 vocant,
969 2235 1100 2264 faciamus
1111 2257 1120 2270 ,
1142 2236 1168 2265 δι
1178 2244 1290 2264 omnem
1302 2235 1353 2264 hu-

244 2284 349 2303 morem
363 2275 390 2302 in
399 2274 541 2310 colliquias
552 2295 560 2307 ,
580 2279 661 2309 atque
676 2273 741 2302 inde
752 2280 829 2302 extra
839 2272 941 2310 segetes
953 2273 1119 2302 derivemus.
1161 2272 1297 2302 Vitruvius
1306 2283 1353 2310 ap-

242 2312 329 2349 pellat
339 2311 505 2340 Colluviaria
516 2333 523 2346 ,
545 2311 643 2340 Omnis
655 2310 784 2339 colluviei
800 2312 826 2340 &
842 2317 1086 2348 purgamentorum
1102 2311 1284 2348 receptacula.
1305 2311 1352 2340 Di-

244 2356 345 2378 cuntur
357 2349 480 2378 colliciae
490 2371 499 2383 ,
519 2348 552 2377 ab
565 2349 680 2377 humore
690 2347 858 2385 colligendo.
900 2348 975 2378 Hinc

207 2386 230 2416 C
240 2397 257 2416 ο
266 2398 282 2415 L
291 2398 306 2415 L
315 2398 324 2415 1
336 2396 352 2416 c
362 2398 371 2415 r
380 2397 398 2415 A
409 2396 426 2415 R
435 2396 448 2415 a
457 2396 470 2416 s
485 2386 592 2424 tegulae.
625 2386 693 2414 Cato
703 2386 738 2414 de
748 2386 779 2415 R.
793 2385 824 2415 R.
835 2395 858 2414 c.
874 2394 916 2421 14.
939 2385 1108 2416 Conliciares
1120 2395 1180 2423 quae
1188 2392 1285 2421 erunt,
1299 2395 1349 2424 pro

253 2424 325 2453 binis
335 2425 512 2462 putabuntur.
555 2423 738 2461 Subintellige
750 2423 874 2461 Tegulae.
896 2424 970 2454 conf.
991 2434 1009 2452 n
1018 2433 1033 2453 s
1042 2434 1075 2452 Li
1084 2433 1102 2453 c
1111 2435 1119 2452 1
1129 2433 1160 2453 A.

208 2461 468 2496 CoLLicULus,
493 2461 524 2490 V.
548 2470 686 2490 COLLis.

205 2499 228 2528 C
237 2509 301 2528 0LL
310 2503 322 2528 ῑ
332 2509 349 2527 D
358 2509 375 2528 o
384 2521 392 2534 ,
414 2499 432 2527 {i
443 2521 451 2533 ,
472 2498 546 2535 sum,
568 2498 701 2534 [wvxptiw
711 2518 720 2530 ‚
746 2498 897 2534 cvpess'oe'aaa]
921 2499 976 2529 ere.
998 2498 1086 2528 Simul
1102 2505 1245 2536 percutere
1257 2521 1265 2534 ‚
1286 2509 1354 2529 con-

243 2542 346 2571 terere,
368 2538 393 2566 &
403 2537 534 2573 frangere.
573 2536 631 2565 Cic.
645 2545 669 2571 3.
681 2536 716 2565 de
726 2536 790 2567 Nat.
805 2537 889 2567 Deor.
900 2545 912 2573 3
922 2549 943 2567 ι.
967 2537 1076 2566 Humor
1087 2537 1125 2566 ita
1133 2537 1225 2567 mollis
1242 2537 1280 2567 est
1290 2559 1298 2573 ,
1321 2543 1353 2567 ut

242 2573 324 2603 facile
339 2574 426 2611 premi
440 2574 588 2610 collidique
603 2573 693 2611 pollit-

241 2614 343 2640 Aurum
354 2611 496 2640 colliditur
504 2633 511 2645 ,
531 2618 561 2639 ut
570 2611 616 2640 fiat
624 2610 750 2641 annulus.
772 2611 855 2642 Ovid.
870 2622 894 2649 3.
906 2612 942 2641 de
951 2612 1013 2641 Arte
1024 2612 1082 2642 Am.
1093 2621 1157 2642 221.

241 2648 346 2678 Dentes
355 2648 534 2678 colliduntur.
556 2648 653 2677 Senec.
667 2648 749 2685 Epist.
764 2659 807 2678 11.

242 2686 327 2753 Lfges
336 2686 523 2752 cogfltiigunt&
535 2685 714 2716 colliduntur.
754 2685 874 2724 Quintil.
885 2686 932 2716 lib.
943 2697 968 2724 7.
985 2697 1045 2726 cap.
1059 2696 1084 2725 3.
1124 2688 1142 2718 i.
1154 2697 1179 2718 e.
1202 2687 1351 2718 Contrariae

275 2732 330 2752 unt.
387 2734 403 2752 u
427 2733 489 2753 aeus.

243 2762 310 2792 Acer
319 2761 469 2791 concursus
478 2761 550 2791 viros
561 2760 704 2790 colliserat.
727 2760 775 2790 Sil.
788 2761 835 2791 lib.
848 2770 874 2798 7.
890 2766 952 2798 565.

434 2815 471 2820 —
478 2799 588 2835 jamque
595 2799 752 2828 intermixta
760 2798 893 2828 sonabant

335 2836 450 2867 Classica
462 2858 471 2872 ,
492 2836 691 2873 concursusque
705 2837 775 2865 viros
791 2836 925 2866 colliserat
937 2846 1008 2867 acer.

243 2873 338 2905 Gloria
349 2874 458 2903 collidit
468 2874 571 2903 fratres.
594 2874 660 2903 Stat.
678 2873 726 2903 lib.
740 2877 766 2903 6.
779 2874 869 2904 Theb.
884 2884 949 2912 435.

511 2927 547 2932 ——
558 2921 611 2940 nec
620 2920 740 2948 unquam

335 2947 482 2979 Ambitiosa
493 2949 555 2986 pios
562 2948 671 2978 collidit
682 2948 767 2986 gloria
775 2948 877 2979 fratres.

243 2987 381 3017 Collidere
391 2996 489 3016 manus
499 3007 507 3021 ,
530 2996 580 3024 pro
592 2986 789 3024 complodere.
823 2986 939 3023 Quintil.
952 2987 1001 3017 lib.
1013 2994 1039 3018 2.
1052 2997 1111 3026 cap.
1127 2996 1169 3025 13.
1198 2988 1260 3024 Jam
1272 2989 1350 3020 colli-

262 3026 329 3054 dere
344 3033 441 3065 manus
452 3045 461 3058 ,
481 3031 558 3053 terrae
567 3023 817 3061 pedemincutere‚
838 3026 934 3062 pectus
945 3047 954 3061 ,
974 3025 1062 3056 femur
1073 3048 1082 3063 ,
1102 3026 1222 3057 ftontem
1233 3028 1348 3065 caedere,

262 3062 381 3091 multum
390 3062 425 3092 ad
437 3061 573 3099 pullatum
580 3061 716 3091 circulum
725 3061 800 3091 facit.

243 3098 354 3129 Conlidi
370 3121 378 3134 ,
407 3099 568 3129 Infinitivus.
591 3099 696 3129 Lucret.
711 3098 760 3128 lib.
776 3108 799 3129 1.
819 3108 880 3135 5²³·

334 3138 405 3166 Nam
417 3146 507 3173 neque
514 3137 620 3166 conlidi
637 3136 692 3166 sine
707 3137 782 3166 inani
795 3137 869 3174 poss'e
879 3137 987 3167 videtur

334 3174 490 3212 Quicquam
499 3196 507 3209 ,
529 3176 582 3204 διο.

205 3210 254 3242 Co
265 3223 281 3241 L
291 3215 345 3242 Lis
355 3222 372 3241 υ
382 3221 394 3241 s
404 3234 413 3248 ,
432 3222 448 3241 a
458 3234 467 3248 ,
488 3221 544 3242 um.
566 3212 769 3248 [σνγκςιειθὲις]
788 3211 837 3242 Sil.
848 3211 897 3242 lib.
910 3221 934 3249 3.
945 3215 1009 3248 698.

586 3265 623 3270 —
634 3250 687 3280 alta
697 3249 797 3279 sonoro

333 3287 438 3316 Collisis
449 3287 569 3317 trabibus
579 3287 726 3317 volvuntur
740 3297 880 3317 murmura
891 3287 964 3317 luco.

243 3323 338 3361 Capita
349 3326 406 3353 duo
416 3324 571 3362 reipublicae
585 3325 655 3354 inter
667 3325 693 3354 se
704 3325 805 3355 collisa.
827 3325 921 3355 Vellei.
932 3334 958 3355 2.
973 3334 1015 3361 5²·
1027 3333 1054 3355 2.

243 3362 344 3390 Graecia
354 3361 444 3391 collisa
455 3362 557 3392 duello.
580 3363 647 3392 Hor.
664 3372 687 3393 1.
703 3362 785 3401 Epist.
798 3371 826 3392 2.
836 3371 861 3398 7.

244 3397 373 3465 Collistg‘m
383 3406 525 3465 argqntum
535 3400 602 3437 quid
612 3399 658 3436 s1t3
679 3400 743 3431 vide
754 3401 784 3430 in
795 3400 814 3430 l.
835 3400 976 3437 Quintus,
997 3401 1055 3437 2·§.
1074 3399 1127 3430 Cui
1137 3410 1242 3432 aurum.
1264 3401 1296 3433 D.
1311 3404 1347 3433 de

261 3445 317 3464 aur.
366 3446 393 3464 ar
403 3447 419 3466 ¹.
448 3446 462 3466 e
483 3443 517 3466 at.

208 3471 254 3500 Co
265 3476 342 3501 LLis
353 3448 413 3507 usk:
434 3447 480 3503 tis?
495 3484 531 3504 m.
565 3475 774 3510 [συγκςεσμές]
807 3475 886 3505 Idem
908 3475 983 3513 quod
1007 3475 1128 3505 Collifio.
1167 3476 1237 3506 Plin.
1258 3477 1304 3508 lib.
1318 3488 1344 3514 9.

244 3518 305 3546 cap.
319 3519 329 3544 3
339 3521 362 3544 ς.
385 3511 441 3540 Ceu
452 3512 517 3540 sono
528 3521 637 3555 quoque
654 3515 679 3542 ὁὶ
689 3512 784 3543 collisu
797 3513 856 3550 ipso
867 3514 1082 3549 margaritarum.

206 3543 405 3582 CoLL1s10‚
426 3550 496 3578 onis.
518 3550 535 3578 t.
566 3551 753 3585 [συγκρουσκ]
773 3550 860 3581 Idem.
890 3549 987 3586 Justin.
1008 3560 1050 3580 11.
1073 3559 1115 3580 12.
1133 3553 1159 3580 6.
1193 3550 1346 3583 Nunciatur

244 3592 356 3612 uxorem
370 3594 403 3613 ex
413 3586 554 3614 collisione
569 3586 667 3621 abjecti
678 3594 770 3624 partus
781 3588 929 3618 decessisse.

207 3617 348 3662 CoLLic
360 3631 400 3663 ,ιε
419 3625 492 3659 apud
509 3623 576 3652 Plin.
602 3624 648 3653 lib.
660 3634 701 3659 ιι.
720 3634 779 3663 cap.
795 3635 837 3655 10.
859 3626 1024 3656 Hermolaus
1041 3625 1115 3663 legit.
1154 3627 1172 3655 i.
1185 3636 1210 3655 e.
1240 3627 1345 3664 Specus

244 3657 360 3700 mobiles
374 3661 508 3701 inquibus
522 3661 711 3697 aphronitrum
721 3663 878 3693 invenitur:
902 3664 947 3693 ubi
963 3674 1038 3694 nunc
1056 3673 1092 3694 ex
1105 3663 1287 3694 vetustissimis
1301 3675 1347 3694 co.

244 3693 350 3722 dicibus
361 3694 458 3731 legitur
472 3698 588 3734 Colycau
626 3698 657 3727 V.
679 3699 810 3730 suoloco.

207 3729 377 3774 Com-ieo-
389 3753 396 3765 ,
417 3732 527 3775 [favaim
541 3756 549 3767 ,
568 3732 735 3771 συνῶσμευω]
754 3741 808 3767 are.
831 3738 918 3768 Simul
932 3739 950 3767 li
971 3748 1023 3769 are.
1063 3739 1127 3769 Ter.
1140 3739 1208 3769 Eun.
1223 3749 1247 3774 ς.
1262 3750 1285 3774 ς.
1300 3749 1342 3775 ¹³·

244 3767 392 3803 Colligavrt
400 3779 519 3811 primum
529 3781 592 3801 eum
602 3773 703 3803 miseris
712 3775 812 3805 modis.
833 3775 891 3805 Cic.
901 3748 1053 3814 proltabir.
1065 3776 1189 3815 perduci.
1203 3786 1245 3813 13.
1270 3777 1294 3813 l,
1312 3778 1345 3808 li-

241 3806 299 3834 {tor
311 3826 318 3837 ,
341 3805 440 3841 colliga
456 3816 560 3836 manus.

244 3841 334 3884 Unum
356 3843 526 3887 interjectum
543 3846 665 3887 medium
678 3869 686 3882 ,
705 3849 729 3877 ἃ
742 3848 856 3887 seipsum
868 3871 876 3885 ,
897 3852 923 3880 St
937 3860 970 3880 ea
981 3852 1081 3889 quibus
1098 3852 1136 3882 est
1153 3851 1345 3889 interpositum

260 3879 377 3915 colligat.
400 3880 457 3908 Cic.
469 3881 503 3908 de
514 3881 632 3910 Univers.
653 3893 690 3917 ¹³-

241 3914 375 3951 Colligam
384 3917 413 3946 in
422 3917 562 3948 {asciculos
572 3921 719 3951 manuales.
741 3923 810 3952 Plin.
822 3923 869 3954 lib.
885 3934 927 3959 19.
940 3935 1000 3962 cap.
1016 3935 1040 3955 1.

1403 870 1424 899 C
1434 880 1450 899 o
1460 882 1475 899 L
1485 881 1518 898 L1
1529 879 1602 898 GAT
1613 878 1645 898 ιο
1655 891 1663 903 ,
1686 870 1755 899 onis.
1776 870 1794 899 f.
1816 866 2011 905 [σύνδῖσμῶυ]
2032 869 2089 898 Cic.
2106 879 2129 898 1.
2143 870 2178 899 de
2192 870 2286 900 Divin.
2300 880 2361 909 ¹27·
2381 872 2458 909 Quin
2479 872 2555 904 colli.
2582 856 2591 925 ῗ

1402 1058 1425 1089 C
1434 1069 1450 1087 ο
1461 1070 1476 1087 L
1484 1070 1499 1087 L
1509 1069 1518 1087 1
1528 1068 1547 1087 c-
1556 1068 1575 1087 A
1587 1068 1606 1086 T
1616 1068 1634 1087 u
1645 1068 1656 1087 s
1670 1080 1678 1092 ‚
1699 1068 1715 1087 a
1725 1080 1733 1093 ,
1755 1068 1812 1088 um.
1835 1054 2059 1094 [σννδῖἓῑιῧῷὢι]
2088 1058 2184 1088 Partic.
2218 1066 2249 1089 ut
2257 1082 2265 1096 ,
2287 1060 2413 1091 Vinculis
2432 1059 2553 1099 colligati
2585 1046 2587 1054 .

1402 1134 1424 1164 C
1434 1144 1450 1163 0
1460 1146 1475 1162 L
1485 1146 1501 1163 L
1512 1145 1520 1162 1
1533 1144 1550 1162 c
1561 1144 1579 1162 A
1588 1143 1608 1161 τ
1619 1144 1636 1162 υ
1646 1144 1667 1162 M
1680 1155 1688 1168 ,
1708 1143 1726 1162 1.
1747 1143 1775 1163 n.
1797 1130 2006 1170 [omeltaltssp'ov]
2027 1140 2058 1163 ut
2068 1156 2077 1170 ,
2097 1134 2191 1164 Omne
2204 1134 2365 1172 colligatum
2376 1135 2442 1165 solvi
2454 1136 2551 1173 potest.
2580 1113 2586 1138 ἦ

1403 1209 1449 1239 CO
1461 1221 1476 1238 L
1485 1212 1521 1238 LT
1531 1220 1549 1238 G
1558 1219 1575 1237 0
1587 1231 1594 1244 ,
1616 1210 1660 1246 Egi
1674 1231 1681 1239 .
1702 1210 1795 1238 editum
1810 1231 1818 1245 ,
1850 1209 1984 1245 [συκῶν-ι,
2014 1209 2173 1246 συιερφνίζω,
2202 1209 2335 1254 spingam,
2365 1209 2554 1249 ᾢαιγμριτοῦυ]
2583 1200 2586 1213 ¹

1871 111 1900 146 C
1999 114 2033 148 O
2130 115 2157 148 L

2590 180 2593 192 Ι

1432 193 1567 230 Colligare
1576 192 1602 222 se
1613 202 1677 221 cum
1688 192 1764 227 aliis,
1785 202 1834 229 per
1845 192 2065 223 translationem.
2106 195 2166 224 Cic.
2180 205 2205 229 9.
2224 195 2297 225 Fam.
2312 206 2355 232 17.
2378 197 2452 230 Ouid
2464 197 2544 228 ficiat
2590 198 2593 230 ἒ

1452 240 1544 261 tamen
1554 240 1608 258 non
1622 230 1714 264 habet,
1726 231 1762 258 ita
1771 230 1795 258 se
1804 240 1867 260 cum
1881 231 1975 260 multis
1985 232 2132 261 comitavit.
2155 234 2173 262 i.
2185 243 2209 262 e.
2226 234 2375 270 Impedivit
2386 230 2411 264 a}
2421 236 2542 265 irretivit.
2590 246 2591 262 1

1434 267 1684 334 Cffllssureahcubi
1696 267 1825 304 aliquem.
1866 268 1925 298 Cic.
1943 278 1986 299 11.
2003 269 2121 308 Philipp.
2133 274 2178 300 26.
2200 271 2237 300 Ni
2254 271 2369 301 Brutum
2382 272 2548 309 colligassent
2589 266 2595 302 l

1455 317 1482 336 ln
1509 316 1605 334 vrff’Cld.

1435 345 1639 381 Colligareuno
1655 342 1729 385 libro
1744 342 1895 372 multorum
1915 350 2073 382 temporum
2088 346 2262 375 memoriam.
2285 346 2342 375 Cic.
2353 346 2383 375 in
2394 345 2472 376 Orat.
2486 356 2546 379 120.
2588 343 2592 366 ι’

1456 383 1473 411 i.
1487 392 1510 410 e.
1534 381 1699 417 Complecti.

1436 419 1572 455 colligata
1588 440 1596 452 ,
1617 417 1799 454 &implicata
1818 419 1888 447 inter
1909 418 1944 448 se.

1726 455 1730 460 .
1985 418 2042 448 Cic.
2055 419 2145 449 noir.
2164 423 2205 448 ι6.
2241 421 2310 457 Quae
2333 427 2448 458 quatuor
2467 432 2550 458 quan.

1456 466 1537 494 quam
1549 457 1619 484 inter
1630 455 1655 484 se
1667 455 1795 491 colligata
1810 456 2042 493 atqueimplicata
2052 456 2130 487 sunt:
2153 463 2246 487 tamen
2256 468 2291 487 ex
2300 458 2410 496 singulis
2421 467 2496 489 certa
2510 460 2549 489 of-
2586 464 2588 493 ’,

1455 495 1580 524 ficiorum
1589 503 1688 526 genera
1699 493 1854 522 nascuntur.

1437 534 1508 570 Apta
1519 533 1543 560 δ’(
1556 528 1683 567 colligata
1696 530 1811 559 intcrse.
1851 530 1910 560 Cic.
1928 540 1950 559 1.
1963 531 1998 560 de
2008 531 2072 560 Nat.
2082 531 2165 560 Deor.
2179 542 2205 566 9.
2226 532 2270 562 Est
2287 533 2361 562 enim
2382 533 2549 565 admirabilis
2587 530 2590 543 ¹

1457 569 1580 605 quaedam
1595 569 1770 597 continuatio
1780 590 1788 601 ,
1809 567 1940 605 seriesque
1950 579 2040 597 rerum
2050 591 2058 601 ‚
2080 576 2111 599 ut
2127 569 2179 599 alia
2195 579 2230 599 ex
2240 570 2293 600 alia
2302 581 2410 601 annexa
2422 593 2430 607 ,
2452 573 2479 601 ἃ
2493 582 2550 602 om-
2584 571 2588 602 l

1458 617 1506 635 nes
1518 608 1568 635 iter
1582 606 1608 634 se
1617 615 1689 642 aptae
1698 627 1706 640 ,
1728 606 1919 642 colligataeque
1929 607 2083 635 videantur.
2584 603 2587 608 ’

1438 644 1575 681 Colligare
1589 644 1727 681 impeturn
1737 644 1863 672 furentis.
1904 644 1961 673 Cic.
1981 654 1991 673 1
2001 653 2022 672 1.
2037 643 2156 682 Philipp.
2168 654 2195 678 4.
2217 644 2412 684 Impetumque
2425 646 2551 684 furentis,
2590 679 2591 682 Ἴ

1458 689 1539 718 atque
1548 682 1642 710 onmia
1652 681 1779 710 divexare
1794 682 1819 710 δι
1831 681 1950 718 diripere
1971 682 2107 717 cupientis
2118 704 2127 717 ,
2148 683 2212 712 vitae
2228 683 2282 713 suae
2297 683 2423 721 periculo
2440 683 2551 722 colliga·
2584 710 2587 714 .

1457 720 1497 749 vit
1509 742 1516 754 ,
1538 729 1551 747 a
1564 717 1704 755 progressu
1715 718 1802 747 arcuit
1811 741 1819 753 ,
1841 729 1856 748 a
1867 719 1956 748 reditu
1970 720 2123 748 refrenavit.
2587 726 2591 728 ’

1440 758 1595 787 Sententias
1607 756 1695 785 verbis
1704 756 1843 793 colligare.
1867 757 1925 786 Cic.
1939 758 1967 785 in
1978 757 2055 786 Orat.
2070 762 2130 791 168.
2584 777 2591 793 -,

1439 795 1576 831 Colligare
1588 794 1709 823 vulnera.
1748 794 1814 823 Plin.
1832 794 1880 823 lib.
1896 804 1939 830 35.
1954 804 2013 832 cap.
2029 804 2071 830 ις.
2092 795 2262 832 Sanguinem
2273 795 2354 826 sistit:
2373 796 2486 827 vulnera
2497 797 2552 828 col-
2584 794 2590 820 ἰ’

1459 832 1542 869 ligat:
1565 832 1684 869 glutinat
1695 841 1803 861 nervos.

1440 909 1579 955 gationem
1595 907 1737 950 causarum
1751 908 1878 951 omnium
1886 906 2036 945 perspiciat
2046 908 2149 951 ani-mo.
2278 947 2284 953 .
2334 946 2340 953 .
2586 946 2587 949 ¹

1439 945 1586 988 Colligatio
1595 944 1740 975 societaus.
1780 945 1838 975 C1c.
1851 955 1872 975 1.
1886 944 1944 975 Off.
1958 954 2001 981 53.
2024 945 2129 975 Aroror
2140 955 2207 975 vero
2219 945 2361 984 colligatio
2370 947 2408 977 est
2415 947 2551 978 societatis
2587 959 2590 990 j

1439 992 1716 1057 Elirgdllrilgllizcidllibiis
1727 1019 1833 1050 sumere
1844 1019 1997 1049 intervalla.
2020 1020 2078 1050 Cic.
2091 1020 2127 1050 de
2142 1020 2266 1051 Univers.
2279 1031 2323 1052 21.

1439 1096 1531 1125 sumus
1543 1119 1551 1131 ,
1573 1106 1659 1133 quum
1672 1096 1818 1140 gignimur.
1841 1096 1899 1125 Cic.
1912 1096 1947 1125 de
1957 1096 2082 1126 Univers.
2099 1105 2142 1132 ις.

1441 1172 1496 1202 Cic.
1508 1172 1543 1201 de
1557 1171 1682 1200 Univers.
1698 1181 1742 1207 35.

1440 1249 1494 1277 ere.
1516 1247 1547 1276 ln
1559 1256 1647 1276 unum
1655 1247 1780 1284 redigere
1790 1269 1798 1282 ,
1819 1254 1849 1277 ut
1858 1248 1897 1277 ait
1911 1247 2030 1277 Nonius.
2061 1247 2134 1286 Virg.

1520 1284 1628 1322 Collige
1641 1285 1718 1322 virgo
1735 1285 1816 1314 rosas.

1439 1323 1559 1360 Carpere
1569 1324 1594 1352 &
1610 1322 1742 1360 colligere
1754 1323 1887 1360 undique.
1910 1322 1969 1352 Cic.
1985 1331 2008 1351 1.
2022 1322 2059 1352 de
2070 1323 2146 1352 Orat.
2166 1333 2228 1360 191.

1439 1361 1472 1390 In
1483 1371 1569 1390 unum
1578 1361 1673 1390 locum
1681 1361 1821 1397 colligere.
1843 1361 1901 1390 Cicv
1915 1360 1951 1389 de
1963 1360 2039 1390 Petit.
2050 1360 2161 1391 Consul.
2175 1373 2220 1397 45.
2576 1382 2583 1399 9

1441 1398 1577 1436 Colligere
1592 1399 1620 1427 in
1632 1408 1688 1428 vas.
1724 1398 1798 1427 Varr.
1813 1407 1837 1435 3.
1852 1400 1888 1427 de
1902 1397 1934 1427 R.
1947 1398 1979 1427 R.
1999 1407 2060 1436 cap.
2075 1403 2117 1428 16.
2131 1408 2174 1436 37.
2203 1398 2399 1437 Colligendum
2412 1399 2497 1430 casin
2507 1410 2554 1432 vae
2576 1417 2584 1424 ιν

1459 1437 1573 1474 aliquod
1585 1458 1592 1470 ,
1615 1438 1640 1466 δι
1654 1437 1848 1474 reponendum
1860 1437 1888 1465 in
1897 1435 2046 1465 teetoloco
2058 1459 2066 1471 ,
2088 1446 2121 1466 ac
2144 1438 2249 1475 tepido.
2275 1439 2310 1466 de
2324 1437 2436 1475 Apibus.
2580 1440 2586 1476 ζ

1440 1475 1522 1504 Arma
1531 1476 1606 1503 navis
1614 1474 1753 1512 colligere.
1792 1475 1810 1503 i.
1823 1484 1848 1504 e.
1871 1473 1938 1503 Vela
1948 1475 2113 1504 contrahere
2124 1497 2132 1510 ,
2153 1485 2211 1504 non
2226 1476 2339 1513 penitus
2350 1476 2491 1514 deponere
2501 1496 2510 1512 ‚
2523 1480 2553 1506 ut
2576 1478 2586 1498 =⁴

1459 1513 1550 1550 inquit
1561 1513 1678 1542 Servius.
1701 1512 1774 1550 Virg.
1787 1523 1809 1546 ς.
1825 1511 1883 1542 AEn.
1899 1522 1942 1546 ις.

1533 1551 1672 1587 Colligere
1682 1559 1756 1579 arma
1764 1550 1845 1586 jubet
1856 1572 1862 1585 ,
1882 1549 2034 1586 validisque
2043 1550 2206 1580 incumbere
2216 1551 2307 1582 remis.

1442 1587 1566 1625 Capillos
1574 1589 1705 1626 colligere
1716 1589 1745 1616 in
1755 1589 1872 1617 nodum.
1895 1588 1979 1618 Ovid.
1999 1597 2021 1625 3.
2034 1588 2103 1618 Met.
2120 1598 2182 1626 170.

1442 1626 1543 1664 Equos.
1565 1626 1648 1656 Ovid.
1661 1636 1686 1656 2.
1699 1626 1767 1655 Met.
1783 1631 1845 1662 398.

1522 1664 1637 1702 Colligit
1647 1670 1774 1694 amentes
1782 1685 1790 1700 ,
1812 1665 1838 1694 &
1849 1663 1942 1694 adhuc
1952 1669 2054 1694 terrore
2063 1669 2199 1702 paventes

1521 1701 1642 1731 Phoebus
1655 1711 1750 1740 equos.

1441 1739 1601 1769 Exercitum
1612 1749 1646 1769 ex
1657 1739 1766 1769 senibus
1777 1739 1936 1775 desperatis.
1959 1739 2016 1769 Cic.
2029 1749 2056 1769 2.
2068 1740 2098 1768 in
2110 1738 2191 1769 Catil.
2209 1750 2233 1775 ς.

1441 1778 1544 1807 Fontes
1556 1777 1727 1815 colliguntur
1734 1778 1852 1814 angustis
1863 1777 1966 1808 fistulis.
1987 1777 2108 1815 Quintil.
2117 1777 2167 1807 lib.
2182 1788 2206 1814 ς.
2224 1787 2285 1817 cap.
2299 1787 2342 1815 14.

1441 1815 1563 1845 Fructus.
1586 1816 1653 1845 Hor.
1669 1826 1691 1844 1.
1708 1815 1792 1853 Epist.
1806 1824 1849 1845 12.
1865 1824 1889 1844 1.

1442 1853 1566 1883 Gradum
1577 1875 1584 1888 ,
1606 1863 1656 1891 pro
1666 1853 1773 1883 Sistere.
1795 1853 1843 1883 Sil.
1855 1853 1904 1883 lib.
1918 1861 1944 1889 7.
1956 1856 2020 1889 694·

1535 1891 1703 1928 Quanquam
1713 1891 1834 1920 tardatos
1843 1891 1951 1921 turbata
1962 1892 2055 1921 fronte
2062 1890 2175 1921 Latinos

1535 1928 1680 1966 Collegiffe
1689 1929 1806 1966 gradum
1819 1929 1904 1959 videt.

1442 1967 1537 1997 Hastas
1545 1967 1684 2004 colligere.
1724 1967 1813 1997 Tacit.
1825 1977 1851 1996 2.
1872 1969 1941 1997 Ann.
1953 1976 1999 1997 21.
2021 1966 2199 2004 Cumingens
2210 1967 2370 2001 multitudo,
2391 1967 2578 2008 arctislocis,

1460 2005 1613 2042 praelongas
1625 2005 1710 2034 hastas
1723 2014 1780 2033 non
1793 2005 1989 2042 protenderet,
2009 2014 2068 2034 non
2084 2005 2227 2042 colligeret
2237 2027 2245 2041 ,
2259 2008 2309 2035 ἃς.
2351 2005 2462 2036 Hastam
2482 2005 2558 2036 colli-

1462 2052 1524 2080 gere
1534 2065 1543 2078 ‚
1564 2043 1602 2072 est
1613 2043 1758 2072 Reducere
1769 2065 1777 2077 ‚
1794 2052 1876 2079 quam
1887 2049 1950 2072 ante
1957 2042 2140 2081 protenderas
2149 2065 2157 2078 ,
2177 2050 2208 2072 ut
2218 2043 2325 2073 hostem
2332 2043 2434 2073 ferires.
2568 2050 2570 2054 “

1442 2080 1556 2110 Hostem
1570 2091 1620 2118 per
1630 2081 1744 2110 vulnera
1754 2079 1885 2118 colligere
1896 2081 1961 2110 Fera
1971 2081 2149 2117 dicitur,cum
2158 2081 2212 2110 ruit
2220 2081 2251 2110 in
2262 2080 2476 2112 ferrum.Sil.lib.
2483 2090 2553 2119 103.

1442 2118 1598 2148 Humorem
1610 2119 1718 2148 frontis.
1738 2118 1857 2147 Martial.
1869 2118 1917 2148 lib.
1930 2128 1972 2148 12.
1984 2124 2028 2154 83.
2566 2123 2576 2146 ¹.

1442 2156 1550 2186 Milites
1562 2178 1570 2191 ,
1592 2156 1636 2185 vel
1645 2157 1808 2186 exercitum.
1846 2156 1904 2187 Cic.
1916 2165 1941 2193 7.
1960 2156 2034 2186 Verr.
2045 2159 2091 2190 86.
2112 2155 2219 2194 Hospes
2233 2156 2398 2186 Cleomenes
2409 2156 2463 2186 hoc
2472 2157 2553 2194 dicit,
2566 2153 2575 2185 :²

1462 2193 1555 2260 [εἰῇ-ιη
1567 2201 1666 2224 terram
1677 2194 1730 2224 effe
1741 2195 1914 2232 projeetum:
1936 2194 1977 2224 uti
1995 2194 2123 2232 Pachyno
2136 2216 2145 2230 ,
2165 2204 2180 2224 e
2195 2194 2311 2224 terrestri
2321 2194 2446 2233 praefidio
2457 2194 2554 2225 militen
2564 2201 2573 2224 ιῐ

1461 2241 1494 2261 co
1519 2240 1614 2269 igeret.
2563 2235 2565 2264 ι’

1443 2269 1527 2299 Miles
1538 2271 1566 2299 in
1575 2270 1679 2299 moenia
1690 2269 1799 2307 colligit
1810 2269 1874 2305 sese,
1886 2269 1990 2299 Milites
2001 2269 2027 2299 se
2038 2269 2178 2308 recipiunt
2188 2270 2217 2299 in
2228 2269 2333 2300 urbem.
2343 2270 2441 2301 Si1.lib.
2449 2280 2552 2308 10.39o.

1442 2307 1596 2337 Numerum
1607 2309 1749 2345 ingentem
1760 2309 1933 2345 perditorum
1946 2308 2096 2337 hominum
2106 2308 2248 2346 colligere.
2270 2307 2327 2338 Cic.
2339 2318 2366 2339 2.
2381 2309 2411 2338 in
2426 2308 2504 2339 Catil.
2512 2314 2536 2342 8.
2562 2326 2571 2348 ἵ.

1443 2345 1549 2375 Orbem
1558 2345 1705 2384 colligere,
1726 2346 1980 2383 Comprehendere.
2001 2345 2101 2382 Juven.
2116 2356 2143 2382 4.
2157 2346 2213 2377 Sat.
2228 2354 2290 2383 132.

1761 2399 1797 2404 -—
1807 2384 1873 2414 testa
1882 2385 1935 2413 alta
1947 2391 2059 2421 paretur
2070 2405 2079 2419 ‚

1535 2421 1605 2458 Quae
1616 2422 1694 2451 tenui
1706 2431 1785 2451 muro
1794 2421 1941 2460 spatiosum
1951 2421 2064 2460 colligat
2072 2421 2178 2451 orbem.

1443 2459 1552 2496 Stipem
1565 2469 1579 2488 a
1589 2460 1720 2498 tyrannis.
1742 2459 1801 2489 Liv.
1812 2466 1856 2496 38.
1870 2470 1917 2496 43.

1443 2497 1517 2526 Vasa.
1559 2498 1590 2527 V.
1612 2508 1630 2526 v
1641 2508 1659 2526 A
1669 2507 1681 2527 s
1692 2519 1699 2533 ,
1719 2497 1794 2527 vasis.
2560 2517 2561 2520 =

1443 2535 1559 2572 Vestigia
1571 2535 1811 2573 Pythagoreorum.
1851 2534 1910 2565 Cic.
1922 2544 1949 2571 4.
1968 2534 2051 2565 Tusc.
2063 2543 2086 2570 3.
2109 2534 2250 2572 Subandi,
2270 2534 2341 2572 Quae
2355 2535 2386 2565 in
2400 2535 2479 2566 Italia
2496 2533 2542 2566 reli

1486 2580 1593 2603 uerunt.

1443 2582 1551 2640 Vilstem
1561 2611 1689 2648 colligere
1701 2633 1709 2645 ,
1730 2611 1848 2649 pallium
1861 2632 1870 2646 ,
1892 2611 1944 2640 διο.
1967 2610 2053 2640 Plaut.
2067 2610 2145 2648 Capt.
2157 2621 2184 2646 4.
2196 2619 2222 2640 2.
2235 2620 2262 2646 9.

1536 2649 1661 2678 ΟοΙΙεέῖο
1672 2649 1784 2685 quidem
1794 2649 1832 2678 est
1840 2648 1926 2687 pallio
1935 2670 1942 2684 ,
1956 2649 2090 2685 quidnam
2101 2648 2247 2678 austuru'st
2256 2649 2271 2678 ‘2
2310 2648 2522 2686 Martial.lib.7.3
2562 2669 2566 2686 ι,

1535 2686 1643 2724 Collige
1653 2687 1743 2716 Cinna
1751 2694 1856 2725 togam,
1876 2686 1984 2716 calceus
1993 2696 2059 2716 ecce
2094 2687 2153 2716 erit.

1444 2723 1582 2761 Colligere
1601 2725 1725 2762 aliquid,
1754 2735 1805 2762 pro
1822 2724 1991 2760 Sublevare,
2023 2724 2067 2754 To
2082 2724 2146 2754 lere.
2183 2723 2253 2754 Plin.
2266 2723 2286 2753 E
2308 2723 2348 2753 ist.
2360 2733 2386 2754 2.
2404 2734 2427 2754 1.
2458 2724 2549 2759 Liber,

1467 2772 1550 2799 quern
1564 2762 1635 2791 forte
1646 2769 1789 2800 acceperat
1799 2762 1973 2800 grandiorem
1989 2783 1997 2797 ,
2019 2763 2045 2791 δι
2055 2762 2111 2792 seni
2123 2763 2148 2792 δι
2159 2761 2239 2791 stanti
2250 2762 2278 2800 ip
2293 2772 2309 2791 ο
2320 2762 2445 2800 pondere
2453 2760 2537 2800 elapsu
2561 2778 2563 2783 ν
2603 2769 2604 2774 ’

1464 2800 1511 2829 est.
1554 2800 1636 2829 Hunc
1651 2801 1717 2829 dum
1730 2800 1924 2837 consequitur,
1947 2800 2108 2837 colligitque
2120 2822 2128 2834 ,
2146 2801 2198 2829 διε.
2560 2797 2563 2805 ¹

1445 2837 1552 2867 Follem
1564 2837 1694 2875 colligere
1709 2839 1744 2867 de
1755 2838 1886 2876 pulvere,
1908 2837 2031 2867 Tollere.
2062 2837 2178 2867 Martial.
2189 2836 2237 2866 lib.
2252 2846 2294 2867 12.
2308 2843 2352 2874 83.

1445 2875 1584 2913 Colligere
1596 2897 1603 2911 ,
1626 2877 1800 2906 Enumerare.
1840 2876 1896 2905 Cic.
1919 2876 1954 2904 de
1964 2875 2034 2904 Clar.
2048 2875 2125 2904 Orat.
2138 2879 2201 2910 268.
2237 2875 2360 2905 Putarem
2378 2881 2406 2905 te
2425 2873 2547 2913 (inquit)

1463 2913 1639 2942 ambitiosum
1652 2914 1715 2948 esse,
1738 2914 1754 2942 li
1775 2915 1819 2950 (ut
1833 2913 1939 2949 dixisti)
1958 2914 1987 2948 ii,
1998 2922 2066 2950 quos
2080 2913 2183 2948 jamdiu
2197 2912 2304 2950 colligis
2316 2935 2324 2948 ,
2341 2914 2475 2942 viverent.
2495 2911 2547 2946 Cic.

1466 2961 1490 2980 1.
1507 2952 1542 2980 de
1553 2951 1609 2981 Fin.
1625 2961 1669 2987 34.
1686 2952 1765 2988 Quos
1776 2958 1805 2981 tu
1820 2950 1904 2989 paulo
1913 2959 1978 2981 ante
1989 2960 2052 2981 cum
2062 2951 2223 2980 memoriter
2234 2972 2242 2987 ,
2264 2959 2323 2980 tum
2334 2951 2418 2980 etiam
2429 2960 2490 2988 erga
2504 2958 2537 2979 no
2556 2966 2562 2986 ,ι

1464 2990 1554 3018 amice
1564 2991 1590 3019 Sc
1604 2989 1739 3020 benevole
1749 2989 1892 3027 collegisti.
2552 2987 2563 3019 ’Ῐ

1444 3027 1687 3071 Colligereannos.
1724 3027 1793 3057 Plin.
1807 3026 1856 3057 lib.
1868 3037 1879 3056 1
1887 3036 1910 3063 3.
1923 3036 1984 3065 cap.
1997 3035 2039 3064 13.
2060 3025 2102 3056 Ad
2113 3035 2181 3064 quos
2192 3036 2207 3056 a
2217 3036 2303 3065 regno
2315 3025 2415 3056 Numae
2425 3025 2500 3059 colli
2529 3040 2533 3049 ·
2557 3047 2559 3049 -

1464 3073 1508 3094 tur
1522 3074 1587 3094 anni
1611 3075 1629 3093 r>
1638 3075 1655 3094 x
1667 3075 1683 3094 x
1693 3074 1711 3092 x
1720 3075 1747 3095 v.

1444 3104 1611 3140 Argumenta
1620 3102 1768 3132 causarum.
1794 3102 1851 3132 Cic.
1863 3111 1889 3131 2.
1902 3102 1937 3131 de
1946 3102 2022 3132 Orat.
2036 3104 2095 3132 160.

1445 3140 1542 3170 Causas
1553 3140 1691 3177 colligere.
1715 3141 1798 3170 Plaut.
1809 3140 1888 3170 Trin.
1906 3149 1929 3176 3.
1942 3149 1966 3174 ι.
1980 3144 2025 3169 62.

1536 3178 1679 3208 Sexcentae
1695 3179 1730 3207 ad
1742 3188 1802 3208 eam
1814 3188 1872 3207 rem
1883 3177 1969 3207 causae
1983 3176 2094 3215 possunt
2105 3176 2208 3215 colligi.

1443 3215 1526 3245 Dida
1535 3216 1692 3253 aliquorum
1701 3216 1799 3245 facete.
1821 3216 1878 3245 Cic.
1892 3225 1914 3244 1.
1927 3215 1984 3245 Off.
1998 3226 2057 3251 ¹04·

1443 3253 1551 3282 Laudes
1562 3255 1688 3282 omnium
1701 3253 1839 3290 colligere.
1861 3253 1919 3283 cic.
1937 3263 1958 3282 1.
1975 3253 2010 3289 Q.
2021 3254 2080 3283 stat.
2095 3263 2118 3283 1.

1444 3291 1606 3320 Memoriam
1618 3291 1722 3320 nullam
1734 3292 1904 3328 antiquitatis
1914 3290 2072 3328 collegerat.
2095 3291 2152 3321 Cic.
2168 3291 2203 3321 de
2213 3289 2282 3321 Clar.
2295 3290 2373 3321 Orat.
2383 3299 2446 3326 214.

1443 3328 1592 3365 Naufragia
1602 3329 1732 3366 colligere
1745 3329 1871 3358 fortunae.
1913 3328 1972 3358 Cic.
1984 3338 2009 3365 7.
2031 3329 2105 3359 Verr.
2121 3338 2181 3364 ιιι.
2218 3328 2296 3359 Nihil
2311 3328 2349 3358 est
2365 3329 2439 3365 quod
2453 3330 2512 3358 cet
2527 3339 2531 3350 ·
2556 3339 2557 3343 ’

2188 1247 2284 1285 [ubr‘.>

2240 2421 2342 2451 Patinae
2351 2421 2498 2461 descriptio
2507 2421 2542 2452 est
2562 2422 2568 2443 '—

1462 3376 1522 3395 rum
1532 3376 1573 3395 res
1584 3368 1676 3396 minus
1686 3367 1835 3396 commode
1846 3366 1931 3403 gestas
1942 3367 2078 3403 proferas:
2099 3366 2170 3396 nihil
2182 3367 2221 3396 est
2241 3366 2316 3404 quod
2325 3368 2477 3396 multorum
2487 3367 2547 3394 nau'
2596 3350 2604 3407 ξ

1462 3404 1547 3440 fragia
1558 3404 1674 3433 fortunae
1684 3404 1807 3441 colligas.
1845 3405 1862 3432 i.
1876 3413 1900 3433 e.
1923 3404 2070 3434 Memores.
2545 3404 2546 3407 ’
2589 3413 2603 3445 s.

1443 3441 1624 3479 Naufragium
1633 3441 1805 3476 Reipublicae
1815 3440 1946 3478 colligere
1956 3463 1964 3475 ,
1985 3451 2016 3470 ac
2029 3441 2143 3472 salutem
2158 3449 2337 3471 communem
2350 3440 2470 3470 reficere.
2493 3436 2523 3468 Ci
2541 3460 2546 3464 ι-
2587 3452 2603 3483 Se

1462 3489 1512 3517 pro
1523 3480 1597 3509 Sext.
1614 3490 1654 3514 ις.
1677 3480 1709 3515 [i.
1726 3489 1750 3508 e.
1774 3479 1912 3516 Reliquias
1923 3480 1990 3517 reip.
2005 3480 2075 3516 quali
2090 3489 2124 3508 ex
2134 3479 2284 3517 naufragio.
2552 3512 2554 3517 ,
2587 3490 2604 3523 335

1442 3514 1555 3546 Peccata
1566 3517 1695 3554 colligere
1707 3518 1732 3547 δι
1744 3517 1811 3546 vitia
1821 3517 1941 3547 alterius.
1967 3517 2025 3546 Cic.
2036 3527 2059 3552 ³-
2075 3517 2110 3546 de
2127 3516 2217 3554 Legib.
2231 3526 2276 3552 2³-
2298 3516 2370 3546 Nam
2382 3515 2432 3545 isto
2443 3512 2519 3552 quide
2546 3548 2547 3555 ἵ
2603 3534 2604 3538 ι

1460 3555 1546 3583 modo
1556 3554 1719 3584 Consulatus
1731 3554 1921 3593 vituperabilis
1933 3555 1970 3584 est
1982 3576 1991 3591 ,
2012 3554 2030 3584 fi
2041 3554 2203 3590 Consulum,
2215 3563 2284 3591 quos
2296 3562 2457 3582 enumerare
2465 3546 2528 3581 nolo
2540 3589 2543 3597 Ι
2585 3540 2604 3597 εξ

1460 3598 1573 3629 peccata
1587 3592 1742 3630 collegeris.
2540 3607 2542 3620 ι

1440 3627 1573 3659 Rationes
1584 3629 1722 3667 colligere.
1764 3628 1821 3659 Cic.
1833 3639 1858 3665 9.
1870 3629 1944 3659 Fam.
1959 3639 1983 3659 1.
2005 3629 2053 3658 Me
2065 3629 2180 3667 quidem
2191 3638 2255 3658 cum
2265 3629 2395 3664 rationes,
2416 3635 2480 3664 quas
2492 3621 2542 3669 ⁶⁰¹l

1460 3667 1563 3703 legeras
1572 3689 1579 3702 ,
1601 3675 1660 3696 tum
1670 3668 1817 3697 auctoritas
1828 3674 1874 3696 tua
1885 3678 1900 3696 a
1912 3668 1999 3696 nimio
2010 3676 2128 3696 moerore
2137 3667 2278 3696 deterruit.
2515 3698 2522 3705 ·
2539 3675 2541 3701 ;

1439 3703 1573 3734 Rationes
1588 3705 1718 3743 colligere
1728 3727 1736 3740 ,
1756 3705 1843 3734 aliter.
1884 3704 1968 3734 Plaut.
1984 3705 2082 3743 Amph.
2093 3715 2119 3740 4.
2131 3714 2157 3734 2.
2170 3703 2280 3742 suppos.
2293 3713 2338 3740 ας.
2370 3701 2468 3734 Nescio
2480 3697 2541 3738 quldl

1460 3741 1550 3771 secum
1560 3743 1648 3772 solus:
1672 3750 1740 3780 puto
1753 3744 1871 3771 rationes
1881 3742 1998 3779 colligit.
2514 3772 2521 3779 ‚
2566 3766 2568 3770 .
2582 3754 2604 3790 coh

1439 3779 1552 3815 Singula
1563 3781 1629 3816 quid
1639 3780 1783 3810 consector
1793 3782 1819 3810 δι
1832 3781 1934 3817 colligo
1944 3782 1958 3810 ἶ)
1981 3780 2048 3810 Plio.
2060 3779 2087 3808 in
2100 3778 2198 3815 Paneg.
2220 3784 2281 3817 cap.
2293 3787 2335 3815 75.
2348 3788 2388 3815 pr.
2414 3774 2468 3806 Sed
2479 3782 2522 3811 qm
2565 3783 2568 3798 ¹

1460 3817 1562 3853 singula
1573 3817 1716 3847 consector
1726 3819 1750 3846 ἃ
1759 3817 1861 3855 colligo
1873 3820 1885 3847 ‘3
1906 3817 1980 3856 quasi
1991 3826 2056 3847 vero
2067 3823 2114 3845 aut
2124 3817 2249 3846 oratione
2263 3814 2419 3853 complesti,
2439 3817 2484 3843 aut
2491 3817 2536 3840 me·
2552 3816 2569 3837 *t

1459 3856 1545 3884 moria
1558 3854 1688 3891 consequi
1701 3855 1809 3892 poffim.
2388 3884 2390 3886 ,
2536 3872 2538 3879 ι
2565 3874 2567 3882 ι
2581 3867 2593 3899 3,

1439 3891 1542 3921 Testes.
1580 3893 1637 3921 Cic.
1648 3902 1673 3921 ι.
1685 3894 1720 3921 de
1732 3892 1807 3922 Orat.
1821 3895 1864 3926 86.
1885 3892 2013 3922 Tertium
2025 3896 2094 3921 vero
2106 3891 2176 3920 illud
2187 3913 2195 3925 ,
2217 3891 2337 3920 clamare
2357 3894 2450 3918 contra
2468 3887 2539 3959 quanl
2560 3886 2569 3940 Ι
2596 3883 2604 3902 ⁰

1459 3929 1572 3965 deceat,
1595 3932 1621 3960 ἃ
1630 3939 1711 3966 quam
1721 3930 1804 3967 pollit
1812 3952 1821 3968 ‚
1841 3930 1964 3961 hominis
1976 3930 2013 3960 est
2022 3950 2031 3965 ‚
2052 3936 2083 3959 ut
2092 3935 2122 3958 tu
2133 3928 2231 3959 Catule
2241 3929 2277 3958 de
2287 3927 2407 3966 quodam
2417 3923 2532 3955 declama

2488 3966 2538 3993 tots
2562 3941 2568 3991 l
2593 3984 2601 4015 v
