2600 4177
507 85 537 121 C
632 86 663 122 R
756 86 784 121 E

116 165 212 197 Sermo
225 167 374 198 credibilis.
396 167 480 197 Ovid.
496 177 520 196 1.
535 167 571 196 de
581 168 642 196 Arte
652 167 708 196 Am.
724 171 788 203 467.

209 205 249 235 Sit
259 206 309 235 tibi
324 206 464 235 credibilis
476 205 564 234 sermo
576 227 584 239 ‚
605 204 790 241 consuetaque
800 206 892 236 verba.
943 229 946 249 t

118 241 243 272 Stoicum
254 244 292 272 est
303 244 413 280 quidem
425 265 432 276 ‚
453 252 504 271 nec
516 242 669 270 admodum
681 243 823 272 credibile.
845 245 903 272 Cic.
920 253 946 278 4.
959 242 1038 273 ilcad.
1050 249 1096 277 ες.

80 277 127 306 Cr<
139 283 375 315 ιςῡικιμῖτιςιι,
398 281 463 309 Adv.
484 279 640 314 [m9vm35]
661 279 718 309 Cic.
737 290 786 317 pro
801 281 950 317 Deiot.17.
980 282 1008 310 ld
1025 291 1073 310 vos
1095 281 1121 310 &
1139 289 1152 308 a
1171 279 1230 308 viro

117 318 225 352 optimo
234 340 242 351 ‚
264 320 289 347 &r
300 318 334 347 ab
348 318 461 346 homine
470 317 584 345 minime
596 316 678 345 stulto
689 319 842 351 coaitatum
853 319 906 347 else
917 319 1088 356 contingitis:
1111 324 1137 347 at
1149 327 1231 354 quam

119 362 176 382 non
190 356 275 384 modo
287 365 343 384 non
354 353 523 384 credibiliter
532 376 540 388 ‚
562 354 607 383 sed
618 364 652 383 ne
664 354 806 392 suspiciose
815 357 937 394 quidem.

82 388 129 419 CR
141 401 179 419 RD
191 395 207 420 ῡ
217 403 233 420 r..
242 403 259 421 U
269 402 280 422 s
291 414 298 427 ‚
320 402 335 421 a
346 414 354 427 ,
376 401 431 421 um.
456 391 514 426 Adj.
536 390 698 427 [mestnvoek
707 414 712 423 ‚
727 392 864 429 dfi‘ms-&]
885 395 941 430 Qui
956 393 1235 429 quaecunquedicun-

117 435 164 457 tur
183 429 267 459 facile
284 429 380 459 eredit.
422 429 481 458 Cic.
495 430 530 458 de
541 430 649 459 Amicit.
665 440 709 465 99.
741 431 807 460 Haec
823 433 897 460 enini
920 433 947 460 in
968 431 1066 460 sabulis
1086 430 1236 459 stultissima

117 467 235 504 persona
244 467 298 502 est,
318 467 540 502 improvidorum
552 467 763 497 &credulorum
778 469 880 498 senum.
904 469 974 506 Virg.
990 480 1015 503 9·
1031 468 1085 497 Ecl.
1100 478 1140 503 14.

312 519 349 524 -—
359 504 404 533 sed
415 515 470 534 non
484 515 535 542 ego
546 505 674 534 credulus
686 506 746 535 illis.
832 507 916 543 Quod
928 508 956 535 in
970 507 1146 543 proverbium
1157 505 1234 534 abiit.

117 540 241 570 Credulo
258 541 376 570 auditori
396 544 516 580 opponit
536 543 706 579 Religiosum
719 544 841 577 judicem
881 544 938 573 Cic.
952 554 1001 580 pro
1012 544 1092 572 l-'ont.
1108 553 1148 579 13.
1182 543 1237 571 Ubi

140 578 256 607 discerni
270 578 368 609 stultus
378 582 487 610 auditor
501 580 673 615 &credulus.
684 581 718 610 ab
730 582 855 618 religioso
868 583 893 611 Sc
903 582 1018 619 sapienti
1029 582 1121 617 judice
1131 580 1235 619 possit?

119 616 235 645 Animus
246 618 383 647 credulus.
407 619 585 649 Sen.·Troad.
602 629 625 648 1.
645 628 668 648 ι.

100 655 104 659 ’
119 652 263 683 Homines.
286 663 324 689 ut,
345 656 466 692 Quando
477 657 523 686 ista
532 657 575 685 vis
587 662 679 686 autem
691 656 824 685 evanuit?
845 667 878 686 an
891 658 1034 695 postquam
1047 657 1175 686 homines
1186 656 1238 685 mi-

138 699 190 719 nus
201 692 308 722 creduli
323 694 375 723 esse
388 696 547 733 coeperunt?
568 694 626 724 Cic.
644 703 669 723 2.
691 694 726 723 de
741 693 834 724 Divin.
852 704 912 730 ¹¹7·

118 727 240 771 Praebere
252 729 277 759 se
287 732 440 762 credulum.
481 733 538 762 Cic.
556 742 597 767 15.
610 733 662 761 Atr.
680 735 722 760 16.
745 731 795 760 Vel
805 732 886 762 verba
896 734 965 762 mihi
977 733 1041 763 dare
1052 732 1134 762 facile
1145 731 1236 769 patior

138 776 168 794 in
180 766 233 796 lioc
243 778 342 806 meque
356 770 475 800 libenter
486 770 596 808 praebeo
605 769 761 798 credulum.

118 802 182 833 Res.
223 806 305 835 Ovid.
320 811 344 836 6.
363 809 442 846 Epist.
455 818 500 838 21.
520 807 641 838 Credula
653 816 696 835 res
707 816 783 835 arnor
792 807 838 835 est.

117 841 202 871 Rates
212 844 332 874 credulae
343 846 487 880 dicuntur.
509 846 619 882 Quibus
630 844 711 882 quise
719 845 901 874 committunt
909 845 1016 875 creduli
1025 867 1034 882 ‚
1055 846 1103 883 qui
1119 844 1145 875 se
1161 843 1238 883 posse

137 881 232 909 omnia
245 883 367 919 pericula
376 885 462 913 vitare
474 884 601 913 credunt.
621 883 684 912 Sen.
695 882 809 920 Hippol.
827 893 854 912 v.
865 893 926 920 530.

117 916 205 947 Senes
215 921 328 950 creduli.
350 921 408 950 Cic.
421 922 456 951 de
466 922 573 951 Senec't.
587 925 630 956 36.

121 955 189 993 Spes
204 957 287 987 animi
297 959 411 988 credula
424 960 522 988 mutui.
545 959 611 988 Hor.
622 970 648 992 4.
660 957 752 988 Carm.
770 967 793 987 1.
806 967 849 993 30.

81 991 108 1022 C
118 1003 133 1021 a
144 1003 158 1022 a
167 1004 184 1022 n
195 1004 211 1022 υ
221 996 255 1024 Li
264 1005 282 1024 T
291 1006 309 1024 A
318 1006 330 1025 s
341 1019 350 1032 ‚
371 998 430 1027 atis.
454 997 472 1026 f.
494 997 686 1033 [ταχυπείθεικ
696 1015 703 1025 .
724 997 869 1031 πήανόπις]
889 996 1015 1026 Facilitas
1026 996 1082 1034 ipsa
1092 996 1236 1027 credendi.

121 1031 179 1073 Cic.
196 1041 237 1074 ¹.0·
249 1032 321 1063 Fam.
336 1044 379 1072 23.
391 1046 433 1074 pr.
455 1034 610 1064 Credulitas
624 1034 699 1063 enim
708 1043 783 1062 error
796 1035 834 1063 est
845 1035 940 1069 magis,
954 1044 1037 1071 quam
1049 1035 1141 1074 culpa.
1165 1035 1239 1065 Mar-

118 1067 178 1097 tral.
190 1068 237 1099 lrb.
253 1081 277 1105 ς.
295 1082 318 1101 ι.
475 1073 510 1102 Et
526 1072 649 1102 tumidus
657 1071 735 1101 Galla
746 1072 911 1102 credulitate
925 1073 1007 1102 fruar.

120 1105 259 1137 Addicere
269 1110 463 1140 credulitatem
474 1110 564 1140 alicui.
586 1110 661 1138 Curt.
675 1119 700 1146 7.
714 1118 740 1145 7.
750 1115 776 1142 8.

118 1143 230 1173 Damno
244 1146 298 1176 else
313 1148 383 1178 solet
397 1149 499 1186 puellis
512 1147 668 1178 credulitas.
689 1147 773 1176 Ovid.
790 1156 831 1184 17.
849 1146 931 1185 Epist.
946 1156 988 1183 39.

122 1181 192 1219 Capi
204 1184 378 1215 credulitate.
402 1187 484 1216 Ovid.
501 1196 523 1216 1.
536 1186 571 1214 de
582 1186 660 1214 Pont.
677 1195 700 1214 1.
714 1195 759 1220 44.

120 1219 153 1250 ln
164 1221 264 1251 bonam
277 1229 382 1261 partem
395 1224 539 1254 Christiani
550 1224 702 1260 Scriptores
712 1223 749 1252 usi
761 1221 863 1252 sunt.ut
872 1222 1070 1257 Salvian.lib.3.
1082 1222 1119 1251 de
1129 1222 1242 1254 Provid.

137 1258 196 1294 Qui
208 1266 263 1289 tam
274 1271 402 1298 magnam
413 1261 582 1291 credulitatis
592 1262 617 1290 ἃ
626 1260 692 1290 fidei
703 1260 860 1290 mercedem
869 1260 922 1289 hoc
930 1260 1028 1290 saeculo
1036 1260 1090 1290 effe
1101 1260 1239 1297 volumus,

140 1296 227 1333 qualis
236 1300 385 1329 credulitas
400 1301 424 1328 Sc
439 1298 571 1328 fidesesse
583 1298 684 1328 debeat
695 1298 874 1328 confiderate.

81 1333 182 1363 Cizan
195 1338 255 1372 uo,
279 1336 310 1367 V.
333 1337 448 1366 Creduis
462 1359 470 1372 ,
491 1337 521 1366 in
540 1346 659 1366 cuano
675 1337 710 1366 ad
726 1337 772 1365 fin.

83 1371 106 1401 C
116 1382 131 1401 R
143 1383 185 1402 am
196 1383 214 1403 A
225 1377 289 1404 srr‘:
300 1385 358 1404 aas
369 1398 377 1409 ‚
399 1385 455 1404 um.
477 1385 514 1404 m.
537 1374 576 1413 pl.
598 1374 793 1410 [κεεκςιςΐτρες]
821 1374 905 1403 Nervi
921 1396 929 1409 ‚
951 1384 965 1404 a
980 1374 1079 1411 quibus
1095 1375 1175 1404 testes
1194 1375 1242 1404 de.

120 1412 257 1449 pendent.
297 1412 436 1442 Columel.
454 1412 502 1442 lib.
513 1416 538 1442 6.
552 1422 612 1450 cap.
623 1416 667 1441 26.
690 1412 798 1442 Deinde
818 1413 894 1450 prius
917 1422 1002 1448 quarn
1020 1413 1121 1441 ferrum
1145 1413 1242 1442 admo-

116 1458 201 1485 veas,
221 1450 328 1480 duabus
341 1450 566 1488 angustisligneis
584 1451 686 1488 regulis
707 1450 816 1486 (veluti
837 1450 1009 1487 forcipibus)
1031 1450 1241 1487 apprehendere

118 1487 227 1516 testium
237 1497 337 1518 nervos
347 1511 355 1523 ‚
374 1498 442 1524 quos
457 1488 544 1518 Graeci
558 1489 713 1524 κρεμριςῆρᾳς
726 1488 761 1517 ab
774 1498 809 1517 eo
820 1487 979 1526 appellant,
999 1489 1075 1526 quod
1086 1497 1120 1518 ex
1130 1488 1185 1518 illis
1195 1498 1242 1526 ge-

79 1543 82 1546 ·
116 1525 220 1554 -nitales
230 1532 320 1563 partes
331 1526 502 1564 dependent.
537 1526 567 1556 V.
590 1526 660 1556 Cels.
676 1535 700 1561 7.
718 1531 760 1559 18-

80 1561 301 1598 Germano,
323 1564 540 1594 CREMATOR.
582 1564 613 1594 V.
637 1573 770 1593 CREMO.

80 1600 108 1627 C
119 1609 133 1628 a
143 1601 158 1628 ἴε
168 1611 188 1629 Μ
197 1610 225 1635 R,
247 1610 285 1631 es.
308 1602 435 1638 [κξὲμη]
456 1600 527 1632 Urbs
539 1602 639 1636 Ponti,
662 1612 677 1631 a
689 1611 742 1638 qua
753 1601 857 1638 gentile
871 1601 1030 1631 Cremefius.
1052 1601 1148 1640 Steph.

81 1637 253 1673 Carmen,
275 1639 512 1669 CREMBNTUM
529 1662 537 1675 ‚
557 1650 608 1678 pro
620 1641 775 1677 Augmento
787 1661 795 1674 ,
825 1639 857 1668 V.
880 1649 1024 1668 causeo.

81 1675 129 1705 CR
139 1677 206 1705 ΕΜὲ
217 1687 234 1706 R
245 1686 264 1706 A
274 1698 284 1712 ‚
306 1688 336 1707 ae.
358 1678 377 1707 f.
399 1678 552 1714 [Χειμάρῳ]
575 1677 685 1707 Fluvius
698 1677 814 1713 Tusciae,
835 1678 911 1716 apud
924 1686 1007 1713 quem
1017 1676 1095 1707 Fabii
1115 1687 1131 1707 a
1145 1677 1242 1708 Veien.

119 1713 193 1744 tibus
206 1715 288 1744 occifi
301 1716 419 1745 fuerunt.
442 1716 541 1751 Juven.
555 1726 581 1745 2.
598 1716 652 1745 Sat.
665 1725 726 1750 ¹55-

200 1752 277 1789 Quid
287 1754 421 1783 Cremerae
432 1753 506 1791 legio
518 1776 526 1788 ‚
547 1755 574 1784 &
589 1754 691 1783 Cannis
701 1753 864 1789 consumpta
875 1754 1006 1787 iuventus

199 1790 256 1820 Tot
270 1791 408 1821 bellorum
419 1793 542 1821 animae‘?
637 1791 667 1820 V.
690 1791 773 1820 Ovid.
787 1801 813 1821 2.
826 1791 891 1820 Fast.
903 1800 968 1826 205.

78 1827 106 1858 'C
115 1837 129 1856 a
139 1837 200 1857 Ε’Μι
211 1839 229 1858 u
238 1840 270 1867 Μ.
290 1830 308 1858 i.
330 1839 358 1859 n.
381 1828 519 1866 [Φρύνων]
538 1829 676 1859 Columel.
689 1828 736 1858 lib.
752 1838 792 1858 12.
806 1839 866 1866 cap.
879 1839 920 1865 19.
942 1828 1056 1858 rusticos
1067 1829 1181 1859 dicitita
1191 1839 1241 1859 no.

119 1866 226 1896 minare
235 1867 358 1897 surculos
368 1868 458 1897 aridos
468 1868 640 1897 &minutos:
663 1876 818 1904 quanquam
831 1867 963 1903 scriptum
979 1867 1017 1895 est
1035 1868 1152 1897 Gremia.
1174 1868 1242 1898 Her-

119 1903 228 1934 molaus
240 1906 268 1934 in
278 1905 407 1935 Plinium.
449 1905 572 1943 Quidam
585 1906 703 1934 Carnem
718 1905 815 1933 frixam
832 1905 861 1933 in
878 1905 992 1933 frixorio
1002 1905 1219 1943 interpretantur
1231 1929 1241 1943 ,

117 1952 182 1977 quae
195 1953 251 1980 quo
264 1944 350 1980 magis
361 1949 494 1980 torretur,
516 1953 550 1972 eo
559 1944 646 1980 magis
656 1944 742 1972 virtus
756 1943 893 1972 &humor
911 1950 1077 1971 evacuatur:
1100 1945 1126 1973 δι
1144 1943 1172 1972 in
1190 1944 1242 1974 hac

118 1979 318 2017 significatione
334 1981 500 2011 Psalmorum
512 1982 693 2019 interpretem
704 1980 841 2018 usurpasse
856 1980 992 2010 affirmant
1004 2002 1012 2014 ,
1033 1980 1080 2009 ubi
1092 1982 1181 2018 inquit
1202 1982 1240 2013 Ps.

122 2028 216 2053 ¹0¹·4·
227 2019 302 2056 vulg.
326 2019 359 2049 Et
370 2018 426 2049 offa
434 2029 497 2049 mea
507 2019 575 2049 licut
582 2019 714 2048 cremium
722 2024 862 2048 aruerunt.
902 2018 971 2047 Sunt
980 2025 1075 2048 tamen
1090 2021 1137 2056 qui
1149 2020 1242 2050 Frixo-

117 2056 193 2086 tium
204 2057 293 2087 velint
304 2057 357 2086 esse
369 2067 377 2088 ι
399 2057 446 2086 alii
459 2058 565 2087 Durum
576 2056 646 2086 illud
657 2056 733 2093 quod
744 2057 773 2085 in
784 2056 898 2085 frixorio
908 2063 1041 2085 remanet.

118 2094 298 2125 cinnamomi
308 2095 380 2124 sorte
389 2096 493 2125 cremia
502 2095 629 2125 discerni.
662 2094 732 2124 Plin.
743 2093 792 2124 lib.
808 2104 850 2124 12.
864 2104 925 2132 cap.
942 2104 983 2130 19·
1018 2094 1074 2124 Sed
1100 2094 1186 2124 Hard.
1207 2104 1243 2126 ex

138 2132 201 2162 Mis.
223 2133 303 2163 Sorte
317 2134 428 2171 gemina
438 2133 514 2171 legit.

80 2170 307 2207 διπηιλυς,
329 2181 354 2201 0.
373 2178 422 2206 ut,
446 2171 560 2201 Arbores
572 2171 728 2206 cremiales,
744 2169 762 2200 l.
774 2179 800 2207 7.
818 2169 880 2207 Dig.
893 2169 929 2199 de
940 2169 1021 2198 solut.
1034 2170 1186 2208 matrim.§.
1199 2180 1242 2202 η.

118 2208 160 2237 Ita
168 2208 267 2246 ‘legunt
275 2209 385 2239 Salmas.
397 2211 423 2239 &
433 2209 583 2238 Hotoman.
605 2208 694 2245 Vulgo
708 2208 808 2245 legitur
826 2207 986 2237 Gremiales.

115 2246 233 2277 Arbores
244 2247 395 2277 Gremiales
403 2248 430 2276 in
442 2248 510 2276 edit.
525 2247 882 2284 Flor.Ant.August.Termes.
894 2244 1243 2278 AliiCremiales.videLeX.

119 2284 202 2320 Juris.
216 2285 291 2315 Hst.
304 2285 514 2315 Desiderabatur
523 2285 582 2314 haec
592 2285 714 2314 dictioin
725 2283 900 2320 ed.Lugd.de
912 2283 1046 2319 quaconf.
1060 2282 1145 2320 Cang.
1156 2284 1241 2315 Gloff.

79 2323 105 2353 C
114 2333 129 2352 a
140 2333 154 2352 r:
162 2333 183 2352 M
193 2332 240 2352 m(
249 2333 265 2352 o
274 2333 294 2352 N
302 2344 315 2359 ,
336 2324 407 2353 6nis.
429 2324 448 2352 f.
471 2324 625 2359 [Κρεμμύων
642 2321 808 2360 Stephano]
830 2321 975 2359 Oppidum
984 2330 1042 2349 non
1057 2321 1153 2357 procul
1165 2332 1180 2351 a
1192 2323 1244 2355 ,Co-

118 2361 230 2428 rinth&
250 2361 418 2428 (ijuxtanquod
429 2360 552 2391 Theseus
560 2360 655 2397 suem,
676 2370 736 2398 quae
755 2368 854 2388 omnes
873 2368 955 2396 agros
971 2358 1146 2394 devastabat,
1168 2361 1243 2390 occi-

115 2399 170 2429 dit.
222 2399 246 2427 vi
271 2422 276 2427 .
308 2422 313 2427 .
360 2406 395 2428 et.
466 2422 474 2428 .

196 2409 338 2474 Quodgue
346 2409 543 2467 smnssgcums
558 2441 615 2465 arat
627 2435 785 2473 Cremyona
804 2434 932 2464 colonus.
1051 2434 1106 2464 Ubi
1124 2433 1243 2467 alterum

117 2486 158 2511 u,
178 2474 270 2504 versus
285 2475 397 2511 gratiaa
409 2482 491 2512 poeta
501 2474 539 2503 est
552 2473 657 2503 elisum.
698 2473 872 2511 Crommyon
892 2478 986 2502 autem
1004 2482 1054 2510 per
1065 2482 1082 2501 o
1094 2494 1101 2508 ‚
1122 2475 1188 2504 urbs
1204 2475 1243 2504 est

118 2514 196 2549 juxta
204 2512 383 2547 Ascalonem,
405 2513 441 2542 de
451 2511 590 2549 quainfra.
625 2511 719 2541 Heius.
731 2511 792 2540 Suis
802 2513 827 2541 ἃ
836 2511 1004 2549 Cromyona.
1028 2521 1054 2547 q.
1068 2510 1100 2540 V.

79 2551 104 2581 C
114 2553 152 2581 ιιῖῑ
162 2562 182 2579 n
193 2560 210 2580 0
221 2572 228 2585 ,
249 2547 357 2586 [κοάω]
376 2554 431 2580 are.
452 2549 631 2580 Comburere.
656 2549 726 2579 Plin.
738 2549 787 2579 lib.
802 2558 846 2587 17.
858 2558 920 2587 cap.
933 2559 957 2578 1.
978 2549 1020 2578 Ad
1033 2549 1156 2579 Neronis
1166 2549 1244 2588 prin-

117 2589 190 2627 cipis
200 2588 332 2618 incendia
340 2610 348 2624 ‚
370 2588 469 2624 quibus
479 2588 612 2618 cremavit
620 2587 725 2617 urbem.

116 2627 210 2663 Equos
219 2636 351 2656 cremare.
373 2626 442 2655 Plin.
452 2626 500 2655 lib.
513 2635 537 2663 7.
549 2635 611 2664 cap.
623 2634 668 2661 30.

116 2665 210 2694 Faces.
234 2664 319 2694 Ovid.
333 2670 361 2697 8.
373 2664 443 2694 Met.
454 2669 518 2700 878.

115 2703 177 2740 Igni
188 2703 312 2732 cremari.
335 2702 394 2731 Cic.
410 2712 436 2732 2.
456 2702 492 2731 de
500 2701 594 2740 Legib.
607 2710 651 2738 57.
673 2699 738 2730 Caes.
753 2709 777 2730 1.
793 2699 861 2730 Bell.
874 2700 945 2730 Gall.
958 2711 984 2737 7.

114 2740 265 2778 Sepultura
275 2739 376 2769 humili
385 2740 511 2770 cremari.
552 2739 610 2768 Cic.
621 2748 664 2774 14.
676 2738 777 2776 Philip.
790 2747 833 2775 34.
865 2739 952 2775 Quod
969 2745 1064 2768 tamen
1081 2739 1172 2778 ipsum
1190 2751 1240 2779 pro

133 2779 224 2817 patria
237 2787 294 2807 non
303 2777 489 2846 ngiciserandum
499 2783 628 2816 putatur:
649 2786 703 2806 nec
725 2776 848 2815 dispersis
864 2777 964 2813 bustis,
984 2777 1083 2806 humili
1101 2778 1241 2817 sepultura

136 2824 274 2846 crematos
283 2837 291 2850 .
337 2825 362 2845 c.

116 2853 230 2892 Tepore
241 2854 299 2882 leni
308 2853 436 2884 cremari.
458 2852 544 2883 Ovid.
557 2862 584 2882 2.
600 2851 668 2882 Met.
683 2857 746 2896 8¹11.

74 2893 100 2924 C
109 2903 125 2922 ιι
133 2902 148 2921 a
156 2903 178 2922 M
188 2902 207 2921 A
215 2900 237 2921 N
247 2902 266 2920 r>
274 2901 293 2921 u
303 2901 315 2921 s
325 2913 334 2928 ‚
354 2901 370 2922 a
380 2913 388 2928 ‚
408 2900 467 2922 um.
489 2891 586 2921 Partic.
607 2892 624 2926 [
631 2889 768 2925 καωςεΘψ]
788 2895 831 2926 ut,
843 2889 972 2920 Membra
982 2890 1140 2922 cremanda.
1151 2891 1238 2922 ovid.

115 2931 146 2960 in
157 2930 218 2960 [bin
230 2951 238 2963 ,
260 2935 322 2965 518.

194 2967 251 2997 Des
260 2974 306 2997 tua
315 2966 451 2997 succensae
461 2966 586 2997 membra
591 2965 742 2995 cremanda
752 2973 837 3003 pyrae.

114 3005 187 3036 Dare
196 3011 270 3036 artus
281 3005 456 3036 cremandos.
495 3002 560 3035 Sen.
576 3004 675 3034 Ostav.
696 3013 722 3032 v.
742 3012 803 3036 171.

195 3043 285 3073 Etiam
297 3052 431 3077 noverca,
454 3052 540 3080 quum
549 3042 622 3081 rogis
632 3048 707 3071 artus
716 3047 778 3071 tuos

194 3080 281 3110 Dedit
290 3080 466 3110 cremandos.

73 3119 125 3149 ‘Cn
133 3128 176 3148 EM
186 3122 202 3148 i
211 3129 231 3147 T
243 3129 260 3148 u
268 3128 292 3152 s,
314 3128 339 3152 a.
360 3128 418 3148 um.
436 3118 632 3154 [κεκαυμένος]
652 3115 748 3146 Partic.
773 3116 831 3146 Cic.
844 3127 866 3147 ι.
878 3117 914 3146 de
923 3116 1017 3147 Divin.
1029 3126 1074 3155 47.
1088 3117 1115 3148 O
1126 3119 1241 3156 praecla-

115 3167 177 3186 rum
193 3155 337 3186 discessum
364 3156 498 3193 (inquit)
527 3165 543 3186 e
561 3156 636 3188 vita,
657 3165 743 3191 quum
764 3155 817 3188 (ut
836 3155 948 3185 Herculi
967 3156 1108 3193 contigit)
1127 3158 1239 3188 mortali

114 3204 231 3232 corpore
239 3200 363 3224 cremato
371 3216 380 3228 ‚
400 3195 429 3223 in
438 3193 532 3223 lucem
543 3215 551 3228 ‚
571 3193 679 3222 animus
691 3191 842 3223 excesserit.
879 3193 922 3223 De
932 3193 1038 3223 Calano
1047 3194 1128 3224 Indo.

111 3233 264 3262 Corinthus
273 3238 394 3261 cremata
403 3231 532 3261 flammis.
554 3231 618 3260 Sen.
633 3230 710 3260 Med.
730 3240 753 3259 1.
767 3236 794 3265 8.

112 3271 195 3301 Ilium
205 3280 367 3299 crematum.
390 3269 455 3299 Hor.
469 3281 496 3305 4.
509 3269 600 3298 Carm.
614 3279 640 3303 4.
657 3277 701 3303 53.

194 3308 283 3342 Gens,
305 3318 366 3345 quae
373 3315 496 3337 cremato
507 3307 586 3336 fortis
597 3306 630 3336 ab
642 3306 692 3335 Ilio
703 3327 712 3339 ,
730 3307 782 3335 διο.

96 3362 97 3365 =
113 3346 244 3377 Mortuos
253 3353 388 3375 crematos
397 3346 527 3375 excitare.
548 3344 628 3374 Idem
638 3344 726 3382 Epod.
740 3353 782 3380 17.
794 3351 840 3380 79.

116 3384 298 3422 Purgamenta
308 3389 438 3413 cremata.
464 3382 531 3412 Plin.
540 3392 586 3411 20.
599 3393 623 3417 ς.
924 3415 927 3419 y

74 3423 99 3453 C
109 3432 125 3451 a
135 3432 150 3451 a
159 3433 180 3451 M
189 3426 206 3451 13.
215 3431 234 3450 τ
244 3433 252 3450 1
262 3432 279 3451 o
287 3444 295 3457 ,
317 3421 388 3451 onis.
409 3421 428 3450 f.
451 3420 585 3457 [καῦσις]
605 3419 674 3450 Plin.
683 3419 732 3449 lib.
742 3428 786 3456 ²3·
801 3428 861 3457 cap.
873 3427 899 3449 2.
922 3418 1063 3449 Crematio
1076 3420 1102 3451 ei
1116 3420 1238 3452 multum

114 3460 215 3489 virium
227 3460 332 3496 adjicit.

73 3498 280 3528 canni-troii
292 3520 299 3532 .,
321 3498 385 3527 ὅτίς.
406 3506 443 3525 m.

114 3542 157 3564 tor
168 3535 242 3564 Deus
251 3557 259 3571 ‚
280 3536 299 3564 i.
311 3545 335 3564 e.
360 3535 416 3571 Qui
427 3534 547 3563 flammis
558 3533 698 3562 mundum
711 3533 857 3573 puniturus
866 3532 914 3562 est.

74 3574 100 3603 C
111 3583 127 3601 u
136 3583 150 3601 a
159 3583 180 3601 M
188 3575 205 3601 Ᾰ
215 3574 272 3602 Βῖι.
282 3584 291 3601 ι
300 3583 313 3602 s
323 3595 331 3608 ‚
353 3583 377 3602 e.
400 3571 482 3601 Gloss.
494 3571 589 3608 Cyrill.
603 3569 768 3600 Cremabilis
777 3592 785 3606 ‚
806 3574 949 3605 munla&-

74 3612 307 3646 Cani-imnis,
329 3610 359 3639 V.
382 3619 570 3640 casurum

77 3649 178 3678 Cain
189 3651 261 3677 6NA
271 3670 279 3681 ,
299 3658 330 3678 ae.
353 3649 372 3678 f.
395 3646 550 3684 [κρεμόω]
569 3644 655 3675 ltaliae
665 3646 781 3675 civitas:
804 3645 840 3675 de
855 3654 912 3682 qua
927 3644 1015 3676 Strab.
1026 3645 1075 3676 lib.
1089 3656 1113 3682 ς.
1131 3645 1167 3677 sic
1177 3647 1239 3678 scri.

113 3686 171 3720 bit,
193 3685 238 3714 Cis
249 3685 352 3715 Padurn
363 3696 429 3715 vero
441 3708 449 3720 .‚
472 3686 633 3720 circumque
641 3683 744 3712 Padum
754 3683 942 3714 celeberrimae
952 3683 1015 3713 sunt
1025 3685 1164 3720 civitates,
1182 3686 1239 3715 Pla.

112 3723 207 3753 centia
218 3724 243 3752 81
252 3722 389 3753 Cremona
402 3743 409 3754 .
430 3722 558 3752 mediain
567 3722 682 3758 regione
693 3720 929 3759 propinquiffimae
942 3730 949 3750 τ
969 3722 1043 3752 inter
1053 3722 1102 3752 has
1114 3745 1123 3758 ‚
1146 3725 1172 3753 &
1182 3724 1239 3753 Ari-

112 3762 221 3791 minum
233 3760 294 3789 sunt
306 3761 414 3795 Parma,
437 3761 547 3790 Mutina
558 3782 566 3795 ‚
588 3758 723 3788 Bononia.
747 3759 817 3796 Virg.
830 3769 855 3793 9.
867 3758 925 3788 Ecl.
938 3764 984 3794 28.

193 3798 309 3828 Mantua
321 3808 361 3828 vze
375 3799 478 3828 miserae
488 3798 605 3827 nimium
616 3797 707 3826 vicina
717 3794 872 3825 Crenionae.

73 3837 219 3868 cremor.
230 3858 238 3870 ,
260 3837 325 3865 oris.
347 3846 384 3865 m.
406 3831 554 3873 [nausis]
575 3835 607 3865 ld
622 3835 697 3869 quod
713 3835 878 3872 exprimitur
891 3843 926 3863 ex
949 3841 1034 3871 grano
1052 3833 1146 3872 aliquo
1166 3846 1237 3874 aqua

111 3881 258 3905 macerato.
298 3873 367 3903 Cato
378 3874 413 3903 de
423 3874 454 3903 R.
465 3873 496 3903 R.
508 3883 532 3903 c.
548 3876 592 3907 86.
616 3872 670 3901 Ubi
688 3874 800 3901 coctum
814 3873 880 3906 erit,
900 3871 972 3901 laete
985 3872 1070 3901 addat
1083 3873 1216 3910 paulatim
1228 3897 1236 3910 ‚

111 3912 196 3949 usque
215 3913 285 3940 adeo
305 3912 398 3940 donec
417 3921 524 3940 cremor
539 3910 638 3940 crassus
652 3910 705 3939 erit
723 3910 820 3939 faesus.
861 3908 934 3939 Hinc
952 3919 1106 3939 cremorem
1124 3911 1238 3948 ptisanae

110 3951 199 3981 Galen
205 3959 235 3979 us
249 3957 331 3986 atque
341 3949 412 3981 adeo
423 3949 528 3980 medici
538 3958 636 3979 omnes
646 3954 748 3978 vocant
754 3947 867 3979 succum
877 3955 914 3977 ex
923 3947 1033 3978 hordeo
1046 3950 1128 3979 cocto
1142 3959 1240 3988 perco-

168 3987 250 4020 Vor..
290 3987 312 4018 1.

466 3494 524 3533 Qui
535 3501 648 3525 cremat.
689 3494 808 3525 Tertull.
827 3494 890 3524 adv.
910 3495 999 3525 Marc.
1013 3506 1039 3531 5.
1054 3499 1098 3526 16.
1127 3495 1239 3527 Crema.

1292 3538 1490 3572 Οιελτοκ,
1512 3538 1576 3567 ὅτίς.
1596 3546 1633 3566 m.

1672 84 1952 122 cai:
2377 112 2447 146 7¹5

1322 165 1407 194 latum
1419 166 1444 195 Sc
1459 165 1612 203 expressum
1625 188 1632 200 ,
1655 166 1731 203 quod
1742 167 1826 202 vulgo
1840 167 1943 197 dicitur
1956 169 2091 200 hordeum
2104 175 2275 206 mundatum.
2316 178 2384 210 Cels.
2397 181 2445 211 lib.

1325 204 1626 275 {1'iccai31'27'qguoenda
1637 205 1714 234 alvus
1724 227 1732 240 ,
1756 205 1799 234 vel
1810 215 1889 242 aqua,
1913 206 1955 235 vel
1966 208 2077 244 ptisanae
2089 221 2221 243 cremore.
2244 216 2326 245 ovid.
2341 219 2375 247 de
2387 219 2447 249 Me.

1408 264 1516 307 Hordea
1528 288 1609 314 quem
1624 279 1729 308 fuciunt
1739 280 1793 309 illis
1810 280 1926 310 infunde
1938 291 2102 314 cremorem.

1289 315 1312 344 C
1322 324 1337 342 R
1347 318 1361 341 ῖ
1372 324 1389 341 Ν
1402 325 1417 343 Α
1429 338 1435 349 ,
1457 327 1487 345 ae.
1510 318 1528 345 f.
1552 318 1665 351 [κρήνη]
1688 318 1851 347 Hermolaus
1862 320 1889 347 in
1905 319 1971 348 Plin.
1985 320 2032 349 lib.
2049 331 2089 350 ιι.
2102 332 2163 359 cap.
2179 332 2219 359 37.
2235 325 2328 356 Crenae
2338 329 2450 361 suntqn,

1328 351 1436 388 cisum,
1459 364 1472 382 a
1485 354 1585 390 quibus
1597 364 1706 383 crenuta
1720 356 1863 385 herbarum
1875 357 1938 385 solia
1949 365 2083 387 vocantur
2094 381 2101 394 ‚
2125 360 2177 389 hoc
2187 362 2224 390 est
2234 362 2344 401 serrata,
2366 368 2449 399 sesta-

1328 400 1381 425 que
1395 401 1442 426 per
1452 392 1596 420 ambitum.
1635 393 1726 422 Hodie
1746 403 1856 429 quoque
1871 395 1964 423 multis
1984 396 2052 426 locis
2068 397 2139 433 signa
2155 399 2253 435 quibus
2273 404 2385 437 agrestes
2400 417 2450 435 nu.

1329 437 1435 469 merum
1453 429 1573 465 aliquem
1590 430 1617 457 in
1637 430 1730 460 ferulis
1751 432 1920 468 descriptum
1937 433 2058 468 habent,
2080 436 2177 465 Crenae
2194 437 2378 474 appellantur.
2419 444 2452 473 In

1329 464 1424 500 sagitta
1436 476 1562 502 quoque,
1584 469 1667 503 partis
1679 477 1808 498 extremae
1820 469 1903 499 sectio
1915 492 1922 503 ,
1944 471 1972 499 in
1984 481 2064 508 quam
2077 483 2176 503 nervus
2193 475 2319 505 inseritur
2329 500 2335 511 ‚
2357 489 2451 511 arcum

1328 503 1444 532 tendere
1454 504 1610 533 volentibus
1622 526 1630 538 ‚
1650 506 1738 535 Crena
1754 507 1863 536 dicitur.
1904 508 1958 536 Sed
1971 510 1996 538 Sc
2008 510 2035 537 in
2056 510 2114 547 ipso
2133 521 2196 540 arcu
2210 512 2315 543 summa
2326 525 2430 547 cornua

1330 549 1428 569 crenas
1440 541 1630 585 suashabent.
1652 543 1679 571 in
1699 545 1798 580 quibus
1820 545 1988 578 collocatur.
2011 547 2142 585 sedetque
2161 559 2268 580 nervus.
2310 540 2452 585 Haerenti}

1331 576 1503 619 llermolaus.
1529 579 1595 622 Plin.
1610 579 1656 608 lib.
1670 591 1709 610 11.
1724 592 1784 619 cap.
1800 591 1840 618 37.
1856 583 1931 619 §.68
1953 584 2044 613 Postea
2058 587 2155 615 arteria
2176 589 2201 617 oz
2216 588 2373 620 stomachus
2386 593 2455 622 den-

1330 616 1460 660 trculatus
1475 616 1546 659 callo
1558 627 1585 645 in
1595 618 1710 660 modum
1724 619 1827 649 rubiad
1839 620 2031 651 conficiendos
2046 623 2124 653 cibos
2135 647 2141 654 .
2164 626 2387 658 decrescentibus
2396 640 2454 660 cre-

1331 661 1374 681 nis
1383 654 1515 690 quicquid
1527 664 1732 692 appropinquat
1746 658 1876 688 ventri.ln
1887 658 1965 688 MSS.
1978 660 2174 697 legirnrRenis,
2186 664 2453 699 autVenis.V.Hard.

1293 688 1366 756 ga}
1377 700 1394 718 Ν
1406 702 1412 719 ι
1423 701 1445 726 s,
1463 693 1523 721 idis.
1546 692 1565 721 f.
1588 692 1726 730 Nymphae
1737 705 1851 729 nomen,
1864 696 1931 724 teste
1943 697 2077 728 Prisciano
2093 703 2272 736 grammatico
2282 703 2310 731 in
2322 703 2452 741 septimo.

1327 737 1340 754 a
1352 738 1364 755 Ε
1377 738 1395 756 Ν
1407 740 1429 757 re
1441 739 1459 758 U
1469 739 1480 758 S
1493 751 1501 764 ,

1382 767 1386 771 ¹
1431 767 1436 772 .
1532 730 1694 766 [Kama2&⁴]
1723 742 1737 761 a
1758 742 1896 769 canna,
1925 734 1971 764 Gr.
1995 736 2078 772 ιεςιίνη,
2110 748 2214 768 nomen
2231 739 2352 778 Lapithae
2377 744 2454 781 apud

1333 766 1457 795 Ov1d.1n
1472 767 1587 796 Metam.
1604 777 1644 797 12.
1657 777 1667 803 3
1678 779 1685 796 ι
1696 779 1718 804 3.

1294 801 1389 832 Caro
1400 825 1407 836 ,
1430 801 1526 841 [κτίζω
1537 826 1546 839 ,
1567 806 1671 840 wuda»,
1691 807 1776 840 πιίω,
1797 804 1949 843 &munic-³]
1969 813 2025 840 are.
2047 820 2062 840 a
2079 812 2167 842 Carne
2183 814 2342 852 derivatur,
2362 819 2454 856 inquit

1331 839 1456 871 Perottus
1468 863 1476 876 ,
1497 844 1523 872 &
1541 841 1695 873 Producere
1709 844 1848 880 significat.
1890 846 1947 875 Cic.
1963 858 1984 881 ς.
2001 849 2037 877 de
2049 849 2108 879 Fin.
2123 856 2167 887 38.
2198 852 2307 883 Etenim
2325 858 2454 888 omnium

1329 888 1437 913 rerum,
1459 889 1526 916 quas
1538 881 1563 909 &
1574 888 1650 910 creat
1662 890 1772 916 natura,
1794 884 1819 912 oz
1833 889 1926 912 tuetur
1936 906 1944 917 ‚
1967 887 2018 914 620.

1330 916 1434 983 Νέῑιὲιέ
1442 919 1516 984 (8ιίηέ
1525 918 1742 984 fi2ngithomines
1759 922 1784 950 Sc
1797 921 2032 954 creutimitatores
2045 925 2070 953 ἄ
2088 932 2243 957 narratores
2259 928 2373 960 facetos
2393 931 2452 962 Cic.

1373 977 1378 983 .
1475 966 1501 984 ra
1516 978 1521 984 .
1560 966 1599 991 19.

1331 991 1430 1021 Creare
1440 994 1464 1022 Sc
1476 994 1587 1031 gignere
1597 995 1660 1023 artis
1676 995 1798 1025 maxime
1814 997 1958 1033 proprium
1969 997 2013 1027 est.
2038 998 2095 1029 Cic,
2106 1009 2132 1031 2.
2154 1002 2189 1031 de
2201 1002 2264 1033 Nat.
2277 1004 2359 1035 Dect.
2373 1015 2417 1043 37.

1331 1029 1418 1059 Terra
1429 1033 1530 1060 creavit
1544 1041 1630 1068 genus
1646 1033 1807 1063 humanum.
1825 1034 1934 1064 Lucret.
1944 1036 1992 1064 lib.
2006 1047 2029 1071 ς.
2041 1042 2107 1071 820.

1331 1068 1458 1098 Arbores.
1482 1069 1552 1105 Virfz.
1568 1080 1593 1099 2.
1613 1070 1712 1107 Georg.
1726 1081 1751 1106 9.

1426 1106 1565 1144 Principio
1577 1107 1721 1138 arboribus
1733 1110 1804 1138 varia
1819 1109 1857 1138 est
1868 1115 1965 1139 natura
1977 1113 2111 1143 creandis.

1332 1143 1463 1173 Carmina
1472 1152 1559 1173 creata
1569 1146 1604 1174 de
1613 1146 1714 1181 aliquo.
1737 1147 1820 1176 Ovid.
1839 1155 1862 1181 3.
1883 1148 1962 1178 Trist.
1979 1159 2020 1184 14.
2037 1160 2078 1184 14.

1424 1181 1542 1211 Palladis
1550 1184 1680 1220 exemplo
1696 1207 1704 1219 ‚
1727 1185 1762 1213 de
1772 1195 1816 1214 me
1827 1185 1884 1214 sine
1897 1194 1983 1215 matre
2000 1195 2091 1217 creata

1464 1220 1591 1249 Carmina
1607 1222 1684 1251 sunt:
1708 1223 1785 1260 stirps
1797 1223 1855 1252 haec
1863 1225 2064 1262 progeniesque
2078 1236 2150 1257 mea.

1333 1257 1442 1295 Fruges.
1466 1258 1575 1287 Lucrer.
1594 1259 1639 1288 lib.
1654 1270 1679 1289 2.
1697 1270 1757 1295 170.

1413 1295 1554 1334 Tempora
1565 1306 1670 1326 mutare
1681 1308 1817 1328 annorum
1830 1298 1974 1337 frugesque
1987 1310 2088 1331 creare.

1333 1333 1418 1363 Pecus
1437 1344 1530 1363 creare
1540 1357 1548 1369 ‚
1571 1335 1707 1372 Gigncre.
1731 1337 1909 1367 Submittere.
1941 1339 2025 1368 Ovid.
2042 1349 2066 1375 3.
2080 1339 2145 1370 Fast.
2158 1350 2222 1378 241.

1428 1372 1512 1401 Nunc
1527 1373 1664 1402 fecundus
1680 1384 1752 1412 ager,
1774 1376 1884 1412 pecoris
1897 1385 1974 1406 nunc
1983 1376 2051 1406 hora
2061 1379 2184 1409 creandi.

1334 1409 1464 1439 Portenta
1477 1410 1568 1440 tellus.
1592 1411 1698 1441 Lucret.
1712 1412 1758 1441 lib.
1773 1423 1796 1447 5.
1814 1419 1876 1448 835.

1426 1449 1572 1486 Multaque
1583 1455 1642 1478 tum
1655 1450 1736 1480 tellus
1746 1451 1830 1481 etiam
1842 1458 1972 1489 portenta
1981 1461 2075 1483 creare

1426 1486 1533 1516 Conata
1546 1487 1593 1515 est.

1333 1523 1428 1553 Fortes
1438 1532 1564 1554 creantur
1573 1525 1699 1555 fortibus.
1721 1526 1789 1556 Hor.
1800 1537 1827 1564 4.
1838 1527 1929 1558 earm.
1944 1531 1968 1558 6.
1982 1538 2028 1565 29.

1335 1562 1473 1598 Quaeritur
1482 1573 1551 1592 uxor
1563 1564 1655 1600 pueris
1665 1565 1800 1594 creandis.
1825 1565 1889 1595 Hor.
1908 1576 1930 1595 1.
1949 1566 2032 1604 Epist.
2043 1576 2070 1597 2.
2082 1577 2128 1603 44..

1334 1600 1443 1635 Creme,
1454 1601 1592 1635 Excitare‚
1607 1601 1730 1638 Efficere,
1742 1609 1773 1632 ut
1784 1602 2000 1634 Dissolutionem
2010 1605 2152 1636 stomachi·
2178 1606 2246 1637 Plin.
2256 1608 2335 1644 libo.
2347 1617 2459 1648 cartag.

1334 1637 1480 1668 Duritiem.
1519 1638 1588 1668 Cels.
1598 1639 1649 1668 lib.
1662 1649 1687 1669 2.
1701 1650 1761 1678 cap.
1775 1650 1816 1678 13.
1839 1641 1911 1670 Nam
1931 1644 1956 1672 ἃ.
1975 1643 2131 1680 astringitur
2142 1644 2246 1682 aliquid
2261 1656 2294 1675 eo
2305 1649 2437 1686 adempto
2450 1671 2461 1684 ,

1353 1677 1631 1744 guod-interpofigum
1639 1683 1670 1707 ut
1680 1678 1709 1707 id
1725 1678 1863 1710 laxaretur
1874 1679 2015 1717 effecerat,
2030 1683 2057 1711 &
2066 1682 2191 1712 mollitur
2201 1693 2235 1712 eo
2248 1685 2372 1715 detradto
2384 1688 2462 1725 quod

1378 1722 1488 1745 urit1em
1498 1724 1562 1745 crea
1582 1721 1618 1745 at.

1332 1751 1471 1819 Elrrorgm.
1511 1753 1570 1784 Cic.
1582 1763 1608 1783 2.
1620 1753 1656 1784 de
1667 1753 1760 1784 Divin.
1777 1765 1820 1792 ςς.
1842 1755 2054 1794 Nonnunquam
2073 1758 2158 1787 etiam
2169 1768 2291 1790 errorem
2303 1768 2378 1792 creat
2387 1762 2463 1793 simi.

1366 1797 1404 1819 ltu
1426 1800 1452 1819 0·

1332 1828 1482 1859 Fastidium
1496 1839 1587 1860 creare
1598 1829 1699 1859 dicitur
1709 1830 1774 1860 mel.
1805 1830 1875 1860 Plin.
1888 1830 1935 1860 lib.
1944 1840 1990 1862 22.
2007 1842 2068 1871 cap.
2079 1843 2124 1869 24.
2147 1833 2215 1864 Usus
2227 1836 2379 1874 despumati
2391 1838 2462 1868 sem.

1354 1876 1404 1904 per
1416 1868 1507 1905 aptior
1517 1890 1526 1903 ‚
1546 1868 1719 1897 stomachum
1729 1876 1823 1898 tamen
1833 1868 1913 1898 inflat
1924 1891 1933 1905 ,
1954 1870 2038 1901 bilem
2048 1878 2147 1909 auget,
2167 1872 2306 1904 fastidium
2317 1882 2391 1905 creat
2403 1897 2412 1912 ,
2433 1878 2461 1907 δι

1353 1904 1442 1935 oculis
1455 1915 1503 1943 per
1517 1905 1544 1935 se
1554 1907 1654 1935 inutile
1665 1907 1750 1943 aliqui
1764 1906 1941 1937 arbitrantur.

1334 1941 1407 1972 Lites
1419 1953 1510 1973 creare
1520 1945 1547 1973 Sc
1558 1943 1655 1974 serere.
1677 1943 1764 1975 Plaut.
1776 1945 1853 1974 Poen.
1867 1954 1891 1981 3.
1901 1955 1926 1975 2.
1940 1956 1967 1982 9.

1333 1980 1470 2048 quxq-rieg
1474 1988 1582 2012 creatur
1591 1982 1620 2011 in
1628 1982 1694 2012 urbe
1706 2004 1716 2019 ‚
1737 1982 1888 2013 exluxuria
1897 1984 1994 2014 existat
2012 1984 2124 2015 avaritia
2139 1986 2249 2017 necesse
2262 1989 2308 2019 est.
2332 1989 2390 2020 Cic.
2406 2000 2457 2028 pro

1380 2029 1397 2048 o
1412 2029 1435 2048 c.
1474 2029 1540 2049 mer.
1572 2031 1596 2055 ς.
1726 2043 1727 2046 ¹

1334 2056 1511 2087 Seditionem
1526 2029 1627 2088 cr-leare.
1647 2057 1746 2087 Vellei.
1765 2066 1791 2088 2.
1803 2067 1849 2088 20.
1864 2067 1888 2088 x.

1333 2094 1528 2125 Valetudinem
1538 2095 1686 2127 adversam.
1709 2096 1779 2126 Cels.
1791 2096 1839 2126 lib.
1854 2106 1877 2126 1.
1889 2097 1919 2126 in
1934 2107 2053 2135 prooem.
2073 2098 2174 2137 Neque
2183 2099 2237 2130 effe
2248 2101 2377 2138 dubium,
2391 2104 2460 2141 quin

1354 2133 1406 2161 alia
1419 2134 1561 2162 curatione
1573 2143 1644 2171 opus
1655 2134 1686 2162 sit
1694 2154 1701 2166 ‚
1724 2134 1743 2163 fi
1753 2144 1788 2164 ex
1799 2140 1917 2172 quatuor
1927 2137 2072 2174 principiis
2083 2138 2128 2167 vel
2139 2137 2270 2176 superans
2280 2140 2396 2179 aliquid,
2416 2142 2462 2172 vel

1355 2170 1488 2200 deficiens
1500 2171 1642 2201 adversam
1653 2171 1844 2202 valetudinem
1855 2180 1938 2203 creat.

1333 2208 1486 2238 Vomitum.
1511 2209 1579 2239 Plin.
1596 2209 1643 2238 lib.
1657 2219 1682 2244 9.
1696 2219 1756 2247 cap.
1770 2216 1815 2245 48.

1334 2247 1444 2281 Creare,
1454 2246 1566 2283 Afferre,
1576 2256 1641 2277 curn
1651 2247 1757 2282 dmm,
1768 2255 1800 2277 ut
1809 2247 1956 2279 AErumnas
1969 2259 2062 2280 creare
2072 2249 2166 2282 alicui.
2187 2251 2275 2283 Plaut.
2287 2253 2460 2293 MiL1.1.33.

1333 2284 1555 2314 Commoditates
1568 2285 1662 2314 alicui.
1685 2285 1772 2314 Plaut.
1791 2286 1866 2315 Poen.
1880 2297 1906 2322 4.
1922 2296 1949 2316 2.
1963 2298 2008 2323 94.

1333 2322 1469 2352 Fraudem
1480 2322 1533 2352 suis
1543 2322 1668 2352 cruribus
1677 2324 1818 2360 capitique
1829 2323 1885 2353 suo.
1907 2324 1992 2354 Plaut.
2005 2325 2068 2356 Mil.
2081 2335 2108 2356 2.
2120 2335 2144 2363 3.
2154 2335 2200 2364 23.

1332 2360 1441 2389 Odium
1453 2360 1500 2389 fibi
1511 2370 1601 2391 creare
1615 2361 1689 2398 apud
1704 2360 1833 2398 aliquem.
1855 2361 1953 2397 Justin.
1967 2372 2010 2399 31.
2023 2375 2050 2398 4.

1332 2397 1489 2427 Periculum
1500 2398 1591 2428 alicui.
1633 2398 1728 2435 Cic.4.
1743 2399 1816 2428 Verr.
1833 2409 1879 2435 90.
1911 2400 2005 2436 ltaque
2028 2401 2132 2431 hortari
2150 2402 2281 2435 homines
2301 2406 2406 2443 coepit,
2428 2413 2461 2437 ut

1353 2435 1458 2472 aliquid
1471 2437 1567 2466 Stenio
1580 2436 1696 2474 periculi
1708 2444 1833 2466 crearent
1843 2438 2018 2476 criminisque
2029 2439 2231 2479 confingerent.

1335 2472 1517 2512 Voluptatem
1532 2484 1623 2504 creare
1634 2474 1764 2504 inimicis.
1787 2474 1872 2506 Plaut.
1885 2475 1972 2506 Calin.
1989 2487 2014 2506 2.
2026 2486 2051 2513 7.
2067 2487 2092 2514 3.

1330 2510 1431 2541 Creare
1442 2533 1449 2547 ‚
1473 2512 1578 2550 Eligere
1588 2534 1596 2548 ‚
1618 2518 1649 2541 ut
1670 2512 1813 2543 Censores.
1851 2514 1929 2544 Suet.
1948 2516 2016 2553 Aug.
2030 2524 2074 2553 37.
2104 2515 2237 2547 Censores
2255 2519 2342 2548 creari
2357 2519 2461 2551 desitos

1352 2549 1437 2585 longo
1447 2556 1575 2586 ternpore
1586 2551 1697 2581 creavit.

1332 2587 1475 2617 Consules.
1498 2588 1557 2618 Cic.
1570 2599 1595 2624 9.
1609 2591 1660 2618 Art.
1675 2598 1685 2617 1
1694 2598 1717 2618 1.
1739 2588 1772 2619 Id
1783 2589 1931 2628 assequitur
1941 2590 1960 2620 fi
1970 2600 2021 2629 per
2033 2590 2164 2623 Praetores
2173 2593 2304 2625 Consules
2314 2603 2457 2628 creantur.

1332 2625 1441 2655 Ducem
1452 2636 1544 2656 creare
1554 2626 1628 2656 bello
1639 2627 1770 2664 gerendo.
1794 2627 1851 2657 Liv.
1871 2638 1894 2657 1.
1910 2637 1955 2663 23.

1331 2663 1530 2701 Magistratum.
1562 2665 1620 2695 Cic.
1630 2675 1656 2695 2.
1671 2665 1706 2694 de
1719 2665 1811 2695 Divin.
1826 2676 1869 2700 54·
1894 2666 1980 2703 Quod
1992 2667 2106 2704 quidem
2118 2668 2274 2700 institutum
2286 2670 2366 2709 Reip.
2379 2672 2459 2703 causa

1350 2702 1408 2737 est,
1430 2708 1461 2732 ut
1470 2703 1648 2732 comitiorum
1664 2702 1707 2733 vel
1723 2704 1751 2732 in
1768 2704 1881 2737 judiciis
1902 2705 2022 2742 populi,
2043 2705 2086 2734 vel
2107 2707 2135 2735 in
2154 2708 2214 2743 jure
2233 2707 2342 2745 legum,
2363 2710 2409 2740 vel
2427 2711 2459 2740 in

1351 2740 1478 2769 creandis
1491 2741 1692 2778 magistratibus
1703 2763 1711 2777 ‚
1733 2742 1873 2779 principes
1882 2743 2001 2772 civitatis
2013 2742 2100 2773 essent
2111 2745 2283 2782 interpretes.

1332 2777 1408 2808 Vitio
1419 2779 1606 2815 magistratum
1620 2778 1744 2816 aliquem
1756 2780 1983 2816 creare‚Adverlis
1992 2780 2128 2819 auspiciis.
2147 2782 2460 2819 Liv.23.31.ext·r.Crea-

1350 2822 1394 2846 tur
1405 2817 1512 2854 ingenti
1525 2816 1657 2846 consensu
1674 2817 1839 2852 Marcellus,
1861 2819 1908 2856 qui
1934 2819 2077 2857 extemplo
2097 2818 2281 2857 magistrarum
2303 2824 2456 2861 occiperet.

1352 2854 1403 2884 Cui
1415 2854 1525 2884 ineunti
1536 2854 1717 2885 Consulatum
1732 2865 1818 2892 quum
1829 2856 1961 2886 tonuisset
1971 2878 1980 2892 ,
2001 2857 2092 2886 vocati
2116 2859 2238 2896 Augures
2253 2860 2322 2890 vitio
2332 2868 2456 2892 creatum

1350 2892 1440 2922 videri
1455 2894 1716 2930 pronuntiaverunt.
1739 2894 1813 2923 adde
1827 2893 1875 2924 lib.
1890 2899 1916 2929 8.
1931 2903 1973 2931 17.
1986 2895 2015 2925 ec
2031 2905 2057 2930 9.
2068 2904 2094 2932 7.

1329 2929 1436 2968 Regem
1448 2940 1548 2960 creare.
1577 2931 1668 2960 Phaed.
1682 2941 1706 2960 1.
1719 2930 1783 2962 Fab.
1797 2941 1840 2968 3¹·
1854 2937 1881 2967 8.

1330 2969 1479 2998 Senatores
1487 2978 1589 2998 creare.
1610 2969 1685 2998 Suet.
1698 2970 1765 3006 Aug.
1775 2979 1821 3005 40.

1329 3006 1490 3036 Tribunum
1501 3006 1623 3045 aliquem
1635 3007 1696 3037 rite.
1719 3007 1840 3044 Quintil.
1855 3007 1905 3037 lib.
1919 3017 1944 3038 2.
1955 3017 2016 3046 cap.
2030 3018 2058 3044 4.

1292 3047 1485 3079 Cam-irus,
1507 3054 1541 3081 a,
1562 3055 1619 3074 um.
1641 3045 1739 3075 Partic.
1760 3051 1810 3081 ut,
1832 3045 1922 3075 Matre
1941 3046 2015 3076 serva
2024 3051 2142 3077 creatus.
2161 3046 2272 3078 Flora.
2288 3051 2317 3079 6.

1331 3084 1438 3114 Genere
1448 3082 1535 3112 dubio
1547 3089 1666 3112 creatus.
1689 3082 1774 3113 Ovid.
1787 3094 1811 3119 ς.
1826 3083 1896 3114 Met.
1913 3094 1975 3120 145.

1330 3121 1392 3152 Cibi
1402 3121 1495 3149 creati.
1519 3120 1604 3150 Ovid.
1620 3131 1642 3149 1.
1657 3121 1726 3151 Met.
1744 3130 1803 3156 103.

1409 3157 1598 3196 Contentique
1609 3158 1679 3188 cibis
1690 3158 1770 3189 nullo
1781 3165 1901 3197 cogente
1911 3160 2009 3189 creatis
2018 3181 2027 3194 ‚

1409 3196 1545 3226 Arbuteos
1554 3197 1638 3226 foetus
1647 3219 1654 3232 ‚
1676 3204 1863 3234 montanaque
1874 3198 1949 3235 fraga
1959 3197 2098 3235 legebant.

1329 3233 1429 3265 Hostes
1439 3234 1537 3264 tellure
1552 3236 1645 3264 creati.
1668 3234 1746 3264 Idem
1759 3244 1784 3272 7.
1799 3235 1868 3265 Met.
1881 3245 1925 3272 30.

1327 3273 1458 3303 Praetores
1469 3273 1562 3302 creati.
1590 3273 1687 3310 Nepos
1700 3284 1723 3302 1.
1739 3284 1766 3308 4.
1780 3284 1807 3309 4.

1329 3310 1423 3341 Proles
1433 3317 1532 3340 creata.
1555 3310 1639 3339 Ovid.
1653 3319 1678 3347 7.
1695 3311 1763 3340 Met.
1776 3320 1821 3348 30.

1330 3349 1492 3386 Terrigenae
1501 3349 1594 3377 creati.
1619 3348 1721 3378 Lucan.
1731 3359 1758 3383 4.
1775 3357 1837 3384 552.

1294 3387 1482 3431 Carano,
1503 3388 1576 3416 onis.
1597 3385 1617 3415 f.
1646 3384 1764 3423 [κῑίως]
1796 3393 1845 3422 ut,
1867 3385 1978 3416 Creatio
1998 3384 2216 3424 magistratuum.
2238 3385 2335 3426 Cic.3.
2356 3387 2458 3420 (10ῑο-

1348 3424 1383 3454 ib.
1399 3434 1441 3453 10.

1350 3463 1490 3492 iberorum
1498 3462 1645 3529 bcreationi
1669 3462 1785 3492 studere.
1817 3461 1882 3500 Ulp.
1898 3462 1928 3491 in
1952 3462 1971 3492 l.
1991 3462 2012 3491 fi
2026 3462 2232 3500 paterfamilias.
2257 3464 2280 3501 §0
2295 3463 2346 3494 ult.
2362 3464 2397 3496 D.
2416 3466 2455 3496 de

1347 3501 1401 3530 ado
1425 3500 1495 3529 tioni
1518 3522 1524 3529 .

1405 3510 1421 3538 p
1655 3534 1784 3573 [κῖἕςκε]
1805 3537 1864 3566 Cic.
1880 3547 1905 3567 2.
1917 3537 2055 3567 denivin.
2066 3541 2110 3573 64.

1422 3575 1510 3604 Nobis
1521 3575 1580 3604 haec
1592 3581 1719 3613 portenta
1731 3575 1816 3604 deum
1829 3575 1975 3613 dedit·ipse
1985 3582 2099 3605 creator.

1329 3611 1444 3643 Achillis
1456 3614 1549 3649 magni
1562 3619 1690 3648 creator;
1712 3613 1763 3641 i.e.
1787 3611 1873 3642 Pater.
1895 3613 2016 3646 onds.
2038 3613 2183 3649 Nlet.309.

1329 3651 1458 3682 Caelitum
1469 3658 1576 3679 creator
1584 3650 1702 3687 Jupiter.
1727 3651 1742 3678 i.
1756 3660 1779 3679 e.
1805 3650 1890 3680 Pater.
1929 3651 1993 3680 Sen.
2007 3651 2122 3688 Hippol.
2135 3662 2163 3681 v.
2176 3656 2241 3686 888.

1422 3688 1465 3717 Te
1476 3709 1484 3722 ‚
1505 3693 1551 3722 te,
1573 3695 1681 3717 creator
1695 3687 1815 3716 caelitum
1828 3710 1835 3722 ‚
1858 3688 1954 3717 testem
1965 3689 2079 3718 invoco.

1329 3726 1433 3756 Rerum
1450 3731 1558 3754 creator
1569 3727 1594 3755 ἃ
1612 3726 1717 3763 opifex.
1739 3723 1843 3755 Lucan.
1858 3725 1908 3755 lib.
1924 3736 1966 3756 ιο.
1982 3730 2046 3756 266.

1345 3790 1361 3799 x
1426 3764 1511 3800 Atque
1522 3763 1617 3801 opifex
1628 3772 1730 3791 rerum.

1327 3801 1409 3831 Urbis
1420 3801 1516 3830 Romae
1527 3809 1633 3830 creator
1645 3799 1788 3830 Romulus.
1831 3799 1882 3830 Cic
1902 3810 1954 3838 pro
1969 3800 2052 3830 Corn.
2065 3799 2142 3830 Balb.
2157 3811 2200 3837 3¹-
2225 3801 2309 3838 Quod
2324 3803 2455 3839 princeps

1349 3839 1397 3868 ille
1408 3846 1513 3868 creator
1521 3839 1603 3874 hujus
1616 3839 1690 3867 urbis
1701 3837 1837 3867 Romulus
1851 3858 1859 3872 ‚
1880 3838 1986 3867 foedere
1995 3839 2097 3868 Sabino
2107 3840 2205 3869 docuit
2214 3862 2222 3874 ,
2241 3841 2324 3869 etiam
2334 3840 2455 3869 hostibus

1349 3877 1520 3914 recipiendis
1533 3877 1625 3913 augeri
1637 3876 1709 3904 hanc
1723 3876 1863 3905 civitatem
1876 3883 2014 3913 oportere.

2161 3741 2199 3747 —
2206 3726 2252 3757 ille
2260 3734 2371 3757 creator

1291 3912 1511 3949 Cannu&
1531 3916 1592 3943 icis.
1613 3914 1633 3943 f.
1656 3910 1772 3949 [sps-if]
1793 3920 1840 3948 ut,
1863 3914 1966 3943 Rerum
1988 3914 2106 3944 creatrix
2130 3921 2235 3944 natura.
2274 3912 2381 3943 Lucret.
2405 3913 2454 3942 lib.

1328 3955 1451 3983 2.1116.

1804 3989 1834 4018 X
1847 3998 1863 4017 x
1877 3998 1893 4017 x
1903 3997 1921 4017 x
1941 3998 1958 4019 a
2371 3987 2459 4017 Bello-
