2667 4145
250 83 296 115 66
723 79 750 114 A
847 77 879 112 D
976 78 1016 112 M

295 159 413 198 Culpam
431 161 585 190 admittere.
616 161 673 190 Liv.
693 170 715 188 1.
735 159 802 188 Bell.
820 159 929 188 Maced.
969 159 1105 187 Caeterum
1121 166 1179 185 non
1192 155 1285 193 plures
1304 160 1415 197 tantum

312 199 485 227 Macedones
497 208 578 235 quam
588 206 651 228 ante
660 221 668 232 ,
683 198 832 226 tuebantur
843 197 938 224 urbem
948 218 955 228 ,
977 194 1023 223 sed
1033 196 1116 224 etiam
1126 193 1349 232 praesentioribus
1359 203 1415 222 3111-

314 237 365 264 11113
376 258 383 269 ,
405 238 430 265 81
442 235 663 273 castigationibus
675 236 744 271 regis
755 236 783 263 in
795 234 906 262 admilsa
918 233 1008 269 culpa.

295 273 413 310 Culpam
426 275 453 301 in
464 274 490 301 se
502 275 657 302 admittere.
687 273 771 302 Plaut.
788 272 865 300 Trin.
881 281 903 298 1.
917 280 941 298 2.
956 273 980 297 6.

332 312 387 340 Hic
402 311 448 339 ille
459 311 512 344 est,
534 311 642 340 senecta
656 318 733 339 fetate
748 309 794 346 qui
809 309 894 336 sactus
909 307 946 335 est
960 316 1038 344 puer,

334 349 390 384 Qui
405 348 514 377 admilit
528 349 555 377 in
569 348 595 376 se
609 348 719 385 culpam
733 344 945 386 castigabile-1113
1033 343 1098 387 Ter:
1112 343 1220 373 Phorm.
1237 354 1261 373 1.
1275 355 1300 381 5.
1311 355 1357 381 40.

332 387 361 415 Si
374 386 428 420 est,
450 392 546 422 patrue
556 408 563 421 ,
585 386 696 423 culpam
709 390 739 413 ut
750 382 871 419 Antipho
885 392 915 410 111
930 384 956 410 le
969 381 1119 410 admilerit.

292 423 430 452 Dedecus.
455 423 513 452 Cic.
525 434 550 459 9.
564 424 609 452 Att

292 461 435 490 Delictum
450 461 478 489 in
489 460 515 489 se
525 461 680 489 admittere.
711 458 775 487 Ter.
790 456 867 487 Adel.
880 468 905 493 4.
923 467 946 493 5.
961 463 1007 493 48.
1047 457 1096 487 Me
1112 457 1166 487 hoc
1178 458 1313 488 delictum
1327 458 1415 487 admi-

312 498 368 527 lilse
382 499 411 527 in
422 508 466 526 me
477 498 656 527 vehementer
668 496 754 524 dolet.

293 535 427 570 Facinus,
448 536 593 572 flagitium.
624 535 681 562 Cic.
696 543 718 568 3.
736 531 793 562 Off.
807 542 852 567 95.

292 574 428 603 fraudem
442 572 597 610 capitalem.
628 572 751 612 Cic3pro
766 570 833 599 Rab.
846 573 892 599 26.

292 611 472 640 Maleficium.
504 610 561 638 Cic.
576 619 626 646 pro
638 608 716 637 Rolc.
730 609 819 637 Amer.
834 612 879 637 62.

291 649 424 678 Noxiam.
446 648 509 676 Ter.
524 647 592 676 Eun.
608 657 631 682 5.
643 655 668 674 2.
686 656 726 681 13.
809 655 938 675 —unam
949 645 1021 674 hanc
1033 646 1147 675 noxiam

372 686 470 714 Mitte:
492 685 511 713 si
524 684 608 713 aliam
620 693 743 720 unquam
758 683 843 713 ullam
857 683 1009 718 admisero,
1031 684 1163 713 occidito.

291 723 413 753 Noxiam
433 722 534 756 alicui,
564 731 616 759 pro
635 721 790 751 Remittere
809 722 985 751 Condonare.
1020 721 1105 751 Plaut.
1128 720 1233 751 Poenul.
1258 731 1280 750 1.
1302 730 1326 758 3.
1346 731 1408 758 191.

309 761 496 789 Verumetiam
508 760 561 788 tibi
573 760 645 788 hanc
656 759 805 789 admittam
819 762 933 789 noxiam
947 769 1030 788 unam
1042 759 1245 796 Agorastocles:
1273 760 1339 788 Non
1351 760 1410 789 sum

307 799 384 827 irata.
418 798 450 826 In
465 798 620 826 emendatis
637 798 720 828 codd.
738 797 847 835 legitur.
860 798 1002 827 Amittam.
1041 797 1145 833 [Forte
1158 797 1301 826 Omittam.
1327 798 1372 828 Sic
1383 800 1409 828 ἅ

305 846 348 873 ap.
362 835 424 864 Ter.
440 835 590 864 Lindenbr.
603 835 699 865 Eaern.
712 835 802 865 Bentl.
818 836 929 865 Amitte.

287 873 383 910 Turpe
395 873 501 910 aliquid
518 874 547 902 in
560 873 585 903 se
602 873 758 903 admittere.
792 873 856 904 Ter.
875 873 984 903 Phorm.
1005 882 1031 901 2.
1052 882 1076 902 2.
1093 875 1138 906 68.
1169 872 1204 900 de
1221 872 1328 909 virgine
1348 874 1410 902 cive

304 911 441 948 loquens,
470 911 508 940 Ut
526 912 632 948 nequid
651 912 720 941 civis
737 918 819 950 turpe
836 911 867 940 in
887 910 914 940 se
930 910 1091 939 admitteret
1110 910 1223 948 Propter
1243 911 1407 948 egestatem,

305 949 436 987 proximo
449 949 518 984 Α111113
531 950 570 978 011
584 949 651 978 11311.

283 986 439 1019 Admittere
454 988 480 1016 &
491 988 677 1016 committere.
704 986 762 1016 Cic.
778 996 800 1023 3.
816 986 891 1028 Fam.
907 996 948 1014 10.

303 1025 372 1053 erit:
395 1024 572 1054 commissum
584 1025 690 1054 facinus
699 1047 707 1059 ,
729 1026 755 1054 81
766 1025 911 1053 3111111110111
922 1023 1044 1053 dedecus
1055 1022 1219 1052 confitebor.

284 1063 456 1097 Admittere,
486 1063 561 1101 apud
577 1063 617 1092 rei
628 1063 764 1101 pecuariae
776 1062 921 1099 scriptores
934 1061 977 1090 Est
991 1071 1095 1090 marem
1106 1060 1230 1090 foeminae
1240 1083 1248 1096 ,
1275 1067 1323 1090 aut
1338 1062 1406 1090 mari

302 1100 450 1129 foeminam
464 1101 612 1130 admovere
626 1101 661 1130 ad
674 1101 786 1130 initum.
810 1098 947 1129 Columel.
964 1098 1011 1127 lib.
1027 1107 1052 1135 7.
1070 1109 1128 1136 cap.
1140 1109 1164 1128 2.
1203 1099 1316 1128 Patruus
1327 1109 1406 1128 meus

301 1139 401 1167 arietes
414 1138 487 1167 feros
501 1145 655 1174 mercatus,
684 1138 819 1175 quosdam
834 1138 863 1166 in
879 1146 957 1174 agros
975 1136 1130 1172 transtulit,
1162 1138 1189 1166 &
1206 1137 1406 1166 mansuefactos

300 1177 382 1205 tectis
396 1176 495 1205 ovibus
506 1176 622 1205 admisit.

281 1214 436 1280 Aldgiittere
444 1224 549 1244 marem
559 1215 593 1243 ad
605 1213 788 1243 concubitum
799 1212 966 1251 dedignatur
975 1218 1127 1241 contumax
1139 1211 1249 1249 gallina.
1266 1212 1403 1242 Columel.

314 1263 323 1280 1
345 1275 351 1280 .
365 1257 390 1286 8.
407 1261 439 1280 ca
461 1275 467 1281 .
480 1262 505 1280 2.

281 1263 562 1319 Admitterelisenuste
575 1289 609 1318 ad
625 1289 782 1318 insitionem
801 1287 946 1317 transtulit.
979 1286 1049 1316 Plin.
1064 1286 1114 1317 lib.
1129 1297 1170 1324 17.
1187 1297 1246 1325 cap.
1263 1293 1304 1321 18-
1346 1288 1405 1325 Qui

299 1337 348 1357 ver
362 1327 499 1365 probant,
529 1328 563 1357 ab
581 1327 749 1363 aequinoctio
767 1326 856 1355 statim
873 1326 1045 1360 admittunt,
1076 1326 1260 1362 praedicantes
1280 1327 1405 1362 germina

297 1366 452 1432 1parturire,
481 1367 500 1395 i.
515 1376 539 1395 e.
569 1365 717 1394 Surculum
732 1371 831 1393 trunco
850 1364 1024 1401 adjungunt:
1058 1363 1133 1400 quod
1153 1363 1208 1398 est,
1238 1363 1348 1393 arbores
1363 1364 1404 1393 in-

309 1409 399 1432 erunt.

279 1441 434 1472 Admittere
443 1462 451 1477 ,
473 1440 511 1469 est
521 1442 547 1470 ἃ
559 1440 674 1469 verbum
687 1439 825 1477 augurale.
865 1439 939 1468 Nam
955 1439 1019 1467 cum
1036 1438 1130 1467 volatu
1142 1444 1189 1467 aut
1200 1449 1270 1468 voce
1284 1439 1403 1468 faustum

298 1489 383 1508 omen
399 1478 525 1517 pra-bent
540 1480 565 1508 δι
577 1485 665 1507 ratum
676 1478 782 1507 faciunt
794 1487 856 1506 aves
866 1499 873 1512 ,
894 1477 1048 1506 Admittere
1060 1476 1201 1505 dicuntur.
1231 1477 1316 1507 Plant.
1329 1477 1401 1506 Asin.

298 1527 322 1546 2.
341 1527 363 1546 1.
379 1528 420 1546 11.
458 1517 651 1554 Impetritum,
674 1516 867 1553 inauguratum
879 1515 932 1544 est:
956 1515 1054 1551 quovis
1066 1514 1219 1544 admittunt
1231 1525 1302 1546 aves.
1333 1514 1401 1545 Usus

298 1555 337 1585 est
350 1557 375 1585 Sc
389 1554 447 1584 Liv.
463 1565 485 1583 1.
501 1558 543 1590 36.
562 1556 588 1584 St
603 1559 686 1590 418.
716 1554 747 1582 V.
765 1562 962 1582 11001οε113.

242 1595 435 1624 Amussus.
457 1593 554 1622 Partic.
577 1591 758 1621 Intromissus.
779 1591 847 1621 Hor.
862 1591 926 1620 Arte
941 1590 1016 1619 Poet.
1030 1601 1055 1626 5.

357 1631 517 1669 Spectatum
531 1630 638 1659 admilli
652 1629 735 1658 risum
748 1629 866 1658 teneatis
877 1651 884 1664 ,
906 1629 1004 1658 Amici.

279 1669 358 1699 Idem
370 1679 401 1698 ac
416 1667 581 1698 Conuniffus
591 1690 599 1704 ,
621 1674 652 1697 ut
663 1666 784 1696 Admiffa
794 1673 918 1705 peccata.
947 1666 1055 1696 Lucret.
1070 1675 1094 1702 3.
1108 1671 1171 1702 840.
1213 1666 1304 1696 Unde.

239 1707 449 1741 Annissum,
469 1707 487 1735 i.
514 1716 541 1735 n.
573 1706 785 1741 [mqurlaspoea]
814 1714 865 1742 pro
887 1703 1006 1734 Delicto.
1038 1704 1096 1734 Liv.
1110 1714 1155 1740 25.
1172 1713 1217 1739 23.
1255 1704 1321 1733 Non
1341 1710 1400 1734 erat

277 1744 411 1782 colloquii
421 1744 518 1781 copia:
541 1744 605 1781 quia
615 1743 767 1772 multorum
777 1742 864 1772 animi
873 1742 990 1779 suspecti
1002 1742 1131 1771 omnium
1142 1752 1235 1772 curam
1245 1743 1399 1779 oculosque

276 1789 471 1812 converterant
481 1804 488 1816 ,
513 1782 618 1819 nequid
631 1781 737 1810 falleret
748 1780 803 1810 tale
815 1780 970 1809 admiffum.
1002 1780 1106 1810 Macer.
1120 1781 1150 1809 in
1162 1780 1179 1809 l.
1193 1790 1218 1810 2.
1237 1780 1271 1810 D.
1287 1781 1322 1810 de
1336 1781 1399 1810 Abi-

277 1821 336 1858 geis
346 1843 353 1855 ,
375 1821 499 1849 Graviter
508 1820 602 1857 puniri
613 1829 710 1848 eorum
721 1818 867 1848 admissum
878 1817 954 1847 solet.

279 1858 402 1887 Admisso
414 1858 549 1886 honorem
560 1858 696 1886 amittere.
718 1856 735 1885 l.
749 1856 799 1886 ult.
815 1856 848 1885 D.
867 1856 901 1885 de
913 1856 1014 1894 poenis.
1037 1856 1055 1885 i.
1068 1866 1091 1885 e.
1110 1854 1146 1884 ob
1160 1855 1304 1885 delictum.

239 1895 435 1931 Amirssro,
457 1896 527 1925 onis.
550 1895 568 1924 f.
592 1891 728 1932 [ἐισδὶχῆ]
758 1894 828 1924 Ρ1111.
847 1896 873 1923 jn
889 1895 986 1931 Paneg.
1024 1894 1066 1923 An
1079 1894 1224 1931 quisquam
1241 1894 1330 1922 studia
1347 1893 1397 1923 hu-

274 1934 416 1963 manitatis
433 1933 565 1971 professus
576 1956 583 1969 ,
613 1943 672 1962 non
689 1942 753 1961 cum
765 1933 860 1961 omnia
874 1939 939 1967 tua,
969 1938 1030 1961 tum
1047 1932 1091 1961 vel
1108 1932 1138 1960 in
1154 1932 1252 1969 primis
1267 1931 1398 1961 laudibus

272 1972 344 2001 ferat
353 1971 548 2000 admistionum
562 1978 672 2001 tuarum
682 1971 843 1999 facilitatem
852 1971 865 1998 ‘2
887 1970 914 1999 11.
928 1980 952 1999 0.
983 1970 1069 2006 Quod
1086 1969 1167 1998 facile
1185 1969 1340 2007 quemlibet
1350 1970 1397 1999 ad-

274 2010 364 2038 mittis
377 2010 411 2038 ad
423 2008 603 2046 colloquium.
645 2008 794 2038 Habebant
803 2014 897 2037 autem
907 2016 1015 2037 veteres
1026 2030 1034 2043 ,
1056 2008 1157 2045 primas
1169 2010 1195 2037 ὁὶ
1205 2007 1338 2036 secundas
1350 2008 1397 2036 ad-

273 2048 425 2076 mistiones.
464 2047 496 2077 Id
510 2048 585 2084 quod
597 2047 736 2084 hodieque
751 2047 870 2076 servatur
886 2047 916 2075 in
931 2046 1001 2075 aulis
1018 2046 1188 2083 principum.
1218 2045 1281 2074 Sen.
1297 2045 1332 2074 de
1348 2046 1397 2075 Be-

274 2086 330 2114 nef.
346 2089 371 2114 6.
413 2085 478 2114 Non
498 2085 560 2114 sunt
574 2086 614 2114 isti
633 2085 731 2119 amici,
762 2085 809 2121 qui
826 2094 927 2122 magno
945 2084 1056 2121 agmine
1074 2084 1187 2119 januam
1201 2082 1327 2120 pulsant,
1350 2083 1397 2120 qui

272 2124 304 2152 in
324 2124 425 2161 primas
447 2125 473 2152 &
492 2122 625 2152 secundas
644 2122 820 2151 admissiones
841 2122 1012 2159 digeruntur.
1053 2121 1133 2151 Idem
1152 2134 1174 2150 1.
1199 2122 1234 2150 de
1257 2121 1395 2150 Clement.

272 2161 375 2190 Totam
389 2161 534 2190 cohortem
548 2161 667 2199 primam
682 2161 821 2190 interioris
837 2160 1008 2189 admissionis
1026 2169 1061 2189 ex
1072 2159 1288 2188 adversariorum
1306 2159 1398 2189 castris

271 2199 471 2266 1111011111οξοω
482 2236 546 2267 dare
557 2258 564 2271 ,
586 2237 603 2266 i.
617 2246 641 2266 e.
663 2236 711 2272 Jus
723 2235 900 2274 ingrediendi
911 2234 1074 2265 cubiculum
1086 2234 1230 2272 principis.
1263 2234 1333 2264 Plin.
1347 2234 1397 2263 lib.

312 2284 335 2309 3.
352 2285 383 2304 ca
406 2298 411 2303 .
446 2295 452 2301 .

271 2284 405 2343 1111011111Έο
416 2284 438 2348 ,3
451 2312 526 2341 idem
539 2312 615 2349 quod
629 2311 800 2342 Admiffura:
829 2321 931 2349 nempe
946 2311 1030 2340 Actus
1045 2310 1100 2348 ipse
1121 2310 1288 2339 admittendi
1308 2319 1397 2339 mares

290 2350 422 2379 foeminis.
458 2350 541 2379 Varro
561 2350 595 2379 de
609 2350 642 2379 R.
664 2350 695 2379 R.
715 2350 763 2378 lib.
778 2359 802 2378 2.
826 2359 886 2392 cap.
902 2358 927 2386 7.
966 2348 1073 2377 Horum
1094 2348 1202 2376 foeturae
1218 2349 1330 2377 initium
1349 2348 1397 2377 ad-

290 2387 427 2417 missionis
442 2388 532 2417 facere
548 2394 660 2425 oportet
675 2388 709 2417 ab
724 2388 891 2425 aequinoCtio
909 2396 994 2417 verno
1012 2385 1047 2415 ad
1065 2385 1228 2421 solstitium,
1258 2392 1288 2415 ut
1301 2393 1396 2424 partus

290 2426 395 2455 idoneo
412 2434 538 2463 tempore
556 2426 612 2455 fiat.

233 2464 434 2499 Anmssus,
456 2466 496 2492 fis.
524 2473 562 2492 m.
602 2463 682 2493 Idem
700 2463 776 2500 quod
794 2461 936 2493 Admiffm.
969 2461 1070 2492 Pallad.
1084 2464 1109 2490 6.
1128 2471 1152 2490 1.
1188 2461 1312 2491 Admisso
1331 2460 1396 2490 solis

270 2502 423 2531 maturitati
436 2500 587 2530 consulere.

233 2539 255 2569 A
264 2549 310 2568 nm
319 2550 328 2568 1
337 2550 348 2567 s
357 2550 411 2568 310
420 2543 464 2568 NK
474 2550 489 2567 L
498 2550 506 2567 1
516 2549 527 2568 s
538 2561 545 2573 ,
567 2549 605 2568 m.
636 2534 823 2575 [airhunoe‘f]
854 2538 880 2568 Is
902 2537 1020 2572 dicitur,
1050 2537 1129 2572 cujus
1149 2536 1273 2566 officium
1292 2538 1330 2567 est
1349 2538 1396 2568 ad-

250 2579 251 2585 ¹
269 2578 380 2606 mittere
394 2577 499 2606 aulicos
515 2577 586 2606 intra
597 2576 758 2606 cubiculum
773 2577 808 2605 ad
822 2577 980 2614 principem
997 2573 1181 2604 salutandum.
1212 2574 1350 2613 Lamprid.
1365 2577 1395 2606 in

269 2615 427 2645 Alexandro
439 2637 446 2650 ,
467 2614 635 2644 Salutaretur
646 2614 718 2652 quali
730 2624 802 2643 unus
821 2614 856 2643 de
867 2613 1038 2644 senatoribus
1048 2635 1056 2648 ,
1077 2619 1191 2651 patente
1201 2612 1264 2642 velo
1272 2635 1280 2648 ‚
1297 2614 1395 2643 admis-

269 2652 418 2682 sionalibus
436 2653 558 2682 remotis.
663 2679 668 2684 ,

231 2691 462 2721 Anmsswus
473 2712 481 2725 ,
503 2700 535 2725 a,
556 2700 614 2720 um.
651 2690 720 2720 Aves
736 2689 886 2719 admissivae
905 2689 1070 2718 dicebantur
1085 2687 1118 2718 ab
1136 2689 1310 2725 Auguribus,
1332 2700 1393 2727 quae

268 2728 460 2757 consulentem
471 2728 608 2763 juberent.
628 2728 729 2757 Festus.
750 2728 776 2757 h.
790 2737 812 2757 e.
831 2727 902 2764 Quae
913 2728 961 2762 id,
983 2727 1018 2756 de
1035 2736 1090 2764 quo
1102 2726 1256 2764 auspicium
1269 2728 1396 2766 capieba-

267 2772 330 2801 tur,
351 2766 556 2804 approbarent,
578 2768 603 2796 &
617 2766 789 2795 addicerent.

230 2806 278 2836 AD
288 2814 345 2833 Μ13
354 2814 366 2833 3
377 2814 394 2833 0
403 2814 419 2833 R
429 2814 448 2832 A
458 2826 466 2839 ‚
488 2813 519 2833 ae.
542 2804 659 2840 [ὀχάαι]
687 2803 813 2841 Tempus
824 2805 850 2833 81
865 2803 939 2832 aeuo
956 2802 1011 2840 ipsa
1021 2824 1029 2837 ,
1051 2812 1104 2839 qua
1116 2812 1204 2831 mares
1221 2811 1334 2839 gregum
1346 2803 1394 2832 ad-

267 2842 416 2871 mittuntur
434 2841 576 2876 foeminis,
606 2842 714 2870 foetune
734 2840 821 2870 causa.
860 2841 934 2869 Varr.
956 2840 1004 2869 lib.
1021 2850 1046 2870 2.
1069 2850 1129 2877 cap.
1148 2851 1170 2875 5.
1214 2840 1327 2878 Propter
1343 2841 1394 2869 foz-

267 2886 357 2909 turam
378 2880 438 2908 haec
464 2879 605 2908 observare
633 2879 707 2908 soleo
727 2884 791 2908 ante
811 2878 987 2908 admissuram
1004 2900 1012 2912 ,
1052 2877 1188 2906 mensenr
1202 2887 1291 2906 unum
1307 2900 1316 2913 ,
1355 2888 1392 2908 ne

266 2918 332 2947 cibo
349 2919 375 2947 ἃ
394 2918 510 2955 potione
529 2917 556 2946 se
574 2916 718 2954 impleant.
758 2917 804 2946 Sic
822 2915 983 2946 Admissurae
999 2922 1055 2944 tem
1066 2926 1125 2944 iore
1151 2916 1225 2953 apud
1250 2915 1319 2945 Plin.
1340 2915 1389 2945 lib.

269 2966 310 2984 10.
329 2966 390 2992 cap.
414 2965 455 2984 12.
495 2955 574 2984 Idem
592 2955 639 2983 lib.
654 2960 680 2988 8.
703 2964 763 2991 cap.
775 2964 821 2989 42.
849 2954 884 2983 de
902 2954 998 2990 equis,
1027 2926 1069 2982 Ad
1087 2953 1278 2990 generandum
1295 2955 1391 2991 paucis

990 985 1089 1022 Siquid
1106 994 1121 1014 a
1135 995 1180 1014 me
1196 985 1407 1023 praetermissum

266 2994 429 3022 animalium
440 2993 531 3022 minor
542 2992 682 3022 fertilitas:
705 3002 758 3029 qua
769 2992 803 3021 de
814 2991 892 3021 causa
905 3001 954 3029 per
963 2991 1106 3020 intervalla
1117 2990 1272 3020 admissurae
1283 2991 1391 3021 dantur.

229 3032 252 3063 A
263 3041 279 3059 n
292 3041 354 3060 M1s
364 3041 376 3060 3
388 3041 406 3060 Α
416 3041 481 3060 1311]
491 3040 503 3060 s
513 3053 521 3066 ,
556 3030 702 3067 [ἀναιίζοὶ-ιης
713 3048 719 3057 ,
749 3031 839 3064 ὀχᾶῶυ
854 3050 862 3062 ,
890 3029 1016 3063 erasm]
1054 3029 1166 3057 denom.
1189 3038 1223 3057 ex
1242 3029 1388 3059 Admiss'us.

266 3068 442 3098 Admiffarius
455 3078 543 3106 equus
554 3091 562 3104 ,
594 3068 641 3105 qui
661 3068 695 3096 ad
710 3067 834 3096 sobolem
850 3067 1049 3104 procreandam
1068 3066 1240 3104 potillimum
1260 3066 1388 3096 servatur.

266 3106 334 3135 Plin.
352 3106 399 3135 lib.
412 3113 456 3140 28-
472 3116 532 3144 cap.
550 3116 591 3141 ις.
632 3106 748 3142 Sanguis
764 3105 847 3142 equi,
868 3104 1008 3142 pra’cipue
1027 3103 1182 3133 admill'arii.
1221 3103 1293 3133 Varr.
1311 3114 1336 3134 2.
1354 3105 1389 3134 de

266 3143 298 3172 R.
314 3143 346 3172 R.
366 3154 426 3182 cap.
441 3154 466 3180 7.
508 3144 542 3174 Et
559 3153 645 3181 equos
663 3143 789 3172 emittere
807 3143 956 3180 incipiam,
979 3151 1031 3171 nec
1047 3141 1136 3170 solum
1154 3151 1241 3170 mares
1257 3152 1326 3178 quos
1343 3143 1390 3172 ad-

263 3181 397 3211 miffarios
408 3182 498 3211 habeo
509 3204 516 3217 ,
537 3188 569 3211 ut
580 3182 685 3212 Atticus
693 3203 701 3216 ,
717 3180 838 3218 singulos
849 3180 877 3208 in
888 3178 1016 3209 foeminas
1028 3179 1121 3208 denas.

264 3218 466 3249 Admiss'arium.
495 3219 552 3249 Cic.
570 3220 599 3248 in
616 3219 703 3249 Pison.
719 3223 762 3255 69.
789 3228 839 3255 pro
857 3217 972 3247 homine
985 3217 1111 3246 libidinis
1123 3222 1274 3254 pervagatae
1286 3217 1388 3254 posuit,

284 3256 320 3284 ad
338 3258 520 3294 omniumque
533 3258 711 3286 foeminarum
725 3256 873 3285 libidinem
885 3255 1019 3292 expolito.
1052 3254 1083 3283 V.
1104 3264 1123 3283 A
1134 3265 1150 3282 1)
1160 3264 1179 3282 H
1189 3265 1197 3282 1
1207 3264 1225 3281 N
1237 3263 1256 3281 N
1268 3264 1312 3283 10.

226 3293 432 3328 Anmrssoa,
453 3296 516 3324 6113.
537 3305 575 3324 111.
597 3294 661 3324 Scil.
675 3294 824 3324 Facinoris.
856 3293 929 3322 Lact.
948 3293 966 3322 E
989 3293 1018 3321 it.
1035 3302 1096 3330 cap.
1107 3303 1133 3327 4.
1155 3302 1176 3321 1.
1191 3303 1217 3327 4.

225 3331 247 3361 A
256 3341 327 3360 1)Μο
336 3341 353 3360 1)
362 3333 378 3361 ᾗ
388 3341 428 3360 Ro
439 3342 471 3367 R,
494 3333 543 3362 ari.
565 3333 644 3363 Idem
655 3343 686 3362 30
696 3332 840 3362 Moderor.
862 3330 949 3361 Plaut.
982 3330 1047 3359 lilit.
1058 3341 1084 3366 4.
1099 3339 1124 3359 2.
1140 3335 1184 3364 81·
1222 3328 1340 3366 Nequeo
1356 3330 1389 3359 ri-

264 3368 293 3397 su
306 3378 351 3397 me
362 3369 544 3399 admoderari.

225 3406 247 3436 A
256 3415 274 3434 D
283 3416 304 3434 M
313 3416 330 3434 0
339 3416 357 3434 1)
365 3409 383 3435 o
392 3418 407 3435 1.
415 3417 431 3435 o
440 3417 456 3434 R
465 3429 473 3442 ,
496 3409 511 3444 [
524 3408 656 3443 ἐπαυλέω]
677 3408 724 3437 311.
757 3406 846 3437 Simul
858 3404 1005 3436 modulari.
1026 3404 1123 3434 Claud.
1136 3403 1246 3434 Fescen.
1258 3405 1287 3433 in
1298 3405 1385 3444 Nupt.

263 3443 368 3473 Honor.
384 3445 410 3473 Sc
423 3444 536 3479 Marias,
557 3446 613 3474 Od.
628 3455 653 3474 2.
669 3456 694 3474 v.
711 3455 751 3474 12.

383 3481 418 3511 Et
432 3482 519 3511 Padus
533 3482 694 3512 electriferis
707 3481 905 3512 admoduletur
921 3480 1001 3510 alnis.

224 3519 302 3548 ADM
312 3518 329 3547 ὅ
341 3528 359 3547 1)
369 3529 415 3548 um
426 3541 434 3554 ,
455 3520 537 3555 [λίαν
547 3537 553 3546 ²
573 3520 606 3545 &n
624 3521 749 3556 πτειοσέ]
776 3520 844 3550 Adv.
876 3518 1008 3556 fignificat
1023 3517 1110 3547 Satis:
1142 3517 1214 3554 quasi
1233 3518 1311 3553 juxta
1328 3528 1388 3547 mo-

261 3555 348 3590 dum,
370 3556 387 3585 i.
402 3567 426 3585 e.
449 3557 691 3586 Mediocritatem:
723 3558 792 3587 sicut
809 3568 824 3586 e
838 3555 977 3586 contrario
989 3578 996 3591 ,
1018 3556 1105 3593 Supra
1123 3555 1257 3589 modum,
1280 3557 1305 3585 6<
1320 3556 1387 3585 Prae-

261 3598 303 3621 ter
314 3594 430 3623 modum
441 3616 448 3628 ,
471 3593 532 3624 Plus
543 3604 625 3631 quam
642 3595 720 3624 satis:
751 3596 825 3624 Intra
845 3595 961 3624 modum
972 3616 979 3628 ,
1009 3593 1105 3622 Minus
1121 3602 1202 3629 quam
1220 3592 1291 3621 santis.
1331 3593 1385 3622 Alii

260 3640 311 3697 pro
331 3631 415 3660 Valde
431 3633 589 3669 accipiunt,
610 3639 641 3660 ut
654 3632 684 3661 lit
702 3633 868 3662 intendendi
880 3631 1051 3662 adverbium.
1083 3631 1141 3660 Cic.
1162 3630 1197 3659 de
1215 3630 1324 3660 Senect.
1340 3641 1382 3660 10.

275 3669 330 3696 'um
343 3668 434 3698 colere
447 3670 521 3707 coepi
540 3679 597 3698 non
611 3670 763 3699 admodum
778 3671 909 3707 grandem
924 3676 999 3699 natu.

259 3706 420 3736 Admodum
431 3707 459 3734 in
472 3707 646 3735 resiomione
657 3729 664 3741 ,
686 3717 736 3744 pro
752 3708 848 3736 Etiam.
879 3707 964 3737 Plaut.
980 3706 1052 3736 Rud.
1069 3715 1091 3734 1.
1107 3715 1131 3741 5.
1143 3715 1169 3741 9.

300 3743 411 3781 Nempe
426 3753 498 3780 equo
525 3745 606 3780 igneo
622 3754 670 3780 per
684 3745 741 3773 vias
755 3745 888 3774 coeruleas
903 3746 964 3774 estis
978 3747 1071 3774 vectae.

301 3790 324 3809 P.
344 3782 512 3810 Admodum.
589 3781 653 3810 Ter.
672 3782 779 3810 Phorm.
801 3792 824 3810 2.
842 3792 867 3811 2.
889 3793 911 3811 1.
953 3783 1030 3811 Itane
1046 3781 1130 3820 patris
1149 3781 1187 3810 ais
1203 3779 1383 3818 conspee'tum

276 3819 395 3847 veritum
419 3819 484 3847 hinc
505 3818 597 3847 abiisse
607 3820 620 3846 ἶ)
651 3828 678 3848 c.
703 3819 864 3848 admodum.
906 3819 959 3848 Ubi
983 3820 1109 3848 Donatus
1119 3841 1127 3853 ,
1158 3818 1318 3847 Admodum
1336 3827 1383 3847 an-

276 3856 383 3884 nuendi
402 3856 457 3884 vim
477 3856 574 3890 babet,
597 3856 731 3885 duntaxat
744 3857 848 3885 modo:
880 3858 905 3885 8:
923 3857 1084 3886 subauditur
1100 3857 1228 3885 veritum.

257 3894 418 3923 Admodum
437 3893 516 3923 nihil.
550 3894 607 3922 Cic.
628 3894 657 3921 in
677 3894 760 3922 Bruto
775 3903 839 3922 210.
881 3894 964 3922 Curio
982 3894 1123 3924 literarum
1143 3893 1296 3923 admodum
1312 3892 1383 3923 nihil

1895 76 1922 112 A
2019 77 2051 112 D
2150 78 2190 113 M

1530 154 1640 197 sciebat.
1659 154 1687 184 h.
1699 164 1723 185 e.
1745 156 1824 186 Nihil
1836 159 1961 188 omnino.
1982 159 2059 188 Idem
2071 159 2117 188 lib.
2129 160 2237 188 eodem.
2269 157 2343 189 Nam
2353 158 2435 197 plane
2446 159 2557 197 quidem
2570 170 2631 200 per.

1529 194 1633 221 10010111
1644 215 1652 227 ,
1674 194 1699 222 St
1711 195 1755 222 cui
1769 195 1998 225 nihiladmodum
2010 197 2094 231 delit,
2117 197 2333 226 Demosthenem
2345 197 2424 226 facile
2439 199 2547 228 dixeris.

1510 229 1791 272 Nullusqadmodum.
1824 232 1880 262 Liv.
1898 234 1999 263 Decad.
2015 244 2038 270 3.
2054 235 2101 263 lib.
2116 245 2140 269 3.

1530 268 1597 309 (111111
1609 269 1661 296 'ruit
1672 290 1679 302 ,
1701 270 1765 305 quia
1781 269 1860 299 liinul
1875 272 2034 300 inclinatam
2049 272 2170 300 mediam
2184 270 2271 300 aciem
2287 272 2416 301 Numidae
2431 273 2577 311 Maurique
2591 276 2629 304 vi-

1531 312 1632 334 derunt
1643 315 1648 333 ε
1671 307 1812 344 extemplo
1825 308 1888 345 fuga
1898 309 1992 338 effulsa
2007 310 2079 338 nuda
2091 320 2195 338 cornua
2206 309 2357 338 deseruere.

1509 343 1670 372 Admodum
1685 344 1793 373 videtur
1809 356 1859 383 pro
1870 347 1935 376 Fere
1945 348 2084 376 interdum
2096 348 2193 384 accipi.
2215 346 2299 376 Plaut.
2315 347 2394 384 Epid.
2410 357 2432 376 1.
2446 356 2471 377 2.
2487 357 2512 377 2.
2540 349 2628 386 Atque

1531 381 1684 420 admodum
1705 386 1797 411 meum
1823 393 1973 414 moerorum
1995 392 2076 421 atque
2102 394 2229 414 amorum
2250 384 2384 414 summam
2402 385 2503 414 dictavi
2520 386 2577 415 tibi.

1509 418 1669 460 Admodum
1680 440 1687 452 a
1712 428 1776 448 cum
1789 422 1919 457 genitivo.
1951 422 2088 451 Columel.
2103 422 2150 450 lib.
2163 433 2188 457 4.
2206 432 2265 460 cap.
2282 433 2305 451 1.
2347 422 2442 458 Qlum
2457 423 2565 453 scrobes
2580 424 2626 454 de-

1527 456 1667 489 1011111103,
1689 455 1841 487 admodum
1857 461 1951 497 exigui
1963 459 2084 497 pulveris
2095 460 2236 488 viviradici
2253 460 2422 496 subjicimus.
2444 460 2471 490 h.
2485 470 2508 490 e.
2531 462 2626 491 Paulu-

1527 493 1603 526 lum,
1626 494 1789 530 pauxillum.
2103 518 2107 522 ·

1508 531 1669 573 Admodum
1680 553 1687 565 ,
1709 542 1773 561 cum
1785 534 1921 563 adverbiis
1934 535 2078 569 junctum,
2099 533 2254 571 eiegantem
2269 536 2326 564 vim
2337 534 2435 571 habet,
2457 537 2483 566 ἃ
2497 536 2625 573 fignifica-

1527 575 1634 596 tionem
1645 576 1741 605 auget:
1764 579 1795 600 ut
1805 572 1901 610 Nuper
1912 572 2063 600 admodum
2073 594 2081 606 ,
2097 582 2147 608 pro
2159 572 2334 609 Nuperrime.
2356 573 2419 602 Ter.
2432 574 2532 603 Heaut.
2545 585 2554 603 1
2563 575 2585 604 ι’,
2601 585 2625 604 1.

1527 605 1696 648 Quanquam
1714 607 1772 636 haec
1790 610 1861 638 inter
1879 620 1929 638 nos
1947 620 2035 647 nuper
2056 609 2154 638 notitia
2176 611 2328 640 admodum
2345 611 2391 640 est.
2425 612 2484 641 Cic.
2498 622 2524 648 4.
2541 612 2623 642 Acad.

1526 642 1570 672 liti
1591 643 1749 682 philosophi
1765 656 1824 676 raro
1839 648 1991 676 admodum
2009 647 2158 676 cohaerent.

1508 681 1686 716 Admodum,
1704 693 1768 712 cum
1778 685 1886 719 verbis,
1904 695 1953 722 pro
1964 685 2065 719 Valde,
2088 688 2113 714 oz
2126 686 2226 714 mirum
2244 685 2273 714 in
2284 686 2399 715 modum
2411 686 2534 716 sumitur.
2556 687 2624 717 Plin.

1526 719 1575 747 lib.
1600 729 1626 754 9.
1651 729 1710 757 cap.
1734 727 1776 756 38.
1815 723 1923 760 Pelagio
1943 723 2096 752 admodum
2114 723 2249 760 alligatur.
2288 723 2367 753 Idem
2384 724 2433 754 lib.
2447 734 2493 754 20.
2517 734 2576 763 cap.
2597 735 2623 762 3.
2665 731 2667 742 ²

1525 757 1686 786 Admodum
1700 759 1818 795 prodest.

1469 796 1682 830 AnnosNio,
1705 796 1875 834 [πελιοςκέω]
1900 801 1949 827 Ire.
1983 798 2069 827 Plaut.
2090 797 2184 827 Pseud.
2206 808 2229 827 1.
2251 806 2275 833 3.
2300 808 2359 833 150.
2399 799 2461 828 Hoc
2475 809 2527 837 ego
2547 801 2625 838 oppi-
2663 798 2666 832 f

1506 833 1574 861 dum
1586 832 1756 874 admoenire,
1778 835 1872 865 uthoc
1891 836 1936 865 die
1947 837 2088 873 capiatur,
2109 835 2183 865 volo.
2222 836 2337 865 Videtur
2354 835 2464 866 Plautus
2482 848 2558 867 more
2575 839 2623 868 suo

1504 870 1610 899 finxisse
1625 880 1674 907 pro
1687 871 1827 902 Obsidere.

1506 908 1563 936 nivi
1577 907 1691 938 rubricas
1703 910 1708 938 !

1467 946 1682 981 1101101103,
1702 950 1758 976 itus
1769 947 1846 983 sum,
1873 948 2042 984 [ἐπιχωξέω]
2067 950 2110 979 111.
2141 948 2313 979 Admovere:
2339 950 2450 987 proprie
2468 950 2569 980 dicitur
2587 951 2623 982 de

1500 983 1586 1026 ¹rebus
1604 985 1710 1021 magnis
1728 992 1775 1014 aut
1793 986 1918 1023 gravibus
1930 1009 1937 1021 ,
1969 993 2000 1015 ut
2014 986 2105 1016 Moles
2123 988 2149 1017 St
2168 985 2281 1016 Moliri:
2312 994 2344 1016 ut
2361 988 2495 1017 Admoliri
2510 989 2621 1026 saxum,

1503 1031 1551 1051 cui
1569 1023 1737 1064 contrarium
1756 1024 1809 1058 est,
1839 1025 1962 1053 Amoliri.
1998 1024 2083 1054 Plaut.
2102 1026 2173 1055 Asin.
2192 1033 2216 1059 3·
2237 1034 2263 1054 2.
2281 1035 2326 1061 24.
2368 1025 2423 1054 Ubi
2438 1025 2512 1055 sacro
2526 1037 2623 1058 manus

1503 1059 1536 1088 sis
1550 1059 1707 1126 agmohtus.
1740 1061 1816 1091 Curt.
1856 1062 1939 1092 Velut
1956 1063 1990 1092 de
2008 1062 2141 1093 industria
2156 1071 2238 1100 rupes
2255 1062 2379 1100 praealtas
2397 1063 2531 1094 admolita
2545 1071 2624 1095 natu-

1503 1107 1532 1126 ra
1550 1107 1565 1126 e
1591 1120 1596 1125 .

1464 1137 1488 1166 A
1497 1145 1515 1164 1)
1527 1146 1546 1163 M
1557 1139 1573 1163 ὁ
1585 1144 1606 1163 Ν
1616 1144 1630 1163 Ε
1640 1145 1657 1164 0
1667 1158 1675 1171 ,
1695 1136 1725 1165 ui
1737 1131 1749 1171 ,¹
1772 1138 1843 1167 itum
1855 1160 1863 1173 ,
1894 1138 2041 1174 [παρῳνέω
2050 1156 2056 1166 ‚
2087 1133 2179 1171 ns9m'w
2190 1157 2197 1168 ‚
2225 1134 2381 1174 περιβέὴλω
2390 1159 2397 1169 ,
2425 1139 2623 1177 hammam]

1503 1176 1557 1213 Ere.
1599 1172 1631 1202 In
1651 1174 1813 1204 memoriam
1833 1176 1990 1210 adducere,
2025 1175 2078 1205 sive
2100 1175 2355 1205 Commonesacere.
2395 1176 2452 1206 Cic.
2476 1187 2499 1206 1.
2521 1178 2576 1208 Att.
2593 1184 2620 1213 8.

1501 1208 1540 1239 Ut
1557 1219 1602 1239 me
1616 1210 1694 1241 locus
1710 1212 1766 1250 ipse
1782 1213 1954 1242 admoneret.
1984 1213 2062 1242 Idem
2077 1224 2103 1248 4.
2120 1214 2195 1244 Verr.
2230 1214 2315 1243 Recte
2329 1214 2472 1243 admones.

1501 1248 1653 1278 Admoneri
1671 1250 1705 1279 ad
1724 1250 1827 1287 aliquid
1843 1252 2012 1281 faciendum.
2046 1251 2104 1280 Cic.
2119 1261 2146 1280 2.
2165 1251 2199 1280 de
2216 1251 2311 1280 Divin.
2328 1262 2390 1287 134.
2430 1253 2523 1289 Quam
2541 1253 2621 1285 multi

1521 1287 1621 1323 inopes
1641 1288 1717 1325 digni
1731 1289 1856 1326 praesidio
1874 1290 2009 1324 deorum,
2039 1289 2117 1318 nullo
2132 1289 2240 1319 somnio
2258 1289 2294 1319 ad
2312 1289 2469 1319 thesaurum
2484 1292 2622 1328 reperien.

1520 1325 1588 1353 dum
1602 1325 1809 1356 admonentur?

1500 1364 1658 1393 Admonere
1671 1365 1705 1393 ad
1714 1373 1816 1394 aurem.
1840 1364 1897 1394 Cic.
1911 1374 1936 1394 2.
1949 1365 1984 1394 de
1994 1365 2053 1394 Fin.
2065 1369 2108 1401 69.
2140 1363 2175 1393 Et
2186 1374 2248 1394 eam
2257 1370 2367 1394 tantum
2376 1365 2411 1394 ad
2423 1375 2517 1395 aurem
2527 1367 2622 1397 admo.

1519 1407 1619 1444 nerent
1638 1401 1676 1437 <si
1689 1403 1774 1432 modo
1786 1403 1815 1432 id
1826 1404 1933 1441 pictura
1943 1403 2061 1441 intelligi
2074 1402 2181 1441 posset)
2203 1410 2234 1432 ut
2244 1409 2353 1433 caveret
2361 1404 2466 1441 nequid
2476 1404 2621 1442 perficeret

1520 1439 1699 1476 imprudenS,
1722 1442 1773 1470 &c-

1498 1477 1627 1513 Aliquern
1645 1477 1735 1508 verbis
1754 1478 1874 1508 alterius.
1905 1478 1963 1508 Cic.
1977 1489 2002 1515 9.
2021 1478 2096 1508 Fam.
2109 1482 2135 1508 6.
2173 1478 2307 1508 Caninius
2326 1479 2416 1509 noster
2432 1481 2544 1510 metuis
2562 1492 2620 1512 ver-

1519 1515 1559 1543 bis
1575 1515 1721 1545 admonuit
1734 1523 1765 1545 ut
1777 1516 1932 1546 scriberem.

1869 874 1953 909 [Imo
1967 875 2145 912 Oppugnare.
2177 873 2267 903 Cistel.
2281 883 2306 903 2.
2321 884 2347 904 2.
2364 885 2387 910 5.
2428 876 2507 912 Quot
2521 876 2625 907 31111103-

1496 1552 1619 1589 Flagello
1630 1575 1637 1588 ,
1659 1563 1708 1591 pro
1723 1554 1868 1584 Stimulare
1879 1577 1887 1589 ,
1914 1554 2056 1591 instigare,
2084 1554 2137 1583 live
2152 1554 2182 1583 id
2198 1554 2325 1592 percussu
2337 1554 2400 1590 fiat,
2428 1555 2481 1585 five
2498 1555 2554 1586 sola
2571 1557 2619 1588 fla-
2652 1560 2653 1563 ’

1516 1591 1581 1628 gelli
1592 1591 1779 1622 concussione.
1806 1592 1942 1622 Columel.
1959 1593 2005 1622 lib.
2021 1602 2046 1622 2.
2064 1602 2124 1630 cap.
2137 1601 2163 1621 2.
2203 1592 2275 1630 Virg.
2291 1603 2335 1622 10.
2349 1592 2411 1622 AEn.
2426 1597 2488 1630 586.

1576 1628 1701 1666 Lucagus
1714 1637 1745 1659 ut
1757 1640 1862 1668 pronus
1875 1631 2002 1668 pendens
2016 1631 2045 1659 in
2059 1630 2171 1660 verbera
2184 1630 2242 1659 telo

1576 1667 1729 1697 Admonuit
1742 1668 1859 1706 bijugos.
1971 1669 2083 1698 Nonius
2094 1668 2224 1699 Percullit
2238 1669 2442 1707 interpretatur.

1494 1703 1653 1771 Αέἱῖζῗῐξυὲιῐξὲεἰτ
1671 1706 1714 1735 de.
1753 1706 1811 1736 Cic.
1832 1716 1883 1744 pro
1900 1706 1972 1744 Lege
1992 1706 2089 1736 Manil.
2132 1706 2174 1735 De
2194 1716 2249 1744 quo
2266 1717 2316 1736 vos
2334 1707 2419 1745 paulo
2437 1714 2501 1738 ante
2514 1709 2617 1747 invitus

1494 1780 1661 1810 Amicillime
1672 1781 1821 1811 admonere
1833 1783 2000 1820 quempiam.
2032 1783 2081 1811 Cic
2101 1792 2126 1819 7.
2146 1783 2199 1812 Att.
2214 1792 2259 1817 25.

1492 1817 1622 1847 Praeclare
1635 1818 1754 1856 aliquem
1769 1820 1928 1849 admonere.
1961 1821 2019 1849 Cic.
2034 1831 2058 1856 9.
2077 1821 2132 1850 Att.
2152 1831 2192 1850 11.
2231 1820 2304 1850 Illud
2316 1831 2361 1850 me
2379 1821 2508 1859 praeclare
2522 1822 2617 1851 admo-
2648 1842 2655 1859 :-

1512 1866 1562 1885 nes
1573 1879 1580 1891 ,
1601 1867 1688 1894 quum
1705 1857 1784 1887 illum
1796 1858 1909 1894 videro,
1937 1868 1972 1888 ne
1984 1859 2067 1888 nimis
2085 1858 2282 1895 indulgenter,
2313 1861 2339 1888 81
2356 1866 2388 1888 ut
2406 1869 2470 1889 cum
2487 1861 2617 1897 gravitate
2648 1867 2654 1875 '¹

1512 1895 1606 1931 potius
1623 1894 1726 1932 loquar.

1492 1932 1683 1962 Admonemur
1695 1933 1782 1963 multa
1794 1933 1914 1962 ostentis.
1938 1933 1996 1963 Cic.
2011 1943 2037 1963 2.
2056 1934 2091 1963 de
2104 1935 2168 1963 Nat.
2181 1934 2264 1964 Deor.
2282 1937 2342 1964 166.
2380 1934 2471 1964 Multa
2486 1942 2616 1973 praeterea
2632 1927 2636 1934 ¹
2651 1960 2653 1970 ,

1511 1970 1625 1999 ostentis
1636 1993 1644 2005 ,
1665 1971 1753 2000 multa
1763 1972 1792 2000 in
1807 1972 1877 2000 extis
1893 1971 2094 2007 admonemur,
2115 1972 2266 2010 multisque
2280 1972 2361 2002 rebus
2380 1972 2440 2001 aliis
2450 1995 2457 2009 ,
2479 1983 2545 2011 quas
2557 1974 2616 2003 diu-
2652 1979 2653 1984 ¹

1511 2014 1609 2037 turnus
1624 2008 1686 2038 usus
1700 2010 1738 2038 ita
1749 2010 1855 2038 notavit
1864 2032 1871 2044 ,
1892 2016 1923 2038 ut
1934 2016 2021 2038 artem
2033 2010 2212 2039 divinationis
2224 2010 2353 2039 efficeret.

1491 2046 1682 2076 Admonemur
1694 2047 1781 2076 multa
1797 2047 1830 2076 ab
1841 2047 1945 2077 amicis.
1977 2047 2045 2076 Plin.
2061 2059 2084 2083 5.
2101 2048 2184 2086 Epist.
2200 2057 2224 2084 3.
2261 2048 2319 2085 Qui
2335 2048 2433 2086 scripta
2448 2047 2495 2078 sua
2508 2049 2613 2086 recitat,
2646 2056 2652 2064 ”

1512 2084 1600 2113 multa
1612 2095 1627 2113 a
1638 2085 1733 2114 multis
1743 2085 1922 2114 admonetur:
1946 2086 1971 2115 &
1984 2085 2001 2113 sl
2013 2095 2070 2114 non
2083 2086 2265 2115 admoneatur
2274 2108 2281 2121 ,
2303 2087 2372 2123 quid
2381 2109 2388 2121 ,
2406 2088 2457 2116 810.

1490 2121 1674 2151 Admonitum
1688 2129 1716 2152 te
1727 2123 1798 2152 illud
1813 2123 1885 2152 volo.
1914 2123 1972 2152 Cic.
1990 2133 2041 2160 pro
2052 2123 2160 2159 Coelio,
2182 2123 2255 2153 Illud
2272 2131 2367 2153 tamen
2382 2132 2409 2153 te
2425 2123 2478 2153 eise
2491 2124 2615 2154 admoui·
2650 2124 2651 2132 ¹

1511 2165 1571 2189 tum
1586 2161 1668 2189 volo:
1698 2161 1819 2199 primum
1830 2160 1917 2198 qualis
1928 2171 1974 2195 es,
1995 2161 2078 2190 talem
2095 2169 2121 2191 te
2140 2161 2358 2204 eiserexistimes.
2399 2162 2484 2198 Qlod
2503 2161 2614 2192 barbare
2644 2195 2645 2202 ἵ

1511 2198 1613 2227 dicitur
1623 2221 1630 2233 ,
1651 2198 1709 2235 Ego
1720 2199 1785 2228 volo
1796 2206 1827 2227 ut
1839 2199 1910 2228 bene
1922 2198 1996 2227 scias.

1491 2236 1636 2265 Admoneo
1652 2242 1680 2265 te
1698 2236 1779 2273 huJus
1794 2238 1842 2266 rei.
1873 2236 1931 2266 Liv.
1946 2247 1969 2272 5.
1985 2236 2053 2267 Bell.
2070 2237 2182 2267 Maced.
2224 2237 2281 2274 Qui
2299 2237 2484 2267 admonerent
2501 2238 2614 2267 foederis
2642 2219 2650 2271 ¹}

1510 2283 1575 2302 eum
1591 2274 1719 2303 Romani.

1489 2311 1636 2341 Admoneo
1655 2318 1682 2340 te
1698 2318 1738 2342 ut.
1771 2311 1828 2341 Cic.
1845 2321 1866 2340 1.
1884 2311 1920 2348 Q.
1938 2311 2010 2340 statr.
2028 2322 2050 2342 1.

1507 2425 1633 2463 tidieque
1644 2426 1779 2454 meditere
1793 2425 1971 2454 resistendum
1986 2426 2039 2455 effe
2053 2427 2211 2456 iracundiae.

1488 2462 1645 2499 Admoneo,
1659 2473 1724 2493 cum
1735 2463 1882 2492 infinitivo.
1904 2463 1976 2500 Virg.
1990 2475 2015 2499 4.
2031 2464 2129 2501 Geor-g.
2146 2468 2207 2498 186.
2267 2462 2402 2493 ——rursus
2414 2464 2527 2493 easdem

1843 2501 1943 2539 Vesper
1957 2501 2005 2530 ubi
2019 2512 2034 2531 e
2048 2502 2124 2540 pastu
2139 2502 2254 2531 tandem
2267 2502 2404 2531 decedere
2417 2503 2524 2540 campis

1837 2539 1999 2568 Admonuit.
2116 2540 2184 2569 Hor.
2202 2550 2224 2569 1.
2243 2541 2298 2570 Sat.
2311 2544 2336 2570 6.
2354 2544 2415 2569 126.

1566 2577 1610 2607 Ast
1624 2577 1672 2607 ubi
1686 2586 1731 2606 me
1744 2575 1842 2606 fessum
1856 2576 1895 2605 sol
1910 2577 1997 2606 acrior
2012 2577 2050 2606 ire
2066 2577 2186 2606 lavatum

1566 2616 1736 2650 Admonuit,
1758 2615 1834 2651 fugio
1848 2615 1945 2643 rabiosi
1959 2621 2085 2657 tempora
2100 2615 2176 2652 ligni.

1448 2653 1470 2682 A
1478 2663 1497 2681 1)
1506 2663 1526 2681 Μ
1535 2663 1552 2681 0
1562 2663 1581 2681 Ν
1591 2663 1605 2682 Ε
1615 2664 1634 2681 N
1643 2664 1664 2682 s.
1686 2653 1782 2682 Partic.
1807 2652 1984 2681 Admonente
1999 2653 2184 2690 dispensatore
2194 2675 2201 2687 ‚
2224 2653 2462 2690 quemadmodum
2476 2652 2609 2682 summam
2636 2647 2644 2691 :¹¹

1487 2691 1641 2720 rationibus
1657 2690 1742 2720 vellet
1754 2690 1856 2720 inferri.
1884 2691 1958 2720 Suet.
1976 2690 2054 2728 Vesp.
2075 2692 2106 2720 C.
2120 2701 2163 2720 22.
2177 2698 2245 2720 extr.
2268 2692 2284 2720 i.
2297 2701 2319 2720 e.
2344 2691 2375 2720 In
2397 2693 2560 2730 memoriam
2577 2690 2610 2720 il·
2636 2703 2637 2708 ¹

1484 2728 1534 2757 lud
1553 2736 1700 2758 revocante
1711 2731 1736 2758 ok
1749 2727 1827 2757 simul
1840 2728 2036 2765 interrogante.
2066 2728 2100 2759 H.
2118 2729 2156 2758 St.

1446 2768 1495 2796 An
1505 2776 1549 2795 Mo
1558 2777 1577 2794 N
1588 2769 1627 2795 f'r
1636 2776 1674 2796 us
1684 2789 1692 2802 ,
1714 2766 1809 2795 Partic.
1842 2763 2052 2802 [mequo'ldffloe
2064 2767 2076 2802 ]
2110 2767 2166 2803 Qui
2185 2767 2359 2795 admonetur.
2398 2766 2481 2796 Ovid.
2498 2770 2522 2795 6.
2537 2765 2610 2796 Met.»
2634 2761 2642 2820 ζ

1485 2809 1548 2833 621¹
1560 2842 1602 2870 Ad
1615 2848 1732 2871 matrem
1745 2841 1874 2871 veniebat
1888 2841 1959 2878 Itys:
1982 2841 2050 2875 quid
2064 2841 2146 2878 poffit
2156 2865 2164 2877 ,
2186 2841 2220 2871 ab
2234 2841 2283 2870 illo
2376 2841 2527 2872 Admonita
2541 2841 2586 2872 est.

1445 2879 1467 2909 A
1476 2889 1494 2909 D
1503 2890 1524 2908 M
1533 2889 1549 2908 o
1560 2889 1579 2907 N
1589 2890 1596 2907 1
1607 2889 1626 2907 ’1-
1634 2883 1651 2908 ῦ
1662 2890 1676 2907 a
1686 2889 1703 2908 u
1711 2889 1723 2908 s
1732 2901 1740 2914 ,
1763 2880 1955 2915 [παρανέων]
1976 2879 2073 2909 Partic.
2105 2880 2188 2910 Ovid.
2205 2890 2246 2909 10.
2264 2879 2347 2917 Epist.
2359 2889 2404 2916 42.

1560 2917 1742 2954 Candidaque
1756 2916 1872 2954 imposui
1886 2917 1976 2953 longae
1990 2916 2127 2946 velamina
2142 2918 2232 2955 virgaz,

1597 2955 1711 2984 Scilicet
1725 2955 1826 2983 oblitos
1840 2955 2016 2983 admonitura
2030 2955 2092 2983 mei.

1444 2993 1466 3022 A
1476 3002 1493 3021 D
1503 3003 1523 3021 M
1532 3002 1548 3021 0
1558 2995 1624 3021 Νῑτ
1634 3003 1670 3022 03
1682 3015 1689 3028 ,
1716 2993 1754 3021 us.
1785 2989 1951 3028 [van'wwc]
1983 2992 2058 3021 ldem
2071 2993 2152 3030 ,quod
2171 2993 2341 3022 Admonitio.
2377 2992 2435 3022 Cic.
2450 3003 2475 3029 9.
2493 2993 2547 3022 Att.
2564 3000 2606 3022 12.

1482 3030 1612 3060 Hominis
1624 3031 1767 3068 prudentis
1780 3033 1804 3060 &-
1816 3030 1894 3059 amici
1910 3030 1957 3058 tali
1969 3030 2122 3060 admonitu.
2152 3031 2235 3060 Ovid.
2249 3040 2273 3067 3.
2291 3030 2357 3060 Fast.
2370 3034 2432 3060 612.

1564 3069 1624 3097 flet
1638 3075 1730 3097 tamen
1745 3069 1890 3097 admonitu
1903 3068 1999 3097 mortis
2014 3068 2083 3097 Elilil
2098 3077 2163 3098 tuae.
2274 3068 2302 3097 h.
2319 3079 2343 3098 e.
2377 3068 2421 3097 Ob
2440 3067 2608 3097 recordatio-

1501 3115 1566 3134 nem
1583 3107 1678 3135 mortis
1694 3106 1821 3135 Didonis.

1443 3143 1696 3179 ADMONfi-un,
1724 3144 1741 3172 i.
1772 3153 1798 3172 n.
1832 3140 2046 3179 [παρρίγίέλμρε]
2084 3143 2142 3172 Cic.
2165 3153 2190 3172 2.
2213 3143 2248 3172 de
2266 3143 2343 3173 Orat.
2365 3147 2409 3179 64.
2455 3143 2486 3172 In
2505 3143 2604 3172 eodem

1481 3181 1589 3210 silentio
1599 3181 1686 3210 multa
1697 3182 1749 3210 alia
1758 3188 1898 3210 oratorum
1911 3181 2001 3210 officia
2010 3182 2156 3216 jacuerunt
2167 3204 2174 3214 .
2196 3182 2402 3210 cohortationes
2413 3203 2419 3214 ,
2442 3180 2605 3209 consolatio-

1481 3229 1547 3254 nes,
1569 3226 1706 3257 praecepta
1716 3241 1723 3253 ,
1746 3219 1906 3253 admonita,
1929 3229 1988 3256 quae
2003 3219 2144 3248 tractanda
2156 3219 2217 3248 sunt
2229 3220 2323 3248 omnia
2335 3218 2514 3247 dil'ertillime.

1443 3256 1491 3286 Ao
1502 3267 1548 3285 mo
1559 3267 1683 3292 Nr‘rio,
1709 3257 1779 3285 onis.
1810 3257 1998 3292 [meysam]
2030 3258 2087 3286 Cic.
2099 3267 2123 3285 2.
2144 3257 2179 3285 de
2198 3257 2274 3286 Orat.
2290 3266 2350 3292 339.

1479 3295 1519 3322 tio
1530 3317 1537 3329 ,
1560 3295 1576 3323 11
1590 3295 1627 3323 est
1637 3295 1784 3324 autoritas:
1807 3302 1866 3323 tum
1879 3294 2035 3323 admonitio
2045 3317 2052 3327 ,
2075 3294 2146 3331 quasi
2161 3294 2250 3323 lenior
2261 3295 2426 3331 objurgatio.

1479 3332 1642 3361 Admonitio
1653 3333 1681 3361 in
1692 3332 1805 3361 0111111110
1817 3332 1909 3360 (trudo
1921 3332 2068 3360 lluniliaris.
2092 3333 2150 3361 Cic.
2167 3343 2187 3360 1.
2207 3332 2263 3361 off.
2279 3342 2339 3367 145.

1479 3369 1724 3399 Admonitionibus
1736 3370 1828 3399 locum
1842 3379 1899 3398 non
1909 3369 2072 3406 relinquere.
2096 3371 2153 3399 Cic.
2172 3380 2193 3398 1.
2212 3370 2285 3399 Fam.
2303 3380 2324 3397 1.

1479 3408 1679 3436 Admonitione
1690 3409 1791 3444 agitare
1803 3408 1926 3436 animum
1938 3407 2063 3442 alicujus.
2087 3407 2205 3444 Quintil.
2222 3407 2269 3436 lib.
2281 3418 2307 3442 4.
2324 3415 2386 3443 cap.
2403 3417 2424 3434 1.

1479 3445 1641 3474 Admonitio
1656 3446 1746 3474 morbi
1763 3452 1809 3474 aut
1821 3444 1941 3479 doloris,
1963 3445 2039 3481 quod
2051 3445 2133 3482 vulgo
2147 3445 2286 3482 Reliquias
2302 3445 2391 3473 morbi
2402 3450 2510 3473 vocant.
2532 3441 2600 3473 Plin.

1498 3482 1546 3511 lib.
1569 3493 1613 3519 24.
1637 3493 1697 3521 cap.
1722 3493 1762 3520 17.
1816 3483 1892 3518 Siqui
1916 3483 2004 3511 morbi
2030 3483 2152 3512 humano
2176 3482 2284 3520 corpori
2306 3483 2458 3510 acciderint
2485 3482 2600 3511 florente

1497 3522 1612 3557 aproxi,
1634 3531 1749 3557 quanvrs
1766 3519 1889 3553 1111111103,
1910 3520 2133 3549 3111110111110110111
2149 3530 2245 3549 corum
2261 3520 2360 3548 {entire
2379 3520 2486 3555 quoties
2505 3519 2600 3547 liorere
2628 3538 2629 3543 .

1496 3568 1558 3586 eam
1576 3559 1731 3596 contigerit.
1771 3558 1848 3586 ldcm
1865 3557 1910 3586 lib.
1926 3567 1970 3590 25-
1990 3566 2049 3595 cap.
2066 3563 2091 3591 8.
2133 3558 2290 3594 Diebusque
2308 3558 2412 3587 vicenis
2434 3556 2598 3594 interpositiS

1496 3596 1570 3624 idem
1584 3596 1629 3624 liat
1638 3618 1645 3631 ,
1668 3597 1741 3633 siqua
1751 3595 1905 3624 admonitio
1917 3594 2020 3623 doloris
2033 3595 2153 3633 superfit.

1477 3633 1670 3662 Admonitioui
1683 3634 1767 3662 irasci.
1802 3633 1829 3660 V.
1848 3643 1919 3660 1113.
1953 3633 2070 3669 Quintil.
2089 3633 2135 3662 lib.
2148 3643 2173 3662 2.
2190 3642 2250 3669 cap.
2263 3635 2289 3660 6.

1478 3671 1639 3700 Admonitio
1649 3694 1655 3705 ,
1686 3682 1728 3699 110
1740 3669 1965 3707 lnterpellatione
1976 3693 1984 3705 ,
2006 3681 2053 3708 per
2064 3681 2146 3707 quam
2158 3671 2266 3700 debitor
2282 3670 2448 3699 admonetur
2460 3676 2490 3699 ut
2506 3668 2598 3698 solvat.

1497 3707 1557 3744 Ulp.
1574 3708 1590 3736 l.
1605 3719 1628 3737 2.
1642 3710 1662 3744 §2
1678 3682 1715 3738 1ln
1726 3708 1866 3737 omnibus.
1886 3707 1919 3736 D.
1939 3709 1973 3736 110
1987 3708 2113 3742 ,1111110113-

1474 3745 1674 3775 Admonitione
1689 3756 1744 3775 non
1759 3745 1915 3781 indignum.
1947 3745 2067 3782 Quintil.
2086 3746 2133 3775 lib.
2147 3749 2172 3775 6.
2193 3755 2222 3774 ca
2247 3768 2252 3774 .
2270 3755 2292 3773 1.

1437 3783 1662 3813 AunoNfros
1675 3806 1682 3818 ,
1705 3785 1768 3813 siris.
1797 3792 1831 3811 m.
1861 3784 2049 3818 [exaequans]
2080 3784 2137 3813 Cic.
2157 3784 2187 3812 in
2231 3783 2305 3821 opic.

1475 3830 1533 3850 non
1543 3830 1615 3857 eges.
1648 3821 1731 3850 Ovid.
1746 3833 1771 3856 4.
1789 3820 1858 3849 Met.
1871 3823 1933 3854 ⁶63·

1518 3858 1737 3895 Admonitorque
1750 3867 1867 3896 operum
1881 3856 1954 3887 coelo
1970 3857 2130 3888 clarillimus
2145 3857 2200 3888 alto

1517 3894 1625 3925 Lucifer
1640 3903 1716 3926 ortus
1730 3903 1796 3926 erat.

2088 2312 2143 2342 Sed
2161 2318 2188 2341 te
2205 2312 2275 2342 illud
2287 2313 2432 2343 ¹admoneo
2443 2335 2451 2349 ,
2480 2319 2511 2343 ut
2527 2313 2544 2342 s1
2559 2313 2614 2342 hoc
2641 2310 2650 2326 ¹¹*

1507 2349 1592 2387 plene
1608 2350 1693 2378 vitare
1711 2360 1769 2379 non
1785 2356 1865 2387 potes
1877 2371 1885 2384 ,
1917 2350 1992 2386 quod
2016 2357 2080 2379 ante
2099 2358 2253 2388 occupatur
2272 2352 2380 2380 animus
2398 2351 2432 2381 ab
2452 2352 2611 2386 iracundia,
2646 2367 2647 2382 1

1507 2397 1590 2424 quam
1602 2388 1747 2425 providere
1757 2388 1825 2417 ratio
1839 2389 1931 2425 potuit
1943 2397 1978 2416 ne
1988 2395 2188 2426 occuparetur,
2210 2396 2240 2418 ut
2249 2396 2276 2418 te
2288 2396 2352 2418 ante
2365 2399 2525 2427 compares,
2546 2398 2613 2427 quo·
2646 2396 2647 2422 j

2388 3256 2463 3285 Tum
2480 3256 2526 3292 obj
2530 3264 2604 3293 urga-
2631 3278 2633 3284 .

2350 3782 2404 3812 Etsi
2422 3780 2596 3812 admonitore
2634 3791 2638 3806 .·

2182 235 2317 272 Equestris
2335 244 2428 271 pugna
2443 236 2518 264 nulla
2536 237 2629 266 3111110-
2666 255 2667 262 1

2633 2829 2641 2919 l

2630 2979 2638 3068 1

2629 3067 2637 3129 l

2629 3133 2636 3200 1

2632 3241 2633 3250 1

2631 3259 2634 3274 1
