2641 4187
462 87 491 123 A
589 86 618 121 C
718 87 747 121 C

82 172 219 239 Aepers‘i‘te
229 193 237 207 ‚
266 170 429 210 imperativo
440 191 449 205 ‚
479 167 513 197 ab
531 167 653 198 Accerso.
691 167 774 198 Ovid.
797 180 823 204 4.
856 168 923 199 Fast.
947 172 1010 205 263.

101 211 121 240 A
136 215 170 238 et.
187 213 203 238 6
224 220 251 238 0.

168 221 301 277 Ite4b0nis
310 245 408 275 avibus
418 265 426 279 ,
447 242 611 281 prolemque
625 241 753 273 accersite
767 244 893 273 nostram,

45 287 92 317 Ac
100 295 117 314 c
126 294 140 313 ε
149 294 163 312 a
173 295 185 313 s
195 286 233 313 ir
241 294 258 312 u
267 293 279 311 s
289 305 297 315 ,
318 293 334 311 a
343 304 351 317 ,
373 291 429 311 um.
453 280 721 316 [patmzeae7·npciv&]
743 280 837 309 Piirtic.
861 281 989 311 vocatus.

82 322 248 353 Accersitum
259 321 373 349 dictum,
404 319 462 348 Cic..
476 327 499 346 2.
522 317 556 345 de
575 316 651 346 Orat.
668 326 726 351 142,
775 318 937 349 Cavendum
949 319 987 348 est
1000 328 1035 348 ne
1046 318 1206 351 accersitum

102 360 207 391 dictum
224 363 354 396 putetur:
389 355 528 393 pei-multa
541 361 634 383 tamen
649 360 729 384 acute
741 355 874 386 dicemus.
912 356 975 386 Hoc
993 356 1049 392 est,
1078 355 1206 391 Aliunde,

104 399 131 427 δι
142 397 259 426 nimium
270 394 353 431 longe
364 395 492 431 petitum.

84 433 308 464 Commendatio.
333 432 399 461 Plin.
417 431 464 460 lib.
481 440 520 465 ις.
539 440 598 467 cap.
615 440 636 458 1.
658 439 680 460 1.

83 471 199 503 Rivulus
210 470 353 499 accerfitus
365 471 391 498 Si
402 469 509 497 ductus.
535 467 592 496 Cic.
607 476 658 504 pro
671 465 761 497 Coelio
775 476 816 502 14.
854 468 880 497 Si
898 468 953 506 ipse
964 470 1067 497 orietur
1079 468 1106 498 Sc
1118 466 1210 497 nascc-

102 517 147 539 tur
156 518 190 539 ex
204 507 258 539 sese
268 530 276 542 ‚
296 506 405 538 tortasse
421 513 450 535 ut
462 505 536 535 soleo
547 505 761 534 commovebor:
785 504 822 532 sin
835 514 927 535 autem
936 514 967 535 ut
977 506 1079 536 rivulus
1088 527 1096 540 ,
1119 514 1210 534 accer-

103 547 168 576 situs
181 547 206 575 Sc
219 546 318 574 ductus
329 544 431 581 abipso
443 544 532 581 capite
544 541 725 572 accusationis
741 542 833 571 vestrae
843 565 851 577 ,
873 543 993 573 laetabor.
1043 549 1045 551 ·

84 583 236 618 Accersitus
255 583 290 612 ad
309 582 439 619 aliquem.
478 581 564 611 Plaut.
586 580 676 611 Cistcl.
697 590 719 610 1.
745 590 767 610 1.
788 589 848 616 107.
890 581 962 611 Nam
981 582 1016 611 ad
1033 586 1149 612 matrem
1167 589 1210 609 ac.

104 621 198 652 cerslta
212 621 279 651 suin.

85 659 240 727 Dliiegcriptio
258 657 403 694 accersita,
423 657 650 694 Supervacanea,
671 664 731 685 non
742 655 851 690 nativa,
873 665 925 686 nec
939 657 1058 694 propria.
1088 654 1208 692 Quintil.

148 720 154 726 .
169 707 195 726 2.
212 706 244 726 ca
255 706 272 725 1.
285 707 311 730 4-

87 735 196 768 Humus
206 706 334 764 acclerfita
346 734 371 762 &
386 732 507 763 advecta.
540 730 659 767 Quintil.
675 729 722 758 lib.
737 739 762 760 2.
780 738 840 767 cap.
857 734 898 760 16.

88 772 237 804 Accersitus
248 771 347 808 aliquis
359 771 387 799 in
401 780 494 808 opere.
523 770 581 801 Cic.
595 770 648 798 Att.
662 767 709 797 lib.
726 775 766 803 13.
785 774 848 803 283.
866 777 891 804 7.
933 769 1026 798 Nicias
1042 766 1213 799 aDolabella

106 812 136 841 in
149 819 249 847 magno
262 819 346 846 opere
361 808 514 837 accerlitus.
552 807 636 837 Vetus
646 804 788 842 exemplar
798 805 897 839 habet,
921 807 939 834 A
956 805 1100 836 Dolabella
1111 815 1212 843 magno

108 857 192 886 opere
207 846 355 876 arcellitus.
395 846 473 875 Dixit
487 851 579 874 autem
592 845 695 881 Alugno
710 852 794 881 opere
804 865 811 878 ‚
833 853 884 880 pro
900 843 1077 882 Alagnopere.

88 886 170 918 Sacra
181 885 282 915 adscita
299 892 380 922 atque
395 883 529 914 accersita.
560 882 617 911 Cic.
631 886 656 910 ό.
680 880 751 909 Verr.
769 890 828 909 102.
870 881 953 910 Nunc
968 892 1032 912 vero
1049 882 1078 910 in
1089 890 1214 911 commu-

108 925 138 954 ni
153 924 281 953 omnium
300 922 424 960 gentium
443 921 577 958 religione
589 941 596 954 ‚
626 920 710 955 inque
726 918 767 948 his
780 918 858 947 sacris
874 928 933 955 quae
951 921 1069 954 majores
1086 919 1168 950 nostri
1180 919 1214 946 ab

108 962 210 991 exteris
223 960 383 990 nationibus
395 959 496 988 adscita
506 964 588 995 atque
598 956 727 999 accersita
743 955 908 991 coluerunt,
937 957 1108 995 negligentes
1121 963 1152 986 ac
1163 954 1215 984 dis-

109 1000 192 1029 soluti
205 999 222 1028 si
235 999 380 1037 cupiamus
392 996 445 1026 ell'e
455 1019 463 1032 ,
484 998 530 1034 qui
542 996 683 1032 pollumus
692 995 705 1022 ‘2

89 1038 188 1070 Studia
204 1037 332 1071 accersita
348 1035 469 1064 aliunde.
514 1033 571 1063 Cic.
594 1044 620 1068 4.
641 1030 724 1061 Tusc.
748 1040 771 1067 3.
817 1030 880 1061 Hoc
902 1038 994 1060 autem
1014 1031 1078 1062 1000
1093 1029 1217 1061 confide-

109 1076 181 1107 ranti
199 1075 268 1107 mihi
285 1074 374 1105 studia
391 1072 523 1101 doctrinae
535 1093 543 1106 ‚
573 1069 661 1100 multa
681 1069 744 1098 sane
758 1075 909 1098 occurrunt
925 1080 974 1099 cur
994 1079 1025 1098 ea
1045 1079 1154 1106 quoque
1173 1078 1217 1097 ac-

110 1114 206 1147 cersita
219 1112 331 1144 aliunde
342 1133 351 1147 ‚
378 1119 469 1147 neque
482 1108 572 1138 solum
590 1107 730 1146 expetita,
760 1105 808 1137 sed
822 1107 906 1137 etiam
921 1107 1081 1138 conservata
1099 1109 1125 1137 ὁὶ
1142 1105 1217 1138 culta

110 1152 265 1182 videantur.

91 1190 221 1222 Somnus.
250 1188 372 1224 Propert.
389 1184 436 1215 lib.
451 1193 475 1222 3.
496 1195 538 1221 15.
555 1194 596 1220 14.

184 1224 335 1256 Accersitus
349 1224 402 1252 erit
420 1221 532 1252 somnus
550 1223 579 1251 iu
593 1221 648 1251 offa
662 1231 733 1251 mea.

1058 169 1135 200 Idem
1159 180 1168 200 1
1178 183 1201 207 ς.

92 1265 160 1296 Hor.
174 1274 200 1294 2.
219 1263 274 1292 Sat.
290 1271 313 1299 3.
331 1265 394 1290 262.
436 1261 502 1297 Quo
514 1261 653 1290 rediturus
668 1265 726 1288 erat
739 1267 797 1288 non
811 1257 959 1289 arcessitus.

55 1304 304 1335 Accmmrrus,
325 1300 366 1328 us.
396 1309 432 1328 m.
465 1295 662 1334 [μετάκλησκ]
694 1298 752 1326 Cic.
773 1307 795 1325 i.
817 1297 852 1325 de
871 1297 933 1326 Nat.
956 1297 1039 1328 Deor.
1060 1305 1105 1333 23.
1146 1295 1220 1326 Nam

90 1349 158 1408 {illm
175 1338 373 1407 ffflshLatims
398 1337 434 1366 ad
452 1347 536 1373 eum,
569 1336 652 1376 ipsius
671 1342 768 1373 rogatu
788 1334 975 1372 accersituque
991 1334 1133 1364 venissem.
1185 1334 1220 1364 Et

124 1383 179 1408 aut.
234 1386 249 1407 c
291 1386 316 1405 2.
334 1385 359 1404 2.
395 1399 401 1405 .

56 1415 308 1449 Aecexsrroiz,
329 1384 402 1449 oris3,
423 1423 460 1443 m.
490 1407 694 1448 [μετακλητῆς]
726 1410 853 1440 Vocator.
877 1410 957 1448 Apul.
998 1410 1117 1441 Mittunt
1133 1419 1149 1438 e
1166 1408 1220 1438 suis

92 1453 283 1483 accersitorem
294 1461 391 1481 unum.
413 1450 481 1480 Plin.
495 1450 578 1488 Epist.
594 1459 655 1478 ror.
694 1449 854 1478 Ammianus
866 1458 977 1486 quoque
988 1459 1031 1485 29.
1048 1459 1088 1477 io.
1112 1447 1217 1483 (Vales.

92 1501 154 1530 cap.
169 1501 192 1520 1.
208 1496 276 1519 extr.
289 1491 300 1525 )
338 1488 428 1518 verba
438 1488 577 1526 placentia
587 1486 740 1517 accersitori
755 1486 849 1524 loqui:
879 1486 928 1517 ubi
943 1486 1134 1517 Accusatorem
1148 1486 1222 1514 acto-

64 1557 68 1558 .
94 1539 209 1566 remque
222 1527 358 1557 forensem
373 1526 513 1564 significat.

56 1567 219 1602 AecTno,
247 1566 286 1601 is,
309 1565 368 1600 idi,
399 1563 584 1600 [waarirda.
606 1558 745 1598 σνμέοᾶνω,
767 1557 956 1597 ωεθσπξῐσὶνω]
986 1571 1040 1593 ere.
1085 1560 1168 1600 Quasi
1186 1560 1222 1590 ad

94 1605 214 1641 (idest,
233 1604 332 1641 juxta)
353 1602 458 1640 aliquid
468 1602 575 1632 cadere.
599 1607 647 1637 ut,
669 1600 800 1630 Accidere
813 1600 847 1628 ad
859 1610 956 1637 genua.
995 1599 1115 1629 Verbum
1127 1600 1222 1628 inven-

92 1649 126 1675 tu
140 1652 231 1674 rarum
242 1664 251 1678 ‚
280 1641 330 1670 nisi
344 1641 373 1669 in
389 1641 478 1670 tertiis
492 1640 623 1678 personis.
657 1638 772 1669 Sueton.
789 1638 818 1666 in
834 1638 889 1673 jur.
909 1648 968 1677 cap.
984 1648 1028 1667 20.
1042 1649 1067 1670 o.
1106 1637 1160 1672 Ut,
1186 1637 1222 1666 ad

95 1690 187 1720 genua
206 1680 255 1710 sibi
272 1679 419 1709 accideret.
447 1678 505 1707 Cic.
522 1679 575 1708 Att.
595 1688 616 1708 1.
635 1687 660 1714 9.
695 1677 737 1706 Ad
756 1676 842 1714 pedes
860 1677 986 1705 omnium
1001 1675 1137 1713 sigillatim
1152 1675 1224 1704 acci-

96 1720 182 1751 dente
194 1717 303 1748 Clodio.
329 1716 392 1746 Ter.
405 1717 474 1747 Hec.
489 1726 512 1751 3.
527 1725 551 1751 3.
572 1721 613 1750 18.
650 1714 713 1750 Jam
725 1720 757 1744 ut
772 1714 859 1743 limen
874 1715 978 1743 exirem
989 1736 996 1748 ‚
1028 1713 1064 1742 ad
1077 1723 1166 1750 genua
1181 1722 1225 1742 ac-

95 1757 174 1789 cidit.
204 1756 258 1786 Ubi
275 1755 377 1786 Donat.
416 1754 548 1784 Accidere
560 1776 568 1788 ,
589 1753 628 1782 est
639 1752 713 1790 gestu
732 1752 856 1789 corporis
875 1752 1018 1783 ostendere
1036 1750 1224 1782 humilitatem

94 1794 222 1825 cadentis
234 1816 241 1829 ,
262 1800 376 1831 propter
389 1793 429 1822 Ad
439 1815 447 1827 ,
470 1792 546 1829 quod
557 1791 596 1820 est
606 1790 689 1826 Juxta
700 1812 708 1826 ‚
732 1792 758 1819 ὃς
769 1790 876 1819 cadere.

94 1832 251 1867 Accidere,
284 1831 390 1860 vetuste
413 1830 534 1868 positum
554 1839 618 1858 cum
641 1828 795 1857 accusativo
815 1828 870 1857 sine
896 1827 1098 1868 praepofitione.
1135 1812 1221 1856 131aut.

115 1870 203 1901 Stich.
226 1880 249 1899 1.
269 1879 294 1898 2.
320 1879 363 1905 31.
412 1870 495 1898 Certo
514 1868 589 1897 enim
607 1866 675 1895 milii
693 1873 815 1904 paternae
835 1867 912 1895 vocis
935 1865 1039 1895 sonitus
1058 1875 1136 1894 aures
1154 1865 1226 1894 acci-

116 1909 167 1939 dit.
189 1907 256 1943 Pro,
271 1907 313 1937 Ad
324 1916 401 1936 aures
412 1929 420 1942 ,
434 1906 480 1936 vel
491 1905 610 1935 auribus.
636 1903 742 1933 Sallust.
756 1904 785 1932 in
793 1903 920 1941 jugurth.
933 1903 963 1933 C.
981 1914 1023 1939 14.
1062 1903 1141 1939 Quos
1154 1903 1226 1933 acci-

116 1947 207 1977 dam?
237 1952 285 1975 aut
297 1955 367 1983 quos
385 1943 546 1983 appellem?
577 1943 646 1978 Pro,
668 1942 709 1972 Ad
724 1952 811 1978 quos.
832 1941 876 1970 vel
888 1942 922 1971 ad
940 1951 1059 1979 quorum
1076 1951 1165 1978 genua
1183 1951 1227 1970 ac—

117 1984 227 2020 eidam,
256 1983 287 2013 id
305 1983 362 2019 est,
393 1982 494 2021 quibus
515 1980 679 2021 supplicem.
726 1979 876 2017 [Plerique
898 1985 994 2010 tamen
1011 1979 1100 2009 Codd.
1122 1979 1227 2012 habent

144 2021 174 2048 ub
190 2024 312 2050 Accedam
322 2029 334 2050 :³

97 2024 231 2091 diffidere
252 2068 302 2098 pro
325 2057 439 2088 Cadere.
475 2056 540 2087 Caes.
555 2065 579 2092 3.
602 2055 671 2086 Beli.
691 2054 760 2086 Gall.
781 2065 822 2091 14.
867 2054 906 2084 Ut
931 2064 1022 2091 neque
1039 2063 1074 2084 ex
1096 2053 1226 2085 inferiore

105 2097 182 2140 ¹loco
196 2096 257 2127 satis
272 2096 421 2127 commode
437 2095 492 2125 tela
509 2095 592 2131 adjici
606 2094 734 2132 possent,
764 2094 790 2124 &
807 2092 885 2124 missa
898 2102 915 2123 a
932 2092 1016 2123 Gallis
1029 2093 1138 2131 gravius
1156 2093 1227 2123 acci-

119 2136 225 2166 derent.
259 2135 366 2166 Ennius
382 2135 413 2163 in
428 2134 509 2164 Rhet.
526 2133 561 2162 ad
575 2132 676 2161 Heren.

178 2172 293 2207 Utinam
307 2183 342 2202 rie
355 2173 385 2202 in
399 2181 513 2202 nemore
527 2170 603 2200 Pelio
618 2169 758 2200 securibus

176 2211 254 2243 Caesa
266 2210 407 2242 accidisset
419 2211 536 2248 abiegna
550 2208 586 2238 ad
599 2214 699 2237 terram
713 2207 813 2238 trabes.

100 2250 209 2282 Accidit
225 2250 354 2285 auribus,
381 2250 408 2279 ὃς
426 2249 461 2281 ad
478 2256 573 2283 aures,
601 2256 651 2285 pro
667 2247 777 2276 eodem.
818 2245 900 2275 Unde
916 2245 943 2274 δε
956 2243 1132 2282 philosophi,
1159 2245 1227 2274 teste

119 2289 265 2325 Pristiano,
286 2288 392 2318 Vocem
406 2286 547 2316 diffiniunt
559 2307 565 2321 ‚
586 2292 619 2317 ut
628 2285 661 2318 sit
671 2294 716 2314 aer
728 2285 799 2314 ictus
809 2306 817 2320 ‚
838 2283 950 2312 auribus
960 2281 1098 2312 accidens.
1127 2281 1185 2312 Liv.
1199 2288 1225 2318 8.

120 2327 155 2356 ab
169 2326 242 2357 Urbe
253 2337 298 2363 24.
339 2325 426 2363 Quod
439 2325 488 2354 ubi
502 2324 537 2354 ad
549 2333 627 2353 aures
641 2323 744 2352 accidit
754 2322 833 2360 regis.
874 2320 906 2350 Id
922 2321 960 2349 est
970 2343 978 2355 ‚
998 2320 1135 2350 Pervenit.

98 2365 234 2397 Accidere
243 2375 295 2407 pro
311 2364 428 2394 Evenire
438 2386 446 2400 ,
467 2364 603 2392 duntaxat
621 2362 651 2390 in
663 2361 751 2390 tertiis
762 2359 902 2398 personis:
933 2357 982 2387 sed
998 2358 1109 2396 proprie
1123 2358 1157 2387 de
1172 2368 1230 2388 ma.

120 2402 154 2433 lis
169 2403 287 2439 dicitur,
308 2402 378 2433 sicut
387 2401 558 2439 Contingere
570 2400 605 2429 de
622 2399 712 2429 bonis.
744 2399 802 2428 Cic.
815 2409 841 2433 4.
862 2397 944 2426 Acad.
959 2406 985 2425 2.
1006 2402 1047 2430 18.
1088 2395 1123 2426 Et
1139 2395 1229 2433 siquid

120 2441 224 2473 adversi
245 2441 385 2473 acciderit.
425 2440 505 2473 Idem
524 2439 552 2468 in
574 2437 657 2467 Laelio
680 2448 722 2468 ιο.
763 2435 843 2468 Nihil
864 2434 931 2467 mali
950 2433 1081 2468 ,accidisse
1103 2434 1229 2473 Scipioni

117 2486 210 2518 puto:
236 2479 305 2509 mihi
319 2478 439 2513 accidit,
460 2477 549 2517 siquid
562 2476 673 2509 accidit.
1148 2475 1151 2477 ’

102 2517 212 2549 Accidit
222 2517 371 2547 calamitas.
402 2515 460 2549 Cic.
474 2525 517 2553 13·
535 2514 610 2547 Fani.
623 2519 648 2548 8.
668 2525 691 2552 5.

103 2555 199 2586 Dolor.
230 2555 287 2585 Cic.
301 2559 326 2584 6.
342 2555 416 2584 Verr.
435 2564 496 2590 119.

104 2594 237 2624 Accidere
252 2593 322 2623 casu.
353 2592 436 2624 Ovid.
451 2602 476 2622 2.
493 2591 574 2630 Epist.
591 2601 637 2628 49.

103 2631 203 2669 Siquid
214 2631 255 2661 illi
273 2631 397 2666 accidat,
427 2640 478 2670 pro
496 2630 525 2661 Si
538 2630 609 2659 forte
626 2628 767 2658 moriatur.
811 2627 906 2658 Genus
925 2626 963 2656 est
982 2625 1117 2663 loquendi
1137 2625 1173 2655 ad
1188 2626 1228 2656 vi-

120 2670 237 2701 mandam
249 2669 383 2699 sermonis
397 2669 570 2698 atrocitatem
586 2668 750 2697 inventum:
781 2665 876 2694 durius
892 2665 967 2693 enim
986 2665 1096 2694 auditur
1111 2664 1228 2694 verbum

124 2707 217 2744 Mori,
237 2717 303 2737 cuin
313 2707 348 2736 de
359 2706 516 2737 viventibus
528 2705 678 2743 loquimur.
711 2704 845 2742 Pompon.
860 2703 894 2732 de
906 2702 986 2732 Verb.
1000 2703 1096 2740 Signis.
1136 2702 1228 2739 Siquis

123 2745 164 2777 ita
173 2745 204 2774 in
213 2745 377 2778 testamento
393 2744 545 2783 scripserit,
570 2744 668 2781 Siquid
686 2741 744 2772 filio
763 2751 826 2770 meo
842 2740 981 2770 acciderit.
1021 2741 1122 2770 Damas
1137 2740 1228 2769 servus

123 2792 204 2813 meus
215 2783 286 2814 'liber
299 2784 374 2813 esto:
403 2783 519 2813 Mortuo
536 2781 612 2817 filio,
640 2781 742 2810 Damas
753 2779 822 2808 liber
833 2779 893 2808 erit.
934 2778 1012 2809 Licet
1024 2779 1101 2808 enim
1120 2777 1228 2807 accidat

127 2822 155 2851 ἂ
165 2821 233 2851 viv‘is
243 2843 252 2857 ‚
271 2826 393 2851 attamen
407 2820 483 2858 vulgi
499 2820 624 2849 sermone
638 2819 722 2848 etiam
732 2827 806 2848 mors
822 2816 994 2854 significatur.
1024 2816 1082 2848 Cic.
1096 2826 1121 2845 2.
1138 2816 1173 2846 de
1185 2815 1229 2845 In-

125 2865 200 2888 vent.
217 2862 277 2893 168.
315 2859 412 2896 Siquid
424 2857 534 2897 pupillo
551 2857 701 2886 aecidiffet.
741 2855 773 2885 In
791 2855 842 2884 hac
854 2854 1000 2884 locutione
1013 2854 1164 2892 aliquando
1183 2854 1229 2883 ad,-

126 2897 250 2935 jungitur
260 2896 438 2932 adverbium,
459 2896 636 2927 Huinani'tus.
669 2895 727 2924 Cic.
744 2904 767 2922 1.
787 2892 905 2930 Philipp.
921 2903 945 2930 7.
988 2892 1043 2923 Sed
1059 2898 1108 2936 pt,
1130 2892 1148 2921 si
1160 2892 1229 2929 quid

126 2935 197 2964 mihi
213 2935 372 2964 humanitus
391 2933 562 2972 contigisset,
592 2935 644 2963 &a
695 2932 761 2968 [Ita
782 2931 871 2960 Graeci
892 2933 949 2958 inem
972 2934 1102 2967 ovpossouvfi·
1145 2929 1227 2967 Diog.

127 2972 216 3002 Laert.
227 2973 258 3002 in
268 2972 386 3003 Testam.
402 2973 508 3003 Aristot.
530 2970 713 3011 Theophrasti
726 2972 751 3000 ἑὲ
766 2968 892 2998 aliorum.

106 3010 249 3042 Accidunt
268 3011 351 3040 etiam
371 3011 452 3040 bona.
491 3010 556 3039 Ter.
576 3009 645 3038 And.
666 3019 691 3038 2.
713 3018 736 3045 3.
759 3018 804 3042 24.
856 3007 963 3035 interea
974 3005 1080 3042 aliquid
1099 3005 1232 3035 acciderit

60 3049 66 3053 ⁸
127 3048 204 3078 boni.
245 3048 300 3078 Ubi
311 3048 414 3078 Donat.
444 3048 520 3078 Nota
539 3047 711 3084 (acciderit)
732 3047 815 3079 etiam
831 3054 884 3084 pro
897 3044 989 3080 bono,
1012 3044 1070 3075 &Aa
1086 3043 1230 3079 Terentio,

127 3089 155 3119 ἃ
167 3096 182 3116 a
202 3086 243 3116 ud
255 3092 361 3117 veteres
371 3087 586 3124 frequentatum.

107 3125 175 3156 Acci
197 3134 242 3154 ere
261 3125 345 3154 alicui
362 3124 467 3162 aliquid
486 3130 601 3162 gratum.
639 3122 697 3152 Cic.
714 3131 738 3156 3.
753 3121 829 3151 Fam.
846 3130 869 3150 1.
890 3131 916 3153 4.
958 3118 1062 3148 Omnia
1075 3127 1136 3156 quae
1153 3128 1169 3150 a
1185 3127 1231 3147 me

148 3162 252 3193 rofefta
261 3161 365 3193 suntin
375 3170 422 3198 te,
442 3162 494 3191 tibi
504 3160 632 3192 accidisse
643 3159 799 3198 gratissima,
818 3160 837 3188 i.
850 3168 874 3188 e.
893 3156 980 3186 fuisse.

144 3201 221 3238 'quid
232 3199 489 3236 alicuijucundum.
518 3200 575 3229 Cic.
590 3208 613 3235 3.
631 3199 706 3228 Fam.
722 3208 762 3226 11.
804 3197 874 3233 Quae
886 3195 979 3224 scribis
988 3194 1023 3224 ad
1032 3203 1094 3229 me,
1115 3194 1232 3223 minime

126 3239 197 3269 mihi
210 3238 351 3274 miranda,
374 3240 413 3268 Ξ(
410 3238 531 3268 maxime
543 3236 667 3273 jucunda
678 3236 849 3265 acciderunt.

108 3277 242 3313 Accidere
253 3275 336 3307 alicui
353 3275 458 3313 aliquid
473 3275 630 3312 jucundum
642 3283 682 3303 ,ex
696 3273 798 3310 aliquo.
824 3272 882 3302 Cic.
899 3281 921 3300 1.
942 3271 996 3300 Att.
1014 3280 1038 3305 5.
1053 3307 1059 3312 ι
1076 3269 1150 3312 Nam
1164 3269 1233 3298 mihi

79 3317 81 3319 ’
129 3315 224 3344 omnia
238 3324 298 3352 quae
314 3314 439 3349 jucunda
453 3323 488 3342 ex
501 3313 672 3343 humanitate
685 3311 796 3341 aiterius
809 3312 835 3341 Sc
846 3308 969 3340 moribus
983 3308 1092 3337 homini
1106 3307 1233 3338 accidere

126 3351 257 3390 possunt,
278 3361 315 3382 ex
325 3351 375 3381 illo
390 3351 562 3383 accidebant.

105 3390 255 3428 ‚AEgritudo
264 3390 367 3420 accidit
379 3389 471 3419 alicui.
496 3389 586 3418 Tacit.
601 3388 670 3417 Ann.
680 3386 732 3416 lib.
745 3396 772 3416 2.
790 3397 814 3422 5.

109 3428 271 3464 Dubitatio,
291 3437 342 3466 pro
357 3427 456 3457 Evenit
468 3427 513 3458 vel
522 3426 633 3456 Incidit.
660 3424 718 3455 Cic.
733 3434 756 3461 3.
774 3423 832 3454 Off.
845 3433 889 3459 23.
1024 3458 1030 3464 .

108 3466 244 3498 Facultas.
267 3465 332 3496 Caes.
346 3465 394 3495 lib.
407 3475 432 3498 7.
447 3477 492 3501 44.
528 3464 659 3493 Accidere
670 3463 724 3492 visa
734 3462 771 3491 est
782 3461 896 3491 facultas
910 3460 982 3489 bene
992 3468 1030 3488 rei
1045 3458 1182 3496 gerendae.

111 3504 210 3540 Fama,
231 3513 281 3542 pro
293 3503 376 3532 Venit
385 3526 392 3538 ‚
413 3503 466 3532 sive
478 3502 560 3532 allata
571 3502 617 3530 est.
649 3501 707 3530 Liv.
721 3511 745 3537 7.
761 3500 829 3530 Bell.
843 3500 909 3529 Puri.
926 3501 986 3533 164.

111 3540 225 3574 Novum
236 3564 244 3577 ‚
267 3543 294 3571 δε
311 3541 417 3578 aliquid
432 3542 507 3570 novi.
536 3540 601 3569 Ter.
620 3538 729 3568 Phorm.
746 3549 768 3567 1.
785 3549 809 3574 ς.
826 3548 871 3567 20.
909 3535 967 3566 Cic.
984 3544 1026 3570 15.
1039 3533 1118 3565 Fam.
1135 3543 1161 3563 2.
1189 3543 1231 3564 11.

132 3579 204 3611 Cum
216 3579 363 3611 admirarer
376 3579 443 3617 quid
457 3577 598 3608 accidisset
612 3578 686 3605 novi.
1109 3611 1113 3613 ‘

107 3615 245 3655 Tenspus.
275 3617 333 3660 Cic.
349 3627 371 3646 1.
387 3617 462 3646 Verr.
499 3616 605 3653 Siquod
616 3624 726 3652 tempus
738 3612 896 3648 accidisset,
923 3619 978 3648 quc·
986 3616 1116 3647 ‘tempore
1129 3607 1236 3645 aliquid

131 3665 147 3687 a
157 3665 202 3685 me
212 3661 393 3693 requirerent.
909 3685 915 3691 ι
1129 3684 1146 3692 ..
1227 3684 1233 3690 ,

111 3692 254 3723 Voluntas.
288 3692 345 3722 Cic.
358 3703 384 3722 2.
403 3692 438 3722 de
449 3691 559 3722 invent.
576 3700 636 3727 124.
678 3689 814 3720 Voluntas
829 3687 948 3722 accidit,
968 3691 1000 3715 ut
1019 3684 1234 3715 artem‘tucendi

131 3730 369 3769 peiscriberemus.

111 3768 408 3801 Evenire&accidere.
437 3766 493 3797 Cic.
507 3770 532 3796 6.
551 3767 626 3797 Fam.
639 3775 683 3795 21.
701 3774 725 3802 3.

128 3817 164 3839 ea
178 3815 238 3844 quae
251 3807 420 3837 acciderunt.

113 3844 235 3875 Eventus
251 3844 361 3873 accidit.
391 3842 448 3872 Cic.
464 3852 486 3871 1.
504 3843 539 3871 de
552 3841 645 3871 Dium.
661 3850 722 3876 104.
759 3839 888 3875 Mihique
903 3848 919 3867 a
937 3837 1075 3876 peritisin
1092 3836 1150 3866 Asia
1166 3846 1234 3874 prae-

133 3882 239 3911 dictum
249 3882 286 3910 est
295 3904 304 3917 ,
323 3882 382 3910 fore
393 3890 440 3909 eos
451 3887 566 3909 eventus
576 3889 667 3908 rerum
677 3901 685 3914 ,
708 3878 754 3915 qui
766 3877 936 3906 acciderunt.

112 3919 246 3987 Accvidere
258 3926 363 3989 lpraeter
382 3919 554 3960 opinionem.
593 3916 651 3947 Cic.
669 3926 721 3955 pto
739 3915 831 3946 Plane.
851 3923 893 3945 12.
933 3912 1013 3945 Nihil
1030 3918 1062 3945 ut
1072 3911 1234 3954 plerunque

162 3984 164 3987 .
187 3967 238 3987 oi..
277 3982 279 3985 .
614 3969 617 3970 ⁷

764 3762 913 3793 Timebam
926 3762 1019 3797 enim,
1040 3770 1076 3790 ne
1090 3754 1234 3790 evenirent

1073 4053 1095 4065 x<

1274 1330 1483 1363 Accinaus,
1504 1330 1592 1365 entis⁷
1613 1328 1753 1365 absolute,
1774 1341 1793 1359 n

1282 2618 1443 2655 Aecrso,
1465 2629 1512 2655 es,
1536 2619 1593 2654 ivi,
1619 2622 1701 2648 itum.

1283 2771 1471 2808 ACCINGO,
1500 2772 1547 2808 Xl,
1576 2772 1671 2807 (stum,
1704 2772 1874 2807 [empgf-igw‚
1902 2769 2020 2806 'efficacem

1685 88 1712 124 A
1811 90 1840 124 C
1941 87 1970 122 C
2371 102 2418 136 27

1315 170 1425 203 evenit.
1453 178 1550 212 prseter
1569 169 1734 207 opinionem
1755 170 1871 205 accidet.-
1904 169 1981 200 ldem
2000 179 2023 203 3.
2044 167 2117 197 Fam.
2141 178 2182 198 ro,
2224 169 2345 199 Graviter
2366 173 2420 209 pri.

1316 216 1362 234 mii
1382 214 1480 235 nuntio
1496 216 1653 241 commotus
1667 206 1744 241 suin,
1775 207 1851 243 quod
1869 206 1938 235 nihil
1957 213 2012 234 tun
2031 215 2123 243 pnetei
2148 208 2312 244 opinionem
2330 218 2420 239 meam

1317 245 1442 273 accidere
1454 246 1555 281 potuit.

1298 281 1430 322 Accidere
1448 291 1476 310 ut
1493 291 1526 311 cx
1538 305 1545 316 ‚
1567 283 1617 312 ὅτε.
1652 281 1770 318 Quintil.
1789 280 1835 309 lib.
1851 291 1876 310 2.
1896 290 1955 319 cip.
1975 290 2017 317 ¹7-
2035 291 2077 309 20.
2117 281 2193 310 Adeo
2212 288 2243 310 ut
2261 283 2307 311 vix
2323 292 2357 312 ex
2375 285 2421 312 ad-

1318 318 1434 346 numbili
1448 321 1568 355 quodum
1580 319 1641 348 casu
1656 319 1738 357 poilit
1751 319 1885 348 accidere.

1298 355 1431 396 Accidere
1451 366 1546 393 prater
1565 365 1712 394 optatum,
1744 357 1872 385 Accidere
1891 356 1974 385 etium
1995 354 2062 383 nihil
2081 354 2135 384 tile
2154 355 2280 393 speranti.
2316 357 2372 387 Cic.
2391 361 2420 388 in

1318 392 1405 421 l'ilon.
1428 397 1469 426 36.
1512 394 1581 422 lllud
1601 396 1683 424 etiam
1701 395 1803 424 accidit
1817 400 1914 432 practer
1933 399 2056 429 optimu]
2080 403 2191 428 meum,
2225 394 2272 424 sed
2290 395 2368 424 valde
2386 405 2422 426 ex

1318 428 1470 470 voluntate.
1511 431 1569 459 lloc
1581 431 1633 465 est.
1656 432 1780 468 Quiinvis
1793 441 1849 460 non
1861 440 2002 469 optarem,
2025 436 2071 458 aut
2083 432 2223 466 sperarem.

1300 466 1409 508 Accidit
1423 467 1456 508 ad
1469 468 1600 509 animum.
1634 470 1691 498 Cic.
1707 471 1758 499 Att.
1775 470 1823 498 iib.
1838 478 1862 504 3.
1883 474 1927 498 61.
1948 479 1973 503 4.
2019 468 2104 503 Quod
2124 478 2167 497 ine
2186 475 2261 498 vetas
2274 471 2422 506 quicquam

1320 502 1445 539 {ulpicum
1463 505 1634 547 accidiil'ckad
1651 508 1774 536 animuin
1785 515 1882 543 tuum,
1902 505 1979 544 quod
1994 504 2069 534 secus
2085 515 2101 534 a
2115 516 2159 535 ine
2177 516 2239 543 erga
2253 513 2280 535 te
2298 503 2425 537 cominis-

1322 539 1381 582 sum
1392 547 1445 581 'aut
1462 543 1668 577 pr.r:tcrmisliim
1685 546 1831 573 videretur.

1303 577 1411 620 Accidit
1425 578 1468 606 de.
1502 579 1559 607 Cic.
1574 580 1625 608 Att.
1642 580 1688 609 lib.
1706 593 1726 610 i.
1745 593 1784 611 ir.
1807 593 1826 611 i.
1867 580 1974 617 Quasris
1986 589 2020 608 cx
2039 590 2082 609 mc
2101 581 2167 614 quid
2185 581 2317 610 acciderit
2333 581 2368 610 de
2383 582 2425 617 ju-

1322 615 1397 656 dicio
1413 615 1487 657 quud
1499 622 1554 658 [ιρι
1567 625 1663 653 pra-tei·
1675 620 1836 655 opinionem
1849 619 1975 647 oninium
1986 618 2088 647 fictum
2100 620 2146 647 est.

1303 652 1435 681 Accidere
1449 653 1591 695 uliquidrin
1604 654 1695 691 aliquo
1706 678 1712 689 .
1734 667 1783 692 pro
1796 657 1890 685 Alieni.
1920 656 1977 686 Cic.
1993 657 2026 684 de
2042 656 2162 684 l'rovinc.
2176 655 2287 686 Consul.
2325 656 2423 693 Neque

1322 688 1409 753 solpm
1420 689 1534 754 1summo
1552 700 1579 718 in
1597 691 1673 728 viro,
1703 692 1749 721 sed
1761 694 1841 722 etium
1861 695 1889 722 in
1906 694 2040 724 mediocri
2060 693 2174 723 homine
2189 703 2224 722 ne
2241 694 2349 723 accidat
2363 704 2425 732 pro-

1323 736 1362 754 vit
1373 736 1420 755 ent
1432 736 1486 755 um.

1304 764 1414 793 Accidit
1431 765 1459 792 in
1475 770 1502 806 te
1520 764 1589 792 istuc
1609 765 1732 807 verbum.
1760 767 1823 796 Ter.
1840 768 1906 796 And.
1926 779 1948 802 5.
1965 778 1988 803 3.
2009 779 2048 803 ¹4·
2096 769 2201 798 liudem
2219 769 2264 798 die
2284 769 2351 798 istuc
2369 779 2426 798 ver-

1325 801 1391 829 hum
1405 811 1467 844 vere
1486 811 1513 830 in
1528 809 1555 830 te
1573 804 1683 832 accidit.
1722 804 1783 832 lluc
1795 805 1831 833 est
1843 827 1850 838 ,
1881 805 1982 834 Eiidem
2000 806 2045 834 die
2063 808 2156 835 evenit
2172 816 2200 835 ut
2217 806 2283 835 illuc
2300 807 2425 843 verbum,

1324 839 1374 868 Me
1389 839 1534 881 miserum⁷
1557 849 1620 868 vere
1636 841 1662 869 in
1676 848 1702 869 te
1714 850 1900 878 competeret,
1923 853 1983 871 vere
1997 844 2046 871 tibi
2060 845 2228 873 conveniret.

1307 876 1569 920 QUQs¹.2¹¹¹‘.²¹S³Cl‘¹‘⁴t
1584 878 1678 907 timeo.
1710 877 1774 907 Ter.
1790 879 1857 907 And.
1875 889 1895 908 1.
1914 891 1936 915 5.
1952 889 1992 913 ιο.
2034 882 2062 909 ld
2074 882 2128 916 cst,
2150 881 2288 918 Quorsum
2303 882 2409 911 evadit.

1307 914 1416 957 Accidit
1433 915 1574 956 divmitus.
1607 914 1665 944 Cic.
1687 917 1716 944 in
1734 916 1825 945 Partit.
1839 927 1883 952 44.
1927 917 2104 954 Maximeque
2121 919 2138 948 li
2160 921 2189 948 id
2206 920 2338 949 divinitus
2358 921 2429 949 21.—ti-

1327 952 1395 980 dille
1409 960 1531 989 potuerit
1543 952 1639 982 videri.

1307 990 1417 1019 Accidit
1428 1000 1479 1019 uec
1491 990 1627 1027 opinanti.
1653 990 1716 1019 Ter.
1732 990 1798 1020 Hec.
1813 1000 1836 1027 3.
1853 1000 1876 1026 3.
1895 1000 1919 1020 2.

1308 1028 1418 1070 Accidit
1429 1028 1547 1065 politum
1559 1027 1681 1057 absolute
1692 1050 1699 1063 ‚
1721 1028 1851 1065 sequente
1864 1029 1998 1065 particula
2008 1029 2052 1058 Ut.
2076 1030 2132 1060 Cic.
2145 1040 2168 1066 3.
2182 1031 2255 1060 Verr.
2269 1043 2313 1066 42.
2354 1033 2428 1062 Acci-

1328 1065 1465 1102 ditquum
1477 1066 1523 1105 ille
1539 1076 1554 1093 a
1566 1066 1617 1094 Cn.
1630 1066 1775 1095 Dolabella
1786 1066 1970 1101 efflagitasset,
1999 1074 2031 1095 ut
2043 1067 2067 1096 sc
2083 1069 2115 1096 ad
2128 1078 2217 1102 reigem
2234 1070 2426 1105 Nicomedem,

1327 1112 1476 1140 regemque
1487 1102 1612 1145 Sadalam
1625 1105 1755 1138 mitteret,
1771 1105 1821 1133 &cu
1846 1112 1875 1133 ut
1887 1103 1934 1132 illo
1945 1104 2041 1133 itinere
2051 1107 2155 1134 veniret
2168 1107 2352 1143 Lampsacum.
2365 1118 2431 1137 cum

1327 1150 1428 1177 magna
1440 1140 1594 1169 calamitate
1605 1163 1613 1176 ,
1635 1144 1757 1179 &prope
1770 1142 1892 1180 pernicie
1904 1141 2030 1170 civit-itis.
2063 1142 2137 1170 idem
2149 1144 2205 1172 Cic.
2219 1153 2242 1172 2.
2261 1144 2332 1173 Fam.
2351 1156 2390 1174 10.
2409 1155 2430 1173 ι,

1328 1177 1478 1221 Putaresrie
1495 1188 1615 1214 unquam
1628 1180 1752 1208 accidere
1765 1179 1840 1219 polle
1851 1201 1859 1214 ,
1882 1184 1912 1208 ut
1924 1179 1991 1207 milii
2004 1179 2085 1208 verba
2098 1180 2226 1208 duellem.
2402 1181 2405 1183 “

1309 1215 1461 1251 Accidere,
1490 1226 1553 1244 cum
1573 1217 1719 1246 infinitivo.
1751 1217 1808 1246 Cic.
1828 1218 1899 1246 Fam.
1914 1220 1939 1245 6.
1958 1227 1998 1245 12.
2024 1227 2044 1245 1.
2092 1217 2262 1246 Dolabellam
2279 1227 2357 1249 antea
2373 1228 2428 1249 tin·

1329 1254 1478 1296 tummodo
1491 1254 1640 1291 diligebam
1649 1277 1657 1291 ,
1679 1255 1816 1293 obligatus
1828 1256 1852 1284 ei
1864 1254 1935 1285 nihil
1948 1264 2038 1283 eram:
2069 1264 2119 1283 nec
2131 1256 2206 1283 enini
2218 1257 2353 1286 acciderat
2364 1259 2430 1287 mibi

1329 1301 1403 1329 opus
1416 1292 1477 1320 elle.

1371 1368 1375 1372 ⁵
1399 1368 1403 1372 Ι
1814 1326 1987 1366 [συμβεβκκὲς
2003 1325 2164 1364 α-ύιιπἿωμφ]
2191 1330 2329 1360 Diffinitur
2342 1344 2355 1361 a
2370 1333 2431 1361 Dia-

1312 1368 1435 1402 lechcrs,
1466 1368 1552 1403 Quod
1574 1367 1648 1396 adest
1668 1370 1693 1397 ἃ
1711 1368 1784 1397 abest
1806 1375 1902 1405 practer
1926 1367 2040 1402 subjecti
2059 1375 2274 1404 corruptionem.
2314 1369 2431 1404 Quintil.

1312 1405 1361 1434 lib.
1378 1416 1401 1440 ς.
1417 1415 1476 1443 cap.
1493 1416 1534 1433 10.
1575 1405 1678 1440 Causa,
1708 1412 1837 1443 teinpus⁷
1859 1405 1955 1440 locus,
1978 1404 2101 1439 occasio,
2131 1405 2356 1440 instrumentum,
2378 1419 2433 1437 mii-

1314 1443 1383 1478 dus,
1403 1444 1550 1477 &cet-era,
1569 1442 1632 1472 sunt
1643 1453 1733 1472 rerum
1744 1443 1907 1473 accidentia.
1945 1442 2111 1472 Theodorus
2123 1443 2168 1479 qui
2181 1443 2215 1472 de
2228 1454 2279 1477 es),
2297 1454 2330 1478 an
2344 1445 2387 1480 sit,
2407 1449 2432 1475 δι

1314 1481 1350 1510 de
1368 1481 1559 1510 accidentibus
1571 1482 1612 1517 ei,
1641 1481 1670 1510 id
1687 1482 1740 1516 est,
1773 1479 1820 1510 αἷὲὶ
1837 1477 1903 1509 &aiax
1923 1482 1945 1517 ’b‘
1963 1478 2166 1515 συμὸιδῆνέτων,
2194 1482 2329 1510 existimat
2343 1484 2432 1513 missii.

1314 1519 1434 1555 Quintil.
1450 1519 1497 1548 lib.
1513 1528 1536 1555 3.
1551 1528 1611 1556 cap.
1624 1522 1649 1548 6.
1686 1519 1764 1555 Quot
1778 1521 1804 1549 Sc
1821 1519 1867 1556 qui
1881 1519 1981 1547 status:
2005 1519 2031 1548 ὃς
2043 1517 2091 1547 lib.
2104 1529 2130 1554 4.
2144 1527 2204 1556 cap.
2222 1519 2256 1547 tie
2270 1517 2435 1559 hgrcllione',

1314 1556 1438 1586 Personce
1450 1567 1515 1586 cuin
1526 1556 1579 1586 suis
1591 1556 1782 1588 accidentibus
1795 1556 1944 1595 ponendae.

1313 1594 1364 1624 Per
1377 1595 1517 1624 accidens.
1557 1594 1586 1623 V.
1610 1605 1624 1622 P
1634 1605 1646 1623 iz
1656 1605 1679 1624 a.

1277 1632 1323 1663 Ac
1332 1642 1349 1661 c
1357 1644 1366 1661 1
1376 1643 1392 1661 D
1403 1643 1416 1661 a
1425 1642 1444 1661 N
1459 1642 1473 1661 r
1481 1644 1490 1660 1
1498 1643 1517 1660 A
1528 1654 1536 1668 ,
1561 1642 1672 1670 quoque
1689 1639 1824 1662 vocantur
1841 1631 1923 1662 Casus
1931 1632 2090 1661 hominum.
2123 1631 2243 1668 Quintil.
2257 1633 2286 1661 in
2294 1633 2377 1666 ’ἰξατο
2387 1634 2438 1664 Re.

1315 1670 1449 1713 dempto:
1472 1669 1550 1700 Decl.
1565 1681 1588 1706 5.
1605 1670 1635 1699 C.
1652 1680 1676 1705 3.
1716 1671 1840 1707 Quamvis
1853 1671 1958 1704 iudices
1972 1671 2001 1698 in
2018 1677 2093 1699 tanta
2107 1669 2243 1699 malorum
2255 1673 2438 1701 continuatio.

1315 1718 1352 1738 ne
1365 1718 1421 1744 jam
1434 1709 1575 1746 potuerim
1586 1708 1656 1737 nihil
1671 1717 1706 1737 ex
1717 1709 1905 1737 accidentium
1916 1718 2043 1744 ineptum
2059 1708 2180 1737 novitate
2193 1709 2292 1737 mirari.
2313 1712 2338 1738 ὁὶ
2349 1710 2379 1738 C.
2393 1720 2437 1745 23.

1315 1756 1344 1786 Ρ.
1369 1750 1446 1789 126.ο
1469 1746 1525 1789 Hic
1538 1756 1648 1783 nanque
1659 1746 1784 1776 robustus
1803 1757 1834 1776 ac
1851 1746 1976 1784 patiens,
2006 1755 2064 1774 non
2079 1745 2179 1774 molliri
2197 1745 2332 1784 prosperis
2351 1747 2439 1784 facile,

1317 1794 1377 1851 ἓοη
1389 1784 1580 1813 accidentibus
1593 1784 1700 1822 frangi,
1727 1786 1778 1814 dcc.
1816 1784 1848 1814 Id
1863 1784 1918 1819 est,
1940 1783 2034 1813 Rebus
2051 1783 2176 1813 adversis.
2209 1784 2283 1813 conf.
2303 1784 2380 1814 Decl.
2398 1796 2439 1823 17-

1344 1845 1348 1851 .
1369 1832 1406 1851 12.
1423 1832 1450 1860 p.
1464 1831 1526 1858 342.

1316 1860 1496 1895 Accidentia,
1525 1860 1609 1889 etiam
1625 1866 1761 1889 vocantur
1779 1870 1795 1889 a
1813 1859 2022 1893 Grammaticis,
2053 1858 2165 1895 Genus,
2191 1859 2313 1897 species,
2341 1859 2442 1898 figura,

1318 1904 1430 1935 tenipus
1439 1920 1447 1933 ,
1469 1899 1495 1927 r&
1507 1906 1605 1926 caetera
1617 1907 1677 1945 quae
1686 1899 1718 1926 'in
1731 1898 1863 1927 orationis
1876 1897 1998 1935 partibus
2011 1897 2151 1926 accidunt.
2340 1898 2350 1899 7

1281 1935 1303 1965 A
1312 1945 1328 1965 c
1336 1945 1354 1965 c
1363 1946 1370 1964 r
1380 1946 1398 1964 n
1408 1946 1422 1964 E
1431 1945 1521 1964 NT1A
1530 1958 1538 1971 ,
1559 1945 1590 1964 ae.
1612 1935 1737 1967 Werbale.
1755 1935 1932 1971 [σύμπῖωσις]
1952 1942 1984 1964 ut
1992 1934 2153 1964 Accidentia
2163 1941 2266 1964 naturae
2275 1958 2282 1970 ‚
2297 1945 2347 1973 pro
2356 1935 2444 1964 Even-

1318 1979 1358 2003 tu.
1390 1973 1458 2002 Plin.
1475 1973 1522 2002 lib.
1537 1983 1579 2010 32.
1597 1983 1656 2011 cap.
1670 1983 1695 2003 2.
1733 1973 1792 2003 Effe
1802 1983 1867 2003 vero
1879 1973 1953 2002 illam
1967 1980 2069 2002 naturae
2081 1973 2280 2007 accidentiam,
2302 1974 2378 2010 quod
2389 1983 2444 2003 ma-

1320 2012 1360 2051 gis
1373 2012 1504 2041 miremur
1514 2034 1521 2046 ,
1542 2012 1626 2040 etiam
1636 2012 1666 2041 in
1677 2011 1746 2041 locis
1758 2012 1924 2048 quibusdam
1933 2033 1941 2046 ,
1962 2010 2086 2048 appolito
2099 2011 2220 2039 occurrit
2231 2011 2371 2048 exemplo.

1281 2049 1370 2080 Acer
1380 2060 1397 2078 n
1408 2060 1421 2078 iz
1431 2060 1450 2078 N
1460 2060 1505 2078 'ra
1514 2059 1567 2078 Lis
1577 2071 1584 2084 ,
1606 2051 1632 2079 ὃς
1648 2059 1672 2078 e.
1695 2060 1710 2079 a
1721 2048 1891 2087 philosophis
1904 2047 2041 2078 Effentiali
2057 2048 2226 2086 opponitur:
2250 2048 2284 2077 lic
2295 2050 2321 2078 &

1281 2088 1329 2117 Ar:
1337 2097 1353 2116 c
1363 2098 1370 2115 i
1381 2098 1396 2116 n
1407 2098 1420 2116 ε
1430 2098 1449 2116 N
1457 2098 1476 2116 T
1486 2098 1504 2116 A
1514 2098 1529 2116 r.
1538 2098 1546 2115 1
1555 2097 1574 2116 u
1582 2096 1593 2116 s
1604 2109 1612 2121 ‚
1634 2097 1649 2116 a
1658 2109 1665 2122 ,
1686 2097 1742 2116 um.
1765 2087 1937 2116 Accidentali
1947 2086 2077 2124 praevalet
2088 2086 2210 2115 naturale
2218 2109 2226 2121 ,
2242 2096 2258 2115 a
2268 2086 2399 2116 Schardio
2414 2089 2440 2122 ὃς

1320 2125 1395 2155 Czilv.
1408 2126 1539 2155 'laudatur
1552 2134 1587 2154 ex
1604 2125 1624 2154 ¹1.
1639 2134 1661 2160 3.
1675 2125 1704 2154 ff.
1722 2125 1756 2154 de
1771 2125 1866 2154 tutela.
1907 2124 1961 2154 Sed
1983 2124 2086 2153 frustra.
2125 2124 2158 2154 In
2174 2123 2237 2154 solis
2251 2125 2324 2154 notis
2342 2125 2446 2154 Gotho.-

1320 2164 1391 2193 fredi
1406 2164 1444 2193 ibi
1459 2165 1484 2193 Si
1499 2164 1533 2192 {id
1548 2163 1565 2192 l.
1582 2173 1605 2199 5.
1621 2162 1650 2192 ff.
1670 2163 1705 2192 de
1720 2162 1834 2197 ficleiiils
1851 2162 2003 2201 usurpatur.

1283 2202 1425 2231 Accrno
1436 2224 1444 2236 ,
1463 2202 1522 2236 idi,
1545 2201 1630 2235 isum,
1652 2197 1828 2237 [ωὲυώπῗω]
1849 2211 1902 2231 ere.
1925 2210 1961 2230 ex
1975 2199 2013 2229 Ad
2023 2201 2051 2230 ἃ
2063 2199 2166 2235 Caed03
2187 2199 2358 2235 Extenuare,
2381 2200 2445 2230 affli-

1322 2249 1403 2277 gere,
1424 2239 1576 2268 exhaurire.
1603 2239 1660 2268 Liv.
1678 2239 1780 2268 Decad.
1799 2249 1820 2267 1.
1840 2239 1888 2268 lib.
1901 2244 1926 2273 8.
1942 2248 1986 2274 29.
2007 2248 2068 2273 144.
2109 2238 2149 2267 lta
2159 2237 2253 2275 przelio
2270 2248 2326 2267 uno
2344 2239 2445 2267 acc-dit

1321 2277 1496 2306 Vestinorum
1512 2287 1554 2306 res
1564 2300 1572 2311 ,
1598 2283 1630 2306 ut
1642 2286 1699 2306 non
1718 2277 1747 2305 in
1765 2277 1847 2306 castra
1865 2277 1953 2306 solum
1971 2276 2129 2313 refugerent
2144 2275 2232 2305 hostes
2243 2298 2250 2311 ,
2274 2275 2327 2305 ¹sed
2343 2277 2396 2309 iam
2409 2285 2445 2312 ne

1321 2314 1395 2345 vallo
1412 2316 1526 2353 quidem
1537 2325 1569 2344 ac
1584 2314 1731 2344 follis-freti
1741 2337 1748 2350 ‚
1776 2314 1964 2344 dilaberentur
1976 2315 2005 2343 in
2018 2314 2122 2352 oppida
2132 2336 2140 2349 ,
2164 2314 2214 2343 situ
2226 2313 2336 2343 urbium
2347 2313 2446 2344 moenia

1322 2352 1429 2391 busque
1445 2354 1470 2383 se
1486 2353 1633 2383 defensuri.
2051 2350 2053 2355 “

1283 2391 1443 2422 Acersus
1454 2414 1461 2427 ‚
1484 2391 1665 2428 [devotas]
1686 2390 1782 2420 Partic.
1811 2390 1901 2420 Tacit.
1916 2390 1952 2419 de
1963 2389 2088 2420 Moribus
2101 2388 2228 2418 German.
2248 2399 2288 2425 ¹9·
2305 2398 2331 2418 2.
2369 2389 2445 2419 Acci.

1321 2428 1355 2459 fis
1366 2430 1490 2459 crinibus
1500 2429 1633 2458 nudatam
1644 2439 1738 2459 coram
1748 2429 1910 2467 propinquis
1923 2427 2040 2465 expellit
2051 2427 2136 2456 domo
2147 2428 2268 2456 maritus.

1321 2467 1422 2497 Accisae
1438 2468 1532 2505 dapes.
1565 2467 1677 2505 Virg.-7.
1697 2467 1758 2497 IEn.
1777 2477 1835 2502 125.
1878 2467 1931 2496 Ubi
1945 2466 2018 2496 Serv.
2039 2464 2155 2500 AcciliS,
2171 2464 2307 2503 'Undique
2320 2465 2447 2494 consum-

1341 2507 1406 2543 ptis.
1443 2505 1479 2536 Et
1492 2505 1546 2535 iioc
1557 2505 1596 2534 est
1606 2505 1681 2543 apud
1693 2515 1743 2534 nos
1763 2515 1778 2533 A
1788 2514 1822 2539 c,
1845 2505 1922 2542 quod
1935 2504 2010 2541 apud
2027 2503 2136 2532 Graecos
2153 2502 2227 2537 ιμΦί-

1318 2543 1422 2575 Accisae
1440 2554 1500 2579 res,
1522 2544 1705 2577 -Ex-tenuatae,
1733 2543 1856 2578 afflictae,
1874 2544 1904 2576 ,δι
1917 2542 2081 2571 imminuiae.
2115 2540 2172 2570 Liv.
2187 2550 2211 2578 3.
2238 2550 2279 2570 10.
2309 2540 2343 2570 ab
2361 2540 2443 2571 Urbe.

1340 2581 1386 2611 Sic
1400 2582 1500 2611 Accisae
1514 2591 1582 2619 opes
1592 2603 1600 2616 ,
1622 2581 1696 2618 apud
1711 2581 1842 2610 eundem.

1732 2618 1924 2655 [wamia]
1953 2626 1989 2646 ex
2005 2617 2044 2646 Ad
2055 2618 2081 2647 Sc
2096 2616 2182 2646 Cieo:
2209 2615 2331 2646 Verbum
2347 2616 2376 2646 in
2396 2615 2444 2649 usu

1319 2658 1486 2687 {atillimum
1496 2680 1504 2693 ,
1526 2657 1748 2694 idemiignificat
1761 2656 1836 2694 quod
1848 2656 1939 2685 Accio.
1969 2655 2055 2684 Plaut.
2071 2654 2154 2684 Milit.
2168 2664 2191 2691 3.
2206 2663 2229 2689 3.
2242 2658 2285 2683 61.

1365 2696 1420 2725 Vos
1432 2696 1517 2725 modo
1529 2701 1622 2724 curate
1632 2717 1639 2730 ,
1661 2704 1712 2732 ego
1726 2694 1804 2724 illum
1814 2694 1901 2732 probe
1912 2695 1967 2729 jam
1978 2699 2123 2722 oneratum
2135 2692 2188 2721 liuc
2201 2692 2322 2721 acciebo.
2345 2691 2382 2720 Al.
2396 2691 2445 2720 Ac-

1323 2734 1397 2765 cibo.
1423 2734 1537 2764 Ponitur
1552 2734 1578 2763 Sc
1591 2743 1606 2762 a
1617 2732 1747 2762 Diomed.
1769 2732 1817 2764 lib.
1834 2742 1855 2760 1.
1877 2732 1906 2760 in
1917 2731 2039 2764 secunda
2049 2731 2254 2767 coniugatione.

2050 2763 2234 2806 Qntvuffa]
2265 2768 2317 2797 ἕῐε.
2348 2775 2383 2795 ex
2402 2765 2444 2796 Ad

1323 2812 1350 2840 Sc
1367 2810 1465 2848 Cingo.

1322 2849 1472 2887 Accingere
1484 2848 1509 2878 se
1521 2847 1604 2877 alicui
1616 2847 1673 2882 rei,
1695 2846 1733 2875 est
1743 2845 1811 2875 Eam
1824 2854 1880 2874 rem
1892 2845 2014 2883 gnaviter
2025 2844 2144 2882 aggredi.
2179 2843 2250 2879 Virg.
2267 2852 2287 2870 1.
2305 2841 2365 2871 ffin.
2378 2850 2443 2870 210.

1403 2886 1444 2916 llli
1458 2887 1484 2915 se
1497 2886 1596 2924 praedze
1608 2885 1766 2922 accingunt.
1805 2883 1858 2912 Ubi
1872 2883 1945 2912 Serv.
1970 2883 2126 2920 Accingunt
2137 2904 2145 2916 ‚
2167 2880 2292 2911 Studiose
2304 2887 2406 2916 parant.
2437 2892 2443 2899 ·

1341 2925 1487 2955 Acciiicios
1511 2925 1588 2953 enim
1605 2922 1756 2952 industrios
1772 2921 1908 2957 dicimus,
1939 2921 2017 2951 Sicut
2034 2928 2130 2949 contra
2141 2918 2317 2956 Negligentes
2335 2915 2444 2946 Discin-

1342 2964 1401 2992 cros
1418 2971 1558 2992 vocamus.

1323 3001 1473 3038 Accingere
1488 3000 1582 3038 operi,
1603 2998 1744 3037 suppresso
1759 2996 1922 3027 accusativo.
1952 2995 2025 3033 Virg.
2038 3004 2063 3026 2.
2080 2995 2216 3029 JEn0235.

1403 3039 1560 3076 Accingunt
1573 3047 1671 3066 omnes
1682 3036 1767 3075 operi⁴
1792 3033 1919 3064 subintel.
1941 3034 1984 3064 Se.
2190 3068 2195 3073 .
2235 3067 2241 3074 ι
2264 3067 2269 3072 “

1318 3076 1435 3114 ¹Accingi
1454 3076 1489 3105 ad
1506 3085 1564 3104 rem
1581 3075 1708 3112 aliquam.
1746 3073 1803 3104 Liv.
1824 3079 1848 3107 8.
1868 3071 1934 3101 Bell.
1956 3071 2023 3100 Pun.
2041 3076 2102 3105 218.
2141 3069 2217 3104 Qun
2234 3077 2241 3095 i
2264 3074 2319 3096 itur
2335 3067 2371 3095 ad
2388 3066 2444 3101 hoe
2485 3098 2494 3104 .

1342 3114 1516 3152 accingeris?
1545 3114 1579 3143 Id
1592 3113 1648 3149 est,
1678 3112 1734 3142 Cur
1752 3119 1780 3141 te
1797 3111 1832 3140 ad
1848 3110 1919 3139 hane
1937 3119 1995 3139 rem
2011 3118 2068 3138 non
2081 3107 2179 3145 paras?
2208 3114 2241 3135 ve
2261 3127 2270 3141 ,
2299 3104 2355 3134 Cur
2372 3104 2445 3138 hane

1342 3162 1402 3181 rem
1417 3162 1475 3181 non
1488 3151 1642 3189 aggrederis
1652 3151 1665 3178 ‘2
1850 3186 1855 3190 ¹
1892 3185 1897 3191 .

1326 3191 1438 3228 Accingi
1451 3190 1486 3219 ad
1497 3190 1639 3218 sordidum
1651 3188 1769 3218 lucrum.
1789 3184 1918 3223 ‘Quintil
1933 3194 1974 3214 12.
1994 3193 2053 3221 cap.
2069 3191 2092 3212 1.

1324 3228 1449 3267 magicas
1463 3236 1543 3257 artes.
1576 3227 1648 3263 Virg.
1661 3238 1688 3262 4.
1706 3226 1768 3256 ffin.
1780 3234 1843 3260 493·

1435 3282 1471 3287 —-
1482 3275 1600 3303 magicas
1614 3266 1729 3293 invitam
1743 3263 1880 3299 accingier
1894 3268 1970 3289 artes.
2198 3294 2204 3299 ⁶

1342 3303 1413 3339 Pro,
1433 3304 1475 3334 Ad
1489 3310 1559 3333 artes
1575 3303 1689 3339 accingi.
1731 3301 1794 3331 Hoc
1805 3301 1859 3333 cst,
1880 3298 1996 3338 magicas
2007 3300 2076 3325 artes
2094 3293 2223 3332 aggredr:
2246 3292 2322 3327 -sive,
2343 3301 2375 3320 uz
2384 3290 2444 3324 wilt

1342 3342 1418 3371 Serv.
1441 3342 1480 3370 Ad
1492 3341 1551 3370 illas
1562 3340 1706 3370 discentias
1719 3337 1871 3376 praeparari.

1324 3378 1358 3414 In
1369 3379 1524 3408 discrimen,
1552 3379 1606 3407 Liv.
1621 3388 1646 3407 2.
1664 3378 1696 3406 ab
1708 3376 1781 3406 Urbe
1796 3387 1837 3411 <4.
1935 3409 1939 3413 .
2141 3393 2146 3397 -
2336 3404 2342 3409 ⁵
2392 3404 2397 3408 ι
2424 3403 2431 3409 .

1320 3418 1476 3454 ‚Accingere
1486 3439 1493 3451 ,
1514 3418 1569 3445 line
1580 3415 1641 3445 casu
1652 3415 1808 3453 posteiioie.
1838 3411 1901 3441 Ter.
1914 3409 2021 3438 Pnoim.
2037 3417 2052 3437 2
2082 3417 2103 3436 1.
2118 3417 2144 3442 4.
2181 3405 2256 3435 Tute
2267 3404 2321 3434 hoc
2335 3403 2441 3443 intristi,

1339 3455 1396 3484 tibi
1407 3464 1490 3484 omne
1501 3455 1539 3483 est
1549 3453 1742 3483 exedendum:
1765 3451 1914 3485 accingere.
1982 3484 1987 3489 ³
2082 3482 2087 3488 ⁸
2113 3482 2118 3487 ι
2348 3479 2352 3484 ι
2378 3479 2382 3483 ¹

1323 3494 1444 3531 Accinge
1455 3515 1462 3527 ‚
1483 3502 1533 3530 pro
1545 3492 1702 3528 Accingere.
1734 3490 1866 3525 Pompoii.
1897 3484 2002 3514 Maccis
2017 3491 2150 3524 geminis:
2179 3481 2302 3525 ,jamvego
2317 3478 2383 3508 milii
2395 3478 2443 3507 ad—

1343 3541 1392 3560 ero
1401 3553 1409 3565 ,
1431 3531 1499 3560 dum
1510 3540 1561 3566 eqo
1573 3536 1711 3562 revortor.
1732 3536 1781 3563 age
1793 3533 1855 3553 ante
1867 3523 1979 3558 accinge
1991 3528 2026 3550 aci
2036 3520 2132 3549 molae.
2171 3518 2212 3548 hx
2228 3518 2330 3558 honio:

1324 3569 1455 3606 Accingi,
1484 3560 1535 3606 prti
1555 3568 1674 3601 Armati,
1708 3564 1821 3592 instrui:
1853 3568 1883 3589 ut
1902 3559 2014 3596 Accingi
2032 3558 2130 3590 arinis,
2160 3556 2248 3589 serto,
2278 3556 2359 3596 erile„
2387 3554 2435 3585 &e

1344 3606 1416 3644 Virg.
1431 3618 1454 3642 9.
1471 3607 1532 3636 AEn.
1546 3615 1590 3642 74.
1692 3604 1777 3638 Atque
1791 3599 1880 3628 omnis
1893 3598 1997 3627 facibus
2009 3596 2095 3635 pubes
2112 3594 2263 3630 accingitur
2274 3601 2346 3620 atris.

1324 3645 1438 3675 Animos
1450 3644 1593 3680 accingere
1605 3640 1714 3672 futuris.
1762 3637 1825 3667 Hoc
1839 3635 1893 3671 est,
1923 3635 2072 3672 Praeparare
2088 3633 2122 3662 ad
2135 3632 2234 3660 sutum.
2277 3629 2334 3661 Vai.
2350 3627 2437 3661 flacc.

1344 3685 1443 3720 Argon.
1457 3694 1482 3717 4.
1506 3691 1565 3716 119.
2216 3706 2221 3711 ,
2332 3705 2337 3709 .

1324 3720 1360 3750 Se
1370 3720 1462 3757 aliquo
1474 3719 1596 3747 homine.
1619 3715 1706 3745 Tacit,
1721 3713 1768 3742 lib.
1785 3722 1825 3741 12.
1841 3721 1899 3748 cap.
1914 3719 1958 3746 25.
1995 3709 2029 3739 Se
2042 3717 2151 3746 quoque
2165 3710 2319 3741 accingeret
2330 3711 2440 3738 iurene,

1343 3765 1449 3797 partein
1467 3764 1593 3786 curarum
1610 3751 1781 3790 capellituro.
1824 3749 1885 3778 Hoc
1898 3748 1955 3782 est,
1985 3747 2140 3776 Domitium
2161 3744 2321 3781 adoptaret,
2350 3748 2438 3777 eoque

1343 3793 1469 3825 adversus
1481 3802 1558 3822 curas
1571 3793 1596 3821 St
1609 3790 1715 3827 imperii
1727 3788 1839 3824 negotia
1848 3787 1873 3815 se
1884 3786 2004 3815 muniret
2013 3807 2021 3819 ,
2043 3786 2071 3813 ὑὶ
2084 3794 2093 3811 x
2103 3782 2161 3812 eiut
2172 3786 2295 3813 armaret..

1321 3834 1472 3869 Accingor,
1493 3828 1716 3859 cuininfinitivo.
1748 3825 1820 3863 Virg.
1838 3835 1860 3861 3.
1884 3824 2040 3860 Georg.‚46.
2110 3858 2115 3863 ὑ

1422 3885 1458 3889 -
1468 3868 1594 3903 accingar
1609 3866 1700 3894 dicere
1719 3872 1854 3902 pugnans.
2022 3858 2139 3892 Caesaris.

1321 3907 1434 3945 Accingi
1445 3905 1480 3935 ad
1494 3905 1571 3943 spem
1585 3904 1726 3939 maiorem.
1766 3902 1847 3934 ⁴acit.
1867 3899 1915 3967 li}
1930 3908 1972 3927 11.
1992 3903 2034 3934 28.
2402 3928 2445 3957 {m
