2641 4187
8 1807 10 1811 ν
48 1787 243 1823 necessus,
265 1790 304 1817 us.

535 118 564 154 A
657 118 687 153 C
784 117 814 152 C

75 207 191 238 Accedit
208 213 246 237 ut.
279 206 336 236 Cic.
358 204 393 233 de
405 202 514 232 Senect.
533 203 575 229 16.

94 245 141 274 bat
155 246 256 279 etiam,
278 252 308 273 ut
321 250 410 272 caecus
424 239 498 268 esset.
539 237 618 266 Idem
636 236 670 264 atl
690 237 805 265 Briituin
817 257 823 269 ,
853 236 947 271 ltaque
962 237 996 265 ad
1014 236 1132 272 reliquos
1150 237 1194 265 hic

94 293 205 319 quoque
217 282 292 311 labor
304 280 372 309 mihi
383 276 510 311 accessit,
534 281 565 304 ut
575 283 672 302 omnes
684 273 831 302 adhibeam
844 273 984 302 machinas
996 274 1029 302 ad
1041 274 1195 302 tenendum

95 320 306 348 adolescentem·
682 347 687 353 ⁴
860 348 864 352 Ι

76 357 232 390 Accedere,
253 353 469 385 Similitudinem
487 349 626 387 significat.
656 347 714 376 Cic.
736 357 785 384 pro
798 347 887 376 Rabir.
925 348 981 377 Vos
995 348 1118 384 Quirites
1131 358 1198 384 quo-

96 405 156 423 rum
176 393 292 432 potestas
311 391 437 429 proxime
450 389 485 418 ad
503 388 621 417 deorum
635 385 833 414 immortalium
853 385 976 419 accedit,
1005 396 1062 415 oro.
1104 386 1135 414 ld
1149 387 1196 421 est,

96 433 223 468 Quorum
233 428 350 467 potestas
362 429 478 457 deorum
490 425 614 461 potestati
630 421 767 452 simillima
778 423 823 451 est.
865 423 942 451 ldem
957 423 1105 459 aliquando
1120 423 1199 451 effer-

94 476 140 498 tur
156 480 204 506 pei·
221 469 354 497 dativum.
395 464 514 501 Quintil.
531 462 578 491 lib.
603 471 644 490 10.
660 470 720 498 cap.
738 470 761 489 1.
808 460 931 489 Homero
951 462 1070 490 maxime
1090 462 1199 490 accedit

94 507 141 535 vir
162 506 232 535 ilius.

76 517 215 574 Accessere
229 543 263 572 ad
278 539 487 571 similitudinem
501 536 617 572 alicujus
633 535 680 565 rei.
713 534 771 564 Cic.
792 535 846 563 Att.
864 534 910 563 lib.
925 546 949 573 7.
972 545 996 566 2.

96 591 184 619 prope
195 581 340 610 accederet
350 579 385 607 ad
397 576 605 613 similitudinem
617 581 671 603 tuae
686 572 780 602 literae.

78 618 192 656 Propius
209 619 242 647 ad
259 614 465 645 similitudinem
482 614 544 642 deo.
575 613 633 641 Cic.
647 611 682 640 de
694 610 756 640 Nat.
770 609 853 640 Deos.
871 607 918 639 lib.
935 621 958 639 1.
976 620 1019 647 97.
1054 610 1094 638 Ad
1109 609 1200 639 simili-

46 653 48 655 ’
96 657 222 686 tudinem
236 656 310 685 enim
322 655 376 683 deo
392 652 506 690 propius
518 649 669 680 accedebat
680 648 800 678 humana
813 648 898 676 virtus
908 670 915 681 ,
938 658 1020 685 quain
1031 648 1123 684 ligura.

78 694 192 724 Accedit
204 693 346 731 proximus
356 690 405 720 illi.
439 690 496 719 Cic.
513 690 540 717 in
552 688 636 717 Bruto
652 696 711 723 173.
752 685 869 714 Duobus
887 686 967 721 igitur
984 686 1096 715 summis
1109 684 1199 714 Crasso

96 733 123 762 Sc
145 731 265 760 Antonio
277 753 285 765 ,
316 729 345 758 L.
367 728 510 766 Philippus
527 726 669 765 proximus
686 723 854 758 accedebat,
886 723 932 752 sed
951 723 1036 761 longo
1055 722 1200 752 intervallo

97 775 190 798 tamen
209 769 360 806 proximus.
789 799 794 804 .
851 798 855 803 ⁵
880 797 885 802 .

78 807 216 837 Accedere
234 806 337 835 virtuti.
367 804 425 833 Cic.
442 802 516 833 Fam.
533 811 574 830 11-
592 809 636 829 21.
677 798 731 828 Sed
741 797 824 828 velim
836 797 885 827 tibi
897 797 1075 835 persuadeas,
1098 807 1162 827 cum
1174 802 1201 826 te

97 845 204 874 constet
214 843 350 873 excellere
362 843 416 871 hoc
427 849 526 879 genere
537 838 643 867 virtutis
651 859 659 872 ,
680 843 711 865 ut
722 846 864 873 nunquam
875 835 1044 872 extimescas,
1058 844 1202 873 nunquam

98 882 274 920 perturbere:
298 890 342 910 me
357 880 422 909 huic
436 888 488 908 tua*
499 876 595 905 virtuti
610 875 736 912 proxime
750 874 891 903 accedere.

78 920 234 954 Accedere,
266 929 316 956 pro
336 917 479 950 Assentiri,
509 914 600 943 dativo
616 913 754 950 jungitur:
787 914 813 941 δε
832 921 1033 948 nonnunquam
1047 910 1202 940 accusativo

98 968 163 987 curn
183 957 375 996 praepositione
391 955 438 984 Ad.
477 950 595 989 Quintil.
615 950 662 979 lib.
678 961 702 986 9.
720 960 780 988 cap.
792 960 819 985 4.
859 949 998 978 Accedam
1016 950 1045 978 in
1064 949 1203 987 plerisque

99 995 237 1025 Ciceroni.
274 994 308 1024 Et
324 993 389 1022 alibi
404 993 481 1029 stupe.
675 1026 680 1031 ι
795 1024 800 1029 ·
1040 1024 1045 1030 ·

78 1033 257 1064 Sacramento
268 1032 383 1067 alicujus
394 1029 534 1059 accedere.
557 1027 646 1056 Tacit.
664 1024 711 1054 lib.
726 1034 748 1054 1.
765 1024 833 1053 Hist.
847 1024 877 1054 C.
891 1034 934 1061 70.
974 1023 1084 1054 Caecina
1100 1031 1204 1061 paucos

98 1071 128 1100 in
140 1070 273 1100 Helvetiis
287 1075 406 1098 moratus
418 1068 476 1096 dies
485 1088 493 1101 ,
515 1065 607 1094 laetum
618 1073 652 1093 ex
662 1062 739 1092 ltalia
750 1063 880 1091 nuntium
891 1062 993 1099 accipit
1002 1084 1010 1097 ,
1032 1062 1102 1091 alam
1114 1061 1204 1098 Sylla-

99 1119 182 1144 nam,
212 1109 284 1138 circa
302 1106 405 1136 Padum
421 1110 566 1142 agentem,
592 1102 762 1131 sacramento
775 1100 877 1129 Vitellii
891 1099 1034 1129 accessisse.
1077 1099 1140 1129 Hoc
1157 1098 1203 1134 est,

101 1147 266 1181 Adiunt‘lam
278 1144 339 1173 esse.
499 1179 504 1184 ι
574 1178 579 1182 ¹

81 1184 231 1214 Sententiae
246 1182 409 1219 cujuspiam.
438 1179 527 1209 Tacit.
544 1177 611 1207 Hist.
625 1187 652 1216 ᾳ.
776 1214 781 1219 .

82 1222 123 1252 Ad
141 1222 298 1260 paclionein
309 1241 316 1255 ,
345 1229 395 1256 pro
410 1217 580 1247 Consentire.
620 1215 677 1244 Cic.
693 1215 746 1243 Att.
763 1211 810 1243 lib.
825 1219 851 1247 8.
891 1212 952 1242 Nec
970 1210 1032 1242 illos
1050 1210 1206 1249 congressu-

101 1269 146 1289 ros
156 1282 164 1295 ,
185 1268 237 1288 nec
250 1257 267 1286 si
279 1256 412 1294 congressi
425 1255 528 1290 essent,
550 1253 715 1292 Pompejum
727 1252 762 1282 ad
777 1251 862 1281 ullam
878 1252 1071 1280 conditionem
1086 1249 1205 1280 accessu-

102 1307 163 1326 rum
177 1295 318 1334 putabam.
663 1328 668 1334 ·
1113 1326 1118 1331 Π

83 1335 124 1365 Ad
141 1334 351 1367 conditionem,
382 1331 605 1369 pactionemque.
638 1328 696 1357 Cic.
713 1339 736 1364 5.
755 1327 830 1356 Verr.
845 1330 892 1358 60.
932 1326 1120 1355 Condemnari
1141 1335 1206 1355 cum

100 1372 174 1402 istius
185 1369 306 1406 invidia,
327 1369 494 1406 infamiaque
511 1366 670 1402 malebant,
699 1375 782 1404 quam
799 1364 834 1394 ad
848 1365 907 1401 ejus
922 1365 1131 1399 conditionem,
1159 1373 1207 1401 pa-

99 1411 262 1446 stionesque
276 1408 417 1437 accedere.

82 1448 248 1478 Societatem
266 1446 392 1482 alicujus.
425 1445 515 1475 Tacit.
536 1444 605 1474 Ann.
621 1453 663 1472 12.
682 1451 724 1478 31.
770 1441 857 1478 Quod
876 1441 957 1479 primi
975 1439 1050 1469 Iceni
1065 1439 1204 1474 abnuere,

100 1485 192 1515 valida
203 1494 289 1522 gens,
318 1494 371 1513 nec
388 1483 489 1522 praeliis
508 1481 637 1512 concussa
648 1502 656 1517 ,
684 1480 749 1518 quia
765 1479 926 1509 societatem
944 1479 1064 1507 nostram
1080 1477 1207 1507 volentes

103 1522 276 1553 accesserant.
1159 1553 1164 1558 η

46 1562 186 1594 Accaus
192 1571 280 1596 ’1-1111,
301 1559 413 1598 smpers'.
452 1558 510 1588 Cic.
523 1567 574 1595 pro
589 1556 691 1586 Caecin.
731 1556 774 1585 Ad
788 1565 834 1585 eas
853 1564 918 1586 cum
935 1555 1130 1589 accederetur,
1158 1552 1206 1581 iste

84 1609 149 1629 cum
164 1598 293 1628 omnibus
307 1595 396 1636 copiis
413 1596 509 1641 praesto
527 1596 587 1625 fuit.
660 1631 665 1637 ·

46 1637 247 1671 Accessus‚
269 1646 300 1672 a,
322 1645 379 1665 um.
409 1634 584 1671 [oemv&]
615 1632 675 1668 Adj.

103 1675 187 1705 Ovid.
206 1672 273 1704 Fast.
287 1685 310 1710 5.
325 1679 386 1709 582.
408 1673 443 1702 de
456 1671 558 1701 Parthis
569 1671 695 1707 loquens.

162 1712 236 1742 Gens
251 1712 304 1741 fuit
322 1713 348 1741 &
365 1712 442 1741 terris
459 1712 484 1740 Sc
503 1710 579 1746 equis
594 1711 620 1738 St
634 1714 693 1736 tuta
710 1706 831 1745 sagittis:

199 1750 233 1780 Et
242 1760 300 1779 non
312 1749 422 1779 accessis
432 1748 505 1777 invia
515 1746 686 1776 fluminibus.
724 1745 776 1774 Alii
787 1745 900 1782 legunt,
921 1744 956 1774 Et
966 1743 1136 1778 circunfusiS,
1154 1745 1206 1773 &c.

328 1787 431 1823 [ἄφιξις
445 1806 451 1817 ,
471 1782 632 1819 ωῧπόὶῷυ]
653 1781 769 1812 Verbale
781 1783 814 1812 ab
828 1782 937 1812 Accedo
949 1793 954 1811 :
977 1783 1021 1812 cui
1037 1782 1207 1811 contrarium

83 1826 140 1861 est,
161 1825 300 1855 Abscessus
311 1848 318 1859 ,
341 1824 487 1859 discessus,
509 1823 554 1851 vel
565 1821 690 1852 recessus.
721 1821 779 1851 Cic.
794 1822 829 1850 de
847 1821 923 1850 Orat.
940 1830 963 1857 3.
987 1827 1050 1857 178.
1088 1819 1126 1849 Ut
1142 1819 1210 1849 luna

83 1863 190 1894 accessu
207 1865 232 1894 Sc
244 1862 347 1892 recessu
359 1862 407 1892 suo
418 1861 481 1891 solis
495 1861 591 1890 lumen
601 1860 727 1897 accipiat.

85 1901 210 1931 Acceffus
229 1902 335 1931 anxius.
372 1900 442 1930 Plin.
464 1899 511 1928 lib.
530 1908 571 1927 12.
592 1907 653 1936 cap.
668 1903 693 1931 3.
736 1896 917 1926 Contermina
935 1895 1011 1925 Indis
1029 1905 1096 1932 gens
1112 1895 1210 1925 Ariana

103 1939 276 1978 appellatur,
298 1940 377 1975 cujus
394 1938 471 1976 spina
480 1936 662 1974 lacrymarum
677 1934 797 1973 pretiosa
808 1957 816 1970 ,
838 1934 956 1972 myrrliae
969 1932 1063 1963 similis
1073 1955 1081 1969 ‚
1103 1933 1210 1964 accessu

102 1984 216 2015 propter
234 1977 345 2006 aculeos
361 1977 452 2006 anxio.

84 2014 211 2046 Accessus
229 2015 328 2050 maris,
357 2016 383 2044 δε
397 2013 526 2044 Recessus
546 2013 664 2047 dicitur,
695 2020 759 2040 cum
773 2011 808 2040 ad
823 2020 873 2039 nos
886 2009 973 2039 affluit
985 2010 1011 2039 St
1024 2009 1132 2038 refluit:
1164 2010 1211 2046 qui

103 2053 215 2092 proprie
227 2053 313 2082 IEstus
328 2051 438 2082 dicitur.
469 2051 526 2081 Cic.
540 2051 575 2080 de
587 2050 680 2080 Divin.
693 2059 718 2078 2.
734 2058 778 2084 34.
817 2048 896 2085 Quid
906 2049 941 2078 de
952 2048 1028 2076 fretis
1046 2054 1094 2076 aut
1106 2047 1141 2077 de
1155 2058 1213 2077 ma-

104 2091 171 2158 ἱίηἰε
182 2091 289 2120 aestibus
303 2090 383 2128 plura
392 2090 506 2120 dicam‘?
535 2097 654 2127 quorum
668 2087 789 2118 accessus
808 2088 834 2117 ἃ
850 2085 967 2116 recessus
979 2085 1052 2115 lunae
1067 2092 1146 2114 motu
1163 2096 1212 2124 gu-

125 2135 263 2158 eruantur.

85 2166 212 2197 Accessus
229 2166 385 2196 fluminum.
424 2165 488 2195 Sen.
507 2164 554 2194 lib.
569 2174 593 2201 3.
612 2164 677 2193 Nat.
698 2162 799 2200 Quaest.
837 2161 968 2192 Procellae
981 2161 1110 2199 quatiunt
1124 2172 1210 2199 mare,

104 2212 174 2234 tunc
182 2205 307 2243 primum
321 2205 433 2233 anesum
449 2203 598 2233 fluminum
611 2200 727 2231 accessu.

86 2242 213 2274 Accessus
226 2249 382 2271 ventorum.
414 2241 486 2279 Virg.
502 2251 526 2277 3.
542 2240 604 2271 AEn.
621 2249 683 2277 570.

145 2315 147 2317 ¹
167 2280 263 2310 Portus
279 2280 312 2309 ab
331 2279 437 2309 accessu
454 2286 602 2308 ventorum
619 2279 752 2307 immotus
771 2278 797 2306 Sc
815 2278 912 2314 ingens

87 2318 213 2348 Accessus
224 2319 268 2347 ad.
298 2318 355 2347 Cic.
369 2318 404 2346 de
415 2317 480 2346 Nat.
497 2317 580 2347 Deor.
592 2326 617 2346 2.
635 2326 678 2352 33.

615 198 656 227 Ad
676 198 755 235 Appii
769 197 879 226 Claudii
898 197 1065 227 seneritutem
1081 199 1195 228 accede-

1040 535 1125 572 Quod
1143 541 1199 565 tam

706 1631 760 1661 sive
777 1631 874 1663 Partic.
897 1641 911 1660 a
927 1629 1030 1669 passivo
1048 1622 1204 1660 Acceditur.

992 2274 1005 2306 I
1026 2275 1061 2307 se.

719 2315 813 2344 Bestiis
829 2322 922 2344 autem
939 2287 1046 2345 sensiiin
1059 2316 1085 2345 8<
1102 2320 1213 2345 motum

107 2356 203 2423 dedists,
225 2358 251 2386 ἃ
263 2366 328 2386 cum
338 2355 460 2393 quodam
474 2355 600 2393 appetitu
612 2352 749 2384 accessum
762 2353 797 2382 ad
812 2363 853 2382 res
870 2353 998 2383 mutares
1009 2375 1018 2389 ,
1048 2363 1064 2383 a
1080 2354 1214 2392 pestiferis

106 2404 169 2424 rece
192 2404 248 2423 um.

88 2432 214 2463 Accessus
225 2432 261 2461 ad
277 2430 384 2460 urbem.
413 2428 472 2460 Cic.
484 2441 534 2469 pro
550 2429 652 2461 Milon.
666 2439 709 2466 53.
747 2428 810 2464 Illi,
839 2429 923 2458 etiam
941 2428 959 2458 si
978 2430 1053 2459 hunc
1063 2439 1123 2458 non
1134 2429 1216 2459 time-

107 2477 150 2500 ret
159 2493 167 2506 ,
188 2476 282 2499 tamen
292 2468 429 2498 accessum
440 2469 475 2498 ad
486 2469 584 2498 urbem
596 2469 764 2497 noc‘turnum
778 2466 856 2497 fuisse
870 2468 1062 2497 metuendum.

89 2507 215 2538 Accessus
235 2509 262 2537 ὃς
281 2505 409 2536 discessus
427 2504 499 2536 solis.
540 2506 598 2536 Cic.
619 2505 654 2535 de
675 2506 738 2535 Nat.
758 2505 842 2535 Deor.
862 2515 887 2534 2.
908 2516 949 2542 19.
987 2505 1131 2541 Possetne,
1159 2506 1211 2535 stc.

108 2545 229 2576 accessus
244 2544 428 2582 discessusque
445 2544 563 2574 solstitiis
580 2544 740 2580 brumisque
755 2543 894 2580 cognosci.

89 2583 216 2615 Accessus
230 2584 256 2613 ἃ
270 2582 387 2612 recessus
398 2582 544 2612 stellarum.
576 2582 633 2611 Cic.
647 2582 683 2611 de
694 2582 786 2611 Divin.
801 2591 826 2610 2.
842 2587 883 2615 89·
927 2580 999 2611 Cum
1010 2587 1137 2620 tempore
1147 2581 1214 2611 anni

108 2621 358 2660 tempestatumque
380 2619 446 2649 coeli
464 2621 656 2650 conversiones
674 2619 963 2656 commutationesque
981 2626 1065 2649 tantae
1086 2619 1153 2649 fiant
1171 2629 1216 2648 ac-

109 2659 182 2690 cessu
196 2659 333 2689 stellarum
353 2659 379 2688 Sa
396 2658 509 2688 recessu.
549 2659 598 2688 Per
614 2658 736 2695 metaph.
758 2657 816 2687 Cic.
834 2657 908 2687 Fani.
926 2668 941 2693 9
967 2667 1009 2694 14.
1031 2664 1100 2687 extr.
1137 2657 1217 2687 Nihil

110 2698 247 2728 concione
257 2704 305 2726 tua
318 2695 484 2733 sapientius3
515 2697 551 2725 ita
566 2696 742 2735 pedetentim
756 2698 782 2726 Sc
793 2695 928 2734 gradatim
945 2701 1006 2725 tum
1020 2695 1140 2725 accessus
1159 2706 1175 2725 a
1187 2703 1216 2725 te

110 2735 147 2766 ad
160 2735 267 2764 causam
281 2735 345 2764 sacsi
359 2740 420 2763 tum
431 2734 556 2764 recessus.

93 2772 218 2804 Accessus
227 2773 318 2802 febris.
342 2772 410 2802 Plin.
426 2772 473 2802 lib.
489 2778 531 2810 38.
552 2782 612 2811 cap.
622 2782 649 2808 4.
686 2770 838 2810 Reliquum
852 2771 920 2801 dant
932 2772 963 2801 in
972 2771 1096 2803 tertianis
1108 2770 1215 2802 accessu

111 2810 232 2840 febrium
248 2809 413 2840 bibendum.

93 2848 236 2879 Accessum
253 2849 317 2878 dare
331 2847 423 2877 alicui.
456 2847 540 2878 Ovid.
553 2856 578 2876 2.
598 2847 633 2876 de
643 2846 733 2876 Ponto
747 2857 772 2876 2.
789 2857 835 2883 4¹·

171 2886 214 2916 Da
226 2896 323 2923 precor
334 2886 471 2916 accessum
483 2884 610 2923 lacrymis
621 2884 761 2914 mitissime
775 2886 882 2922 nostris,

210 2925 271 2954 Nec
287 2924 403 2962 rigidam
419 2924 524 2953 timidis
541 2923 657 2953 vocibus
675 2922 748 2952 obde
763 2924 860 2953 sorem.

93 2961 202 3000 Negare
216 2961 360 2992 accessum.
389 2961 472 2992 Ovid.
490 2972 531 2991 10.
547 2961 630 2998 Epist.
645 2965 689 2997 64.

173 3000 259 3038 Finge
279 3000 337 3029 dari
350 3001 523 3037 comitesque
537 2999 623 3035 mihi,
643 3007 814 3036 ventosque,
835 3005 988 3037 ratemque,

212 3038 291 3075 Quid
301 3038 394 3075 sequar
402 3039 416 3068 ἶ)
436 3037 556 3067 accessus
568 3044 639 3066 terra
650 3043 764 3075 paterna
775 3044 866 3076 negat„

94 3076 242 3107 Prohibere
254 3076 398 3106 accessum.
430 3076 514 3106 Ovid.
531 3085 572 3111 14.
592 3075 661 3105 Met.
675 3078 740 3111 635·

175 3114 238 3144 Vim
252 3121 347 3144 tamen
360 3114 493 3152 agrestum
508 3123 654 3149 metuens,
676 3114 799 3151 pomaria
816 3113 922 3144 claudit

173 3152 252 3182 Intus
261 3175 269 3188 ,
291 3153 318 3182 δέ
332 3151 451 3182 accessus
464 3151 611 3190 prohibet,
632 3152 788 3189 refugitque
798 3151 899 3181 viriles.

96 3189 221 3221 accessus
239 3190 387 3220 hominum
402 3190 497 3227 fugati.
526 3190 593 3219 Stat.
609 3199 651 3218 12.
666 3189 757 3219 Theb.

253 3245 291 3250 -«
300 3227 400 3266 procul
413 3237 500 3265 usque
513 3227 600 3265 fugati

174 3265 300 3296 Accessus
315 3265 478 3296 hominum:
500 3265 563 3295 solis
577 3265 727 3303 avibusque
741 3264 861 3302 ferisque

96 3302 209 3333 Mollire
226 3303 356 3333 accessus.
385 3304 469 3334 Ovid.
486 3313 508 3333 1.
527 3303 561 3333 de
576 3305 640 3333 Arte
650 3305 709 3333 Am.
722 3312 786 3339 351.

177 3342 232 3372 Sed
246 3343 321 3380 prius
335 3341 465 3371 ancillam
478 3348 593 3379 captata:
608 3340 684 3371 nosse
697 3340 797 3379 puellae

214 3379 287 3409 Cura
297 3380 344 3410 sit:
366 3379 486 3410 accessus
496 3379 605 3409 molliet
617 3379 666 3409 ista
683 3385 755 3409 tuos.

97 3415 145 3446 seu
155 3417 299 3448 faciliores.

98 3454 212 3486 Tacitus
226 3455 355 3486 accessus.
386 3456 452 3486 Stat.
465 3465 491 3486 2.
507 3454 579 3494 Sylv.
597 3466 620 3485 1.

256 3494 399 3523 —timide
415 3494 538 3533 primum
556 3493 668 3530 vestigia
681 3491 773 3530 jungit

175 3531 287 3560 Accessu
301 3532 386 3561 tacito
397 3554 405 3567 ,
425 3532 603 3569 summosque
617 3530 721 3561 lacessit
737 3531 863 3560 umidius.

63 3566 239 3599 Accessm
250 3591 259 3604 ,
281 3571 350 3599 onis.
373 3570 498 3601 Verbale.
515 3570 534 3599 f.
558 3564 703 3606 [wre'offwu
714 3590 721 3600 ‚
742 3568 887 3602 στςοσβολὴ]
907 3565 1019 3604 Proprie
1030 3564 1224 3602 AdJeclionem

101 3607 341 3637 &incrementum
357 3607 504 3645 significat:
526 3613 559 3637 ut
571 3606 692 3636 Acceffio
704 3616 901 3640 nummorum,
923 3605 961 3634 est
978 3604 1065 3640 Quod
1079 3614 1110 3633 ca
1133 3605 1163 3634 iti
1179 3614 1224 3633 ac-

99 3645 184 3674 cedit.
213 3644 245 3674 ld
256 3646 311 3681 est,
332 3645 499 3683 Principah',
519 3652 552 3674 ut
562 3645 646 3682 vulgo
657 3644 806 3681 loquimur.
829 3644 886 3673 Cic.
899 3643 973 3672 Verr.
987 3653 1010 3678 ς.
1027 3645 1061 3679 76
1122 3639 1224 3681 opulus

100 3682 213 3721 publice
224 3685 335 3713 coactus
346 3683 384 3713 est
394 3685 419 3713 ei
431 3684 557 3713 conferre
569 3683 637 3712 lucri
649 3683 733 3712 tritici
745 3682 872 3712 modium
882 3690 965 3710 xxm
976 3701 984 3715 ,
1003 3681 1030 3710 St
1039 3680 1224 3710 accessionem

100 3730 143 3750 Hs
159 3730 216 3758 1111.
242 3720 323 3752 Idem
334 3721 408 3751 Verr.
422 3732 448 3757 4.
472 3727 533 3755 118.
563 3721 617 3750 hoc
626 3727 709 3749 vocat
719 3719 903 3749 Corollarium
919 3728 1107 3748 nummorum.
1140 3718 1224 3748 Colu-

99 3758 165 3788 mel.
182 3757 230 3788 lib.
245 3769 267 3787 1.
284 3768 343 3797 cap-
355 3769 381 3796 7.
421 3758 458 3789 Ut
467 3758 560 3797 Lignis
572 3760 599 3788 δε
609 3758 714 3788 caeteris
723 3758 813 3796 parvis
824 3755 1023 3786 accessionibus
1035 3757 1188 3793 exigendis.

101 3795 223 3826 Accessio
234 3806 380 3826 annorum.
403 3795 461 3826 Cic.
476 3797 510 3826 de
526 3795 635 3826 Amicit.
651 3806 693 3824 11.
732 3795 810 3833 Quid
824 3795 907 3834 igitur
920 3793 996 3823 hunc
1012 3803 1167 3832 paucorum
1178 3804 1226 3823 an-

119 3843 221 3863 norum
232 3834 348 3864 accessio
363 3836 455 3871 juvare
470 3834 622 3873 potuisset?>

100 3871 274 3901 Accessiones
285 3872 402 3902 fortunae
414 3874 440 3902 ἃ
451 3873 602 3910 dignitatis.
631 3870 690 3901 Cic.
702 3871 777 3901 Fam.
791 3880 817 3900 2.
835 3880 846 3899 1
854 3891 862 3899 .

101 3907 223 3939 Accessio
236 3910 263 3939 ἃ
274 3909 417 3945 Decessio,
439 3910 576 3939 contraria
586 3909 657 3939 sunt.
687 3907 744 3938 Cic.
759 3908 816 3938 Off.
833 3918 856 3945 3.
875 3915 916 3937 12.
958 3907 1062 3939 Eorum
1078 3916 1170 3945 neque
1184 3916 1227 3937 ac-

121 3947 241 4015 cesvsione
254 3947 400 4015 meliorem
410 3949 496 3978 vitam
506 3948 565 3979 fieri
574 3970 582 3984 ,
604 3957 657 3978 nec
669 3946 826 3977 decessione
836 3947 971 3986 pejorem.

190 3995 208 4014 0
217 3996 241 4014 L.
278 4007 284 4015 .

962 3261 1005 3294 Ire
1020 3261 1096 3294 licet.

805 3378 869 3409 Hoc
887 3376 943 3413 est,
963 3375 1109 3408 Molliores
1121 3375 1221 3414 faciet,

1624 108 1922 159 Acc'
2362 139 2405 174 25

1288 202 1409 232 Accessit]
1421 205 1447 233 C<
1465 203 1617 239 Abscessio,
1642 205 1786 233 contraria.
1818 190 1924 235 Cffde
1935 205 2056 236 Univers.
2074 211 2116 241 38.
2155 206 2281 245 Cumque
2300 210 2334 238 ad
2352 221 2411 240 cor-

1307 250 1374 276 pora
1385 242 1547 283 vnecessitate
1564 252 1629 271 cum
1646 241 1761 271 accessio
1779 242 1872 277 fieret,
1901 251 1962 272 tum
1974 244 2119 281 abscessio,
2149 247 2287 284 principio
2304 249 2410 278 necesse

1308 287 1365 305 erait
1376 278 1481 307 sensum
1496 280 1608 308 existere
1621 289 1717 308 unum.

1290 312 1475 356 Accessionem
1495 317 1643 353 adjungere
1659 316 1772 346 cedibus.
1805 318 1862 346 Cic.
1881 317 1938 347 Off.
1955 328 1977 347 1.
1998 325 2057 356 138.
2099 319 2178 350 lianc
2189 320 2305 350 Scaurus
2316 321 2411 351 demo-

1309 350 1374 379 litus
1384 374 1391 385 ,
1413 354 1593 382 accessionem
1605 355 1733 390 adjunxit
1743 354 1857 384 adibus.

1292 387 1394 417 Affers-t»
1404 390 1585 429 accessionem
1602 392 1637 420 ad
1652 401 1757 421 veteres
1770 393 1992 422 necessitudines.
2023 394 2079 423 Cic.
2099 395 2151 424 Att.
2171 395 2217 423 lib.
2232 398 2272 424 16.
2288 399 2329 425 16.
2370 397 2411 425 Ad

1310 433 1436 465 paternas
1449 437 1558 462 magnas
1569 430 1594 458 ἃ
1607 437 1711 459 veteres
1724 432 1749 459 ok
1760 430 1841 465 justas
1853 430 2065 461 necessitudines
2080 442 2207 470 magnam
2217 432 2309 462 attulit
2323 433 2411 463 acces-

1311 465 1473 504 sionemtiia
1487 465 1615 495 voluntas
1629 478 1691 503 erga
1706 477 1758 496 mc.

1292 498 1393 528 Facere
1409 501 1454 528 sibi
1473 502 1664 544 accessionem.
1698 506 1756 533 Cic.
1775 505 1848 534 Fam.
1867 504 1912 534 lib.
1930 516 1971 535 10.
1989 511 2030 539 18.
2070 506 2198 542 Magnam
2213 509 2296 537 etiam
2310 508 2412 546 perditi

1312 536 1597 580 hosies'acceslionem
1610 541 1656 569 sibi
1669 542 1792 571 fecissent
1801 565 1808 576 ,
1831 543 1916 580 siquas
1927 544 2020 581 copias
2032 542 2225 574 abstraxissent.

1292 573 1442 617 Speciatim
1457 580 1580 605 auctores
1593 585 1705 618 utuntur
1718 580 1766 608 hac
1780 590 1848 609 voce
1859 602 1867 615 ,
1889 591 1953 610 cum
1969 582 2090 610 indicare
2109 582 2205 611 volunt
2216 606 2224 617 ,
2251 593 2308 612 rem
2321 593 2368 620 per
2384 584 2410 612 se

1312 621 1369 639 non
1382 620 1438 648 peti
1449 634 1457 644 ,
1468 615 1679 656 ’usit-consistere
1691 638 1698 649 ,
1719 615 1764 645 sed
1777 618 1848 653 quasi
1860 619 2048 655 Appendicem
2060 619 2112 648 csse
2126 620 2246 650 alterius.
2277 621 2344 649 s’lin.
2362 621 2408 650 lib.

1313 658 1358 691 .²9'
1378 659 1398 677 i.
1441 649 1512 691 ilinc
1527 650 1579 678 111ae
1591 661 1662 694 circa
1675 663 1758 687 :egros
1771 655 1872 684 misera*
1884 657 2056 686 medicorum
2073 659 2293 687 concertationes
2304 680 2311 692 ,
2333 658 2412 687 nullo

1313 686 1388 714 idem
1401 687 1529 729 censente
1540 709 1547 721 ,
1575 689 1751 731 nevidczitur
1762 692 1875 721 accessio
1892 694 2010 724 asterius.
2043 694 2158 730 1.iv.45.
2176 706 2201 732 7.
2237 696 2347 733 Sx‘phax
2363 704 2411 724 rex

1314 730 1411 760 captus
1423 725 1537 752 accessio
1549 724 1644 767 Punici
1657 726 1722 755 Belli
1738 731 1842 768 sut-rat,
1863 731 1930 760 sicut
1942 733 2057 761 Gentius
2069 728 2264 762 Macedonicis
2291 733 2366 762 Plura
2384 734 2411 761 in

1314 760 1386 790 hanc
1406 771 1462 790 rem
1482 761 1594 797 collegit
1613 763 1674 792 Nic.
1690 764 1813 793 ist-insum
1832 768 1866 795 ad
1884 768 1949 796 veis.
1968 770 2068 800 s‘uoerc.
2081 780 2105 799 2.
2125 781 2167 806 25.
2195 773 2220 800 δέ
2235 781 2303 807 quos
2321 771 2415 799 laudat

1314 797 1444 840 Burman.
1457 799 1491 827 ad
1506 799 1624 835 Quintil.
1638 800 1760 829 Deciani.
1775 813 1799 836 ι).
1815 813 1857 832 21.
1875 815 1900 841 p.
1915 815 1976 840 209.

1295 835 1533 879 Accessidfcbris,
1564 838 1665 879 dicitur
1680 838 1798 867 Intenlio
1810 863 1816 873 ,
1844 851 1902 876 quie
1918 844 2017 872 sitietis
2031 845 2130 873 dicitur
2144 844 2336 875 Pamxvsmus:
2368 846 2413 874 cui

1315 881 1451 916 contraria
1465 875 1503 904 esl
1522 875 1661 904 Remissio.
1697 875 1765 904 Cels.
1783 876 1829 905 lib.
1845 887 1868 912 3.
1885 888 1942 916 czip>
1957 891 1980 913 ς.
2019 883 2045 910 Si
2062 892 2126 910 vero
2145 879 2236 912 febres
2250 893 2323 918 vagae
2341 883 2403 911 s'unt

1316 920 1380 948 quia
1390 912 1543 954 verendum
1555 913 1593 942 est
1607 923 1642 942 ne
1658 913 1752 941 cibum
1770 914 1857 943 statim
1875 915 2084 953 subsequantur:
2115 922 2337 957 quandocunque
2353 906 2414 949 <siris

1316 958 1350 977 ex
1363 950 1516 978 accessione
1527 950 1632 979 levatus
1644 950 1681 979 est
1691 973 1698 985 ‚
1720 958 1787 979 tunc
1797 952 1879 982 debet
1890 954 2029 984 assumere.
2054 955 2117 985 Plin.
2134 957 2179 986 lib.
2193 967 2235 994 23.
2266 959 2292 988 bi
2305 959 2333 986 id
2346 953 2413 987 dan-

1315 986 1384 1016 dum
1396 996 1451 1016 non
1464 988 1512 1015 nisi
1524 988 1552 1016 in
1565 988 1718 1017 accessione
1731 988 1858 1023 senserit,
1880 990 1922 1018 alii
1938 991 1964 1019 in
1977 993 2129 1022 remissione

1296 1023 1437 1067 Accessit),
1461 1025 1500 1055 De
1519 1027 1616 1061 quovis
1628 1026 1734 1054 morbo.
1769 1026 1835 1055 Plin.
1853 1027 1898 1055 lib.
1910 1037 1952 1056 20.
1969 1039 2028 1065 cap.
2047 1040 2085 1065 ¹3·
2128 1031 2268 1060 Dcderunt
2285 1034 2311 1062 Sc
2329 1034 2415 1062 comi-

1315 1062 1427 1091 tialibus
1438 1062 1592 1092 bibendum
1603 1064 1725 1093 decocta:
1738 1063 1848 1093 succum
1862 1065 1889 1093 in
1907 1066 2011 1102 cyathis
2029 1076 2143 1102 quatuor
2159 1078 2221 1098 ante
2241 1071 2415 1099 accessiones.

1315 1100 1430 1129 Sueton.
1440 1101 1468 1128 in
1481 1100 1585 1142 vespas.
1600 1111 1660 1138 cap.
1673 1111 1718 1138 23.
1744 1101 1832 1131 Prima
1844 1112 1954 1140 quoque
1965 1104 2052 1132 morbi
2065 1105 2215 1134 2.co.›ssi011e
2225 1129 2232 1141 ,
2256 1116 2284 1136 ut
2298 1109 2414 1144 tumuit)

1316 1147 1386 1175 puto
1397 1160 1405 1168 .
1426 1138 1501 1168 Deus
1515 1141 1559 1167 ho.

1297 1175 1439 1219 Accessit),
1469 1176 1526 1205 Cic.
1546 1177 1575 1204 in
1588 1175 1662 1205 Verr.
1678 1178 1736 1205 Aet.
1755 1186 1778 1213 3.
1810 1187 1861 1214 pro
1879 1187 1913 1207 eo
1934 1179 1992 1207 acci
2016 1179 2068 1207 itur
2080 1201 2087 1211 ,
2119 1180 2193 1215 quod
2212 1181 2293 1215 vulgo
2315 1182 2415 1211 Vinum

1316 1213 1504 1242 ministrorum
1526 1220 1658 1249 vocatur,
1691 1214 1883 1244 Timarchides
1902 1215 1950 1244 suo
1973 1215 1999 1244 la
2019 1226 2066 1244 ore
2089 1215 2196 1253 suisque
2219 1220 2416 1248 accessurus-us

1316 1250 1380 1280 usus
1391 1273 1399 1286 ,
1420 1252 1525 1288 negotii
1534 1251 1686 1280 molestiam
1697 1251 1925 1290 consequebatur,
1936 1260 1966 1283 ut
1977 1253 2011 1282 ad
2022 1254 2101 1282 istum
2113 1254 2167 1283 sinc
2178 1254 2233 1284 ulla
2244 1256 2417 1286 solicitudine

1316 1288 1423 1318 summa
1436 1290 1556 1328 pecunia
1569 1290 1722 1319 referretur.
2244 1310 2246 1316 .

1298 1326 1473 1356 Accessiones
1485 1328 1567 1356 etiam
1582 1327 1763 1363 fidejussores
1780 1335 1915 1358 vocantur
1932 1339 1947 1357 a
1960 1328 2043 1357 Paulo
2058 1329 2085 1357 in
2098 1329 2115 1357 1.
2144 1329 2169 1358 Si
2189 1329 2294 1358 servum
2311 1331 2419 1368 stipula-

1318 1371 1373 1394 tus.
1387 1365 1439 1431 di).
1456 1365 1497 1394 De
1509 1366 1583 1395 verb.
1598 1365 1710 1403 obligat.
1739 1366 1862 1396 Acceslio
1880 1367 1918 1396 est
1929 1366 2068 1402 fidejussor
2085 1367 2131 1403 qui
2143 1367 2288 1405 principali
2301 1368 2417 1397 debitori

1318 1412 1384 1432 acce
1418 1409 1435 1432 t.

1299 1440 1423 1469 Accessio
1433 1463 1440 1475 ,
1461 1441 1583 1470 Verbum
1593 1439 1659 1477 juris
1671 1442 1708 1472 est
1719 1465 1727 1477 ,
1749 1441 1839 1479 inquit
1849 1440 2021 1471 Hermolaus,
2056 1441 2096 1471 Eo
2107 1441 2174 1470 Plin.
2191 1443 2300 1480 proprie
2311 1443 2372 1472 usus
2381 1444 2418 1473 est

1319 1479 1349 1507 in
1367 1488 1484 1515 prooem.
1504 1479 1553 1508 lib.
1569 1488 1612 1515 33.
1654 1479 1715 1509 Nec
1734 1481 1789 1509 hoe
1807 1480 1859 1509 fuit
1878 1480 1957 1509 satis:
1988 1479 2067 1508 turba
2086 1489 2254 1516 gemmarum
2275 1490 2418 1517 potamus,

1321 1519 1347 1547 ὁὶ
1359 1517 1503 1554 smaragdis
1513 1517 1634 1546 teximus
1649 1518 1767 1553 calices,
1788 1528 1820 1547 ac
1829 1517 2000 1547 temulentiae
2012 1516 2090 1546 causa
2102 1524 2196 1547 tenere
2216 1518 2320 1546 indiam
2338 1519 2418 1553 iuvat,

1320 1556 1347 1584 ἃ
1358 1564 1455 1584 aurum
1470 1556 1523 1589 iam
1533 1554 1649 1584 accessio
1661 1556 1708 1586 est.
1745 1555 1827 1593 Quasi
1838 1555 1913 1584 dicat
1930 1556 1988 1591 (ait
2003 1554 2185 1589 Hermolaus)
2205 1555 2366 1592 Principalis
2381 1556 2421 1586 lu-

1319 1594 1405 1622 xuriae
1416 1593 1585 1622 irritamenta
1595 1592 1657 1622 sunt
1685 1604 1783 1622 einmae
1793 1615 1800 1628 ,
1822 1593 1968 1623 accessoria
1979 1603 2044 1622 vero
2057 1603 2154 1622 aurum
2165 1601 2371 1631 argentumque.

1302 1630 1424 1660 Accessio
1434 1653 1442 1665 ,
1464 1641 1514 1668 pro
1526 1630 1646 1660 Accessu.
1690 1632 1756 1661 laut.
1770 1631 1898 1661 Trinum.
1913 1640 1937 1668 3.
1949 1641 1974 1661 2.
1992 1637 2036 1668 83.

1383 1685 1419 1689 —
1430 1669 1497 1706 quid
1512 1669 1561 1697 tibi
1578 1669 1774 1707 interpellatio,

1384 1707 1437 1735 Aut
1451 1707 1479 1735 in
1493 1706 1638 1735 consilium
1652 1707 1708 1736 huc
1722 1706 1838 1736 accessio
1851 1707 1910 1736 est‘?

1302 1743 1474 1774 Accessiones
1494 1745 1521 1773 in
1534 1745 1592 1778 iure
1607 1744 1690 1774 etiam
1708 1745 1882 1783 appellantur
1899 1744 2031 1779 Frut‘tus,
2052 1750 2163 1781 partus,
2186 1743 2213 1773 δι
2229 1743 2320 1773 omnis
2336 1742 2422 1772 causa.

1321 1782 1340 1811 l.
1361 1783 1387 1811 ii.
1410 1782 1443 1811 D.
1467 1783 1501 1811 de
1520 1783 1550 1811 in
1569 1782 1644 1811 diem
1662 1783 1764 1812 addid.
1786 1782 1804 1811 l.
1829 1793 1869 1818 50.
1902 1782 1935 1811 D.
1957 1782 1993 1811 ad
2011 1782 2122 1811 Trebel.
2160 1781 2191 1811 In
2210 1781 2343 1811 AEdilium
2359 1791 2422 1810 vero

1321 1820 1414 1849 edicto
1432 1829 1604 1857 quaecunque
1621 1821 1757 1858 emptioni
1774 1821 1928 1856 accedunt,
1957 1821 1983 1849 &
2001 1827 2098 1858 phetor
2114 1820 2234 1857 pretium
2247 1819 2280 1848 ab
2298 1828 2422 1856 emptore

1321 1865 1488 1894 erogantur,
1519 1857 1686 1887 accessiones
1707 1867 1850 1887 vocantur.
1882 1858 1899 1887 l.
1915 1868 1959 1893 25.
1981 1859 2001 1895 ἕ.
2022 1857 2069 1886 ult.
2087 1860 2112 1887 Sc
2132 1857 2149 1886 l.
2164 1867 2208 1894 27.
2237 1856 2270 1886 D.
2295 1857 2330 1886 de
2349 1856 2420 1885 tedis.

1322 1896 1404 1925 edict.
1439 1895 1726 1925 Possessionumetiam
1736 1896 1908 1926 Accessiones
1922 1896 2071 1930 dicuntur,
2091 1895 2203 1932 quando
2216 1896 2375 1929 auctorum,
2397 1896 2424 1923 δε

1324 1943 1421 1962 eorum
1436 1935 1464 1962 in
1481 1944 1550 1970 quos
1566 1933 1599 1962 ab
1612 1934 1654 1964 his
1664 1935 1706 1970 jus
1722 1934 1832 1969 transit,
1852 1933 2029 1972 possessiones
2042 1935 2257 1970 conjunguntur.
2280 1932 2297 1962 l.
2314 1941 2377 1970 pen.
2390 1931 2425 1961 D.

1325 1972 1360 2000 de
1371 1971 1467 2001 divers.
1481 1974 1506 2001 ἃ
1518 1980 1603 2009 temp.
1616 1972 1719 2010 praescr.

1303 2009 1426 2077 Accessi&
1442 2010 1518 2076 cedilt
1534 2009 1689 2048 principali.
1720 2009 1783 2048 Ulp.
1799 2010 1829 2039 in
1840 2008 1857 2038 l.
1874 2009 1946 2039 Cum
1956 2018 2062 2039 aurum.
2079 2009 2099 2046 §.
2116 2008 2318 2047 perveniamus.
2340 2006 2373 2037 D.
2391 2007 2426 2036 de

1324 2057 1380 2077 aur.
1435 2058 1462 2077 ar
1483 2069 1487 2074 .
1513 2058 1555 2077 ew.

1268 2057 1555 2121 Acetssossfisri}
1584 2085 1709 2115 Verbale.
1740 2081 1894 2122 [atroci-mr]
1926 2086 1982 2123 Qui
1999 2084 2115 2114 accedit.
2152 2083 2239 2113 Valer.
2260 2083 2308 2112 lib.
2324 2093 2346 2119 5.
2366 2093 2428 2121 cap.

1310 2134 1335 2161 7.
1350 2134 1372 2152 1.
1406 2124 1466 2153 Nec
1479 2123 1598 2153 accessor
1607 2123 1729 2160 gloriose
1741 2123 1814 2153 illius
1825 2133 1936 2162 pompze
1945 2146 1954 2159 ,
1975 2122 2023 2153 sed
2033 2122 2131 2152 author
2141 2121 2277 2160 spec‘tatus
2287 2121 2332 2150 est.
2373 2120 2428 2151 Sed

1307 2162 1416 2191 malunt
1426 2162 1471 2191 hic
1481 2161 1526 2191 alii
1538 2162 1629 2199 legere
1640 2161 1783 2192 Accensor.

1270 2201 1292 2231 A
1301 2211 1318 2230 c
1328 2210 1345 2229 c
1355 2210 1365 2228 r
1375 2210 1385 2229 s
1394 2210 1422 2229 si
1433 2211 1446 2228 B
1457 2212 1463 2228 1
1473 2212 1488 2228 L
1498 2211 1505 2228 1
1514 2211 1525 2229 s
1536 2222 1543 2235 ,
1564 2202 1589 2229 ἃ
1606 2210 1621 2228 e
1653 2199 1750 2229 Glossae
1764 2199 1859 2237 Cyrilli
1878 2193 2030 2229 'wamia-r&
2047 2205 2168 2228 vertunt.
2195 2197 2313 2227 Tertull.
2325 2195 2428 2227 advers.

1308 2238 1437 2268 Praxean.
1453 2248 1513 2276 cap.
1528 2248 1569 2273 15.
1596 2237 1645 2266 Per
1656 2237 1839 2267 accessibilem
1850 2237 1949 2266 lucem.

1270 2277 1292 2307 A
1300 2287 1317 2307 c
1326 2286 1343 2307 c
1353 2286 1385 2305 es
1393 2286 1531 2305 S¹P=1L1T
1539 2286 1558 2304 A
1567 2286 1578 2304 s
1587 2299 1594 2310 ,
1608 2277 1666 2305 atis.
1678 2275 1697 2304 f.
1710 2276 1836 2311 ejusdem
1846 2274 2012 2305 Tertulliani
2021 2274 2060 2304 est
2070 2274 2144 2304 dicto
2154 2273 2234 2303 loco:
2249 2279 2281 2302 ut
2293 2272 2429 2302 contraria

1310 2314 1554 2351 [immortalitatis]
1574 2313 1622 2352 ipsi
1633 2313 1691 2343 filio
1701 2313 1933 2348 adscriberemus,
1954 2312 2165 2347 mortalitatem,
2186 2310 2429 2341 acceffibilitatem·

1270 2353 1292 2383 A
1301 2363 1318 2383 c
1327 2362 1344 2381 c
1354 2362 1407 2382 ess
1416 2363 1423 2380 1
1432 2362 1448 2381 v
1460 2362 1475 2381 υ
1484 2361 1496 2381 s
1505 2374 1513 2388 ,
1535 2362 1550 2380 a
1559 2374 1567 2387 ,
1589 2361 1646 2381 um.
1676 2352 1765 2381 Vertit
1777 2351 1859 2381 Closs.
1873 2351 1917 2380 Gr.
1930 2350 1988 2380 Lat.
2004 2347 2162 2381 πάθετῶυ-

1271 2392 1495 2425 Accessi‘ri),
1524 2400 1578 2419 are.
1605 2390 1797 2427 frequentativ.
1836 2388 1906 2418 Gell.
1925 2395 1966 2424 18.
1989 2398 2030 2418 12.
2055 2397 2091 2417 ex
2106 2387 2165 2418 Cat.
2186 2387 2280 2425 Origg.
2322 2385 2429 2415 Eodem

1309 2437 1442 2458 convenae
1453 2427 1610 2466 complures
1620 2437 1656 2456 ex
1667 2438 1731 2465 agro
1743 2426 1942 2457 accessitavere.
2392 2460 2398 2466 .

1272 2466 1318 2498 Ac
1327 2477 1344 2496 c
1353 2477 1367 2495 E
1376 2477 1387 2495 s
1395 2477 1407 2495 s
1417 2477 1433 2495 ο
1444 2477 1458 2495 a
1468 2477 1476 2494 1
1486 2477 1502 2495 u
1513 2477 1532 2494 M
1542 2488 1550 2501 ,
1569 2466 1598 2495 ii.
1624 2465 1702 2495 Idem
1714 2466 1752 2495 est
1761 2466 1836 2503 quod
1846 2465 1967 2495 Accessio
1976 2485 1985 2499 ,
2006 2465 2032 2494 <Sc
2041 2463 2162 2501 sequit-ur
2174 2468 2298 2492 naturam
2306 2459 2346 2490 sui
2359 2470 2433 2499 prin-

1329 2504 1434 2543 cipalis.
1461 2504 1548 2534 Instit.
1562 2504 1596 2533 de
1609 2514 1660 2533 rer.
1674 2503 1750 2533 divis.
1769 2505 1790 2541 ᾗ.
1810 2503 1886 2541 quod
1897 2502 1916 2532 si
1931 2503 2042 2542 partim.
2064 2501 2082 2531 l.
2100 2501 2119 2530 si
2132 2511 2207 2531 eum.
2221 2501 2242 2538 §.
2263 2501 2309 2538 qui
2321 2499 2434 2535 injuria-

1330 2553 1399 2573 rum.
1422 2542 1456 2572 D.
1474 2542 1492 2572 si
1504 2543 1564 2580 quis
1578 2548 1651 2571 caut.

1272 2581 1294 2611 A
1302 2591 1319 2610 c
1328 2591 1345 2611 c
1355 2591 1368 2610 ε
1377 2592 1392 2609 L
1402 2582 1418 2610 ῐτ,
1427 2591 1441 2608 a
1450 2590 1483 2616 0,
1505 2590 1541 2610 as.
1570 2579 1711 2616 [kyws'w]
1737 2589 1773 2608 ex
1785 2578 1825 2608 Ad
1844 2581 1870 2609 St
1881 2577 1978 2607 Celero
1987 2599 1996 2612 ,
2016 2578 2103 2607 acsive
2114 2578 2141 2606 δι
2152 2575 2312 2606 neutraliter
2323 2574 2431 2612 legitur.

1309 2618 1468 2649 Accelerare
1479 2641 1486 2653 ,
1508 2618 1595 2647 ac‘tive
1606 2617 1725 2656 positum
1735 2639 1743 2652 ,
1770 2617 1840 2647 Rem
1850 2616 1970 2653 aliquam
1981 2616 2070 2644 facere
2086 2615 2255 2644 celeriorem.
2280 2620 2328 2649 ut,
2349 2614 2432 2642 Acce-

1308 2658 1533 2687 lerare-mortem.
1554 2655 1622 2685 Plin.
1637 2656 1684 2685 lib.
1700 2661 1740 2685 16.
1755 2665 1815 2693 cap.
1829 2658 1871 2693 36.
1891 2653 1937 2683 Sil.
1948 2653 2008 2683 Ital.
2026 2653 2074 2682 lib.
2086 2663 2111 2690 7.
2131 2663 2192 2688 114.

1310 2695 1420 2734 Opem,
1438 2696 1488 2724 &c-
1509 2695 1574 2724 Stat.
1592 2704 1613 2723 1.
1629 2693 1702 2731 Sylv.
1714 2704 1739 2723 2.
1754 2697 1816 2727 268.

1390 2732 1532 2762 Acceleret
1546 2739 1624 2770 partu
1638 2732 1780 2761 decimum
1791 2731 1863 2759 bona
1875 2728 1995 2767 Cynthia
2009 2727 2139 2758 mensem.

1309 2770 1480 2805 Accelerare,
1492 2769 1661 2804 neutraliter,
1674 2769 1831 2807 Properare,
1843 2768 1976 2797 festinare.
2000 2767 2056 2796 Cic.
2069 2767 2098 2795 in
2111 2766 2221 2795 Catilin.
2233 2775 2257 2794 2.
2272 2773 2297 2801 7.
2325 2762 2431 2793 Aurelia

1330 2809 1375 2838 via
1384 2809 1524 2846 profestos
1534 2809 1587 2837 est:
1611 2808 1629 2837 si
1640 2807 1793 2837 accelerare
1804 2806 1900 2837 volent
1909 2828 1916 2841 ,
1934 2805 1969 2834 ad
1979 2804 2118 2842 vesperam
2129 2803 2352 2844 consequentur..

1310 2847 1470 2876 Accelerare
1482 2848 1508 2876 Sc
1519 2846 1657 2881 Tardare,
1679 2846 1822 2875 contraria.
1851 2843 1920 2873 Plin.
1933 2842 1982 2872 lib.
1994 2853 2019 2873 2.
2032 2852 2094 2880 cap.
2110 2846 2151 2871 16.
2167 2852 2188 2871 1.
2226 2841 2291 2870 Non
2309 2849 2372 2876 quia
2387 2848 2432 2868 aca-

1332 2884 1456 2914 celerent
1466 2907 1473 2920 ,
1495 2884 1638 2913 tardentve
1650 2883 1786 2913 naturales
1799 2888 1899 2912 motus.
2398 2914 2403 2919 ,

1311 2922 1470 2953 Accelerare
1483 2922 1597 2960 gradum
1607 2944 1615 2957 ,
1634 2920 1679 2950 vel
1690 2922 1741 2951 iter
1750 2944 1759 2957 ,
1780 2919 1941 2958 periphrasis
1952 2928 2003 2956 pro
2012 2927 2046 2947 eo
2059 2917 2134 2955 quod
2143 2917 2181 2946 est
2192 2916 2344 2961 Properate.
2374 2913 2432 2944 Liv.

1332 2970 1358 2989 2.
1382 2960 1415 2989 ab
1434 2960 1507 2989 Urbe
1532 2963 1589 2993 186.
1620 2959 1699 2989 [dem
1720 2969 1742 2988 1.
1768 2958 1836 2988 Bell.
1856 2957 1965 2987 Maced.
1989 2962 2049 2990 108·
2075 2955 2137 2984 Caes.
2159 2954 2224 2984 Bell.
2249 2952 2326 2982 (sivil.
2341 2962 2364 2981 2.
2385 2961 2430 2988 39.

1331 2998 1441 3035 sterque
1458 2997 1593 3027 accelerat
1601 3019 1608 3032 ,
1630 3004 1663 3026 ut
1673 3007 1756 3035 quam
1767 2996 1887 3025 maxime
1900 3005 1934 3024 ex
1944 2995 2009 3031 fuga
2020 2994 2176 3032 perterritos
2187 2991 2284 3020 adoriri
2297 2989 2393 3028 posset.

1311 3036 1471 3066 Accelerare
1483 3035 1565 3064 alicui
1577 3035 1766 3072 magistratum
1777 3034 1907 3072 aliquem.
1930 3032 2020 3063 Tacit.
2034 3030 2081 3060 sib.
2097 3041 2119 3067 3.
2134 3030 2168 3059 ad
2177 3029 2223 3058 fin.
2253 3027 2434 3057 Consulatum

1333 3074 1359 3103 ei
1370 3074 1570 3103 acceleraverat
1579 3073 1721 3112 Augustus.

1314 3111 1395 3150 Opus
1407 3111 1567 3141 accelerare.
1599 3110 1666 3141 Stat.
1679 3115 1704 3140 6.
1722 3109 1814 3140 Theb.
1824 3117 1887 3145 242.

1313 3150 1453 3188 Praecepta
1473 3148 1625 3178 accelerare
1641 3171 1649 3185 .
1687 3147 1814 3178 Studiose
1840 3148 1929 3177 facere
1948 3147 2087 3184 imperata.
2129 3141 2227 3171 Claud.
2252 3150 2276 3171 t.
2297 3140 2333 3170 de
2352 3140 2435 3178 Rapt·

1336 3187 1457 3226 Proserp.
1475 3191 1519 3223 46.

1315 3224 1397 3255 Viam
1413 3225 1572 3256 accelerare.
1603 3224 1661 3254 Vas.
1675 3220 1748 3254 Flac.
1762 3223 1860 3261 Argon.
1873 3228 1898 3256 8.
1918 3230 1961 3257 53.
2065 3255 2069 3260 .
2125 3255 2128 3259 ¹
2318 3254 2324 3259 .

1279 3264 1324 3294 AC
1333 3273 1350 3293 C
1359 3274 1372 3292 E
1382 3275 1397 3292 L
1406 3274 1419 3292 E
1429 3274 1442 3292 R
1453 3274 1471 3292 A
1480 3274 1540 3292 T10
1551 3286 1558 3298 Ἰ
1580 3264 1650 3292 OssiS.
1682 3258 1824 3298 [ἐγχέας-ι,-
1835 3278 1843 3291 ,
1865 3259 1972 3293 ὲςενξιε]
2003 3256 2169 3298 festlllfls103
2187 3260 2353 3298 propeffltlo.
2384 3254 2438 3282 Au*

1335 3302 1399 3331 thor
1418 3300 1453 3331 ad
1466 3302 1587 3331 Herenn.
1604 3301 1686 3338 lib.3.
1707 3309 1748 3337 13.
1787 3297 1984 3330 ContinuatiO,
2005 3294 2042 3323 est
2054 3302 2185 3323 orationis
2196 3291 2374 3322 enuntianda·
2392 3299 2438 3320 ac-

1336 3339 1466 3369 celeratio
1481 3338 1607 3369 clamosa.
2206 3364 2212 3373 l

1279 3378 1326 3408 Ac
1335 3388 1352 3408 c
1361 3388 1375 3407 a
1384 3388 1404 3406 N
1413 3388 1430 3407 o
1440 3388 1457 3406 0
1466 3398 1474 3413 ,
1496 3378 1541 3412 di,
1563 3376 1623 3405 sum
1633 3398 1640 3411 ,
1661 3374 1752 3411 [o't'rr‘lu
1762 3395 1768 3405 ‚
1790 3370 1933 3407 εὐώνυμον,
1953 3364 2084 3410 ,affingi-v
2093 3388 2099 3400 ³
2116 3363 2253 3403 almuse]
2268 3377 2328 3411 'Cse-
2350 3376 2384 3396 ex
2395 3365 2435 3395 Ad

1316 3416 1518 3453 compositum:
1549 3414 1615 3444 licet
1631 3413 1747 3442 verbum
1758 3411 1871 3448 simplex
1885 3411 1913 3438 in
1924 3403 1973 3437 usu
1986 3416 2043 3450 non
2059 3409 2098 3451 sit.
2136 3405 2274 3449 Nonnulli
2290 3414 2382 3449 tamen
2400 3412 2436 3433 ex

1318 3454 1433 3483 Candeo
1447 3452 1632 3491 compositum
1642 3452 1747 3480 dicunt.
1783 3450 1883 3485 [forte
1895 3456 1930 3476 ex
1941 3443 2049 3488 Celtico
2061 3444 2199 3479 landem]
2237 3443 2377 3485 Significat
2391 3451 2438 3470 aue

1315 3498 1374 3521 tem
1386 3491 1567 3521 inflammare.
1597 3489 1702 3524 crede
1715 3486 1833 3517 Univers.
1848 3491 1890 3519 28.
1927 3484 2001 3513 Deus
2013 3481 2069 3520 ipse
2086 3481 2173 3512 solem
2191 3484 2265 3518 quasi
2285 3481 2380 3510 lumen
2395 3488 2441 3508 ao-

1317 3530 1422 3560 cendit.
1463 3529 1543 3558 Unde
1557 3526 1691 3557 Accensus
1709 3534 1797 3562 rogus.
1832 3523 1898 3552 Ph'n.
1911 3521 1959 3550 lib.
1973 3525 1999 3550 ⁶.
2016 3530 2075 3559 cap.
2094 3531 2134 3558 19.
2177 3519 2300 3549 Accendi
2315 3518 2437 3547 ebenum

1317 3567 1418 3598 Fabius
1430 3574 1518 3604 negat.
1546 3565 1613 3595 Plin.
1630 3565 1677 3593 lib.
1694 3573 1732 3592 iz.
1749 3571 1845 3599 c,1p.4-

1318 3605 1478 3636 Accendere
1496 3604 1538 3633 de.
1572 3602 1676 3633 Ennius
1693 3600 1767 3638 apud
1781 3599 1836 3628 Cic.
1851 3596 1908 3627 Off.
1925 3607 1947 3626 1.
1964 3607 2008 3639 5¹.·

1399 3643 1493 3672 Homo
1512 3642 1557 3678 qui
1573 3640 1671 3669 erranti
1690 3638 1805 3667 comiter
1819 3635 1951 3665 monstrat
1966 3643 2050 3670 viam,

1401 3680 1483 3716 Quasi
1499 3678 1595 3707 lumen
1609 3678 1644 3706 de
1658 3676 1705 3705 suo
1720 3675 1826 3704 lumine
1842 3673 1993 3708 accendat,
2013 3673 2081 3702 facit
2110 3708 2117 3714 Δ

1401 3718 1439 3748 Ut
1455 3716 1636 3746 nihilominus
1650 3713 1698 3751 ipsi
1713 3712 1822 3747 luceat,
1844 3721 1908 3740 cuni
1921 3710 1959 3739 illi
1973 3710 2140 3740 accendent.
2391 3744 2395 3748 k

1320 3753 1479 3786 Accendere
1498 3756 1524 3783 δι
1543 3753 1726 3788 Extinguere,
1748 3750 1891 3778 contraria.
1927 3748 1986 3777 Cic.
2007 3749 2036 3776 in
2055 3747 2140 3776 s'ison.
2157 3755 2183 3781 ς.
2221 3742 2280 3788 Ego
2298 3745 2372 3786 faces
2387 3750 2443 3779 jam

1341 3792 1466 3823 accensas
1478 3792 1512 3820 ad
1527 3790 1609 3825 hujus
1620 3789 1694 3818 urbis
1707 3788 1871 3817 incendium
1887 3786 2103 3824 comprehendi,
2126 3781 2246 3821 promsi,
2267 3783 2381 3812 extinxi.

1321 3830 1480 3861 Accendere
1489 3850 1497 3863 ,
1519 3828 1553 3856 ad
1565 3828 1689 3856 animum
1698 3847 1706 3861 ,
1727 3835 1775 3854 aut
1785 3835 1826 3854 res
1836 3824 1900 3854 alias
1912 3824 2071 3853 translatum
2083 3843 2090 3857 ,
2112 3832 2162 3859 pro
2174 3821 2358 3850 Vehementer
2368 3827 2443 3860 com-

1340 3877 1452 3897 movere
1462 3887 1468 3898 ,
1490 3872 1537 3894 aut
1550 3865 1679 3893 incitare:
1727 3863 1783 3892 uod
1794 3873 1843 3901 per
1854 3862 2044 3899 metaphoram
2059 3870 2168 3897 quoque
2189 3858 2360 3887 inflammare
2378 3857 2445 3883 dici-

1340 3912 1391 3935 tur.
1414 3903 1520 3934 Sallust.
1536 3902 1602 3931 Bell.
1614 3873 1741 3939 Jugurtlii.
1756 3911 1814 3939 cap.
1828 3905 1872 3935 64.
1913 3899 1968 3928 Sed
1979 3909 2038 3927 ouae
2050 3908 2092 3927 res
2105 3897 2223 3926 Marium
2234 3918 2242 3929 ,
2263 3904 2325 3924 cum
2337 3904 2386 3931 pro
2396 3892 2447 3921 ho-

1339 3952 1407 3972 nore
1422 3951 1505 3979 quem
1516 3940 1678 3975 affectabat,
1698 3946 1760 3969 tum
1774 3946 1869 3968 contra
1882 3930 2033 4005 gletelliim
2044 3934 2223 3965 vehementer
2234 3932 2405 3997 acceptiora&
2430 3976 2446 3996 e

2286 3979 2298 3998 1
2310 3978 2378 3997 cccii
2400 3977 2428 3996 er
