2641 4187
469 99 499 134 A
595 98 627 133 C
727 98 759 133 'l'

51 180 174 215 Acri,
197 189 285 210 orum.
316 179 348 209 V.
370 188 452 208 Ace.

50 218 169 252 ACTA,
192 228 222 247 ae.
244 218 350 253 [amir]
371 216 404 246 Id
421 216 479 250 est,
505 215 838 246 Secretum&amoenum
850 216 925 248 litus.
947 219 1020 257 Virg.
1034 230 1057 256 5.
1080 220 1210 257 ffin.6i3.

163 257 196 284 At
213 255 309 292 procul
329 256 357 283 in
374 253 430 283 sola
448 253 557 282 secretae
572 253 697 282 Troades
719 258 779 283 aeta

162 292 294 322 Amissum
309 291 446 321 Anchisen
464 290 576 319 flebant.
670 291 776 320 Author
796 292 871 323 Serv.
956 293 1014 323 Cic.
1035 303 1059 331 7.
1079 294 1152 324 Vers.
1180 301 1205 328 ς.

89 331 150 368 Ipse
167 338 270 363 tamen,
282 339 347 358 curn
364 330 405 358 vir
422 329 489 358 esl'et
501 328 638 366 Syracusis
649 350 657 363 ,
681 338 794 358 uxorem
806 331 865 366 ejus
881 341 979 369 parum
992 340 1101 369 poterat
1121 333 1215 361 :inimo

91 369 182 398 soluto
205 377 237 396 ac
253 367 341 396 libero
351 374 394 396 tot
415 367 445 395 in
463 368 523 395 acta
539 366 598 394 dies
612 365 705 395 seeum
721 367 831 398 habere.
932 370 1091 399 Siculorum
1111 370 1216 407 linguai,

93 408 158 436 Aeta
172 428 180 440 ,
205 404 280 434 Litus
297 404 445 441 fignificat,
467 404 561 440 inquit
579 403 704 432 Turneb.

53 445 175 477 Ae'rsi,
198 452 228 472 ze.
251 442 296 471 vel
310 443 385 471 Ac’r
397 453 429 477 a,
451 451 488 471 es.
511 441 637 477 [Ἀκτὴ]
658 441 747 470 Attica
764 442 840 478 regio
856 464 863 477 ,
884 449 915 472 ut
930 444 1062 474 testantur
1080 445 1150 474 Geli.
1169 444 1217 474 lih.

94 492 137 517 14.
159 490 219 518 cup.
234 484 260 510 6.
285 481 311 510 ἃ
334 480 402 509 Plin.
414 479 462 508 lib.
483 490 509 514 4.
522 489 582 517 cap.
595 487 620 514 7.
654 478 768 508 Causam
780 481 901 509 nominis
917 484 1049 519 exprimit
1068 483 1110 511 his
1130 483 1220 511 verbis

89 518 177 549 Strab.
201 518 247 547 lib.
261 528 286 553 9.
309 518 427 547 Atticam
446 517 521 554 apud
542 523 648 546 veteres
673 517 759 546 Acten
772 539 779 551 ,
802 518 831 545 id
850 518 906 553 est,
932 520 1027 555 Litus,
1052 520 1221 558 appellatum

92 556 147 586 esse
167 556 273 585 constat
283 578 290 590 ,
311 558 337 585 Sc
352 555 467 584 nomine
483 554 606 584 derivato
619 564 669 592 pro
682 555 772 583 Aesica
784 576 792 588 ,
818 555 935 585 Atticam
946 557 998 586 csse
1011 565 1219 595 nuncupatam:

92 595 224 631 quoniam
239 594 360 622 maxima
380 592 453 622 illius
473 603 534 630 pars
553 593 587 622 ad
606 602 680 621 mare
700 592 738 621 est
754 598 876 621 extenta
889 596 914 623 δι’
933 595 1061 631 angusta:
1099 595 1223 631 oblonga

91 642 158 662 vero
179 631 240 667 satis
260 633 286 661 Sc
303 633 429 669 porrecta
445 631 587 660 montibus
608 640 694 665 usque
719 631 836 659 Sunium
858 631 1008 665 subiicitur.
1050 633 1172 662 lierniol.
1193 634 1222 661 in

91 669 161 700 Plin.
179 668 228 698 lib.
243 681 268 705 4.
291 679 351 707 cap.
366 679 392 706 7.
422 669 507 698 Acten
527 667 741 698 dietamscribit
755 668 789 696 ab
801 668 929 698 Actaeone
957 671 1009 699 sive
1028 671 1120 700 Aftaeo
1136 681 1198 707 rege
1214 692 1220 703 ,

91 714 124 737 ut
138 707 273 737 Favorino
294 706 386 744 placet
404 708 430 736 δε
448 706 640 745 Lycophroni,
662 706 709 743 qui
726 707 831 735 Actaeos
851 713 932 736 vocat
948 708 1125 737 Athenienses
1140 718 1147 737 2
1179 707 1223 736 vel

93 746 158 783 quia
180 745 294 774 litoralis
312 745 368 774 fere
391 751 448 774 tota
467 746 498 773 sit
510 767 517 779 ,
541 744 605 774 exili
621 746 646 773 ek
660 744 773 779 angusto
792 745 915 780 quodam
936 746 1014 774 velut
1035 747 1172 783 margine,
1191 753 1224 774 ut

92 782 254 821 Apollodor.
277 784 303 812 Sc
322 783 409 812 Strab.
432 783 585 812 Dicebatur
608 783 634 812 δι
652 782 757 815 Atthis,
778 781 822 810 sed
844 782 878 810 ab
896 783 1007 812 Atthide
1023 784 1122 813 Crunai
1152 784 1223 821 regis

93 822 159 856 filia,
178 827 210 850 ut
223 821 356 858 inquiunt
374 821 494 850 Eustath.
515 820 644 850 Martian.
670 820 788 855 Trogus.

55 859 232 894 Aemus,
262 859 325 895 Adj.
345 859 501 895 [amics]
531 857 658 887 Litoralis
672 879 680 893 ,
696 858 811 887 Atticus.
844 857 917 895 Virg.
927 868 952 888 2.
974 859 1032 889 Ecl.
1045 869 1090 896 24.

111 899 112 902 ’
169 896 278 929 Canto.
295 908 355 934 quae
373 896 485 931 solitus,
505 895 636 933 siquando
654 902 778 924 armenta
799 895 933 931 vocabat,

167 935 307 972 Amphion
331 935 454 964 Dirczeus
474 935 503 963 in
524 936 610 963 aerico
626 933 793 971 Aracyntho
931 934 1050 965 Servius.
1072 935 1144 965 Sane
1162 934 1225 963 Ara-

94 972 215 1011 cynthus
233 983 314 1001 mons
325 973 363 1002 est
375 973 535 1002 Thebanus.
577 971 659 1000 Unde
678 971 786 1007 Actaeo,
809 970 923 1001 Litorali
934 973 1069 1002 debemus
1087 973 1224 1011 accipere,

93 1021 154 1041 non
176 1011 342 1040 Atheniensi.
403 1010 485 1040 Ovid.
504 1020 526 1039 1.
548 1009 617 1038 Met.
647 1019 708 1045 313.

169 1049 283 1086 Separat
299 1049 402 1078 Aonios
422 1048 519 1077 Actaeis
536 1047 636 1077 Phocis
653 1048 687 1077 ab
705 1047 784 1076 arvis.

92 1086 140 1116 seu
163 1087 270 1116 Atticis.

57 1123 223 1154 Acrisium
245 1124 366 1162 primum
381 1124 410 1152 in
431 1123 518 1152 Attica
536 1121 658 1160 regnasse
683 1121 784 1152 ferunt.
845 1122 911 1160 Quo
926 1124 981 1153 vita
1000 1124 1152 1159 defuneto,
1176 1122 1228 1152 Ce-

93 1172 175 1200 crops
194 1162 277 1191 dut‘ta
296 1171 382 1190 uxore
401 1160 475 1190 illius
493 1160 566 1196 filia,
588 1170 703 1196 regnum
728 1161 802 1190 susce
825 1161 866 1190 it:
890 1171 925 1191 ex
945 1172 999 1199 qua
1015 1163 1109 1197 Ersen,
1130 1161 1228 1198 Aglau-

96 1210 159 1229 rum
173 1222 181 1235 ,
207 1198 373 1229 Pandrosum
396 1199 481 1234 filias,
494 1201 520 1229 Sc
533 1197 761 1236 Erysichthonem
784 1171 872 1228 filium
888 1199 1001 1230 sustulit.
1044 1199 1228 1238 Erysichthon

93 1239 158 1267 vivo
170 1237 261 1266 adhuc
270 1243 346 1274 patre
356 1237 410 1266 vita
421 1237 651 1274 excedens‚regni
661 1235 862 1266 successionem
872 1237 985 1267 inanem
996 1239 1043 1276 ipsi
1055 1239 1174 1276 reliquit.
1193 1238 1228 1266 At

92 1276 211 1312 Cecropi
233 1274 355 1303 Cranaus
369 1296 377 1310 ,
398 1275 513 1304 Athenis
533 1274 613 1304 facile
636 1275 784 1313 princeps,
810 1275 943 1305 successit.
985 1276 1092 1306 Cranao
1112 1286 1177 1305 vero
1198 1275 1228 1304 fi-

96 1313 147 1342 lias
166 1322 231 1341 cum
241 1312 318 1347 alias,
328 1318 390 1342 turn
401 1313 513 1342 Atthida
524 1312 602 1341 fuisse
611 1320 739 1342 narrant:
761 1314 862 1349 acujus
872 1314 986 1343 nomine
997 1316 1140 1351 regionem
1150 1314 1228 1352 prius

98 1352 222 1380 Aetaeam
237 1350 357 1386 dietam,
378 1351 496 1380 Atticam
518 1351 674 1380 nominant.
702 1351 816 1380 Author.
831 1351 941 1381 Pausan.
955 1353 983 1381 in
998 1354 1079 1382 Attic.

56 1388 217 1423 Aca-ms,
241 1388 308 1418 adis.
332 1388 350 1418 f.
380 1390 515 1425 [azaria]
536 1389 569 1418 Id
581 1388 635 1424 est,
655 1388 836 1419 Atheniensis.
877 1390 946 1426 Virg.
961 1402 987 1426 4.
1011 1391 1187 1429 Georg.463·

167 1427 256 1464 Atque
278 1426 376 1462 Getae,
399 1433 482 1464 atque
499 1427 628 1461 Hebrus,
655 1434 739 1464 atque
759 1428 849 1457 Aetius
872 1427 998 1466 Orithya.

56 1463 267 1500 Arm-meus,
285 1465 345 1500 Adj,
369 1462 533 1500 [ἀητιοωῴς]
555 1464 735 1494 Atheniensis.
768 1465 853 1495 Ovid.
872 1465 955 1504 Epist.
974 1477 1013 1503 15.
1030 1471 1095 1503 185.

169 1502 225 1532 Cur
241 1512 317 1532 nunc
339 1503 462 1532 Actiacas
487 1502 613 1532 miseram
636 1513 682 1532 me
699 1503 787 1533 mittis
808 1504 843 1533 ad
868 1504 978 1533 undas?

57 1540 217 1575 Ac‘rrus,
240 1540 299 1576 Adj.
321 1540 469 1577 [α’κτιςῷν]
492 1541 569 1570 ldem
583 1541 660 1578 quod
674 1542 809 1571 Astiacus.
834 1541 908 1579 Virg.
925 1554 948 1578 3·
969 1542 1035 1572 AEn.
1047 1548 1112 1577 280.

170 1578 300 1616 Actiaque
319 1578 409 1608 Iliacis
434 1578 608 1608 celebramus
627 1578 721 1608 littora
740 1579 822 1609 ludis.

94 1616 189 1646 Aetius
200 1616 298 1654 Apollo
308 1617 337 1645 in
346 1615 491 1646 Leucadio
506 1617 586 1646 litore
595 1616 755 1653 colebatur,
780 1618 913 1655 atqueita
927 1619 953 1647 ἃ
965 1617 1093 1648 Litoralis
1113 1615 1231 1647 vocaba-

115 1661 169 1690 tur,
183 1656 209 1684 &
223 1654 295 1684 ludis
305 1655 487 1684 triennalibus
502 1677 509 1690 ,
530 1656 555 1684 ἃ
566 1656 703 1693 gymnicis
714 1678 722 1690 ,
738 1657 764 1685 Sc
774 1656 952 1691 circensibus,
973 1656 1172 1692 navalibusque
1184 1665 1229 1684 ce»

111 1691 279 1722 lebrabatur.
330 1693 403 1723 Nam
416 1693 538 1731 Apollini
558 1693 641 1722 litora
661 1701 736 1732 grata
755 1693 809 1723 effe
829 1694 949 1723 ostendit
964 1695 1104 1724 Homerus
1124 1694 1154 1722 in
1169 1693 1229 1729 ejus

114 1730 230 1768 hymno.
254 1730 326 1769 Virg.
348 1737 374 1765 8.
398 1731 459 1761 ΖΕΗ.
477 1741 541 1768 704.

170 1769 264 1798 Aetius
284 1769 343 1798 haec
361 1779 477 1798 cernens
489 1779 584 1799 arcum
598 1769 763 1799 intendebat
786 1769 895 1807 Apollo.
936 1769 968 1800 V.
991 1771 1087 1800 moxA
1099 1778 1228 1799 CTiuM.

97 1805 163 1836 Fuit
178 1806 353 1845 &templum
362 1808 431 1837 Actii
441 1807 577 1846 Apollinis
588 1808 617 1837 in
626 1808 775 1846 Magnesiae
790 1808 894 1838 finibus
907 1808 941 1838 ab
953 1809 1118 1846 Argonautis
1132 1807 1232 1836 consti-

116 1850 219 1881 tutum,
232 1845 342 1883 Hygino
360 1846 436 1875 teste.

57 1882 199 1918 Aca-112,
219 1893 308 1912 orum.
326 1881 399 1910 ἅκποι
413 1883 567 1921 Stephano,
587 1882 658 1913 Ludi
669 1890 747 1913 erant
764 1884 793 1913 in
805 1884 884 1913 Aetio
909 1884 1068 1914 Acarnaniae
1102 1891 1233 1914 omonto-

94 1921 147 1956 rio,
159 1922 258 1958 quinto
265 1931 376 1959 quoque
386 1932 459 1951 anno
467 1923 496 1950 in
512 1921 624 1951 laudem
643 1922 779 1960 Apollinis
792 1922 925 1952 celebrari
944 1923 1025 1952 soliti.
1101 1933 1131 1952 os
1145 1923 1229 1952 ludos

94 1959 290 1988 vetustissimos
310 1959 364 1989 esse
382 1960 504 1989 constat:
539 1960 643 1998 quippe
663 1970 783 1997 quorum
805 1960 992 1990 Callimachus
1011 1962 1147 1990 meminit.
1189 1962 1231 1990 Ab

94 1997 216 2034 Augusto
226 1997 333 2026 summo
350 2004 483 2036 apparatu
503 1998 643 2027 instaurati
656 1999 789 2034 fuerunt,
816 2009 881 2028 cum
898 1999 1051 2028 Antonium
1073 2001 1099 2029 Sc
1113 1999 1232 2036 Cleopa-

94 2040 166 2064 tram
179 2035 268 2072 navali
277 2035 373 2074 praelio
383 2042 448 2065 ante
458 2036 567 2065 Aelium
581 2036 742 2074 superasset:
767 2047 832 2066 cura
845 2047 943 2066 eorum
953 2037 1087 2075 deinceps
1102 2037 1231 2067 Lacedae-

95 2073 200 2103 moniis
209 2073 348 2103 mandata.
370 2074 715 2111 quemadmoduniStrabo
728 2075 827 2104 author
838 2075 876 2104 est
887 2074 932 2104 lib.
951 2085 977 2112 7.
999 2075 1157 2113 Stephanus
1176 2081 1231 2104 ter-

93 2111 135 2140 tio
146 2121 257 2149 quoque
268 2121 343 2140 anno
360 2111 513 2141 celebratos
523 2111 601 2141 fuisse
613 2113 728 2142 tradidit
740 2123 746 2142 :
767 2113 911 2151 tribusque
931 2113 1130 2143 certaminibus
1148 2113 1229 2143 fuisse

96 2148 235 2186 insignes,
258 2149 413 2187 Gyninico‚
438 2150 571 2187 equestri,
598 2151 625 2180 Sc
642 2151 742 2180 navali.

59 2186 211 2222 Acrfflii,
236 2187 330 2217 Herba
344 2188 399 2223 est,
427 2188 480 2217 five
499 2188 603 2218 frutex
615 2211 622 2224 ,
641 2190 715 2226 gravi
732 2188 865 2218 foliorum
884 2189 990 2226 odore,
1011 2189 1137 2219 caulibus
1162 2190 1229 2220 anisi

86 2225 273 2263 geniculatis,
293 2225 397 2255 semine
416 2227 495 2264 nigro
507 2249 515 2262 ,
543 2234 575 2256 ut
592 2227 720 2263 hederae,
749 2227 842 2256 baccis
858 2227 998 2258 mollibus.
1054 2228 1182 2257 Nascitur
1199 2229 1229 2257 in

93 2263 203 2301 opacis,
227 2263 381 2302 &asperis‚
401 2265 428 2294 Sc
448 2264 565 2302 aquosis.
586 2264 654 2294 Haec
663 2265 732 2295 Plin.
746 2264 794 2294 lib.
816 2274 861 2302 27.
874 2275 933 2303 cap.
945 2276 970 2303 7.
1018 2265 1144 2296 Ruellius
1157 2267 1230 2296 hanc

95 2302 215 2331 eandem
230 2301 284 2331 efl'e
292 2308 382 2340 putat,
395 2308 448 2331 aut
458 2310 534 2332 certe
542 2303 709 2333 simillimam
719 2303 761 2333 illi
770 2313 831 2341 qua:
851 2314 866 2333 a
882 2303 1046 2333 Dioscoride
1056 2305 1208 2341 gammam
1218 2327 1228 2340 ,

96 2339 228 2369 aLatinis
237 2339 359 2370 Ebulum
372 2346 496 2370 vocatur.
518 2341 550 2370 V.
572 2351 640 2370 mox
661 2342 739 2371 Ac'r
748 2352 771 2371 F..

58 2379 239 2414 Ac'rAEoN,
269 2378 341 2408 onis.
363 2379 520 2415 [Ἀκταίων]
542 2379 626 2409 Ovid.
654 2389 678 2417 3.
706 2379 776 2410 Met.
789 2379 854 2409 Fab.
878 2389 904 2409 2.
933 2379 1019 2410 Filius
1035 2380 1090 2410 fuit
1114 2380 1228 2417 Aristaei,

96 2425 133 2445 ex
143 2416 271 2445 Autonoe
288 2416 409 2454 conjuge
423 2438 431 2452 ,
455 2416 555 2447 Cadmi
566 2416 630 2447 filia.
680 2418 734 2447 Hic
743 2425 859 2447 venator
869 2418 931 2453 fuit,
953 2425 983 2447 ut
993 2418 1078 2448 docet
1087 2418 1206 2449 Ovidius
1219 2430 1228 2455 ;

97 2455 125 2484 ἃ
138 2463 204 2483 cum
216 2454 262 2483 die
272 2454 392 2491 quadam
406 2455 555 2484 venatione
569 2455 651 2485 fessus
660 2456 690 2485 in
699 2456 801 2485 vallem
810 2456 972 2494 Gargaphiae
987 2456 1178 2492 descendisset,
1193 2467 1228 2487 eo

96 2492 174 2529 quod
184 2492 213 2520 in
223 2502 255 2521 ea
265 2492 328 2522 fons
342 2491 418 2528 esset,
439 2502 535 2523 recens
548 2493 725 2532 &limpidus,
746 2494 815 2524 &ad
829 2503 894 2523 eum
913 2494 1020 2523 fontem
1029 2501 1175 2532 potaturus
1185 2505 1230 2525 ac-

88 2530 210 2559 cederet
224 2552 232 2565 ,
252 2530 324 2560 vidit
332 2531 362 2559 in
371 2540 405 2561 eo
418 2530 538 2560 Dianam
548 2531 654 2561 nudam
664 2531 690 2561 se
703 2532 851 2562 lavantem.
893 2532 980 2569 Quod
997 2542 1063 2562 cum
1081 2543 1150 2571 aegre
1167 2534 1229 2563 Dia-

95 2578 134 2597 na
142 2567 262 2603 tulisset,
282 2567 526 2606 suinptamanibus
537 2579 618 2607 aqua,
631 2570 661 2599 in
674 2570 774 2600 faciem
789 2571 848 2607 ejus
858 2571 986 2608 projecit,
1003 2571 1099 2600 dicens
1109 2593 1117 2607 ,
1139 2572 1230 2607 Vade,

98 2607 126 2636 ἃ,
138 2607 183 2635 dic
193 2606 211 2635 fi
222 2612 313 2644 potes.
353 2606 379 2636 Is
402 2613 496 2636 autem
509 2614 625 2645 repente
642 2609 673 2637 in
688 2618 802 2638 cervum
817 2608 963 2638 conversus
984 2609 1039 2638 est:
1064 2619 1148 2646 quem
1162 2620 1230 2640 cum

98 2653 181 2674 canes
190 2645 249 2680 ejus
261 2643 407 2680 vidissent,
430 2645 575 2675 confestim
586 2646 726 2676 irruerunt
735 2647 764 2676 in
773 2657 858 2682 eum,
880 2655 963 2684 atque
987 2647 1118 2677 dentibus
1128 2648 1230 2678 lacera-

98 2687 161 2711 tum
174 2683 349 2712 devorarunt.
407 2682 450 2712 De
465 2693 520 2720 quo
541 2683 675 2721 figmento
694 2685 730 2714 sic
754 2684 847 2714 scribit
868 2684 1047 2721 Fulgentius:
1083 2686 1231 2715 Anaxime-

99 2729 152 2761 pes
165 2742 173 2755 ,
193 2720 302 2758 inquit,
324 2721 372 2758 qui
383 2720 418 2750 de
428 2721 543 2759 picturis
554 2723 675 2760 antiquis
686 2723 812 2752 disseruit
825 2746 833 2758 ,
855 2723 893 2752 ait
903 2722 973 2752 libro
983 2723 1114 2759 secundo,
1125 2725 1232 2754 Actaeo-

98 2767 167 2787 nem
182 2760 360 2788 venationem
380 2758 524 2789 dilexisse:
558 2761 606 2797 qui
627 2770 693 2790 cum
712 2761 747 2790 ad
767 2768 905 2790 maturam
923 2761 1089 2798 pervenisset
1109 2769 1229 2798 aetatem,

100 2795 277 2826 consideratis
286 2797 468 2826 venationum
480 2798 621 2835 periculis,
641 2799 726 2834 idest,
738 2799 811 2837 quasi
829 2799 935 2828 nudam
945 2800 1010 2828 artis
1028 2799 1082 2829 sure
1091 2801 1231 2830 rationem

101 2834 200 2863 videns
213 2856 223 2869 ,
245 2835 358 2864 timidus
372 2835 460 2865 factus
470 2836 516 2865 est.
538 2836 573 2866 Et
584 2836 669 2875 paulo
689 2837 750 2875 post
760 2860 768 2874 ,
790 2838 845 2867 Sed
856 2847 922 2867 cum
939 2838 1059 2866 venandi
1073 2838 1231 2876 periculum

101 2871 229 2908 fugeret,
246 2872 377 2902 affectum
391 2879 488 2903 tamen
504 2884 606 2904 canum
623 2885 683 2904 non
699 2876 847 2913 deposuit,
868 2885 937 2913 quos
953 2876 1072 2904 inaniter
1090 2876 1231 2914 pascendo

100 2919 176 2948 pene
197 2920 311 2940 ornnem
331 2910 510 2941 substantiam
527 2913 658 2950 perdidit.
700 2914 747 2943 Ob
769 2914 841 2944 hanc
856 2923 915 2943 rem
937 2924 952 2942 a
966 2912 1020 2942 suis
1040 2915 1155 2944 canibus
1184 2916 1233 2944 de-

99 2954 212 2978 voratus
228 2948 272 2978 est.
314 2949 382 2979 Haec
399 2949 456 2979 ille.
499 2950 566 2980 Haec
586 2951 621 2980 de
644 2951 741 2981 Ovidii
759 2952 896 2981 sententia
910 2951 958 2980 lib.
972 2951 1042 2981 Met.
1063 2961 1086 2989 3.
1135 2953 1232 2989 Quan-

100 2996 185 3023 quam
201 2986 236 3015 de
256 2987 384 3016 Astaeone
401 2987 480 3018 aliter
495 2988 526 3017 in
543 2990 752 3019 commentariis
771 2990 791 3019 A
814 2989 913 3018 ollonii
932 2988 980 3018 lib.
999 3001 1026 3025 4.
1067 2990 1123 3020 Sed
1137 3001 1232 3029 recep-

98 3024 154 3054 tior
173 3024 212 3053 est
225 3026 251 3054 δε
269 3026 448 3055 communior
458 3026 555 3056 Ovidii
563 3026 707 3057 sententia.
730 3027 795 3057 Dior
806 3038 845 3057 or.
864 3027 913 3057 lib.
930 3026 953 3062 v5.
975 3037 1035 3066 cap.
1060 3038 1101 3064 14.
1127 3029 1233 3058 Actaeo-

98 3072 167 3092 nem
186 3062 344 3093 fabulantur
358 3073 374 3092 a
392 3063 447 3093 suis
467 3064 584 3095 canibus
602 3065 787 3103 discerptum,
812 3066 890 3103 quod
912 3065 1009 3094 Dianae
1028 3066 1230 3103 concubitum,

97 3110 166 3130 cum
181 3108 326 3131 venaretur
343 3101 374 3131 in
389 3101 532 3132 montibus
547 3103 627 3139 juxta
635 3103 775 3142 templum
785 3104 840 3133 sitis
861 3104 1018 3142 appetierit.
1058 3104 1111 3133 Alii
1130 3111 1233 3143 putant

97 3139 129 3168 id
139 3140 165 3168 ei
176 3139 304 3169 accidisse
315 3161 324 3174 ,
345 3140 423 3176 quod
435 3139 462 3169 se
473 3139 513 3170 illi
529 3142 639 3171 Actaeon
659 3142 812 3179 praetulerit
822 3142 851 3170 in
860 3142 981 3171 venandi
994 3150 1060 3171 arte.

98 3178 213 3207 Actaeon
223 3177 369 3215 Hyantius.
391 3177 426 3207 Id
438 3178 485 3213 est,
497 3178 649 3209 Thebanus
658 3179 846 3209 velBocotius.
889 3180 1034 3217 Siquidem
1043 3180 1147 3210 Boeotii
1163 3181 1234 3210 anti-

120 3216 216 3253 quitus
228 3216 352 3254 Hyantes
361 3215 533 3246 vocabantur
541 3239 549 3252 ‚
570 3217 638 3247 teste
647 3217 715 3247 Plin.
732 3218 780 3248 lib.
792 3230 820 3255 4.
832 3228 893 3256 cap.
907 3228 933 3256 7.

100 3254 283 3286 Autonoeius.
312 3253 346 3284 Id
356 3253 403 3290 est,
422 3255 564 3284 Autonoes
572 3254 654 3291 filius.
677 3255 761 3285 Ovid.
781 3266 804 3293 3.
828 3256 897 3286 Met.
916 3261 977 3292 198.

180 3292 299 3321 Additus
318 3293 344 3322 Sc
358 3302 444 3330 pavor
458 3292 513 3321 est:
533 3293 604 3331 fugit
618 3294 790 3324 Autonoeius
809 3294 900 3324 heros.

102 3329 215 3359 Astacon
227 3330 433 3368 Cadminepos.
455 3330 539 3361 Ovid.
553 3341 578 3368 3.
602 3331 673 3361 Met.
688 3338 751 3369 138.

103 3367 192 3397 Celer.
212 3368 275 3398 Sen.
298 3369 328 3397 in
341 3368 431 3398 Theb.
450 3378 474 3398 r.

65 3405 243 3441 Acrffius‚
264 3404 432 3442 [Ᾱιπιῐεῷυ]
453 3406 530 3436 Unus
549 3416 585 3436 ex
600 3406 795 3443 Telchinibus‚
819 3409 865 3448 qui
879 3430 887 3442 ,
907 3412 940 3437 us:
957 3407 1055 3438 Strabo
1077 3406 1177 3443 refert,
1199 3417 1236 3439 ex

103 3443 186 3473 Creta
198 3445 320 3482 primum
328 3444 358 3473 in
368 3444 492 3482 Cyprum
502 3452 648 3480 venerunt,
667 3446 847 3484 postmodum
857 3445 998 3476 Rhodum.
1008 3450 1013 3458 ''
1023 3446 1132 3475 Horum
1145 3447 1236 3475 nomi-

106 3491 144 3511 na
151 3488 237 3518 erant,
248 3483 366 3517 Aciaeus,
389 3482 555 3520 Megalesius
566 3505 574 3517 ‚
595 3483 736 3514 Ormenus
749 3506 757 3519 ,
778 3484 872 3522 Lycus
881 3506 891 3519 ,
905 3484 1009 3519 Nicon,
1021 3484 1142 3514 Mimon.
1164 3484 1235 3514 Vide

103 3519 257 3557 Gyraldum
270 3521 300 3549 in
310 3519 358 3549 lib.
371 3520 406 3549 de
418 3520 478 3550 Diis
490 3521 632 3551 Gentium.

65 3557 268 3594 Aca-Aurei,
299 3559 461 3594 [Α’κπινία]
495 3558 587 3589 Insula
609 3559 649 3589 est
667 3559 698 3588 in
717 3560 787 3589 mari
805 3559 988 3595 Germanice,
1010 3559 1090 3596 cujus
1106 3560 1236 3590 meminit

102 3595 172 3625 Plin.
182 3596 229 3626 lib.
243 3607 270 3632 4.
285 3606 346 3634 cap.
361 3605 403 3632 13.

64 3633 271 3669 ACTASTA,
292 3634 323 3663 V.
347 3643 513 3664 AcAsTA.

64 3671 140 3700 Aca·
152 3681 175 3706 is,
196 3668 313 3707 [A'mn‘]
338 3671 434 3701 Planta
452 3672 491 3701 est
504 3694 512 3708 ⁷
532 3673 613 3707 cujus
629 3673 688 3703 duo
706 3683 807 3711 genera
818 3672 902 3702 refert
921 3672 1018 3702 Galen.
1043 3671 1093 3702 lib.
1107 3676 1134 3703 6.
1164 3673 1236 3703 Sim.

123 3708 168 3738 lic.
189 3709 265 3739 Med.
284 3709 320 3739 sic
340 3710 487 3746 inquiens:
512 3711 598 3745 Acte,
615 3717 677 3740 tum
696 3721 796 3749 magna
816 3711 864 3740 illa
878 3733 886 3745 ,
907 3712 933 3740 Sc
954 3710 1130 3741 arborescens
1143 3733 1152 3747 ,
1172 3719 1235 3742 tum

101 3719 238 3776 lierbacea
249 3769 257 3782 ,
279 3757 363 3785 quam
375 3750 400 3777 ἃ
411 3748 604 3778 Chamaeacten
616 3749 704 3778 Graeci
713 3756 824 3784 vocant,
848 3748 951 3783 (Latini
962 3748 1033 3778 hanc
1044 3749 1165 3779 Ebulum
1173 3772 1181 3785 ,
1202 3750 1235 3779 il-

98 3784 155 3814 lam
167 3785 361 3817 Sanibucum.)
385 3785 507 3824 Utraque
520 3788 677 3824 potentiam
696 3787 781 3817 habet
800 3787 973 3822 desiccandi,
996 3787 1211 3825 conglutinandi
1223 3810 1233 3825 ,

103 3823 271 3860 modiceque
290 3823 443 3860 digerendi.
483 3825 564 3862 Apul.
587 3825 623 3854 de
645 3825 729 3855 Herb.
748 3835 809 3863 cap.
825 3835 870 3862 91.
891 3825 966 3855 conf.
998 3826 1143 3856 Acme..

65 3859 269 3896 Aca-meos,
291 3861 447 3897 Acrms,
469 3862 602 3892 Acria.
638 3862 666 3893 V.
689 3864 805 3892 Acria.

65 3898 225 3929 Aenum.
243 3898 390 3936 Legiones.
413 3899 471 3930 Cic.
489 3909 515 3937 7.
537 3901 593 3931 Att-
607 3906 650 3935 18.
697 3900 843 3940 [Suspect

863 1047 896 1077 Id
914 1048 952 1077 est
965 1072 973 1085 ,
1003 1046 1225 1083 Atheniensibus,

1705 110 1734 145 A
1833 111 1862 147 C
1959 112 1994 148 U
2386 130 2436 168 47

1272 188 1290 217 Α
1305 197 1321 216 e
1336 197 1348 216 r
1358 198 1365 215 i
1377 196 1398 215 n
1408 198 1424 216 o
1434 198 1445 217 s
1454 198 1493 218 es
1502 211 1510 224 ,
1519 227 1526 232 ἢ
1535 199 1557 219 a.
1581 199 1637 220 um.
1661 191 1677 226 [
1690 187 1835 228 οὶκπνωττέε]
1856 192 1991 224 Radiatus
2003 217 2012 231 ,
2032 195 2127 226 corusc
2139 206 2187 233 vs,
2200 203 2232 227 ut
2243 197 2362 231 Ecclesia
2372 204 2441 232 acii-

1312 225 1384 254 nosa.
1408 226 1528 256 Ambros.
1553 228 1588 257 de
1607 229 1721 267 lnterpr.
1744 229 1813 259 DaV.

1274 264 1293 291 Α
1303 274 1320 291 (ι
1330 273 1347 290 ἰ’
1357 274 1363 290 i
1375 274 1400 290 (ι.
1444 264 1472 293 V.
1497 275 1515 293 A
1526 275 1542 293 G
1552 276 1577 294 0.

1275 301 1294 328 A
1306 310 1323 327 r„
1339 310 1350 341 ι]
1365 310 1393 327 is
1405 311 1421 328 A.
1434 311 1452 328 ,κ’
1464 312 1474 329 r
1487 314 1497 330 s
1508 325 1515 335 ,
1547 301 1700 339 Ᾰιππὲνκς]
1732 302 1894 342 ffitliiopiim
1910 314 1958 334 rex
1973 327 1980 339 ,
2001 308 2047 344 qui
2075 308 2190 338 Amasim
2215 309 2326 348 Empti
2345 322 2439 351 regem

1313 336 1366 365 suis
1382 339 1521 379 crudelius
1536 340 1717 378 imperantem
1727 352 1811 376 requi·
1825 343 1998 375 deturbavit.
2021 345 2210 383 ffigyptiisque
2233 344 2336 379 summa
2357 353 2441 380 zeoui-

1310 380 1365 402 taire
1386 379 1538 411 imperavit.
1592 380 1645 408 ilie
1662 380 1806 409 latrocinia
1827 391 1901 408 novo
1928 390 2005 410 inore
2027 384 2218 420 compescuit,
2238 386 2329 415 sontes
2348 381 2441 425 neque

1314 418 1402 454 morte
1418 413 1541 449 plectens
1556 437 1563 449 ,
1585 424 1674 453 neque
1693 417 1821 454 linquens
1841 419 2003 455 impunitos.
2043 420 2199 450 Constituto
2224 424 2327 460 quippe
2342 435 2440 456 eorum

1313 449 1437 491 judicio,
1456 460 1516 479 reos
1537 462 1633 482 omnes
1653 456 1678 482 in
1701 465 1787 484 unum
1818 466 1939 492 cogens,
1969 459 2118 492 amputatis
2139 460 2249 490 naribus
2263 483 2270 493 .
2291 463 2319 490 in
2344 463 2442 493 ultima

1315 486 1412 514 deserti
1426 497 1464 515 irc
1474 490 1624 526 compulit:
1648 492 1740 529 ibique
1764 493 1905 523 civitatem
1921 494 2050 523 condidit
2067 496 2100 523 ab
2109 498 2203 526 excisis
2213 499 2324 528 naribus
2336 500 2442 529 Rhino-

1316 533 1405 564 cerum
1419 525 1595 569 appellatam.
1640 529 1674 557 s-ja
1693 531 1720 558 in
1739 532 1801 568 lslw,
1810 532 1848 568 pti
1864 532 2022 569 Arabiaequc
2032 532 2132 561 sinibus
2144 534 2217 563 haud
2236 537 2331 573 procul
2345 549 2359 566 :i
2374 539 2442 567 inari

1316 562 1380 595 siti,
1416 562 1628 606 oninibus'vitie
1647 570 1802 608 commodis
1829 578 1911 598 curet.
1970 570 2042 598 Nam
2059 572 2150 599 omnis
2174 573 2264 602 vicina
2282 575 2357 611 regio
2377 575 2443 606 fiilia

1317 598 1362 626 esi.
1409 598 1482 627 Intra
1500 600 1573 628 urbis
1593 612 1695 632 moerim
1719 606 1816 634 unicus¹
1833 608 1870 635 est
1895 614 2012 644 puteus,
2034 610 2059 637 δέ
2078 609 2100 638 is
2114 609 2236 646 inutilis,
2263 619 2360 649 utpote
2372 624 2442 650 aqua

1317 636 1394 671 gustu
1416 646 1514 679 amaru.
1555 637 1614 668 llos
1634 647 1725 669 autem
1743 654 1776 669 eo
1796 644 1822 671 in
1843 644 1904 673 loco
1922 645 2012 682 posuit
2026 668 2034 680 ,
2064 656 2098 674 nc
2114 646 2166 675 suis
2186 649 2310 681 moribus
2337 651 2442 680 vicinas

1316 681 1412 713 gentes
1438 676 1598 718 iiiheereqt:
1634 687 1703 706 neve
1725 689 1821 709 eorum
1839 692 1901 716 ereii
1922 683 2041 720 reliquos
2062 684 2167 719 injuria*
2189 686 2274 716 essent
2304 688 2440 718 occulte:

1316 711 1363 738 sed
1378 718 1556 754 nrt-inquam
1569 723 1609 755 'in
1626 724 1700 743 oram
1715 716 1847 746 deserum
1865 720 1975 753 relegati
1988 744 1994 755 ‚
2030 722 2107 750 omni
2124 732 2152 750 re
2169 733 2282 759 egentes
2295 747 2303 759 ,
2325 735 2443 759 cingente

1318 749 1477 791 neceslitiite
1491 749 1537 777 sibi
1550 752 1653 779 rictum
1674 754 1859 788 exquirerent.
1902 757 1974 786 fissis
1989 760 2079 796 itaque
2098 759 2209 789 calamis
2222 784 2229 796 ,
2251 772 2363 799 quosex
2379 764 2445 792 viei-

1316 795 1359 813 nis
1376 796 1445 822 tigris
1467 786 1655 831 collegerant,
1675 789 1756 825 longa
1776 792 1822 820 sibi
1845 794 1911 822 retia
1930 796 2035 825 secere:
2074 797 2174 833 quibus
2193 800 2270 834 juxta
2290 800 2367 829 littus
2395 812 2444 838 per

1317 823 1398 861 plura
1410 824 1492 852 stadiis
1506 825 1641 862 dispositis
1655 849 1662 860 ,
1684 830 1813 864 exe-aptis
1833 833 2022 861 coturnicibus
2045 834 2128 869 (niun
2143 845 2258 870 mugnus
2276 848 2369 867 earum
2392 849 2445 867 nu-

1317 862 1769 928 rsserilisinllgtoreadcapiendos
1786 867 1872 903 pisces
1890 869 2030 906 versatur)
2055 872 2159 902 vietum
2179 872 2227 903 sibi
2245 884 2442 913 compararunt

1346 909 1384 927 io<
1396 910 1433 929 or.
1469 911 1475 928 i
1500 911 1549 930 .2.
1570 911 1623 939 cap
1651 912 1672 931 1.

1281 935 1445 972 Ac'ri’ro,
1475 940 1521 967 Ae
1536 948 1661 974 rives,
1686 939 1821 969 iic—ron.
1858 941 1889 969 V,
1914 943 1996 973 Atto.

1281 975 1355 1003 Acr
1366 985 1374 1003 1
1384 985 1401 1004 u
1412 986 1433 1004 M
1445 997 1453 1010 ,
1469 977 1489 1019 ⁶[
1510 975 1607 1012 i'znav]
1631 978 1786 1007 Acarnaniae
1801 979 1936 1016 oppidum
1946 983 1971 1010 ἅ·
1983 985 2214 1021 promontorium,
2229 988 2296 1018 Astii
2307 989 2443 1027 Apollinis

1319 1020 1375 1040 tem
1387 1012 1426 1041 ³10
1438 1013 1505 1042 olim
1520 1014 1646 1049 celebre,
1668 1016 1715 1045 ubi
1733 1016 1867 1053 Augustus
1878 1019 2029 1048 Antonium
2040 1024 2065 1050 r&
2077 1022 2250 1061 Cleopatram
2272 1028 2339 1056 vicit
2355 1029 2443 1058 navali

1322 1060 1376 1087 prie
1390 1052 1416 1079 io
1429 1074 1437 1086 ,
1454 1059 1483 1080 ut
1494 1052 1617 1082 scribunt
1629 1052 1766 1083 Plutarch.
1781 1057 1896 1083 Sueron.
1910 1058 1935 1084 ἃ
1946 1056 2000 1085 iiiii.

1281 1088 1426 1118 Acrius
1470 1099 1629 1125 NAVIUS,
1665 1091 1788 1129 Inclytus
1813 1091 1956 1129 Tarquinii
1982 1094 2057 1123 l'risii
2087 1098 2257 1132 temporibus
2277 1112 2362 1131 mimir
2382 1104 2434 1133 fuit

1320 1136 1404 1162 quem
1429 1127 1599 1164 inspectante
1618 1129 1694 1166 Rege
1713 1136 1806 1158 cotem
1829 1130 1964 1160 novacuii
1979 1132 2113 1161 discidisse
2129 1135 2292 1167 s'ibulzsiitur.
2314 1129 2363 1168 ''xt
2389 1126 2445 1170 Livi

1320 1164 1367 1210 lib.
1386 1175 1408 1194 1.
1423 1165 1456 1194 ab
1470 1165 1550 1209 Urbe.
1572 1167 1706 1197 Scribitur
1725 1169 1751 1197 ἃ
1768 1168 1856 1197 Acc1
1868 1179 1906 1198 us
1932 1169 1976 1199 vel
1998 1171 2020 1199 A
2028 1179 2045 1197 'r
2059 1180 2072 1198 r
2083 1181 2092 1199 1
2105 1181 2121 1199 u
2131 1182 2151 1200 s.
2184 1173 2314 1206 Meminit
2326 1178 2407 1214 hujus
2420 1179 2446 1209 Sc

1319 1202 1377 1232 Cic.
1396 1213 1419 1232 1.
1434 1203 1469 1232 de
1482 1203 1574 1234 Divin.
1588 1215 1632 1234 22.

1282 1240 1444 1275 Acrius,
1467 1241 1498 1270 V.
1520 1243 1647 1279 ACTA,
1669 1245 1745 1273 actae.

1282 1279 1304 1307 A
1317 1287 1434 1314 cros,
1457 1280 1520 1309 oris.
1542 1280 1573 1309 V.
1596 1281 1678 1311 Aoo.

1283 1318 1387 1345 Acro
1399 1327 1413 1344 R
1425 1339 1433 1352 ,
1455 1319 1518 1347 Oris.
1542 1318 1689 1356 Astyoches
1706 1326 1800 1357 pater,
1821 1326 1853 1349 ut
1864 1319 1983 1349 ostendit
1999 1321 2113 1350 Homer.
2126 1320 2173 1352 lib.
2186 1322 2263 1353 Iliad.
2278 1334 2303 1354 2.
2321 1336 2381 1364 5¹3·
2405 1327 2449 1358 Al.

1322 1360 1363 1383 ter
1376 1355 1429 1384 fuit
1439 1355 1602 1391 Auruncus,
1623 1359 1703 1391 cuius
1721 1359 1850 1387 meminit
1869 1359 1941 1396 Virg.
1958 1369 1998 1388 12.
2022 1359 2084 1389 ffin.
2103 1370 2148 1396 94.

1465 1410 1503 1415 —-
1527 1394 1647 1424 validam
1660 1397 1686 1424 vi
1708 1397 1822 1434 corripit
1844 1396 1947 1426 hastam

1396 1430 1504 1460 Ar‘loris
1526 1432 1647 1462 Aurunci
1665 1433 1804 1472 spolium,
1827 1436 1878 1464 ἃς.

1318 1467 1395 1497 Alius
1407 1468 1537 1499 Menoetii
1554 1470 1648 1507 Pater,
1667 1482 1733 1501 avus
1751 1472 1885 1507 Patrocli,
1907 1473 1985 1508 cuius
1997 1472 2125 1502 meminit
2135 1473 2200 1502 Stat.
2214 1483 2240 1508 9.
2263 1474 2354 1506 Theb.

1283 1505 1305 1535 A
1316 1516 1332 1534 c
1342 1516 1385 1535 ‘ro
1396 1518 1410 1534 i<
1420 1510 1456 1536 in
1467 1517 1480 1536 r.
1491 1518 1503 1537 s
1514 1530 1522 1543 ,
1554 1518 1583 1537 ze.
1602 1519 1639 1538 m.
1668 1516 1826 1548 patronym.
1851 1507 2027 1547 [A’mrgd‘m]
2061 1512 2166 1541 Actoris
2184 1511 2256 1541 filius
2277 1513 2322 1542 vel
2348 1524 2444 1553 nepos.

1324 1544 1357 1573 ld
1378 1545 1416 1574 est
1430 1567 1438 1580 ,
1460 1545 1608 1576 Patroclus.
1631 1547 1715 1577 Ovid.
1730 1554 1755 1582 8.
1780 1549 1850 1578 Met.
1869 1554 1930 1584 308.

1284 1583 1384 1612 Acri
1397 1594 1405 1611 1
1417 1593 1480 1618 oa,
1510 1581 1668 1621 [Ἇκτξιῖὶ]
1690 1586 1838 1623 Oppidum
1867 1585 1986 1615 coloniae
2004 1586 2151 1623 cujusdam
2169 1586 2340 1618 Milesiorum
2353 1611 2362 1625 ,
2391 1600 2451 1628 qux

1325 1620 1480 1658 Ampelone
1501 1622 1610 1652 dieitur.
1633 1623 1701 1653 Plin.
1719 1624 1766 1653 lib.
1780 1628 1805 1654 6.
1818 1634 1877 1662 cap.
1888 1631 1931 1658 28.

1284 1658 1527 1695 Ac‘ruARiuQ
1552 1662 1761 1697 Acruosus,
1784 1663 1914 1691 Ac'run
1941 1671 2021 1697 EST,
2051 1662 2185 1692 Acriis.
2212 1662 2250 1702 Ν.
2274 1664 2356 1693 Aoo.

1284 1697 1411 1726 AcrruA
1424 1707 1484 1726 [ιιι]
1497 1708 1508 1728 s
1521 1720 1529 1733 ‚
1567 1698 1582 1734 [
1598 1699 1764 1731 Ἀκτευὲφιῶα
1782 1701 1797 1735 ]
1827 1700 1932 1729 Medici
1959 1700 2048 1729 Graeci
2081 1710 2185 1729 nomen
2197 1723 2205 1736 ,
2242 1702 2289 1738 qui
2323 1703 2449 1740 plurimis

1322 1734 1428 1772 scriptis
1439 1735 1629 1765 voluminibus
1643 1744 1729 1767 artem
1739 1737 1897 1772 illustravit,
1920 1747 1956 1767 ex
1971 1737 2071 1775 quibus
2081 1738 2165 1767 etiam
2176 1738 2261 1768 hodie
2279 1739 2379 1770 suntin
2391 1752 2448 1772 ma-

1323 1773 1405 1802 nibus
1424 1773 1529 1811 septem
1548 1774 1609 1803 libri
1629 1776 1663 1804 de
1676 1775 1822 1805 Urinarum
1838 1776 1965 1806 Ratione.

1285 1809 1359 1840 Ac'r
1370 1821 1387 1840 u
1398 1821 1445 1841 vru
1456 1823 1494 1847 M,
1518 1812 1585 1841 Adv.
1618 1810 1754 1849 [ιω-ΑΨ]
1785 1813 1856 1851 Virg.
1875 1825 1900 1850 9.
1922 1814 1984 1844 AEn.
1999 1823 2064 1849 255.

1478 1866 1515 1871 —
1534 1857 1596 1879 tum
1618 1859 1716 1880 cretera
1736 1852 1835 1881 reddet
2020 1853 2151 1881 ficturum
2165 1852 2227 1890 pius
2240 1852 2350 1884 AEneaS.
2394 1854 2450 1886 Ubi

1323 1886 1434 1915 Servius
1448 1909 1456 1922 ,
1479 1888 1626 1923 Actutum,
1648 1889 1820 1924 Confestim,
1840 1889 1896 1918 sine
1909 1889 2052 1919 dilatione.
2085 1890 2144 1918 Cic.
2160 1900 2202 1919 12.
2224 1890 2342 1930 Philipp.
2360 1901 2401 1924 11.
2422 1893 2451 1925 Si

1324 1931 1402 1954 extra
1422 1925 1516 1962 castra,
1535 1928 1628 1956 caeteri
1643 1928 1765 1957 viderint
1775 1950 1783 1964 ,
1806 1937 1858 1966 ego
1874 1936 1995 1959 mortem
2006 1930 2132 1958 astutum
2151 1928 2274 1959 futuram
2285 1937 2366 1969 puto.

1750 2079 1782 2115 A
1863 2080 1894 2115 C
1986 2079 2020 2115 U

1286 2192 1491 2224 ACUENUM,
1522 2186 1680 2225 [Ἀκέηνον]
1718 2189 1751 2220 V,
1780 2190 1970 2227 AQUhvum,

1284 2231 1306 2260 Α
1316 2235 1332 2254 e
1343 2236 1360 2255 u
1375 2237 1389 2254 ι,
1403 2236 1415 2254 r.
1428 2236 1444 2255 u
1455 2236 1466 2255 s
1477 2248 1485 2261 ,
1506 2226 1522 2255 i.
1548 2228 1658 2263 [mmm
1673 2229 1688 2263 ]
1706 2228 1736 2256 in
1754 2228 1863 2259 inseetis
1876 2229 1980 2258 dicitur
1995 2226 2028 2258 Id
2039 2238 2095 2266 quo
2109 2235 2248 2268 pungunt,
2258 2236 2290 2259 ut
2303 2236 2401 2260 notum
2413 2229 2452 2261 est

1320 2264 1350 2293 in
1362 2263 1457 2301 vespis
1468 2286 1476 2298 ,
1494 2264 1609 2302 apibus,
1626 2266 1851 2297 &crabronibus
1873 2266 1932 2296 Cic.
1953 2277 1978 2296 2.
1999 2267 2083 2296 Tusc.
2099 2278 2142 2298 22.
2181 2269 2245 2306 Apis
2255 2268 2383 2298 aculeum
2393 2268 2450 2298 sine

1321 2301 1443 2331 clamore
1455 2302 1525 2331 ferre
1537 2313 1595 2332 non
1606 2303 1756 2340 possumus.
1799 2305 1878 2335 Idem
1897 2316 1921 2341 5.
1943 2306 1978 2334 de
1996 2304 2055 2335 Fin.
2074 2316 2116 2342 ις.
2154 2305 2293 2336 Cornibus
2310 2308 2351 2336 uti
2374 2306 2450 2336 vide.

1322 2349 1385 2369 mus
1403 2340 1487 2369 boves
1500 2362 1508 2375 ,
1537 2341 1632 2379 vespas
1646 2342 1758 2372 aculeis.

1320 2377 1442 2407 Aculeus
1457 2379 1541 2408 etiam
1556 2379 1658 2408 dicitur
1676 2381 1749 2417 quasi
1763 2380 1848 2418 Spina
1858 2381 1888 2410 in
1904 2380 1978 2410 foliis
1993 2388 2041 2411 aut
2055 2381 2159 2411 semine
2179 2382 2352 2420 quarundam
2372 2381 2451 2420 plan-

1339 2423 1430 2445 tarum
1443 2439 1450 2451 ,
1470 2417 1544 2446 unde
1568 2419 1594 2447 Sc
1618 2418 1724 2448 herbas
1745 2419 1882 2448 aculeatas
1894 2441 1902 2454 ,
1921 2420 1947 2449 ἅ-
1964 2419 2045 2455 folia,
2064 2421 2091 2450 Sc
2106 2419 2211 2450 semina
2230 2420 2300 2458 saepe
2322 2420 2448 2457 legimus.

1340 2453 1410 2483 Plin.
1421 2454 1468 2483 lib.
1488 2465 1528 2484 ιο.
1541 2465 1600 2493 cap.
1616 2465 1658 2492 32.
1689 2457 1766 2486 idem
1774 2456 1821 2486 lib.
1835 2467 1876 2486 12.
1888 2467 1948 2495 cap.
1965 2467 2006 2494 15.
2039 2457 2080 2488 De
2098 2458 2281 2488 ferramentis
2295 2459 2380 2488 etiam
2393 2458 2449 2487 dici

1339 2492 1437 2530 potest.
1460 2492 1517 2522 Liv.
1532 2499 1575 2528 38.
1597 2502 1643 2523 21.
1669 2494 1787 2524 Aculeus
1807 2495 1918 2532 sagittae.

1321 2530 1393 2560 Sunt
1405 2534 1431 2560 δε
1443 2531 1538 2560 Aculei
1560 2532 1780 2562 Herinaceorum
1792 2555 1799 2568 ,
1818 2536 1843 2562 ok
1866 2533 2007 2562 histricum
2017 2532 2110 2571 spinae.
2143 2532 2213 2563 Plin.
2223 2533 2271 2563 lib.
2285 2540 2311 2570 8.
2331 2544 2392 2573 cap.
2406 2542 2450 2572 35·
2473 2559 2476 2566 .

1341 2568 1397 2598 Sed
1409 2569 1509 2598 histrici
1520 2569 1659 2608 longiores
1671 2571 1770 2600 aculei.
1810 2571 1884 2600 Hinc
1899 2572 1971 2601 varia
1991 2571 2142 2600 tianslatio.

1321 2606 1442 2636 Aculeus
1461 2607 1564 2645 sagittare
1580 2618 1630 2646 pro
1641 2609 1765 2646 Spiculo.
1799 2608 1855 2638 Liv.
1880 2609 1899 2638 l.
1922 2619 1946 2639 c.
1971 2609 2059 2640 Plaut.
2085 2609 2214 2640 Trinum.
2227 2619 2253 2646 4.
2268 2621 2293 2639 2.
2318 2615 2379 2646 158.

1474 2662 1512 2666 —-
1533 2647 1589 2681 jam
1605 2647 1713 2676 dudum
1732 2657 1827 2677 meum
1851 2647 1898 2677 ille

1360 2683 1458 2713 Per‘tus
1475 2685 1576 2721 pungit
1586 2685 1699 2715 aculeus
1709 2707 1717 2719 ,
1738 2685 1806 2722 quid
1817 2685 1856 2715 illi
1869 2686 1973 2723 negotii
1983 2684 2066 2715 fuerit
2083 2691 2147 2715 ante
2156 2685 2229 2716 aedes
2243 2694 2327 2715 meas.
2359 2685 2391 2715 Id
2402 2684 2450 2721 est,

1342 2721 1393 2751 Illa
1412 2731 1457 2750 me
1476 2722 1597 2751 stimulat
1607 2723 1731 2752 molestia
1742 2746 1750 2759 ,
1776 2726 1802 2753 ὁὶ
1814 2723 1886 2753 male
1902 2724 1994 2753 habet.

1321 2759 1442 2789 Aculeus
1453 2763 1478 2790 ὑὶ
1489 2760 1678 2791 maledictum.
1701 2762 1760 2791 Cic.
1780 2762 1810 2790 in
1819 2762 1892 2791 Brut.
1908 2771 1969 2799 173.

1342 2798 1441 2827 aculeo
1460 2800 1487 2828 ἃ
1504 2798 1654 2829 maledicto
1676 2798 1792 2829 facetus.

1325 2835 1567 2866 Contuineliarum
1577 2838 1675 2867 aculei.
1698 2838 1756 2867 Cic.
1771 2848 1796 2867 2.
1814 2838 1849 2867 de
1862 2838 1938 2867 Orat.
1956 2846 2002 2874 25.
2032 2837 2122 2875 Atque
2135 2837 2185 2868 illo
2197 2837 2282 2867 altero
2292 2846 2401 2875 genere,
2420 2836 2451 2865 in

1344 2884 1399 2912 quo
1418 2874 1489 2904 nulli
1506 2875 1596 2905 aculei
1614 2876 1847 2905 contumeliarum
1862 2876 1978 2905 inerant.
2367 2911 2373 2917 η

1323 2911 1450 2943 Fuerunt
1467 2913 1557 2942 aculei
1577 2915 1607 2943 in
1624 2924 1697 2943 eum.
1721 2915 1778 2943 Cic.
1792 2914 1872 2951 21<le
1885 2915 1958 2943 fratr.
1972 2912 2020 2942 lib.
2033 2922 2058 2944 2.
2071 2923 2093 2943 1.
2115 2913 2237 2944 Fuerunt
2246 2911 2375 2941 nonnulli
2386 2921 2456 2941 acu-

1343 2950 1381 2979 lei
1393 2951 1422 2979 in
1431 2950 1462 2980 C.
1479 2951 1611 2981 Caesarem
1624 2974 1633 2989 ,
1662 2952 1841 2982 contumeliae
1857 2953 1887 2981 in
1905 2951 2043 2987 Gellium,
2071 2951 2302 2991 expostulationes
2317 2959 2382 2979 cum
2405 2950 2453 2979 ab·

1344 2988 1421 3018 sente
1436 2989 1578 3027 Pompeio.

1324 3027 1448 3056 Aculeus
1459 3028 1600 3058 orationis.
1623 3027 1682 3058 Cic.
1702 3029 1731 3057 in
1742 3028 1818 3058 Orat.
1835 3038 1877 3064 19.
1898 3027 2007 3057 Horum
2018 3027 2105 3056 oratio
2119 3035 2208 3063 neque
2220 3035 2318 3068 nervos
2331 3047 2340 3059 ,
2359 3035 2453 3063 neque

1344 3065 1456 3094 aculeos
1466 3060 1599 3095 oratorios
1611 3076 1642 3095 ac
1654 3066 1773 3095 forenses
1786 3066 1878 3096 habet.
1903 3066 1965 3095 Hoc
1977 3066 2023 3099 est,
2034 3065 2133 3094 Nullos
2149 3064 2231 3106 habet
2240 3062 2374 3107 stimulos,
2390 3064 2454 3107 nul.

1343 3103 1386 3132 los
1397 3102 1513 3132 iniectus
1527 3126 1536 3139 ,
1556 3104 1663 3134 nullam
1674 3105 1889 3134 vehementiam.
1913 3104 1944 3133 V.
1957 3103 2043 3134 Nervi
2053 3109 2133 3139 atque
2144 3101 2231 3131 aculei
2248 3108 2361 3130 oratorii
2371 3111 2403 3131 ac
2413 3103 2456 3131 so-

1344 3140 1451 3176 renses,
1480 3142 1513 3171 ln
1535 3152 1554 3171 Ν
1564 3152 1578 3171 s.
1590 3153 1606 3171 R
1617 3153 1633 3172 v
1646 3153 1663 3171 u
1675 3153 1695 3172 s.

1325 3179 1422 3209 Aculci
1444 3179 1601 3209 severitatis.
1631 3181 1690 3210 Cic.
1708 3191 1758 3218 pro
1771 3180 1883 3210 Cluent.
1952 3178 2015 3209 Hoc
2034 3184 2109 3207 metu
2124 3176 2268 3215 proposito
2284 3176 2404 3208 evellere
2427 3177 2455 3208 se

1345 3217 1475 3246 aculeum
1490 3217 1640 3248 severitatis
1663 3220 1754 3248 vestrae
1769 3218 1844 3257 posse
1864 3217 2018 3248 confidunt.

1324 3255 1500 3292 Disputandi.
1525 3256 1582 3285 Cic.
1608 3268 1633 3291 4.
1656 3258 1737 3286 Acad.
1752 3262 1797 3292 98.
2219 3290 2226 3296 ,
2380 3291 2386 3297 ,

1326 3293 1546 3323 Solicitudinum
1561 3294 1782 3324 domesticarum.
1806 3293 1862 3323 Cic.
1883 3303 1905 3322 1.
1919 3293 1971 3321 Att.
1989 3301 2029 3328 17.
2059 3291 2098 3320 Ac
2109 3289 2326 3322 domesticarum
2340 3291 2456 3330 quidem

1346 3331 1558 3361 solicitudinum
1573 3332 1685 3362 aculeus
1700 3342 1798 3362 omnes
1808 3334 1834 3362 &
1846 3330 1988 3368 scrupulos
2006 3327 2163 3358 occultabo.

1326 3369 1463 3399 Aculeum
1485 3371 1635 3399 testimonii
1655 3378 1825 3400 convertere.
1868 3369 1898 3397 V.
1929 3377 1971 3396 co
1982 3375 2030 3395 xv
2043 3375 2145 3395 ERTO.

1327 3407 1426 3438 Aculei
1438 3409 1466 3436 in
1477 3408 1718 3446 reprehendendo
1763 3408 1820 3437 Cic.
1854 3416 1884 3435 ro
1896 3405 1985 3435 Plane.
1999 3414 2043 3440 24.
2085 3403 2229 3447 inquibus
2239 3403 2402 3448 sphaeris-ei,
2425 3403 2456 3448 si-

1347 3456 1418 3483 quos
1440 3446 1559 3476 habuisti
1573 3447 1605 3475 in
1629 3456 1674 3476 me
1694 3447 1830 3484 reprehen
1850 3444 1945 3479 endo,
1969 3450 2067 3472 tamen
2086 3442 2156 3471 mihi
2181 3451 2240 3471 non
2264 3451 2363 3480 ingrati
2385 3453 2457 3472 acei-

1348 3485 1460 3514 derunt.

1327 3521 1476 3552 Dimittcre
1491 3520 1629 3551 aculeum.
1669 3520 1727 3551 Cic.
1740 3530 1790 3559 pro
1800 3519 1888 3550 Flacc.
1906 3528 1952 3555 41.
1983 3516 2114 3547 Mortuus
2126 3518 2163 3548 est
2174 3518 2271 3548 aculeo
2279 3518 2334 3553 jam
2346 3516 2455 3546 dimisso

1347 3570 1380 3589 ac
1396 3561 1471 3589 dicto
1490 3559 1658 3589 testimonio.
1992 3592 1998 3598 ¹

1327 3598 1461 3628 Emiruere
1472 3597 1583 3627 aculeos
1603 3596 1750 3626 severitatis
1768 3595 1796 3623 in
1806 3594 1935 3631 aliquem.
1967 3592 2025 3622 Cic.
2047 3604 2098 3632 pro
2107 3593 2198 3623 Coelio
2216 3603 2257 3623 12.
2289 3592 2344 3622 Sed
2363 3593 2456 3622 vestrre

1348 3636 1509 3674 sapientiae,
1528 3635 1652 3669 ¹Iudices,
1671 3635 1726 3667 est,
1751 3642 1807 3661 non
1829 3632 1930 3660 abduci
1948 3631 1981 3660 ab
1993 3642 2060 3666 reo,
2076 3642 2128 3660 nec
2147 3641 2216 3668 quos
2228 3629 2458 3673 aculeoshabeat

1352 3674 1479 3703 severitas
1490 3674 1620 3709 eraritasq
1626 3682 1658 3700 ue
1670 3671 1764 3705 vestra,
1776 3680 1862 3707 quum
1873 3679 1921 3699 eos
1931 3669 2071 3698 accusator
2083 3670 2200 3698 erexerit
2212 3670 2243 3698 in
2255 3678 2324 3704 rem,
2338 3677 2368 3697 m
2377 3675 2454 3704 vitia,

1348 3713 1378 3741 in
1390 3703 1503 3745 inoresJ
1517 3712 1545 3738 in
1559 3719 1684 3747 tempora
1698 3731 1706 3743 ,
1732 3710 1859 3737 emittere
1871 3708 1900 3736 in
1911 3707 2057 3736 hominem
2068 3708 2093 3736 S:
2104 3707 2133 3736 in
2143 3717 2231 3736 reum.

1327 3750 1440 3787 Erigere
1451 3748 1561 3777 aculeos
1578 3749 1604 3776 iii
1622 3747 1750 3783 aliquem.
1780 3746 1838 3775 Cic.
1859 3755 1910 3783 pro
1928 3745 2028 3774 Coelio.
2053 3745 2116 3774 eod.
2136 3744 2154 3774 l.

1328 3787 1454 3817 Evellere
1468 3786 1594 3814 aculeum
1606 3785 1762 3813 severitatis.
1785 3783 1842 3813 Cic.
1859 3793 1909 3821 pro
1924 3783 2034 3812 Cluent.
2055 3793 2116 3818 152.

1328 3826 1489 3861 Retringere
1505 3823 1616 3852 aculeos
1633 3822 1740 3857 judicii.
1762 3821 1829 3851 Plin.
1844 3821 1892 3850 lib.
1904 3831 1928 3857 3.
1942 3821 2025 3858 Epist.
2041 3831 2078 3856 ιςΔ
2101 3819 2221 3849 Confido
2231 3823 2324 3861 tzri‘neri
2336 3825 2455 3861 me'non

1347 3863 1384 3892 fic
1394 3862 1505 3891 auribus
1521 3861 1602 3896 duci,
1623 3868 1655 3890 ut
1672 3869 1771 3890 omnes
1786 3859 1899 3890 aculeos
1912 3859 2011 3896 judicii
2026 3858 2082 3889 mei
2095 3858 2206 3889 illarum
2217 3857 2407 3887 deliniiizentis
2415 3865 2457 3884 re-

1347 3901 1511 3938 fiingantur,
1523 3899 1575 3929 Sec.

2029 2760 2062 2791 In
2076 2760 2252 2798 altercando,
2279 2771 2343 2791 cum
2356 2760 2449 2797 aliquo

2289 3967 2459 4006 Relinquere
