2604 4222
197 45 265 81 174
621 33 648 67 A
744 32 784 66 Μ
878 29 893 66 1

199 116 345 150 Auru,
366 123 397 143 te.
420 110 641 150 [παπαᾶέλωκ]
662 113 770 148 Festus,
795 112 884 141 Amica
897 110 980 149 patris
999 109 1053 138 mei
1071 107 1144 136 sotor
1156 128 1164 141 ‚
1190 105 1256 149 quia
1271 105 1351 148 tertia

241 163 310 182 ame
326 153 356 181 sit
368 174 375 186 ,
396 159 477 189 atque
493 153 552 180 avia
564 152 649 180 videri
660 151 756 189 potest.
799 150 878 178 Dicta
897 158 931 177 ex
941 157 975 175 eo
986 169 993 181 ,
1016 146 1091 183 quod
1106 145 1139 173 ab
1152 143 1353 179 antiquioribus

240 192 320 220 Avita
329 191 358 219 sit
369 191 503 219 vocitata:
527 189 569 217 vel
581 190 668 217 Aniita
680 210 687 222 ,
709 187 807 224 quoda
817 195 893 222 patre
913 194 974 213 mea
985 191 1073 212 amata
1084 205 1091 217 ‚
1110 188 1141 211 ut
1150 182 1233 211 docet
1252 181 1286 209 ad
1304 180 1353 210 fe-

241 229 312 258 stum
324 227 450 263 Scaliger.
492 227 566 256 Hinc
577 226 650 264 apud
662 227 781 261 Propert.
794 224 839 252 lib.
856 233 880 251 2.
894 226 919 263 6⁴.
1138 255 1143 262 .
1228 254 1233 260 ¹

322 266 370 295 Me
383 265 456 293 soror
467 287 475 298 ,
497 266 522 293 ὃς
537 274 599 292 cuin
618 274 669 299 qua
683 262 786 291 dormit
798 261 885 289 amica
898 257 984 287 iimul.
1022 267 1072 294 pro
1084 256 1179 285 Amica
1188 253 1300 292 quidam
1316 254 1355 284 le-

241 311 310 340 gunt
323 303 419 336 iimira.
441 303 514 338 quod
527 304 564 329 est
580 302 607 329 in
619 301 678 330 MS.
690 299 769 328 Palat.
794 298 908 325 Videtur
919 296 994 324 enim
1004 295 1079 332 apud
1091 301 1195 322 veteres
1207 293 1354 322 secundam

242 340 366 370 habuilie
387 341 559 377 productam.
582 339 639 367 Cic.
661 347 709 374 pro
730 336 839 364 Cluent.
864 343 905 370 30.
948 333 1006 368 Qui
1024 333 1103 361 uxori
1123 331 1176 360 sure
1199 330 1353 366 Cluentiae,

245 388 304 415 quae
324 378 406 406 amita
423 377 504 411 hujus
524 376 593 405 Aviti
612 376 682 408 fuit,
704 376 754 402 dxc.

244 416 456 450 Amitaniagna,
478 414 523 442 Avi
544 413 625 441 soror.
650 412 710 447 Leg.
727 420 766 438 10.
786 409 850 446 Dig.
879 431 885 437 .
905 418 945 443 ¹5·
968 407 1002 436 de
1019 406 1101 450 Grati.
1226 442 1232 449 ἡ
1326 443 1342 449 .-

205 453 351 483 ΑΜιτῑΝ
363 464 389 487 i⁷
412 454 437 480 oi:
458 451 585 480 Amitinae
597 471 604 483 ‚
627 450 639 484 [
654 447 749 479 ἀνεψιοὶ
762 469 769 481 ‚
792 444 847 481 ai]
876 446 990 474 Ἴ1111111111
1010 453 1092 473 maris
1111 446 1137 474 Sc
1155 444 1277 473 foeminae
1294 443 1353 472 filii.

244 491 361 519 Nonius.
400 490 469 517 Sunt
481 483 878 516 fratris&sororisfiliifiliaeve.
900 484 982 517 Cajus
993 481 1048 510 inl.
1067 493 1088 511 1.
1103 482 1133 511 D.
1158 481 1304 519 degradib.
1318 481 1356 509 af-

244 528 313 556 finit.
342 525 455 556 Amitini
466 547 473 560 ‚
486 526 616 557 amitinae,
634 524 650 551 i.
669 532 693 550 e.
717 522 773 558 Qui
784 531 878 558 quaeve
888 530 922 550 ex
933 521 1013 549 fratre
1025 521 1051 549 ἃ
1062 520 1151 549 sorore
1160 526 1354 557 propagantur.

206 566 228 596 A
237 576 258 594 Μ
267 576 275 593 i
284 572 303 593 'r
312 574 325 592 F.
335 575 350 592 R
361 571 380 592 Ν
392 574 409 591 υ
420 570 439 591 ’Μ
449 584 456 596 ,
480 563 495 597 [
513 560 637 596 Α’μέπςνον
652 560 664 595 ]
683 559 754 588 Urbs
768 559 942 588 Vestinorum
955 557 1072 587 initalia
1082 558 1230 587 Ptolemaeo
1242 579 1249 592 ‚
1270 556 1355 585 hodie

243 602 347 639 Aquila.
390 600 477 636 Vulgo
506 603 529 627 S.
554 601 683 626 Vittorino.
721 597 868 627 Natalibus
897 595 1015 626 Sallustii
1039 596 1186 633 inclytum.
1225 593 1357 624 Meminit

245 639 314 669 Plin.
327 639 375 667 lib.
414 661 419 666 .
437 647 496 665 cai.
535 659 541 664 .

205 677 256 707 ΑΜ
266 688 274 704 1
285 687 304 704 rr
313 686 326 704 ε
335 687 351 704 R
362 686 381 704 N
390 647 408 703 ii
417 685 439 709 s,
452 648 509 710 Aldj.
518 647 572 707 5ut,
584 672 724 701 Amiterna
733 671 842 701 cohors.
860 671 910 701 Sil.
924 670 985 700 Ital.
998 670 1046 701 lib.
1059 677 1085 706 8.
1096 670 1169 707 Virg.
1184 679 1209 706 7.
1224 669 1352 705 JEn.710.

241 715 397 744 Amiternus
409 722 480 749 ager.
520 710 636 739 Martial.
651 710 698 739 lib.
714 719 754 746 13.
767 719 811 739 20.
823 710 858 738 de
873 710 959 747 Napis
971 731 979 744 ,
1200 720 1223 747 5*

315 751 373 779 Hos
384 751 538 778 Amiternus
556 758 619 785 ager
634 747 762 777 felicibus
778 748 878 776 educat
891 748 987 776 hortis.

205 790 227 819 A
236 800 255 817 Μ
265 799 273 817 1
284 798 303 817 T
314 798 327 816 F.
338 798 352 815 r.
363 791 404 816 Νῑ
414 797 433 815 Ν
443 797 460 815 υ
472 796 483 815 s
496 808 503 819 ,
526 786 612 814 idem.
635 785 772 814 Columel.
789 785 837 814 lib.
854 796 886 813 ie
909 795 934 814 ν.
946 793 1009 820 422.

316 826 440 861 Quaeque
460 824 636 852 Amiterninis
654 824 775 852 defertur
800 823 900 852 Bunias
917 823 995 852 arvis.

239 864 316 893 idem
334 863 410 900 quod
431 862 536 899 Napus.
618 862 789 890 Amiternina
811 870 864 890 uva
878 882 886 895 ,
907 860 973 889 Plin.
994 869 1034 894 14.
1045 868 1070 887 2.

241 900 406 931 Amiternini
420 921 427 935 ‚
447 899 613 929 Sabinorum
630 899 738 937 populi.
778 898 847 928 Plin.
860 898 907 927 lib.
923 907 946 935 3.
964 907 1024 935 cap.
1041 906 1082 925 12.

204 940 432 973 ΑΜὶΤΗᾸοΝ,
474 937 503 966 V.
528 946 759 965 AMYTHAON.

203 979 225 1006 A
235 988 256 1006 Μ
265 987 274 1004 1
283 985 330 1004 Tri
341 986 357 1004 o
366 985 403 1004 sc
414 985 430 1004 u
439 984 487 1003 TA
498 997 506 1011 ‚
526 974 614 1011 Regio
627 974 740 1003 Arabiae.
762 973 830 1003 Plin.
843 972 891 1001 lib.
903 976 928 1001 6.
942 982 1002 1010 cap.
1016 977 1061 1006 28.
1330 990 1338 995 .
1353 1000 1357 1011 ι

203 1016 224 1044 A
234 1025 254 1043 Μ
265 1023 375 1042 111Νο
385 1023 406 1041 Ν
416 1022 428 1042 s
438 1022 451 1041 E
461 1022 472 1041 s
485 1034 493 1047 ,
514 1012 599 1042 Italia:
617 1012 714 1049 populi
729 1012 757 1040 in
777 1012 865 1040 tractu
881 1010 1025 1039 Hetruriae.
1048 1008 1118 1038 Plin.
1138 1004 1228 1050 liin-3.
1253 1003 1354 1044 capjss.

240 1053 256 1087 [
272 1050 422 1081 Anitienses
433 1050 630 1083 restituendum
640 1056 721 1087 putat
730 1050 812 1078 Hard.
835 1050 857 1078 A
865 1059 885 1077 M
895 1059 905 1077 1
916 1057 936 1077 T
945 1059 954 1076 1
963 1058 983 1077 N
994 1058 1012 1077 υ
1020 1058 1042 1077 Μ
1058 1047 1089 1075 111
1099 1045 1212 1084 oppidis
1226 1044 1292 1074 Latii
1309 1053 1358 1073 an-

241 1090 311 1126 tiqui
331 1088 451 1118 occurrit
466 1098 509 1126 ap.
519 1088 603 1118 eund.
625 1087 644 1117 l.
659 1097 683 1117 c.
704 1088 730 1117 S.
747 1097 773 1123 9.

203 1128 385 1161 AMi'riNi,
426 1125 456 1155 V.
478 1135 611 1155 ΑΜιΤΑ.

203 1169 225 1195 A
234 1176 255 1194 M
265 1175 273 1193 1
284 1174 304 1193 T
315 1174 331 1193 R
342 1174 359 1193 0
371 1174 387 1193 c
397 1168 492 1194 111Ὑὸ
501 1173 522 1193 Ν
532 1173 545 1192 E
554 1173 566 1193 s
579 1186 586 1198 ‚
609 1164 624 1199 [
641 1157 828 1198 Α’μιτξοχῖτωνες
841 1162 857 1196 ]
877 1160 1092 1191 Mitrochitones
1109 1159 1175 1189 disti
1190 1157 1253 1187 sunt
1269 1157 1357 1201 Siritae

240 1212 329 1240 prope
336 1202 534 1239 Metapontum
544 1224 552 1237 ,
574 1211 691 1238 quorum
702 1201 766 1229 urbs
777 1200 842 1229 Siris
859 1206 972 1228 vocatur
983 1221 990 1234 ‚
1010 1209 1075 1228 cum
1093 1197 1357 1232 nominisejusuem

240 1241 336 1270 fluvio.
358 1241 403 1269 Sic
412 1246 504 1268 autem
512 1239 642 1277 appellati
653 1238 715 1267 sunt
725 1238 758 1266 ab
767 1236 958 1273 adjacentibus
967 1237 1079 1274 populis
1089 1258 1097 1271 ,
1118 1235 1194 1272 quod
1205 1236 1235 1262 iri
1251 1240 1357 1262 tantam

239 1278 390 1308 mollitiem
402 1274 514 1315 collapsi
524 1276 610 1306 essent
621 1295 628 1311 3
650 1283 679 1305 ut
689 1276 800 1305 floridas
808 1274 862 1303 illis
873 1275 980 1303 tunicas
991 1274 1092 1311 gestare
1103 1271 1187 1302 moris
1195 1271 1356 1314 fuerit‚quas

138 1319 151 1329 ⁸
241 1316 326 1345 etiam
335 1316 421 1344 mitris
434 1337 441 1350 ,
463 1315 517 1344 hoc
528 1314 565 1343 est
576 1336 583 1349 ‚
604 1314 722 1350 cingulis
732 1313 827 1342 eximii
842 1312 979 1349 impendii
989 1312 1197 1349 praecingerent.
1242 1310 1357 1338 Amitro-

240 1354 368 1383 chitones
386 1360 479 1382 autem
501 1352 624 1381 Homero
643 1351 767 1381 discincti
785 1356 991 1393 nuncupantur.
1010 1349 1077 1379 Haec
1092 1348 1156 1378 Cael.
1168 1346 1259 1376 Rhod.
1269 1346 1317 1375 lib.
1328 1355 1355 1383 7.

242 1401 301 1429 cap.
320 1401 346 1425 9.
383 1390 415 1419 V.
436 1390 521 1420 Henr.
543 1389 638 1427 Steph.
660 1388 742 1418 Thes.
763 1397 789 1417 v.
812 1393 857 1414 Ml
872 1392 961 1416 ΤΟΣ.

204 1429 225 1459 Α
234 1440 254 1458 Μ
265 1440 274 1458 1
283 1439 302 1457 τ
312 1439 330 1457 τ
340 1439 356 1457 o
366 1450 374 1463 ,
394 1428 423 1457 isi
436 1449 444 1462 ,
466 1427 544 1456 issum
554 1449 561 1462 ,
583 1425 745 1463 [ἀναπέμπω
759 1426 775 1461 ]
795 1427 849 1455 ete.
872 1425 1028 1454 Dimittere.
1049 1422 1114 1452 Ter.
1126 1422 1225 1452 Heaut.
1237 1431 1260 1458 3.
1273 1432 1296 1451 1.
1309 1424 1355 1458 71.

240 1467 318 1496 Prius
329 1467 503 1504 proditurum
513 1471 540 1494 te
550 1472 626 1493 tuam
634 1465 728 1498 vitam,
749 1464 774 1493 Sc
789 1465 864 1501 prius
873 1463 1023 1500 pecuniam
1034 1464 1158 1495 omnem,
1173 1470 1255 1498 quam
1266 1460 1314 1489 abs
1328 1467 1357 1488 te

241 1505 351 1533 amittas
361 1503 457 1533 filium.
480 1502 533 1532 Ubi
543 1502 680 1537 Donatus,
692 1501 815 1535 Amittas‚
846 1510 875 1529 ro
889 1500 1018 1530 Dimittas
1032 1499 1112 1528 dixit.
1133 1499 1206 1528 Nam
1218 1498 1293 1535 quod
1305 1507 1357 1526 nos

241 1542 362 1571 dicimus
376 1541 530 1575 Dimittere‚
550 1540 656 1577 antiqui
667 1539 752 1568 etiam
762 1510 893 1568 dicebant
904 1539 1043 1567 Amittere.
1064 1536 1140 1573 Virg.
1152 1546 1178 1566 2.
1195 1536 1258 1566 AEn.
1272 1541 1334 1571 148.

323 1579 456 1616 Quisquis
476 1588 505 1608 es
518 1600 526 1612 ‚
551 1577 660 1606 amissos
678 1576 745 1606 hinc
758 1577 813 1612 jam
827 1575 987 1605 obliviscere
1008 1575 1113 1604 Graios.

240 1616 373 1647 Amittere
384 1616 557 1651 &Retinere‚
577 1616 721 1644 contraria.
743 1614 807 1644 Ter.
819 1614 927 1643 Phorm.
945 1624 966 1642 1.
981 1623 1005 1650 3.
1019 1622 1063 1648 23.
1085 1612 1144 1649 Ego
1156 1613 1185 1640 in
1196 1620 1260 1641 eum
1271 1610 1357 1639 incidi

260 1654 359 1684 infelix
368 1654 471 1689 locum,
488 1660 520 1682 ut
530 1662 619 1690 neque
631 1653 699 1681 mihi
715 1653 774 1689 ejus
791 1651 822 1681 fit
832 1651 1037 1681 amittendinec
1045 1650 1183 1679 retinendi
1191 1649 1280 1687 copia.

239 1693 394 1727 Amittere‚
423 1701 473 1730 pro
493 1692 614 1721 Mittere.
637 1690 723 1719 Plaut.
748 1690 827 1728 Capt.
849 1688 919 1719 Prol.
936 1693 980 1726 36.
1021 1688 1087 1725 Quo
1107 1689 1190 1726 pacto
1204 1687 1249 1716 liic
1268 1685 1357 1716 servos

259 1730 339 1759 suum
354 1730 451 1759 herum
466 1730 531 1758 hinc
547 1729 655 1758 amittat
670 1728 796 1757 domum.

240 1768 373 1799 Amittere
386 1790 393 1803 ,
415 1768 428 1804 [
443 1767 581 1794 &naaman
597 1766 609 1802 ]
631 1766 754 1795 Perdere.
775 1764 880 1795 Sallust.
901 1765 963 1801 Jam
975 1765 1085 1803 pridem
1096 1758 1227 1801 equidem
1244 1772 1296 1792 nos
1313 1764 1359 1792 ve-

261 1816 291 1835 ra
310 1815 402 1834 rerum
422 1804 555 1834 vocabula
573 1804 720 1833 amisimus.

240 1844 376 1873 Amittere
386 1845 412 1872 &
421 1842 544 1880 perdere.
567 1842 625 1871 Cic.
635 1852 660 1871 2.
673 1842 746 1870 Verr.
760 1849 800 1877 13.
823 1839 923 1870 Classes
937 1839 1036 1869 amissae
1047 1841 1073 1869 ἃ
1083 1839 1207 1877 perditae.

240 1882 374 1949 Agilittlcge
392 1881 452 1918 quis
463 1880 563 1909 dicitur
572 1879 601 1908 id
612 1901 620 1914 ,
643 1880 721 1916 cujus
731 1889 789 1908 non
810 1878 985 1908 substantiam
996 1900 1004 1914 ⁷
1025 1877 1072 1907 sed
1084 1877 1162 1906 usum
1173 1875 1304 1914 perdidit.
1327 1880 1359 1905 ut

280 1929 308 1948 1.
333 1929 339 1947 i
364 1941 369 1947 .
389 1930 416 1953 4.
432 1928 447 1947 2
470 1928 494 1946 2.

321 1955 391 1986 Elisa
400 1929 508 1985 inciiffis
519 1954 606 1984 amisit
615 1953 737 1984 calcibus
748 1963 802 1984 ora.
862 1954 880 1983 i.
898 1963 922 1983 e.
949 1952 1076 1983 Calcatus
1097 1952 1130 1982 ab
1146 1961 1218 1989 equo
1229 1950 1267 1981 ita
1278 1951 1317 1981 est
1328 1956 1358 1981 ut

260 1993 338 2022 nosci
353 2004 411 2022 nori
431 1993 521 2031 possit.
562 1993 593 2022 V.
615 1992 705 2022 Barth.
728 1993 754 2021 Sc
773 1990 912 2021 Drakenb.
935 1992 970 2020 ad
989 1990 1044 2020 loc.

241 2031 374 2061 Amittere
385 2041 443 2060 rem
453 2032 488 2060 de
503 2030 638 2061 manibus.
661 2030 717 2059 Cic.
728 2033 752 2059 6.
766 2030 839 2059 Verr.
852 2041 897 2065 44.
910 2029 996 2066 Quod
1006 2027 1164 2057 intellexisti
1178 2033 1206 2056 te
1219 2026 1311 2065 praeda
1322 2026 1357 2056 de

260 2069 388 2098 manibus
402 2068 495 2098 amissa
505 2090 512 2103 ‚
532 2069 720 2097 testimonium
731 2074 824 2097 tamen
832 2067 953 2104 effugere
965 2076 1022 2096 non
1031 2065 1116 2104 posse.

239 2105 393 2136 Hominem
404 2107 438 2136 de
453 2105 590 2135 manibus.
629 2105 686 2135 Cic.
705 2115 755 2143 pro
775 2104 845 2135 coel.
869 2109 913 2134 66.
952 2104 1007 2133 Cnr
1026 2103 1166 2133 Licinium
1181 2102 1218 2134 de
1228 2101 1357 2132 manibus

259 2143 430 2175 amiserunt?
452 2145 469 2173 i.
485 2154 508 2173 e.
531 2143 768 2181 Comprehensum
784 2143 860 2172 abire
875 2142 1066 2180 permiserunt.

237 2179 261 2211 E
276 2181 413 2211 manibus.
435 2181 492 2211 Liv.
506 2192 530 2216 9.
543 2181 610 2210 Bell.
626 2181 692 2210 Puri.
720 2180 887 2211 Masinissam
906 2180 1029 2209 saucium
1046 2188 1133 2217 prope
1148 2188 1163 2208 e
1173 2177 1301 2207 manibus
1315 2177 1357 2206 in-

258 2225 301 2248 ter
310 2219 460 2248 tumultum
471 2218 566 2248 amisit.

239 2256 261 2286 E
276 2257 434 2294 conspectu.
467 2257 530 2286 Ter.
542 2256 612 2285 Euri.
631 2265 657 2285 2.
672 2264 696 2291 3.
712 2265 735 2285 1.
775 2256 874 2293 Neque
885 2255 962 2293 virgo
974 2255 1011 2285 est
1029 2263 1162 2292 usquam:
1184 2262 1274 2291 neque
1284 2262 1335 2290 ego
1346 2274 1354 2289 ,

259 2295 307 2332 qui
325 2295 401 2324 illam
419 2304 435 2324 e
459 2294 608 2332 conspectu
623 2294 696 2323 amisi
714 2303 786 2323 meo,

239 2333 362 2362 Amores.
383 2332 457 2370 Virg.
471 2339 494 2368 31
508 2332 605 2369 Georg.
617 2341 680 2369 227.

238 2370 376 2400 Animam.
398 2369 483 2399 Plaut.
500 2369 595 2406 Amph.
613 2379 635 2398 1.
656 2380 679 2399 1.
693 2374 737 2404 85.

239 2407 394 2445 Aspestum.
417 2408 474 2437 Cic.
490 2417 511 2436 1.
525 2406 605 2436 Tusc.
623 2416 664 2443 13.
698 2402 784 2443 Quod
806 2405 840 2435 iis
861 2402 931 2443 saepe
944 2403 994 2435 usu
1005 2404 1097 2440 venit,
1118 2404 1164 2442 qui
1185 2412 1270 2441 quum
1289 2404 1356 2434 acri-

257 2451 299 2474 ter
319 2442 407 2474 oculis
427 2445 603 2475 deficientem
622 2444 708 2474 solem
727 2444 911 2479 intuerentur,
928 2450 959 2473 ut
978 2442 1119 2481 aspectum
1138 2443 1256 2471 omnino
1275 2443 1358 2475 amit-

255 2489 355 2512 terent.

236 2520 448 2550 Authoritatem.
485 2518 542 2549 Cic.
563 2530 588 2556 4.
610 2518 692 2549 Acad.

239 2558 362 2624 Cgiusjam.
386 2558 443 2587 Cic.
455 2568 480 2594 9.
503 2560 556 2587 Att.
568 2568 595 2594 4.
625 2558 643 2586 i.
662 2566 685 2586 e.
716 2554 925 2592 Causacadere,
946 2555 1022 2594 quod
1033 2555 1116 2585 etiam
1127 2554 1216 2585 Litem
1227 2554 1352 2585 amittere

279 2603 365 2625 icitur.

239 2633 329 2662 Cives.
352 2633 409 2662 Cic.
432 2642 482 2669 pro
495 2631 609 2662 Marcel.
632 2641 674 2669 i7.

238 2669 392 2700 Civitatem.
424 2671 480 2700 Cic.
496 2680 518 2699 1.
539 2671 574 2699 de
593 2669 669 2699 (aiat.
685 2674 745 2703 182.
787 2669 860 2700 Nam
879 2669 902 2699 is
916 2669 951 2699 ad
959 2668 1021 2699 suo's
1039 2668 1210 2706 postliminio
1221 2666 1352 2703 rediisset,

255 2710 282 2738 Sc.
299 2708 425 2737 amisisset
444 2706 516 2737 hanc
540 2708 703 2737 civitatem?

237 2746 377 2775 Colorem.
400 2746 521 2781 Ovid.9.
543 2745 613 2774 Met.
629 2754 690 2781 321.

237 2784 450 2813 Confidentiam.
474 2782 559 2812 Plaut.
573 2783 670 2820 Amph.
686 2793 710 2818 5.
724 2792 747 2812 1.
760 2791 786 2811 2.

237 2821 399 2851 Consilium.
421 2821 484 2850 Ter.
500 2821 569 2850 Eun.
588 2830 614 2850 2.
630 2830 656 2850 2.
673 2830 715 2849 10.

237 2859 346 2897 Corpus
355 2861 381 2889 Sc
391 2859 470 2888 vires.
495 2858 553 2887 Cic.
565 2868 588 2895 7.
603 2858 677 2888 Fam.
689 2861 732 2887 26.

235 2897 383 2926 Decorem.
406 2896 475 2926 Cels.
486 2895 533 2925 lib.
546 2905 573 2925 2.
591 2905 649 2933 cap.
662 2904 689 2925 2.
729 2893 809 2929 Pejus
819 2899 912 2923 tamen
921 2892 1027 2931 signum
1039 2892 1077 2922 est
1087 2915 1096 2927 ,
1117 2893 1165 2923 ubi
1174 2892 1272 2931 aliquis
1285 2902 1353 2923 con-

254 2942 294 2963 tra
305 2934 535 2964 consuetudinem
547 2934 667 2963 emacuit
676 2955 684 2969 ‚
705 2934 731 2962 δι
750 2931 873 2961 colorem
885 2932 1068 2968 decoremque
1079 2932 1183 2967 amisit,
1205 2934 1257 2961 διε.

234 2972 406 3009 Dignitatem
417 2972 550 3001 amittere.
574 2971 631 3001 Cic.
652 2981 675 3000 1.
689 2970 763 3000 Fam.
781 2975 806 3003 8.

234 3010 408 3047 Egestatem‚
431 3018 582 3044 aerumnas,
610 3011 661 3038 810.
693 3007 796 3037 Sallust.
827 3006 889 3043 Jug.
916 3015 977 3044 cap.
1001 3016 1042 3042 14.
1065 3006 1087 3043 ἕ.
1109 3015 1153 3042 23.
1193 3006 1259 3036 Non
1275 3006 1351 3036 enim

253 3057 369 3084 regnum
384 3070 392 3082 ,
412 3047 460 3076 sed
469 3047 571 3084 fugam,
586 3046 726 3080 exsilium,
747 3043 895 3082 egestatem
906 3045 932 3074 Sc
952 3053 1049 3073 omnes
1061 3044 1126 3080 has,
1148 3053 1208 3081 quaa
1227 3054 1272 3074 me
1290 3053 1351 3082 pre-

254 3094 335 3114 munt
344 3095 478 3114 aerumnas
489 3094 553 3113 cum
569 3084 660 3119 anima
670 3082 748 3112 simul
763 3081 879 3111 amiiisti.

234 3121 471 3152 Existimationem
482 3122 605 3159 pudoris.
626 3121 685 3151 Cic.
705 3132 732 3157 4.
755 3120 829 3149 Verr.

233 3159 342 3189 Filium.
367 3160 424 3189 Cic.
439 3171 464 3194 4.
478 3161 552 3190 Fam.
566 3162 591 3188 6.

233 3196 342 3226 Florem
370 3198 473 3227 amittit
501 3198 604 3236 punica
630 3196 737 3226 roribus
765 3193 858 3224 nimiis
874 3216 884 3230 ‚
914 3195 940 3224 8(
959 3194 1074 3232 pruinis.

253 3243 285 3263 ca
308 3257 314 3263 .
327 3238 370 3264 26.

232 3244 346 3308 Fuglgim.
373 3272 478 3301 Sallust.
517 3272 549 3301 V.
572 3270 734 3309 Egestatem.

233 3308 411 3339 Honestatem
420 3319 540 3339 omnem.
563 3309 621 3339 Cic.
635 3319 685 3347 pro
695 3307 774 3338 Rosc.
786 3308 876 3337 Amet.
888 3316 899 3336 1
907 3315 950 3342 14.

234 3345 396 3375 Humorem.
419 3347 477 3376 Cic.
493 3356 516 3382 3.
539 3347 574 3376 de
596 3347 660 3376 Nat.
679 3346 763 3376 Deor.

232 3382 392 3420 Imperium.
415 3383 482 3414 Plin.
494 3384 542 3413 lib.
557 3394 581 3414 2.
600 3394 661 3423 cap.
678 3387 723 3414 26.

233 3420 381 3457 Impetum.
402 3421 465 3450 Sen.
478 3421 566 3451 OEth.
579 3426 604 3455 8.

231 3457 280 3493 Jus
291 3459 397 3495 imperii
409 3460 585 3488 &exercitiis
607 3459 665 3488 Cic.
682 3469 723 3488 10.
736 3457 854 3496 Philipp.
869 3459 909 3486 12.

232 3495 363 3524 Laudem.
395 3495 460 3524 Plin.
484 3496 563 3534 Epist.
585 3505 645 3533 177.

231 3532 408 3562 Libertatem.
444 3533 501 3562 Cic.
514 3544 563 3571 pro
575 3534 666 3563 Domo
678 3533 723 3563 sua
733 3542 777 3570 77.

232 3570 388 3600 Libidinem
398 3579 518 3599 omnem.
542 3570 624 3600 Plaut.
639 3571 700 3600 Mil.
713 3583 740 3607 4.
752 3577 777 3604 8.
791 3580 835 3599 20.

230 3607 330 3637 Litem.
353 3607 409 3636 Cic.
424 3617 473 3644 pro
484 3607 561 3636 Rosc.
574 3609 651 3639 Com.
670 3618 711 3638 io.
739 3609 779 3637 Ad
792 3607 927 3643 iudicium
935 3606 989 3636 hoc
998 3602 1083 3635 modo
1094 3603 1237 3639 venimus.
1259 3610 1290 3634 ut
1301 3610 1344 3634 to-

251 3652 307 3674 tam
318 3643 394 3673 litem
404 3652 450 3673 aut
466 3645 638 3674 obtineamus
649 3667 657 3681 ‚
678 3652 725 3674 aut
733 3646 900 3675 amittamus.

229 3681 346 3712 Lumen.
366 3682 422 3710 Cic.
442 3692 465 3716 ς.
487 3682 567 3711 Tusc,
585 3692 644 3717 114.

229 3718 397 3749 Memoriam
408 3718 531 3754 alicujus.
554 3720 611 3748 Cic.
632 3729 682 3756 pro
693 3718 784 3749 Deiot.
799 3729 838 3749 12.

230 3756 420 3786 Occalioncm.
443 3756 500 3785 Cic.
519 3766 569 3793 pro
579 3758 680 3785 Crecin.
698 3766 737 3792 15.
760 3759 786 3787 ὅ(
799 3757 863 3788 Ter.
873 3756 982 3793 Eunt}
995 3767 1018 3789 ς.
1036 3759 1079 3792 56.

228 3793 343 3824 Oculos.
366 3793 429 3822 Caes.
445 3803 467 3828 3.
482 3793 547 3823 Bell.
570 3794 648 3822 Civil.
673 3803 715 3828 53.

228 3832 305 3870 Opes
315 3830 409 3860 amilit
431 3831 513 3860 ovid.
527 3841 570 3860 21.
582 3831 663 3869 Epist.
675 3834 721 3860 6⁶.

1082 820 1125 850 Est
1146 824 1238 849 autem
1256 817 1358 848 Eunias

1120 3192 1189 3223 Piin.
1215 3193 1265 3223 lib.
1301 3193 1344 3225 15.

1814 23 1842 59 A
1938 25 1977 59 M
2075 26 2115 60 M

1443 102 1624 140 Opinionem.
1655 104 1714 133 Cic.
1736 104 1789 134 Ait.

1444 140 1728 184 Oppidui'nhamittere
1738 144 1764 172 ἃ
1774 143 1908 180 Recipere
1918 165 1926 177 ,
1945 140 2089 173 contraria.
2114 143 2171 172 Cic.
2190 143 2225 173 de
2237 144 2344 174 Senect.
2359 155 2382 174 1.
2403 143 2555 185 Salinatori,

1463 179 1732 222 quiamissoqppido
1750 180 1855 216 fugerat
1874 181 1902 209 in
1923 191 2029 217 arcem,
2055 181 2181 215 glorianti
2204 189 2284 218 atque
2301 184 2339 211 ita
2353 183 2472 219 dicenti,
2493 185 2557 216 Mea
2595 202 2599 214 i

1464 216 1602 258 opera-Q.
1624 216 1689 244 labi
1707 216 1853 246 Parentum
1866 219 2008 255 recepisti:
2045 219 2141 253 Certe,
2161 219 2252 256 inquit
2262 220 2376 256 ridens,
2395 223 2556 254 namnisitu

1464 254 1609 287 amilisses,
1644 263 1786 290 nunquam
1806 256 1975 293 recepilsern.

1447 291 1627 320 Ornamenta.
1662 291 1722 320 Cic.
1735 303 1759 326 4.
1774 292 1843 321 Fam.
1857 297 1882 321 6.

1446 327 1551 357 Putrem
1562 336 1608 357 aut
1617 328 1726 357 liberos.
1748 328 1816 359 Plin.
1838 329 1919 367 Epist.
1933 336 1978 365 84.

1445 365 1548 394 Piscem
1558 375 1670 403 captum
1685 367 1819 397 amittere.
1842 368 1898 397 Cic.
1914 377 1939 397 2.
1955 368 1990 397 de
2002 368 2065 397 Nat.
2083 367 2166 397 Deor.
2181 377 2242 404 124.
2594 375 2599 402 ’.

1446 402 1576 432 Praedam.
1599 403 1682 432 Plaut.
1698 402 1760 433 Mil.
1773 415 1798 434 2.
1813 416 1836 440 5.
1847 413 1891 442 47.
2595 415 2599 444 l

1446 440 1611 478 Receptum.
1641 440 1698 483 Cic.
1713 447 1737 475 8.
1758 443 1811 472 Art.
1827 453 1868 472 12.
1890 442 1924 471 ad
1934 442 2040 472 Domit.
2076 442 2175 480 Neque
2185 453 2220 472 ex
2231 443 2359 474 omnibus
2370 445 2482 483 oppidis
2496 454 2560 477 cona
2595 448 2597 481 ἕ

1466 479 1573 520 trahere
1590 488 1684 515 copias
1698 481 1829 517 expedit,
1850 490 1885 509 ne
1905 487 2048 518 receptum
2059 481 2192 510 amittam.
2227 481 2246 510 i.
2267 490 2291 510 e.
2313 481 2419 512 Locum
2438 484 2469 512 in
2479 492 2559 520 quem

1466 516 1564 552 posiim
1576 526 1619 545 me
1629 517 1759 554 recipere.

1447 553 1639 582 Revetentiam
1654 555 1779 584 amittere
1798 555 1900 585 dicitur
1920 556 2077 593 imperator.
2109 554 2178 584 Plin.
2190 556 2220 585 in
2230 554 2329 593 Paneg.

1446 590 1577 620 Salutem.
1600 591 1684 620 Plaut.
1703 592 1788 622 Merc.
1803 602 1826 629 3.
1839 605 1865 628 4.
1877 603 1901 628 5-

1447 627 1562 657 Sensum
1574 629 1752 659 humanitatis
1762 640 1876 660 omnem
1885 640 1919 660 ex
1928 629 2031 659 animo.
2066 629 2125 659 Cic.
2138 640 2188 668 pro
2198 629 2277 660 Rosc.
2290 630 2370 660 Com.
2389 640 2450 668 154.

1447 665 1546 695 Sensus
1558 666 1652 695 amilit.
1681 667 1765 697 Ovid.
1781 678 1822 697 10.
1836 669 1905 697 Met.
1915 678 1979 704 499.

1447 703 1608 746 Spiritum..
1626 704 1684 734 Cic.
1699 714 1723 748 Ξ.
1745 706 1780 735 de
1790 706 1946 736 Nat.Deor.
1962 715 2005 742 35.

1447 741 1533 769 Vires.
1556 738 1640 771 Ovid.
1655 752 1676 770 i.
1695 743 1839 779 dePonto,
1858 754 1883 773 2.
1899 749 1941 780 38.

1446 778 1581 821 Tempus.
1605 779 1662 808 Cic.
1676 790 1726 817 pro
1736 780 1845 811 Mureti.
1858 791 1904 818 43.
1927 782 1952 810 &
1964 781 1999 809 de
2009 780 2134 810 Provinc.
2146 780 2227 810 Cons.
2244 790 2287 819 17.

1446 816 1582 845 Virtutem
1594 818 1619 846 S:
1628 817 1713 846 fidem
1723 828 1866 856 nunquam
1876 819 2021 848 amiserim.
2054 818 2112 848 Cic.
2124 819 2192 848 Post.
2203 819 2261 848 red.
2274 816 2303 848 in
2312 819 2404 849 Senat.
2419 824 2464 856 38.

1446 853 1547 883 Vitam.
1570 854 1637 884 Hor.
1652 865 1675 883 1.
1694 856 1781 886 Serui.
1801 867 1824 886 1.
1838 861 1883 886 60.

1446 890 1539 920 Vitam
1550 892 1638 921 amisit
1656 892 1774 929 Decius,
1795 900 1822 923 at
1839 904 1896 923 non
1908 893 2049 932 perdidit:
2070 898 2100 923 're
2110 894 2186 925 enim
2201 892 2328 924 vilissima
2348 895 2374 923 ἃ
2385 904 2468 932 parva
2479 893 2562 925 maxi*

1466 939 1540 958 mam
1556 930 1683 959 redemit.
1713 931 1818 960 Author
1833 933 1869 961 ad
1880 932 1980 961 Heren.
1995 931 2041 960 lib.
2056 943 2084 967 4.
2099 941 2141 968 57.

1447 964 1539 996 Vitam
1549 977 1597 1005 per
1610 968 1741 997 dedecus.
1763 969 1819 998 Cic.
1832 980 1882 1007 pro
1894 969 1973 999 Rosc.
1988 970 2078 998 Amet.
2093 979 2137 1005 30.
2156 970 2182 998 &
2191 978 2242 1006 pro
2252 967 2353 998 Milon.
2365 974 2406 1003 38.

1409 999 1460 1036 AM
1470 1016 1477 1033 1
1488 1015 1499 1033 s
1509 1014 1521 1033 s
1533 1014 1566 1033 io
1578 1027 1585 1039 ‚
1607 1006 1679 1035 onis.
1700 1005 1719 1035 f.
1742 1007 1754 1042 [
1766 1007 1873 1037 innan»)
1887 1008 1902 1042 ]
1923 1007 1974 1037 Rei
1987 1007 2104 1043 alicujus
2114 1007 2241 1045 privatio.
2263 1005 2332 1036 Pha.
2343 1004 2392 1036 lib.
2407 1015 2450 1044 17.
2461 1016 2521 1044 cap.
2532 1016 2559 1039 2.
2603 1020 2604 1023 ¹

1448 1043 1589 1073 Foliorum
1609 1043 1723 1073 amiffio.

1446 1081 1596 1123 Digiiitatis
1612 1081 1728 1114 amiffio.
1752 1080 1809 1112 Cic.
1828 1081 1856 1112 in
1868 1082 1956 1112 Pison.
1970 1090 2015 1118 43.

1447 1118 1627 1155 oppidorum
1645 1120 1732 1157 turpis
1745 1120 1859 1150 amissio.
1882 1121 1941 1150 Cic.
1953 1122 1983 1149 in
1995 1119 2082 1150 Pison.
2101 1130 2146 1157 40.

1447 1155 1583 1186 Sensuum
1594 1156 1708 1186 amiffio.
1731 1157 1788 1187 Cic.
1802 1168 1826 1194 3.
1845 1159 1880 1188 de
1895 1159 1955 1188 Pin.
1971 1161 2012 1188 16.

1408 1192 1477 1225 Am
1487 1204 1500 1223 s
1510 1203 1521 1222 s
1533 1204 1551 1222 U
1561 1203 1573 1222 s
1584 1214 1591 1228 a
1613 1194 1708 1224 Partic.
1731 1197 1746 1232 [
1760 1193 1962 1230 ozmffiss'nnssfi&
1977 1196 1992 1231 ]
2012 1195 2085 1233 Virg.
2099 1205 2125 1226 2.
2140 1194 2202 1226 AEn.
2218 1194 2281 1231 148·

1526 1232 1659 1269 Quisquis
1670 1242 1698 1262 es
1711 1254 1720 1268 ‚
1741 1233 1850 1263 amissos
1869 1234 1935 1263 hinc
1947 1235 2003 1270 jam
2014 1232 2175 1263 obliviscere
2187 1234 2293 1263 Graios.

1408 1267 1588 1304 AMrsSUS‚
1617 1270 1656 1299 Cis.
1678 1280 1715 1300 m.
1746 1271 1825 1301 Idem
1845 1272 1920 1310 quod
1936 1271 2057 1301 Amiisio.
2079 1272 2175 1309 Nepos
2193 1281 2219 1309 7.
2234 1274 2260 1301 6.
2273 1279 2299 1300 2.
2321 1267 2421 1299 Siciliae
2437 1267 2562 1301 amissum

1447 1307 1536 1345 culpae
1547 1306 1600 1336 suae
1612 1308 1776 1338 tribuebant.

1408 1345 1460 1375 ΑΜ
1471 1356 1479 1388 .¹
1491 1355 1524 1388 ss
1535 1356 1543 1373 1
1556 1355 1629 1373 siLi
1640 1355 1652 1374 s
1663 1368 1671 1381 ‚
1692 1356 1717 1375 e.
1739 1347 1847 1385 August.
1865 1358 1889 1383 5.
1916 1346 2036 1377 deTrin.
2049 1357 2073 1383 5.
2085 1357 2110 1383 4.

1446 1382 1518 1412 nihil
1528 1382 1662 1413 mutabile
1671 1390 1718 1413 aut
1726 1385 1877 1415 amissibile.
1899 1385 1970 1415 Ibid.
1990 1396 2031 1421 15.
2046 1394 2087 1423 13.
2101 1384 2150 1414 sub
2160 1384 2208 1413 fin.

2588 1090 2595 1174 -w—

2149 1345 2229 1376 Nihil
2237 1345 2367 1376 accidens
2379 1345 2409 1374 in
2417 1344 2488 1381 Deo,
2500 1345 2561 1382 quia

1843 1459 1872 1496 A
1959 1461 2000 1497 M
2089 1461 2130 1496 M
2602 1482 2604 1501 ι

1408 1527 1507 1562 Ami-'ti
1519 1539 1618 1562 Anus
1636 1527 1941 1569 MARCELL1NUS‚
1971 1533 2123 1564 Historicus
2142 1531 2274 1569 Latinus,
2301 1533 2450 1563 Antiochia
2469 1533 2560 1563 oriun-

1446 1570 1498 1600 dus
1510 1593 1518 1605 ,
1540 1570 1587 1600 sub
1607 1571 1696 1609 [mpp-
1709 1572 1828 1602 Gratian.
1850 1574 1877 1602 &
1901 1570 2039 1602 Valentin.
2063 1571 2166 1609 scripsit
2186 1571 2334 1604 Historiam
2346 1593 2355 1606 ‚
2375 1581 2391 1601 a
2406 1568 2572 1609 principatu*

1447 1608 1556 1637 Caesaris
1577 1609 1674 1638 Nervae
1696 1610 1806 1640 exorsus
1825 1620 1911 1648 usque
1921 1610 1955 1640 ad
1976 1609 2097 1639 Valentis
2115 1610 2277 1644 interitum,
2297 1609 2374 1638 libris
2393 1618 2436 1646 31.
2459 1619 2493 1638 ex
2504 1609 2562 1646 qui:

1446 1645 1670 1713 pusposteriores
1687 1654 1729 1682 18.
1741 1648 1892 1687 supersunt.
1932 1648 1965 1677 V.
1985 1647 2056 1677 Voff.
2078 1649 2113 1677 de
2123 1647 2192 1677 Hist.
2209 1648 2391 1681 Graec.2.18.
2412 1647 2483 1678 &de
2492 1647 2559 1679 Hist.

1470 1692 1506 1713 at.
1519 1694 1545 1713 κ,
1559 1694 1584 1719 9.
1748 1715 1750 1717 ,

1407 1720 1486 1751 ΑΜΜ
1497 1733 1505 1751 1
1517 1732 1531 1751 iz
1542 1732 1561 1765 Ν
1572 1732 1583 1751 ε
1593 1731 1628 1751 iis
1640 1744 1649 1756 ‚
1670 1720 1768 1760 Populi
1787 1718 1925 1762 Hispaniae
1935 1745 1943 1759 ,
1964 1722 2034 1753 Plin.
2055 1722 2104 1751 lib.
2119 1733 2146 1758 4.
2161 1732 2223 1760 cap.
2240 1731 2285 1752 22.
2307 1722 2342 1751 ab
2353 1722 2461 1752 Ammia
2470 1722 2560 1752 civitas

1446 1766 1474 1789 te
1488 1782 1496 1794 ,
1518 1766 1596 1795 cujus
1607 1760 1735 1790 meminit
1751 1761 1922 1791 Ptolemaeus.
1963 1761 1993 1789 V.
2014 1760 2137 1789 Hermol.
2593 1773 2597 1784 ι

1408 1797 1460 1827 ΑΜ
1471 1809 1508 1826 Μι
1521 1808 1539 1827 U
1550 1809 1570 1826 M
1579 1819 1587 1832 ‚
1608 1798 1626 1826 i.
1650 1799 1665 1834 [
1680 1797 1776 1834 ἄμμι]
1805 1799 1906 1829 Semen
1918 1799 1955 1828 est
1968 1798 2041 1828 exile
2051 1798 2143 1827 minus
2154 1798 2276 1827 cumino.
2298 1797 2366 1827 Plin.
2379 1797 2430 1827 lib.
2441 1807 2485 1827 20.
2498 1807 2556 1836 cap.

1447 1835 1496 1864 ult.
1509 1836 1544 1864 de
1556 1836 1676 1865 theriaca
1693 1837 1842 1872 Antiochi,
1862 1837 1963 1867 Anethi
1984 1839 2010 1866 ἃ
2023 1832 2149 1865 foeniculi
2160 1835 2287 1868 seminis,
2310 1838 2336 1865 δ’(
2354 1835 2418 1865 anisi
2432 1858 2440 1868 ,
2463 1837 2488 1865 &
2505 1846 2559 1866 ama

1446 1874 1512 1908 mii7
1542 1875 1568 1903 8(
1587 1874 1662 1911 apii,
1692 1875 1743 1904 &a
1775 1874 1999 1904 Meminit&lib.
2011 1884 2055 1904 20.
2068 1884 2129 1911 cap.
2145 1884 2185 1909 15.
2227 1873 2351 1910 Quidam
2363 1873 2506 1903 cuminum
2516 1873 2559 1904 AEa
2582 1901 2588 1912 ,

1446 1911 1603 1948 thiopicum
1621 1918 1738 1941 vocant:
1769 1919 1869 1942 notum
1889 1913 2007 1942 officinis
2030 1912 2159 1941 omnibus
2175 1911 2289 1947 semen,
2311 1914 2412 1941 Ameos
2434 1911 2557 1942 nomine.
2585 1915 2589 1963 Ι·

1445 1948 1536 1978 Ruell.
1548 1949 1596 1978 lib.
1613 1958 1636 1985 3.
1651 1958 1712 1987 cap.
1723 1961 1766 1986 45.
1796 1950 1928 1987 Meminit
1938 1951 2021 1979 etiam
2036 1949 2156 1979 Dioscor.
2173 1958 2196 1985 3.
2208 1953 2252 1985 63.
2582 1958 2583 1963 ¹

1408 1986 1488 2016 ΑΜΜ
1500 1996 1599 2016 oei-[R
1611 1990 1719 2022 fisus,
1750 1990 1764 2024 [
1782 1984 1957 2026 ἀμμέχςυσὲν
1976 1989 1990 2023 ]
2022 1988 2145 2017 Gemmoe
2162 1997 2275 2016 nomen.
2296 1986 2366 2016 Plin.
2383 1986 2402 2015 l.
2414 1994 2458 2024 37.
2476 1996 2500 2017 c.
2517 1996 2556 2017 11.
2581 1965 2588 2027 i

1446 2026 1595 2053 Arenaruni
1607 2024 1756 2054 similitudo
1768 2025 1844 2056 estin
1854 2025 2045 2063 ammochryso
2056 2048 2064 2060 ‚
2086 2028 2162 2054 velut
2178 2033 2242 2054 auro
2260 2025 2349 2054 arenis
2359 2023 2459 2054 mixto.
2582 2039 2587 2069 ι,

1407 2055 1649 2097 ᾹΜΜόῡῑΤεε,
1670 2061 1865 2098 [ἀμμεδϊτης]
1885 2062 1994 2094 Animal
2012 2063 2205 2100 magnitudine
2229 2061 2361 2098 cubitali,
2382 2063 2468 2092 limile
2486 2063 2558 2100 vipea
2579 2074 2583 2088 ι

1446 2110 1490 2128 rae.
1515 2100 1612 2137 Vipera
1622 2101 1697 2129 enim
1710 2100 1882 2130 subflavaest.
1923 2101 2018 2131 Aetius
2027 2102 2160 2130 Sermone
2176 2110 2291 2138 13.cap.
2305 2110 2349 2136 25.
2373 2100 2448 2130 conf.
2470 2100 2555 2130 Soliti,
2579 2079 2586 2129 ii

1446 2147 1506 2175 cap.
1520 2148 1565 2173 40.
1588 2140 1613 2167 Sc
1634 2137 1735 2176 Lucan.
1748 2138 1797 2167 lib.
1809 2149 1834 2174 9.
1874 2148 1915 2174 19.
2579 2127 2585 2184 {¹

1407 2176 1557 2211 ΛΜΜοΝ,
1579 2176 1649 2205 finis.
1673 2176 1822 2212 [Α’μμων]
1864 2175 1933 2206 161113
1943 2176 1981 2206 est
1990 2175 2097 2213 Jupiter
2106 2176 2140 2205 ab
2149 2174 2286 2205 Ammone
2296 2175 2416 2212 quodam
2430 2176 2554 2214 pastore,
2577 2186 2584 2208 i·

1444 2213 1490 2256 qui
1504 2214 1608 2250 primus
1616 2214 1644 2242 in
1656 2213 1740 2251 Libya
1750 2212 1954 2252 Jovitempluni
1967 2214 2113 2243 aedificavit
2125 2236 2134 2248 ‚
2155 2213 2270 2242 authore
2282 2213 2410 2243 Pausania
2419 2214 2448 2242 in
2460 2211 2563 2244 Messe:
2583 2228 2585 2233 .

1442 2252 1540 2280 niacis.
1576 2251 1610 2280 At
1622 2252 1731 2281 Servius
1744 2253 1885 2281 Ammonis
1900 2261 2004 2281 nomen
2021 2251 2054 2280 ab
2066 2251 2154 2281 arenis
2168 2251 2283 2280 ductum
2299 2255 2386 2288 putat.
2418 2252 2470 2281 'Sic
2483 2251 2556 2281 enim

1443 2289 1519 2317 aitin
1536 2287 1604 2318 illud
1622 2301 1648 2325 4.
1668 2290 1730 2319 ΖΕΗ.
1748 2295 1808 2325 198.
1847 2290 1902 2319 Hic
1918 2291 2055 2320 Ammone
2072 2289 2160 2323 satus,
2182 2290 2234 2318 dcc.
2274 2288 2355 2318 Liber
2370 2297 2456 2326 quum
2475 2289 2556 2319 Indos
2581 2296 2584 2312 ¹

1441 2333 1550 2393 peteret
1567 2330 1583 2361 ,’
1596 2328 1622 2356 &
1638 2336 1686 2364 per
1706 2326 1820 2365 Libyam
1835 2329 1988 2357 exercitum
2002 2327 2132 2356 duceret:
2153 2327 2282 2364 fatigatus
2304 2327 2362 2361 fiti‚
2381 2327 2457 2362 jovis
2474 2325 2565 2365 patris‘

1455 2365 1481 2393 ui
1491 2364 1649 2407 imploravit
1659 2365 1800 2395 auxilium.
1840 2365 1873 2394 Et
1883 2366 1971 2394 statim
1985 2364 2040 2393 viso
2056 2365 2255 2402 insequutoque
2271 2366 2358 2393 ariete
2370 2387 2377 2399 ‚
2396 2364 2474 2393 ¹velut
2487 2365 2555 2394 duce

1441 2402 1505 2431 fons
1515 2408 1643 2431 inventus
1653 2402 1699 2431 est.
1755 2403 1835 2432 Unde
1846 2403 1948 2432 sactum
1959 2402 1996 2432 est
2005 2402 2068 2438 Jovi
2081 2403 2209 2432 Ammoni
2219 2402 2251 2431 ab
2262 2402 2349 2431 arenis
2364 2402 2440 2431 dicio
2452 2401 2556 2432 fimulaz

1442 2449 1521 2469 crum
1541 2449 1607 2469 cum
1633 2441 1725 2477 capite
1744 2441 1871 2470 arietino.
1921 2441 2006 2477 Quod
2026 2440 2091 2469 ideo
2110 2440 2237 2478 fingitur,
2270 2441 2333 2477 quia
2352 2439 2413 2469 satis
2432 2440 2554 2469 involuta

1441 2477 1504 2506 sunt
1524 2478 1582 2513 ejus
1603 2477 1649 2506 res
1664 2477 1737 2507 ons-i.
1778 2479 1848 2508 Sane
1869 2477 1982 2513 ἅμμΘυ,
2012 2488 2093 2507 arena
2112 2477 2209 2507 Latine
2236 2477 2346 2506 dicitur.
2388 2478 2429 2507 De
2448 2478 2555 2507 Ammo-
2579 2477 2581 2488 ¹

1442 2525 1478 2544 ne
1507 2514 1589 2552 longe
1622 2525 1701 2552 pura
1730 2516 1795 2545 vide
1820 2515 1895 2553 apud
1928 2516 2010 2545 Diod.
2041 2516 2126 2554 Sicul.
2148 2515 2196 2544 lib.
2224 2526 2251 2551 4.
2272 2526 2333 2553 cap.
2355 2513 2403 2544 ult.
2451 2515 2554 2545 Locum
2580 2518 2581 2528 ¹

1441 2552 1530 2591 ipsum
1557 2554 1583 2582 ὃ(
1608 2553 1760 2591 Templum
1780 2555 1806 2584 a
1833 2553 1984 2583 Oraculum
2006 2553 2106 2584 Lucan.
2136 2551 2184 2582 lib.
2205 2563 2232 2589 9.
2257 2563 2318 2588 511.
2340 2553 2412 2590 seqq.
2434 2554 2460 2583 &
2480 2553 2552 2582 Curta
2580 2560 2581 2564 ¹

1443 2602 1469 2626 4.
1497 2600 1522 2628 7.
1551 2591 1717 2620 describunt.
1759 2591 1793 2621 Et
1820 2592 1883 2629 quia
1903 2591 1995 2621 Graece
2022 2590 2121 2627 hippo&
2140 2592 2218 2627 juxta
2246 2592 2271 2620 ἃ
2294 2593 2393 2626 Atypo&
2413 2590 2551 2626 scribitur.

1441 2638 1477 2657 ex
1517 2632 1595 2666 aeq'iio
1624 2629 1698 2667 apud
1727 2628 1838 2659 Latinos
1867 2629 1893 2659 Sc
1924 2633 2034 2656 Ammon
2072 2630 2098 2658 ἃ
2130 2633 2253 2656 Hammon
2286 2627 2433 2658 invenitur.
2504 2627 2553 2658 Alii

1442 2676 1500 2695 non
1521 2667 1554 2695 ab
1584 2667 1678 2697 Arenis
1697 2668 1818 2696 nominis
1846 2667 1983 2695 rationem
2012 2671 2129 2704 petunt,
2159 2666 2205 2695 sed
2233 2664 2298 2701 ἀμὲν
2318 2676 2367 2704 per
2386 2665 2530 2704 ziphaeresin
2577 2672 2580 2686 ³

1440 2705 1554 2742 proprio
1575 2704 1608 2733 ab
1629 2705 1763 2742 IEgyptiis
1780 2704 1917 2734 vocabulo
1944 2714 1995 2742 pro
2025 2705 2115 2734 Θωμὲν
2136 2703 2306 2741 appellatum
2335 2704 2451 2738 volunt.
2500 2684 2552 2737 uod

1442 2742 1595 2771 Occultum
1615 2743 1668 2772 sive
1689 2743 1915 2772 Occultationem
1934 2742 2075 2780 fignificat.
2098 2736 2164 2771 Fiat.
2185 2742 2214 2770 in
2236 2736 2357 2771 P‘riaedro.
2387 2742 2459 2770 conf.
2505 2740 2550 2770 off.

1442 2779 1478 2809 de
1501 2779 1600 2810 ldolol.
1620 2791 1642 2809 1.
1667 2789 1710 2816 27.
1733 2781 1759 2809 Sc
1779 2790 1822 2817 3¹2.
1844 2779 1891 2809 lib.
1915 2789 1939 2808 2.
1967 2790 2008 2809 11.
2031 2779 2156 2809 Kircher.
2177 2779 2207 2808 in
2227 2779 2346 2809 Obelisc.
2369 2778 2503 2816 Painphil.
2524 2789 2549 2813 4.
2578 2790 2579 2796 ¹

1440 2827 1501 2884 pag.
1526 2821 1590 2855 270.
1608 2820 1634 2848 ἃ
1654 2818 1762 2855 OEdip.
1781 2819 1891 2856 AEgypt.
1913 2817 1996 2846 Tom.
2030 2828 2053 2846 1.
2076 2818 2216 2855 Syntagm.
2242 2826 2266 2850 3.
2304 2818 2338 2846 At
2357 2817 2505 2851 Bochartus
2523 2817 2552 2845 in
2575 2818 2585 2860 ᾗ

1439 2854 1550 2922 ΡΙΙᾞῘΙἺΕΞ.
1586 2866 1610 2885 1.
1636 2867 1658 2885 1.
1695 2864 1710 2885 a
1740 2856 1836 2891 cham.
1866 2855 1912 2884 seu
1933 2859 2021 2890 Ham,
2055 2855 2125 2884 Noae
2151 2854 2208 2883 filio
2231 2853 2354 2884 deducit.
2404 2853 2465 2884 Vid.
2486 2853 2549 2884 Lex.
2575 2877 2578 2883 .

1461 2901 1491 2922 iti
1506 2903 1529 2921 c.

1439 2932 1584 2960 Ammonis
1600 2930 1761 2965 oraculum,
1784 2931 1814 2959 in
1826 2930 1914 2959 Africa
1933 2930 2085 2967 Cyrenaica
2104 2930 2178 2967 apud
2189 2929 2311 2964 Melum,
2335 2939 2412 2958 nunc
2421 2928 2503 2967 vulgo
2512 2928 2551 2958 di-
2575 2923 2585 2942 ¹¹

1458 2971 1529 2997 citur
1542 2973 1572 2996 El
1584 2978 1717 2996 cancarron
1728 2970 1756 2995 de
1770 2968 1899 3001 mathana,
1911 2968 1976 2997 teste
1985 2967 2126 2997 Oblivario
2135 2968 2164 2996 iri
2176 2967 2288 2997 Melam,

1439 3006 1558 3035 Ammon
1578 3006 1713 3043 corniger.
1734 3005 1835 3035 Lucan.
1859 3005 1905 3034 lib.
1924 3015 2023 3042 3·29·.'-

1438 3044 1584 3074 Ammonis
1608 3053 1695 3073 cornu
1720 3044 1790 3076 inter
1805 3043 1989 3072 sacratissimas
2006 3041 2154 3079 [Ethiopize
2182 3046 2321 3079 gemmas,
2351 3046 2434 3070 aureo
2449 3040 2558 3075 001010,Ι

1457 3083 1567 3111 arietini
1583 3091 1683 3111 cornus
1693 3082 1810 3118 effigiem
1823 3081 1956 3114 reddens.
1977 3081 2148 3118 promittitur
2164 3080 2315 3117 przedivina
2331 3079 2437 3109 somnia
2457 3084 2550 3117 reprae-
2584 3099 2585 3102 =

1456 3119 1570 3149 sentare.
1601 3118 1667 3148 Plin.
1680 3118 1726 3148 lib.
1744 3129 1786 3155 37.
1798 3128 1858 3155 cap.
1879 3129 1919 3148 10.
1942 3119 1975 3148 Et
1984 3119 2071 3148 Solin.
2085 3127 2145 3155 cap.
2157 3127 2201 3151 40-

1436 3156 1780 3187 AnimoriGaramantieus.
1807 3156 1853 3185 Sil.
1873 3156 1921 3185 lib.
1944 3167 1984 3191 i4.

1437 3194 1626 3225 Marmaricus.
1650 3194 1746 3223 Claud.
1760 3195 1789 3223 in
1804 3193 1918 3232 Eutrop.
1940 3200 1999 3228 180.

1437 3233 1568 3270 Syrticus.
1591 3231 1692 3261 Lucan.
1703 3231 1750 3260 lib.
1767 3242 1806 3260 10.
1821 3237 1863 3267 38.

1400 3270 1605 3304 ΑΜΜοΝΕο,
1644 3269 1673 3298 V.
1702 3278 1894 3298 ADMONEO.
1985 3297 1988 3301 Δ
2430 3300 2433 3303 ¹

1400 3308 1449 3338 ΑΜ
1460 3317 1506 3336 iio
1518 3317 1555 3335 Νι
1568 3317 1601 3341 Α,
1624 3308 1638 3342 [
1655 3307 1795 3343 Rumina]
1816 3306 1903 3343 Regio
1915 3305 2116 3337 Mediterranea
2129 3300 2237 3343 Libyae,
2258 3305 2288 3334 in
2308 3313 2361 3343 qua
2370 3304 2477 3343 Jupiter
2490 3304 2545 3334 Am.-
2566 3319 2583 3340 i>

1437 3355 1505 3374 mon
1513 3344 1655 3374 colebatur
1667 3366 1676 3379 .,
1697 3343 1734 3373 iia
1747 3344 1820 3373 dicia
1829 3344 1862 3373 ab
1877 3353 1965 3373 :irenae
1976 3344 2065 3381 copia.
2567 3348 2569 3380 ι

1437 3384 1583 3411 Ammonia
1596 3381 1669 3417 Juno
1682 3404 1689 3416 ‚
1711 3382 1729 3411 i.
1747 3392 1771 3411 e.
1794 3381 1935 3415 Arenaria,
1957 3380 2030 3410 culta
2046 3381 2074 3409 in
2088 3381 2192 3410 Grcecia
2205 3379 2239 3409 ab
2258 3380 2329 3409 Eleis
2341 3402 2349 3415 ⁷
2373 3380 2407 3408 de
2422 3389 2475 3417 qua
2484 3378 2545 3408 Pau-
2565 3389 2569 3416 ¹.

1457 3420 1510 3449 san>¹
1525 3421 1554 3449 in
1566 3420 1647 3449 Eliac.
1662 3429 1689 3457 p.
1705 3422 1765 3455 163.
1790 3421 1816 3449 δι
1836 3419 1901 3448 Cael.
1923 3419 2011 3455 Antiq.
2028 3418 2100 3447 Lect.
2114 3418 2161 3446 lib.
2178 3424 2218 3452 18.
2240 3427 2299 3456 cap.
2315 3423 2358 3453 38,
2566 3423 2568 3432 ’

1398 3457 1737 3492 AMiioN1A‚Civitas.
1779 3457 1810 3485 V.
1832 3465 2108 3505 Agriouiacus,
2131 3456 2189 3489 Adi.
2566 3451 2568 3485 l

1397 3496 1591 3529 ΑΜΜοΝιι,
1621 3497 1709 3524 onim.
1738 3504 1775 3523 m.
1798 3493 1836 3532 pl.
1883 3490 1982 3531 Populi
2005 3492 2095 3530 Libyae
2114 3492 2237 3521 colentes
2260 3492 2356 3527 Jovem
2373 3493 2542 3522 Ammonem.
2565 3494 2568 3514 l

1436 3533 1546 3600 Xausiin.
1558 3531 1702 3598 11111171110011.
1716 3542 1744 3570 p.
1761 3542 1820 3561 100.
1861 3531 1986 3570 Aphytaei
2003 3531 2100 3560 colunt
2114 3531 2280 3559 Ammonem
2291 3540 2347 3559 non
2360 3530 2450 3559 minus
2465 3534 2543 3566 quam
2564 3525 2567 3550 l
2587 3535 2590 3541 '

1458 3580 1575 3599 mmomi
1610 3580 1617 3598 i
1659 3579 1689 3598 ae.
2564 3593 2565 3602 ¹
2585 3573 2599 3594 ’.

1397 3579 1662 3636 Ammoniacus
1676 3629 1684 3641 ‚
1707 3601 1920 3642 [ἀμμωνιιχέν]
1940 3604 2028 3643 Vulgo
2048 3607 2200 3637 Armaniaqo
2214 3626 2221 3639 ,
2244 3603 2363 3641 Metopii
2388 3603 2490 3633 arboris
2507 3600 2543 3630 la·
2564 3611 2566 3641 2
2589 3594 2604 3614 ⁸⁴

1435 3654 1548 3682 cryina:
1571 3645 1605 3673 de
1615 3654 1667 3681 qua
1679 3644 1714 3673 sic
1726 3643 1793 3673 Plin.
1804 3642 1851 3672 lib.
1868 3653 1908 3672 12.
1923 3652 1982 3680 cap.
1997 3652 2041 3679 23.
2072 3642 2142 3679 Ergo
2159 3641 2306 3680 AEthiopiae
2327 3641 2446 3675 subjecta
2458 3639 2542 3670 Africa
2564 3646 2566 3683 f
2596 3649 2598 3658 ¹

1434 3683 1600 3711 ammoniaci
1637 3681 1784 3719 lacrymam
1806 3680 1886 3710 stillat
1909 3681 1936 3708 in
1965 3681 2054 3709 arenis
2085 3680 2155 3714 suis,
2186 3680 2251 3708 inde
2276 3681 2302 3708 G:
2325 3680 2438 3708 nomine
2462 3677 2542 3706 etiam
2564 3698 2565 3704 .

1432 3719 1575 3748 Ammonis
1586 3719 1714 3753 oraculo,
1733 3720 1810 3755 juxta
1829 3718 1904 3755 quod
1924 3718 2044 3755 gignitur
2063 3717 2151 3751 arbor,
2191 3726 2254 3746 uam
2273 3717 2418 3754 metopion
2429 3719 2540 3744 vocant:
2564 3718 2565 3745 i

1433 3757 1526 3785 resinae
1555 3757 1639 3785 modo
1660 3763 1707 3785 aut
1730 3757 1844 3794 gummi.
1867 3755 1975 3789 Latini,
2002 3762 2032 3784 ut
2059 3755 2097 3783 ait
2117 3754 2170 3783 Dio
2183 3764 2238 3783 cor.
2262 3763 2286 3789 3.
2309 3760 2352 3789 98.
2373 3754 2457 3787 γέπι,
2478 3752 2495 3780 i.
2507 3757 2537 3794 ‘e-

1735 3796 1750 3831 [
1767 3793 1797 3824 V.
1817 3793 1909 3823 Rhod.
1926 3792 1990 3822 Lex.
2013 3792 2099 3823 Scrib.
2116 3791 2195 3821 Celso
2209 3791 2542 3827 Arrunoniucuinthymia-
2563 3790 2569 3827 li

2577 2630 2581 2638 ε

2569 3175 2575 3204 i

2568 3206 2573 3231 'i

2567 3234 2570 3268 l

2568 3275 2570 3294 l

2567 3300 2571 3316 i

1435 3794 1548 3823 Guttam
1569 3800 1678 3823 vocant.

1433 3840 1487 3860 ma.
1529 3831 1559 3860 V.
1580 3832 1611 3860 in
1631 3831 1658 3860 h.
1676 3840 1701 3860 v.
2562 3847 2563 3858 1
2582 3855 2583 3858 ,

2427 3860 2587 3903 ΑΜΜψῇᾸ
