2600 4177
33 218 79 249 CA
90 227 177 254 mlx,
198 219 266 248 scis.
289 227 325 247 m.
365 216 485 253 [κύλιξ]
516 217 648 254 fignificat
675 213 843 245 Folliculuiii
860 237 867 251 ,
902 227 956 254 quc,
977 218 1081 247 fructus
1102 217 1180 246 :ii-¹00.

68 266 127 285 rum
147 257 323 294 cooperitur,
344 265 359 284 a
380 253 510 290 υλύπἹω,
540 255 684 291 cooperio,
707 253 775 282 Plin.
794 253 840 282 lib.
856 263 896 282 12.
912 266 971 292 cup.
984 260 1010 284 6.
1032 255 1086 284 Sed
1104 256 1179 284 unde

68 293 152 322 vestes
170 293 254 336 lineas
266 293 388 328 faciunt,
411 292 485 322 soliis
497 301 574 321 moro
587 292 678 321 similis
688 313 696 326 ,
718 290 815 328 calyce
828 293 906 328 pomi
923 292 1096 330 cynorliodo.
1138 293 1179 321 De

67 330 344 405 Clallsslc‘ieslzctlidliilsunt
354 367 478 396 Ovorum
494 366 561 395 dura
574 365 717 403 putamina
726 365 768 394 vel
780 366 861 395 testie.
901 366 931 395 V.
956 366 1024 396 Plin.
1042 372 1087 400 28.
1097 376 1122 395 2.
1146 365 1178 395 V.

84 404 163 443 plura
173 406 202 433 in
215 415 233 434 c
244 414 261 433 A
271 416 286 433 r.
296 416 304 433 1
313 414 349 441 ir,
371 414 425 441 quo
436 414 500 433 cum
512 404 597 442 calyx
613 403 747 431 confundi
760 403 835 432 solet.
873 405 924 439 [Si
940 405 1025 434 modo
1048 404 1180 433 differen-

84 443 122 471 tia
139 443 195 476 est,
215 452 248 471 ac
263 451 320 471 non
330 442 408 470 Calix
423 441 525 478 ubique
537 443 561 471 Sa
574 440 711 469 Caliculus
721 439 876 477 legendum.

32 478 55 510 C
65 489 160 509 Ach
170 482 187 508 ῠ
198 490 241 508 Lu
251 489 280 514 s,
303 481 320 508 i.
333 490 369 508 m.
392 480 489 508 dimin.
512 478 663 514 [κυλικισν]
685 478 752 506 Plin.
768 478 816 507 lib.
830 483 870 508 16.
888 488 947 516 cap.
959 489 1005 514 44.
1039 477 1123 515 Quod
1136 487 1180 507 ve-

63 527 97 553 ro
108 517 135 545 in
146 517 223 560 spiria
231 517 349 547 fullonia
359 517 480 554 gignitur
491 515 692 554 hvpophaeston
707 523 803 545 vocat:
825 516 957 553 caliculis
976 517 1106 546 inanibus
1117 537 1125 551 ,
1141 515 1181 545 fo-

66 554 111 584 liis
119 564 217 593 parvm.

460 593 488 626 C
582 593 610 626 A
704 591 743 624 M

32 665 81 696 CA
92 676 112 694 M
123 675 141 694 A
151 674 200 694 cni
210 687 218 698 ,
241 663 338 702 Populi
352 665 425 693 inter
435 663 577 701 Scythicas
590 670 694 701 gentes.
715 662 784 692 Plin.
798 663 845 692 lib.
856 668 882 692 6.
897 673 958 701 cap.
976 672 1019 701 17.

32 701 54 732 C
64 713 80 732 A
89 713 109 731 M
118 711 141 731 ῆι
152 725 159 737 ,
183 703 280 740 Populi
291 703 362 731 inter
371 701 514 739 Scythicas
523 708 626 739 gentes.
649 701 716 730 Plin.
731 700 778 730 lib.
791 705 815 729 6.
830 711 890 739 cap.
910 712 951 737 17.

33 740 54 771 C
64 750 81 769 A
92 750 112 769 M
122 750 140 769 A
149 751 165 768 1.
175 749 191 769 o
202 750 218 769 D
230 745 246 768 ῦ
255 749 274 768 N
285 750 301 768 u
311 751 352 774 M,
373 739 390 768 i.
405 749 431 768 n.
455 738 603 768 Britanniae
617 739 764 777 oppidum.
794 738 862 767 Plin.
881 739 928 767 lib.
942 748 968 767 2.
990 748 1050 776 cap.
1062 746 1107 774 75.
1131 739 1180 767 Ca-

64 777 227 807 maldunum
241 777 340 814 legitur
352 777 381 806 in
396 776 467 806 Edit.
482 776 616 806 Harduin.
659 775 776 805 Colonia
791 776 1015 805 Caniolodununi
1027 798 1035 811 ,
1057 776 1095 805 est
1105 775 1181 813 apud

64 816 155 845 Tacit.
171 824 213 844 12.
231 817 299 853 Anii.
315 824 356 850 3²-
377 815 426 844 ubi
448 815 477 844 V.
499 814 570 853 Lips.
584 814 610 844 &
629 814 750 843 Gronov.
786 810 930 852 Inscriptio
946 814 1021 851 apud
1031 814 1180 843 Gruterum

65 864 92 892 p.
104 862 167 889 439.
189 852 273 881 habet
283 851 512 882 Camulodunum.

31 891 53 922 C
62 902 78 920 A
89 902 108 920 M
119 901 147 926 A,
159 890 314 920 ae.f.Lectus
322 889 413 920 brevis
426 892 452 920 Sc
464 891 536 919 circa
547 896 655 919 terram.
668 888 828 918 llidor.20.1
838 898 860 917 1.
873 890 899 918 8:
910 888 1031 918 Ambros.
1050 888 1085 918 de
1096 887 1180 919 Offie.

31 929 80 958 CA
90 938 110 957 M
120 938 139 956 A
149 937 165 957 c
175 938 192 956 u
203 939 222 957 M
233 950 242 962 .,
263 929 280 957 i.
300 938 327 957 n.
351 928 518 957 Cinnamum
533 928 561 956 in
574 928 658 964 Syria.
682 926 749 956 Plin.
766 935 807 955 12.
823 932 868 959 28.

31 965 77 997 CA
86 977 106 995 M
115 968 130 994 A
141 976 156 994 R
165 976 183 994 A
194 988 202 1002 ,
224 964 387 1002 [Kaffla'qy]
410 966 477 995 Urbs
490 966 578 994 Cretae
587 964 680 994 insulae
695 963 851 993 Ptolemaeo
873 963 956 1001 vulgo
969 967 1085 994 camera.

31 1004 53 1034 C
64 1014 109 1033 AM
119 1014 136 1032 A
149 1013 163 1032 a
174 1013 193 1032 A
203 1026 211 1039 ,
232 1014 262 1032 aa.
284 1003 305 1032 f.
326 1004 419 1033 Genus
428 1004 538 1040 navigii.
560 1002 630 1032 Gell.
646 1012 688 1031 10.
699 1011 744 1037 25.
778 1001 809 1031 V.
831 1001 902 1031 infra
918 1011 961 1030 CA
971 1012 992 1030 M
1002 1011 1080 1031 ΕΒΑ.

30 1042 241 1072 CAMAaAeu
254 1053 283 1070 M.
324 1041 356 1070 V.
375 1050 622 1070 CAMERACUM.

30 1075 105 1111 ΒΑΜ
116 1083 204 1108 Asin
215 1089 233 1108 A
243 1101 252 1113 ,
273 1089 304 1108 ae.
327 1079 344 1108 f.
366 1075 543 1115 [uua-dm]
565 1074 739 1114 Quibusdam
760 1076 799 1105 est
810 1076 918 1106 frutex:
941 1077 1020 1110 cujus
1039 1085 1130 1105 ramos
1151 1075 1181 1104 si-

63 1117 124 1154 quis
132 1124 308 1146 commoveat
317 1139 324 1151 ‚
345 1117 519 1153 quatiatque,
541 1123 642 1145 tetrum
654 1114 793 1152 quendam
803 1116 919 1143 odorem
930 1114 998 1143 edit.
1040 1114 1121 1143 Unde
1131 1114 1185 1142 Ca-

63 1155 197 1184 marinam
209 1163 337 1184 movere:
360 1154 547 1189 Proverbium,
568 1153 644 1190 quod
655 1152 787 1190 significat
796 1152 852 1180 Sibi
864 1152 912 1190 ipsi
923 1152 1027 1180 malurn
1034 1151 1176 1181 arcessere.

63 1193 173 1222 Servius
183 1193 387 1222 Grammaticus
398 1191 511 1221 aliunde
525 1198 620 1221 natum
632 1191 761 1228 adagium
781 1190 850 1219 dicit
863 1212 871 1226 ‚
894 1199 1022 1220 enarrans
1040 1188 1135 1219 locum
1149 1192 1157 1218 i
1171 1207 1182 1214 -

63 1230 120 1261 lum
132 1231 162 1260 in
176 1230 274 1267 3.}En.
288 1237 352 1267 701.
752 1263 754 1268 .

254 1284 291 1288 —
301 1268 363 1297 fatis
371 1277 514 1305 nunquam
525 1265 652 1296 concessa
663 1265 768 1294 moveri

156 1305 274 1344 Apparet
291 1306 436 1334 Camarina
447 1305 554 1342 procul.
649 1304 809 1338 Camarina,
831 1302 939 1340 inquit,
959 1302 1039 1332 Palus
1055 1302 1094 1331 est
1104 1302 1182 1338 juxta

63 1343 199 1382 oppidum
220 1344 356 1379 (Siciliae)
378 1343 502 1379 ejusdem
515 1341 652 1371 nominis:
675 1351 735 1377 quae
754 1351 841 1378 quum
860 1341 928 1369 olim
945 1340 1043 1369 siccata
1054 1340 1183 1377 pestilen-

63 1384 129 1412 tiam
139 1381 250 1411 creasset
260 1404 267 1417 ,
289 1380 489 1410 consuluerunt
503 1377 638 1418 Apollinis
653 1379 796 1408 oraculum
806 1401 813 1414 ,
835 1388 870 1407 an
884 1379 995 1416 penitus
1014 1388 1076 1407 eam
1098 1378 1184 1407 delic-

63 1429 124 1450 care
135 1420 281 1458 praestaret.
309 1419 402 1448 Vetuit
411 1419 479 1448 deus
489 1416 664 1447 Camarinam
672 1416 787 1446 moveri.
828 1417 893 1452 Quo
902 1422 1065 1453 contempto
1076 1437 1083 1451 ,
1109 1417 1183 1444 exic-

63 1465 196 1488 caverunt
206 1457 337 1495 paludem
350 1466 356 1486 :
379 1458 405 1486 ἃ
417 1464 543 1486 carentes
555 1455 722 1493 pestilentia,
744 1464 793 1492 per
806 1464 868 1483 eam
880 1461 988 1492 partem
1000 1453 1123 1490 ingressis
1133 1454 1182 1482 lio-

62 1495 146 1525 stibus
162 1505 259 1533 poenas
276 1495 423 1524 dederunt.
458 1494 490 1524 V.
514 1492 743 1523 ErasmiChiliad.
758 1492 805 1522 Sil.
818 1492 865 1521 lib.
882 1503 924 1528 14.
941 1501 1001 1527 199.
1034 1491 1183 1521 Maronem

63 1534 184 1563 imitatus
198 1533 268 1562 dixit
279 1555 287 1568 ,

180 1571 212 1600 Et
221 1572 265 1600 cui
276 1580 332 1599 non
341 1570 452 1599 licitum
460 1568 523 1599 fatis
534 1569 679 1598 Camarina
690 1567 805 1597 moveri.

0 1633 3 1639 .
28 1608 105 1640 ΒΑΜ
115 1618 157 1637 AR
166 1612 183 1638 ὅ
192 1618 240 1638 sis
253 1630 261 1644 ‚
291 1606 481 1644 [affligam]
513 1607 568 1636 Lat.
593 1606 813 1635 Concameratio.
854 1603 897 1634 Est
919 1604 991 1634 Offis
1017 1604 1161 1648 perrpptio
1172 1626 1181 1640 ‚

1 1656 8 1675 Ι

63 1655 149 1683 quum
157 1657 191 1675 ex
203 1647 331 1676 alterutra
341 1646 486 1675 refrat‘tum
498 1651 575 1683 parte
584 1644 700 1673 similem
709 1653 825 1673 camerae
836 1642 950 1680 figuram
961 1649 1109 1681 acceperit.
1131 1644 1183 1673 Au·

65 1686 123 1714 &or
132 1684 228 1714 Galen.
240 1684 288 1713 lib.
301 1684 381 1713 Finit.
395 1683 503 1713 Medic.

0 1739 2 1744 ·
29 1721 196 1758 canino,
216 1723 247 1752 is.
271 1721 395 1751 Priscian.
416 1721 466 1750 lib.
482 1731 524 1750 10.
546 1719 594 1750 fol.
619 1728 681 1755 133.
701 1719 728 1748 b.
751 1717 810 1748 Ald.
833 1717 951 1748 Cambio
965 1716 1120 1753 ἁμάὲομωι,
1141 1719 1184 1747 in-

62 1760 140 1797 quic,
161 1760 241 1799 ponit
254 1759 405 1793 Charifius,
426 1761 453 1788 ἃ
465 1760 525 1795 ejus
537 1758 705 1788 Praeteritum
723 1756 849 1794 Campsi,
871 1752 946 1793 quod
965 1751 1010 1782 >31⁷3
1029 1756 1061 1782 τέ
1079 1753 1183 1791 »ιρίμπἹω

62 1796 175 1833 {exprim
196 1799 290 1828 Graeco
300 1798 353 1827 esse
364 1798 482 1826 videtur.
514 1797 590 1826 unde
603 1797 628 1825 δι
638 1794 757 1833 Campso
768 1816 776 1829 ,
796 1794 865 1832 psas,
878 1793 1003 1823 solebant
1012 1793 1183 1823 vetustissimi

62 1836 165 1865 dicere.
205 1836 310 1866 Ennius
329 1836 359 1864 in
374 1835 505 1869 decimo,
529 1834 668 1864 Leucaten
688 1831 838 1870 campsant.
887 1831 968 1869 Apul.
983 1831 1062 1869 Apol.
1076 1842 1103 1869 p.
1115 1837 1180 1867 284.

61 1871 108 1903 Tu
118 1883 153 1903 an
162 1873 262 1903 habeas
274 1874 309 1903 ad
318 1883 412 1911 agrum
422 1873 588 1907 colendum,
610 1881 646 1900 an
657 1870 716 1909 ipse
729 1870 878 1899 mutuarias
890 1879 988 1907 operas
1003 1878 1067 1898 curn
1081 1870 1182 1899 vicinis

24 1916 30 1923 ⁸
64 1908 117 1941 tuis
133 1911 269 1948 ambias,
291 1909 380 1949 neque
391 1909 456 1944 scio,
474 1919 564 1947 neque
575 1910 680 1938 laboro,
708 1908 738 1938 V.
760 1908 799 1936 ibi
815 1907 929 1937 Casaub.
950 1908 976 1937 &
989 1907 1072 1936 Andr.
1094 1907 1182 1936 Aleia-

63 1956 123 1979 tuni
135 1950 240 1988 Parerg.
257 1961 278 1979 r.
292 1961 337 1985 44.
360 1949 489 1985 Cujacius
511 1948 620 1977 Comm.
640 1947 676 1976 de
695 1947 800 1985 paetis,
822 1945 946 1975 officium
963 1945 1182 1982 argentariorum

61 1987 239 2017 describens:
262 1988 340 2022 Fuit,
360 1987 465 2024 inquit,
486 1986 554 2015 olim
565 1986 595 2014 in
605 1984 763 2016 civitatibus
778 1990 885 2013 certum
896 1992 996 2020 corpus
1008 1982 1062 2012 sive
1082 1980 1181 2018 σ-ὗςημᾱι

61 2026 278 2063 argentariorum
291 2047 299 2061 ,
320 2034 439 2062 quorum
459 2031 517 2053 erat
534 2023 679 2061 publicum
698 2019 831 2051 officium.
864 2020 1006 2051 Tabernas
1026 2022 1052 2050 ἀ
1075 2020 1181 2050 mensas

62 2072 186 2094 cumaere
198 2065 226 2092 in
236 2064 296 2092 foro
308 2062 407 2100 positas
416 2062 566 2092 habebant.
608 2060 688 2098 Apud
697 2059 803 2089 mensas
815 2059 941 2097 pecunice
950 2058 1179 2100 deponebantur,

61 2101 308 2139 permutabantur,
329 2100 509 2135 emebantur,
531 2099 734 2129 vendebantur.
775 2097 862 2134 Quod
875 2096 972 2126 Latine
984 2096 1179 2132 est,Cambire-‚

63 2139 157 2170 Graece
165 2138 352 2174 ἁνπιμάέεθοω
365 2160 374 2173 ,
398 2140 450 2169 &c-
488 2137 518 2167 V.
540 2137 638 2174 Cangii
648 2135 762 2166 Gloslar.
773 2136 878 2166 &infra
899 2144 917 2164 e
925 2144 944 2163 A
954 2145 975 2162 M
984 2144 1018 2163 rs
1028 2144 1054 2164 o.
1101 2141 1106 2147 '

29 2177 52 2207 C
61 2187 81 2207 A
90 2187 132 2206 Mis
142 2188 150 2205 1
160 2187 179 2206 u
189 2187 211 2206 M
223 2199 231 2212 ‚
252 2177 270 2206 i.
288 2186 316 2206 n.
339 2186 389 2214 pro
403 2176 606 2206 Permutatione
617 2175 655 2204 rei
664 2175 699 2203 ad
712 2183 770 2203 rem
781 2195 790 2209 ,
811 2173 886 2211 apud
899 2172 1079 2202 recentiores

30 2215 181 2246 CAMB‘i‘T
191 2225 230 2244 As
241 2237 250 2250 ,
271 2215 332 2244 atis.
352 2214 371 2243 f.
395 2215 483 2244 Idem.
505 2211 588 2243 Gloff.
606 2213 651 2242 Gr.
663 2212 720 2241 Lat.

6 2250 9 2255 '
32 2253 178 2284 CAMntA
189 2263 258 2288 trs,
279 2262 303 2282 e.
326 2258 372 2288 ut,
392 2251 547 2281 Cambiales
559 2251 673 2285 litterae3
694 2248 889 2285 Cambialejus
901 2270 909 2283 ,
924 2247 985 2283 JCt.

31 2290 107 2322 CAM
116 2301 131 2319 Β
141 2300 180 2319 LE
189 2300 201 2320 s
211 2312 218 2325 ‚
241 2289 299 2320 etis.
322 2300 359 2320 m.
383 2290 555 2325 [Κάμβλης]
577 2289 717 2326 Lydorum
727 2296 774 2316 rex
786 2287 839 2316 fuit
849 2309 857 2321 ,
878 2285 1021 2315 edacitatis
1031 2285 1164 2315 mirandae
1172 2305 1181 2320 ‚

65 2337 201 2367 quemque
211 2328 301 2358 scribit
311 2328 442 2358 Xanthus
451 2329 481 2356 in
490 2328 520 2356 id
529 2327 646 2357 'vorandi
654 2326 744 2355 studio
756 2326 885 2354 eveclum
896 2346 904 2358 ,
925 2330 956 2353 ut
968 2325 1051 2353 noete
1062 2324 1183 2361 quadam

64 2376 176 2396 uxorem
191 2377 301 2404 quoque
311 2365 503 2403 absumpserit:
547 2374 669 2401 uumque
681 2364 787 2393 summo
799 2361 961 2391 maneillius
970 2371 1084 2390 manum
1093 2362 1122 2390 in
1133 2371 1182 2390 ore

63 2404 253 2442 comperisset,
274 2403 506 2448 semetjugulaffe.
553 2403 594 2432 ael.
609 2402 699 2446 Rhod.
711 2401 906 2444 lib.7.c;ip.1r.
928 2399 968 2429 Ex
980 2398 1129 2429 Athenlib.
1137 2410 1178 2428 ro.

29 2442 52 2473 C
61 2452 108 2472 AM
116 2453 131 2470 B
140 2452 157 2471 ο
167 2452 185 2471 o
196 2453 211 2471 υ
222 2452 241 2471 Ν
251 2452 268 2471 υ
279 2454 300 2472 Μ
310 2464 318 2477 ,
340 2452 358 2471 1.
377 2452 406 2471 n.
428 2438 636 2477 [καμξόδὶωον]
665 2438 828 2468 Vrndelrcrae
845 2437 911 2467 urbs
921 2459 929 2472 ,
951 2437 1109 2466 Ptolemaeo.
1132 2437 1182 2466 ho-

65 2480 110 2510 die
119 2480 271 2510 monacum
281 2502 289 2515 ,
309 2479 393 2517 vulgo
413 2479 548 2508 Munchen.
589 2479 605 2513 [
617 2478 671 2508 Nisi
682 2477 890 2515 Campidunum
899 2476 952 2511 est,
968 2476 1004 2504 de
1020 2484 1074 2513 quo
1086 2475 1103 2505 s.
1116 2474 1134 2504 l.
1146 2475 1182 2504 de

65 2518 247 2549 Camboduno
259 2518 406 2548 Britanniae
426 2517 456 2546 V.
480 2516 667 2553 Geopraphos.

0 2573 4 2580 ·
31 2555 53 2586 C
61 2565 79 2585 A
87 2565 107 2585 M
115 2566 129 2584 Β
139 2564 155 2585 0
167 2567 182 2584 r.
192 2565 205 2584 a
215 2567 232 2585 c
242 2566 261 2584 τ
269 2566 284 2584 R
294 2567 303 2584 1
314 2578 321 2591 ,
345 2553 443 2593 Populi
453 2555 525 2583 inter
536 2542 631 2584 Gallice
644 2552 830 2583 Narbonensis
838 2557 945 2589 gentes,
956 2550 1046 2580 Plinio
1057 2558 1182 2580 comme-

64 2601 205 2623 morantur
215 2594 262 2623 lib.
274 2603 298 2629 3.
310 2603 370 2631 cap.
382 2604 408 2628 4.
422 2595 448 2623 Sc
459 2593 507 2622 lib.
521 2603 548 2628 4.
560 2602 620 2630 cap.
637 2602 678 2626 19.
718 2591 807 2628 [Duo
827 2589 926 2628 populi
939 2589 1069 2618 locorum
1082 2588 1133 2617 situ
1154 2589 1181 2617 8:

63 2633 276 2670 cognominibus
286 2631 319 2661 ab
329 2632 431 2660 eodem
441 2632 552 2660 auctore
563 2630 686 2659 distineri
698 2651 705 2665 ,
728 2628 915 2658 Cambolectri
926 2627 1060 2657 Alcantici
1071 2628 1097 2656 δι
1111 2628 1182 2664 Age-

65 2669 170 2699 sinates.
212 2669 241 2699 V.
266 2670 348 2699 Hard.
361 2669 395 2698 ad
407 2668 459 2698 loc.
472 2674 592 2706 utrumq.

31 2706 54 2737 C
63 2711 202 2744 AMsvs'fi
211 2717 231 2736 N
242 2718 260 2736 A
273 2730 281 2742 ,
303 2718 332 2737 ae.
352 2707 371 2736 f.
392 2702 575 2743 [Καιμζυσηνὲ]
599 2705 731 2734 Armeniae
743 2704 819 2742 regio
829 2700 866 2733 est
876 2725 883 2739 ,
906 2703 942 2732 de
954 2712 1008 2740 qua
1017 2702 1053 2732 fic
1063 2701 1161 2732 Strabo
1172 2723 1180 2737 ,

66 2745 210 2776 Chorzena
219 2747 244 2775 ἃ
257 2745 426 2782 Cambysena
436 2743 664 2782 septentrionales
677 2765 684 2777 ‚
706 2745 732 2773 Sc
741 2743 821 2772 valde
831 2740 936 2771 nivales
947 2741 1009 2770 sunt
1019 2762 1026 2774 ,
1045 2739 1181 2770 caucasiis

67 2783 206 2814 montibus
218 2784 315 2812 vicinae
328 2805 335 2816 ,
358 2785 383 2812 ἃ,
403 2782 515 2816 Iberiae,
537 2783 563 2811 δι
581 2779 727 2817 Colchidi,
750 2780 797 2810 ubi
817 2781 870 2809 iter
888 2786 1003 2816 agentes
1022 2779 1050 2807 in
1066 2778 1180 2807 summis

64 2822 201 2850 montium
210 2821 402 2850 cacuminibus
413 2821 477 2849 nive
489 2820 569 2849 obrui
579 2820 686 2848 dicunt.
728 2819 799 2848 Nam
808 2818 846 2846 ibi
857 2817 976 2855 plurima
988 2816 1079 2846 cadit:
1103 2816 1180 2845 unde

66 2858 178 2888 baculos
190 2859 260 2888 habe
303 2859 339 2888 ad
351 2857 620 2899 ejusmodipericula
630 2879 638 2891 ,
660 2857 770 2894 quasin
782 2856 914 2885 summam
925 2855 1018 2883 nivem
1028 2853 1182 2893 respirandi

66 2897 149 2934 gratia
159 2906 258 2926 exeran
280 2919 288 2931 ,
310 2897 377 2926 &ut
395 2906 429 2925 eo
449 2897 523 2933 ligno
544 2894 677 2924 auxilium
691 2894 725 2923 ab
740 2892 954 2923 advenientibus
967 2892 1179 2931 consequantur.

68 2934 243 2972 Quapropter
254 2935 324 2972 saepe
333 2933 421 2963 effossi
431 2932 579 2963 servantur.
604 2933 670 2962 Haec
682 2932 729 2961 ille
740 2932 788 2961 lib.
803 2939 843 2960 12.

33 2969 84 3002 ΒΛ
93 2975 163 3001 ΜΒῨ
174 2982 186 3001 s
196 2982 208 3001 κ
218 2982 229 3001 s
242 2994 250 3008 ,
270 2973 301 3001 is.
324 2982 361 3001 ni.
385 2970 554 3009 [κοιαζὺσης]
577 2970 713 2999 Persarum
725 2980 788 3003 rex,
813 2969 876 3006 Cyri
888 2968 970 3002 filius,
985 2967 1081 3005 patriis
1099 2966 1181 2996 rebus

67 3010 215 3048 AEgyptum
225 3011 335 3046 adjecit,
357 3009 402 3039 sed
411 3008 532 3039 offensus
543 3008 654 3038 illorum
663 3007 898 3046 superstitionibus
908 3028 916 3041 ,
938 3006 1001 3043 Apis
1013 3012 1182 3034 ceterorum-

67 3057 120 3085 que
131 3049 250 3077 deorum.
258 3048 330 3077 aedes
341 3047 414 3077 dirui
422 3047 505 3084 juffit.
550 3047 588 3076 Ad
602 3047 745 3078 Ammonis
756 3054 865 3082 quoque
874 3043 1011 3081 templum
1019 3051 1183 3080 expugnan-

67 3085 296 3115 dumexercitum
305 3085 395 3120 misit,
416 3085 463 3122 qui
479 3084 686 3123 tempestatibus
702 3085 728 3114 ἂ
744 3092 887 3112 arenarum
901 3081 1023 3111 motibus
1039 3080 1182 3118 oppreffiis

65 3123 186 3158 interiit,
207 3130 239 3153 ut
252 3123 344 3153 scribit
360 3123 456 3159 Justin.
468 3122 517 3152 lib.
534 3133 555 3152 r.
574 3132 636 3160 cap.
648 3132 674 3157 9.
715 3122 804 3156 Hujus
824 3120 954 3149 meminit
972 3118 1056 3148 etiam
1075 3119 1181 3147 Seneca

65 3160 149 3197 lib.3.
164 3161 199 3190 de
211 3161 250 3191 lra
263 3171 323 3200 cap.
334 3172 378 3191 20.
415 3159 562 3198 Cambyses
583 3160 716 3197 (inquit)
736 3158 858 3188 ferturin
867 3157 1114 3194 AEthiopasjugum
1133 3157 1182 3198 de-

65 3200 224 3229 treetantes:
247 3207 387 3236 quumque
404 3199 581 3237 inexplorato
601 3207 650 3236 per
669 3198 773 3226 arentia
789 3195 944 3225 exercitum
957 3195 1088 3229 duceret,
1115 3193 1182 3222 deii-

65 3236 201 3266 cientibus
211 3238 309 3266 ceteris
320 3236 476 3273 alimentis,
494 3236 637 3265 decimum
654 3244 792 3272 quemque
809 3235 881 3262 inter
901 3233 927 3262 se
946 3234 974 3261 in
988 3232 1082 3261 cibum
1093 3231 1182 3260 sortiti

65 3274 142 3304 sunt:
164 3275 402 3312 duravitqueadeo
413 3274 475 3304 talis
489 3274 635 3308 severitas,
657 3274 749 3302 donec
770 3274 795 3302 Sc
808 3271 882 3310 ipse,
904 3280 940 3300 ne
956 3276 1131 3300 revocaretur
1146 3269 1183 3298 ad

66 3312 165 3348 sortem
176 3335 184 3346 ‚
204 3313 367 3350 pertimuit,
387 3313 569 3350 receptuique
578 3312 684 3349 signum
693 3311 780 3340 dedit.
998 3345 1003 3350 ι
1134 3345 1139 3350 ⁴

67 3349 334 3417 Effi·&1'el;³mbyses’
357 3351 377 3380 F
380 3350 470 3380 luvius
486 3351 515 3379 in
527 3349 664 3379 caucasiis
680 3348 823 3378 montibus
842 3351 918 3376 ortus
930 3368 938 3382 ,
959 3355 1038 3381 cujus
1056 3345 1186 3375 meminit

119 3398 155 3417 1n.
176 3398 184 3416 i
207 3393 295 3418 .6.ca
319 3399 350 3418 .1
375 3411 381 3417 .

35 3424 111 3456 (ΞΛΜ
120 3436 134 3454 13
145 3436 181 3455 irs
190 3437 207 3455 u
217 3449 224 3461 ,
244 3398 386 3463 [Καῖιιξίὲε
402 3422 494 3461 πόλις]
514 3425 663 3463 Oppidum
673 3423 727 3453 suit
738 3423 808 3451 inter
819 3422 906 3452 Nelos
916 3423 942 3451 &
957 3419 1123 3450 Marchadas
1138 3421 1186 3449 de-

69 3463 157 3494 dudtis
167 3474 201 3493 eo
219 3465 295 3502 aegris
304 3464 443 3494 exercitus
454 3464 524 3502 regis
540 3463 678 3493 Persarum
692 3460 841 3499 Cambysis.
882 3460 924 3489 De
942 3459 996 3488 hoc
1015 3458 1084 3488 Plin.
1095 3458 1143 3488 lib.
1157 3462 1183 3488 6.

71 3511 102 3531 ca
123 3524 129 3531 .
145 3511 188 3536 29·

36 3512 229 3572 CAri'rtAm
240 3561 248 3574 ,
270 3537 354 3568 Italiae
370 3538 470 3577 populi
487 3537 517 3567 in
529 3537 604 3567 sexta
619 3538 734 3575 regione
746 3559 754 3571 ,
774 3533 973 3565 Narniensibus
993 3535 1020 3577 βε
1034 3533 1186 3566 Nucerinis

69 3576 160 3606 vicini.
182 3577 249 3606 Plin.
263 3577 311 3606 lib.
322 3587 345 3613 3.
359 3584 420 3614 cap.
435 3587 478 3613 14.
518 3577 630 3613 [Immo
641 3575 691 3614 ipsi
705 3574 839 3605 Nucerini
853 3573 882 3602 in
896 3571 1081 3602 Favonienses
1095 3573 1121 3601 ἃ
1134 3573 1186 3602 Ca-

70 3614 191 3644 melanos
205 3615 283 3644 divisi
306 3615 335 3644 V.
356 3614 411 3643 loc.

28 3651 135 3681 erma
144 3663 158 3680 ι.
169 3663 187 3681 A
198 3663 214 3681 υ
225 3662 259 3681 ci
273 3663 289 3681 u
300 3664 320 3681 M
332 3674 340 3687 ,
360 3653 378 3681 i.
390 3661 418 3680 n.
445 3651 666 3687 [Κοικηλσιόκιον]
688 3649 818 3686 utinquit
827 3647 936 3681 SuidaS,
956 3646 1082 3676 Romana
1096 3647 1186 3677 dictio

28 3698 30 3717 ι
72 3689 127 3719 est:
148 3689 204 3720 dici
215 3696 307 3719 tamen
316 3691 409 3720 Graece
421 3689 512 3727 potest
529 3688 602 3724 me&
618 3690 646 3715 τῇ
662 3689 754 3723 καῦμα
767 3688 877 3720 emmau,
888 3684 950 3721 quia
963 3684 1083 3714 calorem
1092 3685 1188 3714 defen-

28 3726 31 3753 ἓ
71 3727 125 3757 dat.
146 3727 189 3757 Est
199 3737 291 3757 autem
304 3727 527 3762 Camelaucium,
548 3736 578 3756 ut
593 3725 776 3763 Aristophanis
790 3725 955 3760 interpretes
965 3722 1094 3758 tradunt,
1110 3724 1187 3760 quod

29 3772 31 3792 l
70 3765 144 3803 prius
152 3766 295 3808 dicebatur
309 3766 430 3795 Pilidion
442 3787 451 3800 ,
472 3765 503 3794 id
513 3765 551 3794 est
558 3764 732 3802 galericulus.
755 3762 822 3792 Haec
833 3770 868 3790 ex
876 3761 969 3790 Rhod.
981 3760 1028 3789 lib.
1041 3765 1065 3797 7.
1074 3770 1133 3799 cap.
1143 3767 1185 3795 18.

29 3804 326 3912 (ῦέξιὲἓέᾍάἰῗὲιλῗὶ
341 3839 420 3910 ξεΣῙ.
443 3839 568 3878 Virgines
579 3839 660 3876 Deae,
683 3838 781 3877 quibus
793 3842 921 3874 nupturae
928 3834 1084 3874 supplicare
1092 3836 1187 3867 solitae.

30 3913 59 3942 ‚C
67 3924 86 3943 A
94 3925 113 3948 Μ
123 3925 136 3944 13
145 3926 161 3944 r.
171 3926 179 3944 1
190 3926 207 3944 r>
217 3904 242 3944 κζ’
251 3936 259 3951 ,
281 3915 374 3945 lnsulae
386 3900 448 3944 duae
456 3915 559 3944 suntin
569 3925 617 3944 ora
626 3914 711 3944 loniae
722 3911 853 3949 regionis.
870 3910 937 3940 Plin.
951 3910 999 3940 lib.
1012 3922 1035 3945 ς.
1051 3922 1112 3950 cap.
1124 3922 1135 3948 3
1146 3924 1167 3941 r.

39 3950 60 3981 C
69 3961 116 3982 AM
125 3963 138 3982 ii
148 3964 164 3982 i.
175 3964 184 3982 ι
196 3963 212 3982 vr
222 3964 244 3982 Μ
253 3975 261 3988 ,
282 3953 471 3990 [Karymai-nu]
501 3952 600 3991 Populi
618 3953 681 3983 sunt
697 3953 726 3981 in
746 3949 957 3988 Mesopotamiae
975 3948 1077 3980 finibus
1088 3971 1096 3987 ‚
1130 3960 1189 3980 non

1240 1681 1508 1715 CAMELAstus,
1529 1692 1548 1711 i.
1564 1691 1601 1711 m.

1239 1756 1485 1792 CAMsstrsssrA,
1508 1768 1539 1787 ae.
1562 1757 1581 1787 f.

1237 2211 1514 2246 CAMsLAsruM,
1535 2212 1553 2241 i.
1572 2221 1600 2241 n.

1238 2439 1488 2473 CAMiLiNus,
1509 2449 1545 2473 a,
1564 2448 1622 2468 uni.
1643 2438 1703 2474 Adj.

1642 133 1671 166 c
1771 133 1793 166 A
1890 132 1931 167 M
2318 145 2390 179 407

1272 210 1368 252 procul
1379 214 1412 243 ab
1425 214 1573 251 Euphrate,
1592 215 1711 244 Scenitis
1724 213 1855 252 proximi,
1869 214 1914 250 qui
1926 212 2074 241 diversoria
2084 211 2188 242 liabent
2197 215 2297 249 partim
2306 218 2397 246 cister-

1274 262 1382 286 narum,
1398 253 1497 289 pzu’tim
1511 253 1723 287 aquaeductuum
1737 251 1813 288 aquis
1826 250 2007 279 abundantia.
2033 251 2062 279 V.
2080 251 2168 279 Strab.
2178 251 2225 279 lib.
2239 252 2336 290 Geogr.
2351 258 2392 283 16.

1238 290 1259 317 C
1271 300 1287 316 A
1300 301 1318 317 M
1330 299 1369 317 Μ.
1381 301 1395 317 ιΔ
1406 300 1423 317 A
1436 311 1443 323 ,
1465 300 1494 318 or.
1517 290 1534 318 s.
1558 291 1653 319 Genus
1671 289 1785 326 poculi,
1807 298 1861 325 quo
1882 288 1911 316 in
1924 288 2089 324 quibusdam
2104 288 2184 317 sacris
2200 288 2325 319 solebant
2338 293 2394 327 uti,

1275 327 1353 362 cujus
1365 328 1493 356 meminit
1506 328 1589 356 Ovid.
1600 338 1626 362 4.
1640 328 1706 356 Fast.
1720 335 1783 363 779.

1354 364 1428 393 Tum
1443 365 1519 398 licet,
1540 364 1674 402 apposita,
1694 363 1781 394 veluti
1791 368 1905 397 cratere,
1927 361 2055 397 camella,

1409 402 1462 431 Lac
1474 404 1585 431 niveum
1597 411 1676 440 potes
1686 425 1694 437 ,
1716 410 1939 440 purpureamque
1951 400 2053 438 sapam.

2134 400 2205 428 Sunt
2215 401 2260 436 qui
2273 400 2395 432 scribunt

1251 475 1259 483 .
1273 447 1322 475 per
1335 437 1450 475 simplex
1462 438 1480 468 l.
1502 440 1532 468 V.
1557 440 1664 468 Petron.
1682 450 1742 477 cap.
1756 443 1801 474 64.
1816 447 1876 474 133.
1890 441 1916 467 ok
1933 447 1991 473 ¹35-
2012 436 2136 467 Turneb.
2152 437 2259 466 Advers.
2273 444 2316 467 26.
2330 449 2355 475 7.

1238 474 1260 504 C
1271 485 1287 502 A
1299 478 1343 503 Μῑ-’ῑ
1352 486 1367 503 L
1377 486 1394 503 o
1406 486 1419 504 p
1430 486 1449 504 A
1460 487 1475 505 R
1486 488 1503 506 D
1516 487 1533 505 A
1545 489 1560 505 L
1571 488 1578 505 1
1590 487 1601 506 s
1613 499 1621 510 ,
1645 478 1675 506 is,
1698 478 1716 506 f,
1739 471 2013 513 [καιιιηλοπυίρᾶὶιλις]
2036 474 2143 503 Animal
2163 476 2200 504 est
2214 476 2316 505 cameli
2333 488 2397 514 pro-

1275 513 1392 541 ceritate
1403 535 1411 547 ,
1437 514 1531 543 colore
1544 515 1685 552 panthera*
1700 537 1708 548 ,
1731 513 1847 543 maculis
1858 513 1943 542 veluti
1959 513 2122 541 florentibus
2134 513 2305 549 variegatum
2318 524 2324 543 :
2347 525 2397 552 po-

1276 550 1382 592 streniae¹
1395 550 1466 579 infra
1478 551 1570 581 alvum
1586 558 1678 589 partes
1692 553 1770 581 humi
1789 551 1943 585 subsident,
1966 550 2033 579 sicut
2054 551 2083 578 in
2103 548 2230 579 leonibus
2250 551 2393 582 videmus:

1276 587 1383 616 humeri
1397 609 1404 622 ,
1422 589 1560 625 pedesque
1575 591 1681 626 priores
1693 612 1701 625 ,
1723 596 1805 625 atque
1816 590 1883 618 item
1896 590 1992 626 peclus
2004 610 2011 622 ,
2033 593 2130 624 praeter
2140 594 2296 617 ceterorum
2308 599 2394 618 niem-

1276 624 1389 660 brorum
1400 626 1538 655 rationem
1555 637 1687 663 procera,
1709 627 1801 655 tenuis
1817 627 1930 656 cervix:
1952 626 2060 655 carnelo
2080 625 2173 662 capite
2191 625 2295 662 (imile,
2316 628 2400 665 pedi-

1275 661 1326 690 bus
1338 664 1363 691 ἃ
1379 664 1503 692 cruribus
1516 664 1588 692 bovi.
1612 664 1679 692 Plin.
1691 664 1736 692 lib.
1754 669 1779 697 8.
1793 673 1852 701 cap.
1869 669 1910 698 ¹8.
1933 663 2000 693 Hor.
2013 673 2038 693 2.
2054 663 2135 701 Epist.
2148 673 2172 693 1.
2186 673 2247 699 195·

1355 699 1499 729 Diversum
1524 701 1636 730 confusa
1659 711 1746 737 genus
1769 702 1901 738 panthera
1923 700 2040 730 camelo.

1239 735 1421 766 CAM'Etus
1434 759 1441 772 ,
1464 739 1481 767 i.
1504 748 1541 766 ni.
1564 736 1734 775 [adamata]
1763 740 1868 768 Notum
1887 739 1925 767 est
1939 738 2063 773 animal,
2084 738 2120 767 de
2139 747 2194 774 quo
2214 738 2304 768 multa
2326 739 2394 770 Plin.

1274 772 1323 817 lib.
1337 780 1362 808 8.
1375 784 1437 812 cap.
1450 781 1491 809 18.
1515 775 1571 804 Liv.
1585 775 1633 805 lib.
1649 785 1690 812 37.
1703 786 1763 813 cap.
1777 786 1822 811 40.
1852 776 1910 805 Cic.
1926 785 1952 805 2.
1972 777 2007 805 de
2027 776 2092 805 Nat.
2106 775 2188 805 Deor.
2204 786 2264 806 122.
2286 778 2395 808 Cameli

1275 813 1443 847 adjuvantur
1455 814 1621 850 proceritate
1632 813 1777 842 collorum.

1275 849 1439 879 Desiderans
1456 850 1579 880 camelus
1590 860 1694 879 cornua
1705 872 1712 885 ,
1733 851 1817 879 etiam
1833 860 1911 879 aures
1931 851 2070 887 perdidit:
2092 850 2269 881 Proverbium
2281 853 2311 882 in
2327 862 2395 890 eos,

1296 888 1342 924 qui
1356 889 1423 916 dum
1433 889 1578 925 peregrina
1594 888 1748 921 sectantur,
1772 898 1806 916 ne
1815 888 1861 917 sua
1870 889 1982 925 quidem
1992 896 2115 917 tuentur.

1276 924 1364 954 Saltat
1375 925 1498 954 camelus
1510 936 1518 961 3
1544 924 1717 954 proverbiale
1727 926 1764 954 est
1774 948 1781 961 ,
1803 926 1837 954 de
1850 926 1983 955 indecore
1995 926 2100 963 aliquid
2111 925 2286 957 iacientibus.

1275 962 1377 993 Sitiens
1398 962 1522 992 camelus
1544 963 1629 992 Persio
1648 964 1763 997 dicitur,
1793 964 1867 999 quod
1883 963 1951 992 litim
1966 964 2112 1000 quatriduo
2124 963 2241 999 toleret,
2263 972 2295 994 ut
2312 965 2396 996 docet

1295 1000 1366 1030 Plin.
1384 1000 1432 1029 lib.
1443 1007 1467 1034 8.
1482 1011 1543 1038 cap.
1559 1007 1601 1034 18·
1623 1000 1813 1038 impleturque
1822 1010 1905 1037 quum
1918 1000 2032 1029 bibendi
2049 1001 2153 1030 occalio
2173 1002 2225 1036 est,
2247 1004 2272 1032 v&
2287 1003 2315 1032 in
2329 1014 2397 1041 prae.

1294 1039 1408 1067 teritum
1422 1060 1430 1073 ,
1458 1040 1484 1068 ἃ
1508 1040 1538 1068 in
1559 1039 1680 1068 futurum
1693 1060 1701 1073 ,
1723 1037 1870 1067 obturbata
1890 1038 2104 1068 conculcatione
2122 1040 2198 1076 prhrs
2218 1050 2296 1076 aqua.
2323 1041 2394 1072 Pers.

1293 1076 1385 1106 versus
1401 1076 1436 1111 sic
1446 1076 1530 1105 habet
1544 1087 1566 1112 ς.
1582 1077 1637 1106 Sat.
1654 1080 1714 1111 136.

1276 1150 1277 1153 ¹
1369 1113 1454 1143 Tolle
1466 1124 1562 1144 recens
1570 1114 1674 1152 primus
1683 1114 1765 1151 piper
1775 1123 1790 1142 e
1805 1113 1911 1143 sitiente
1922 1113 2039 1143 camelo.

1276 1150 1408 1182 camelus
1429 1152 1572 1181 Bactriana
1584 1174 1592 1186 ,
1613 1153 1639 1182 Sc
1664 1150 1771 1180 bicolor
1789 1151 1886 1180 homo.
1929 1151 2105 1181 proverbium
2124 1152 2180 1187 est,
2202 1153 2330 1184 adversus
2349 1164 2397 1185 eos

1295 1190 1410 1227 quidem
1421 1190 1469 1226 qui
1480 1199 1512 1219 ea
1522 1196 1672 1227 promunt,
1694 1200 1754 1225 quae
1769 1189 1947 1218 admirationi
1960 1190 2176 1226 putantfutura,
2198 1200 2226 1219 re
2238 1201 2328 1220 :ruteni
2341 1193 2397 1230 ipsa

1293 1226 1339 1256 vel
1349 1227 1512 1264 meticulosa
1521 1228 1583 1256 sunt
1597 1249 1604 1261 ,
1621 1226 1666 1256 vel
1679 1226 1764 1265 plane
1775 1226 1901 1256 ridicula.
1943 1227 2076 1263 Adagiuni
2087 1228 2224 1257 rationem
2237 1229 2319 1258 habet
2328 1230 2398 1265 ejus-

1294 1265 1389 1294 modi:
1412 1264 1663 1302 PtolemaeusLagi,
1685 1265 1742 1294 duo
1760 1265 1887 1301 quaedani
1907 1264 2033 1293 inusitata
2051 1265 2080 1293 in
2101 1264 2250 1301 ffigyptuni
2268 1268 2396 1304 induxit,

1294 1302 1435 1332 camelum
1447 1303 1618 1332 Bastrianam
1628 1304 1768 1340 insigniter
1780 1303 1885 1339 nigram
1898 1324 1905 1336 ,
1926 1302 2082 1331 bicolorem
2094 1302 2160 1330 item
2174 1304 2316 1334 hominem
2330 1327 2337 1339 ,
2359 1306 2398 1335 ita

1293 1347 1325 1369 ut
1338 1341 1476 1370 medietas
1493 1341 1608 1377 quidem
1619 1350 1653 1370 ex
1665 1339 1818 1377 aequilibrio
1831 1339 1935 1369 summe
1945 1340 2015 1369 foret
2025 1341 2116 1376 nigra,
2140 1340 2244 1377 reliqua
2255 1344 2346 1378 portio
2357 1343 2398 1371 al-

1292 1377 1429 1407 bedinem
1453 1379 1592 1416 priuferret
1611 1379 1752 1408 eximiam.
1790 1378 1921 1407 Ceterum
1949 1378 2182 1407 convenientibus
2210 1379 2238 1406 in
2259 1380 2396 1410 theatrum

1294 1416 1430 1453 AEgyptiis
1443 1439 1451 1452 ‚
1473 1418 1612 1454 stuporem
1623 1418 1747 1445 novitate
1764 1417 1802 1444 rei
1817 1417 1968 1451 iniecturus
1985 1415 2123 1444 camelum
2142 1417 2293 1453 produxit,
2315 1421 2340 1447 &r
2359 1418 2401 1446 se.

1293 1454 1431 1483 mialbum
1443 1455 1596 1483 hominem.
1637 1454 1691 1483 Sed
1705 1452 1936 1491 ffigyptiicameli
1954 1453 2064 1490 aspetftu
2082 1454 2168 1482 territi
2187 1456 2353 1484 mandarunt
2371 1456 2398 1485 se
2442 1478 2444 1482 .

1293 1492 1381 1529 fugae:
1403 1493 1525 1522 hominis
1536 1502 1611 1527 vcro,
1622 1499 1653 1521 ut
1664 1493 1698 1521 lic
1709 1492 1838 1523 dixerim.
1859 1492 1986 1528 variegati
1999 1492 2140 1523 intuitum.
2162 1493 2263 1528 partim
2272 1493 2354 1522 fufius
2365 1495 2400 1522 ri-

1293 1530 1396 1564 serunt,
1404 1531 1503 1569 partim
1513 1538 1544 1559 ut
1554 1529 1753 1559 monstrificum
1763 1529 1896 1566 quiddam
1907 1529 2020 1558 aversati
2034 1528 2103 1559 sunt.
2112 1528 2152 1558 Ex
2161 1529 2217 1559 Cael
2238 1529 2395 1565 lib.7.c.18.

1275 1566 1319 1597 Est
1328 1567 1492 1598 &camelus
1502 1590 1509 1600 ,
1533 1568 1616 1597 Funis
1631 1569 1759 1597 nauticus
1769 1589 1777 1602 ,
1801 1577 1855 1604 quo
1867 1567 1993 1596 anchorae
2004 1566 2053 1596 reli
2076 1574 2156 1596 antur
2166 1589 2174 1602 ,
2197 1569 2232 1596 de
2247 1578 2301 1604 quo
2312 1567 2398 1605 aliqui

1294 1604 1457 1643 intelligunt
1473 1602 1546 1635 illud
1561 1607 1588 1634 in
1599 1605 1767 1642 Evangelio,
1789 1604 1907 1645 Facilius
1922 1605 1960 1634 est
1977 1577 2118 1634 cameium
2130 1615 2180 1642 per
2189 1605 2314 1635 foramen
2332 1616 2397 1636 acus

1295 1644 1417 1679 intrare,
1439 1654 1523 1681 quam
1534 1643 1649 1673 divitem
1659 1644 1686 1672 in
1693 1653 1811 1680 regnum
1823 1648 1963 1672 caelorum.
1986 1642 2017 1671 V.
2032 1643 2122 1673 Rhod.
2137 1643 2186 1672 lib.
2199 1652 2223 1679 7.
2238 1653 2297 1681 cij»,
2316 1651 2356 1678 18.

1531 1682 1536 1688 “
1622 1683 1639 1717 [
1648 1680 1784 1715 καμκλίτης
1799 1681 1874 1710 Arist.
1894 1681 1929 1710 de
1941 1681 2010 1710 llud.
2024 1681 2083 1710 mir.
2093 1681 2110 1716 'J
2129 1682 2186 1718 Qui
2197 1681 2320 1711 camelos
2331 1684 2397 1720 agit,

1278 1716 1456 1748 Camelorum
1467 1720 1585 1758 agitator
1596 1721 1622 1749 ἃ
1635 1719 1756 1763 πάθῃ]
1767 1718 1797 1747 V.
1819 1719 1846 1747 in
1856 1719 1922 1748 dict.
1936 1718 1989 1755 seq.

1604 1757 1799 1793 [zap-naamon]
1820 1756 1998 1785 Camelorum
2008 1756 2114 1786 curatio
2126 1757 2152 1786 δι
2160 1757 2335 1793 praese-stura:
2357 1758 2400 1787 ni-

1276 1795 1295 1823 si
1305 1795 1376 1823 forte
1387 1795 1542 1824 Camelaria
1554 1794 1706 1832 legendum
1718 1794 1749 1823 sit
1761 1816 1768 1827 ,
1791 1804 1805 1823 a
1818 1794 1996 1823 Camelariis:
2013 1800 2049 1823 ‘ut
2071 1795 2231 1831 Argentaria
2240 1817 2248 1829 ,
2270 1795 2377 1831 Sagaria
2388 1818 2398 1831 ,

1276 1832 1311 1861 ab
1324 1834 1488 1870 Argentariis
1500 1834 1526 1864 ἃ
1537 1833 1662 1870 Sagariis.
1702 1831 1851 1861 Camelarii
1867 1841 1987 1868 namque
2002 1832 2057 1868 Qui
2069 1831 2238 1861 camelorum
2249 1843 2343 1862 curam
2354 1834 2400 1863 lia-

1275 1870 1361 1905 bent,
1384 1871 1525 1900 dicuntur.
1548 1872 1645 1900 Arcad.
1660 1869 1678 1899 l.
1692 1869 1742 1899 ult.
1757 1870 1778 1907 ξ.
1793 1880 1803 1898 1
1813 1879 1833 1898 1.
1858 1869 1890 1899 D.
1909 1870 1945 1899 de
1956 1869 2092 1899 munerib.
2104 1870 2236 1899 &bonon
2248 1870 2399 1901 Camelalia

1275 1918 1386 1945 quoque
1395 1908 1518 1938 similiter
1528 1907 1672 1946 personale
1684 1917 1785 1937 munus
1795 1907 1850 1936 est:
1868 1917 1932 1936 nam
1943 1908 2050 1936 ratione
2062 1908 2156 1936 habita
2166 1911 2190 1937 ἀ
2201 1908 2400 1939 alimentorum

1275 1948 1303 1976 ἃ
1313 1946 1483 1975 camelorum
1494 1968 1502 1981 ,
1525 1953 1599 1977 certa
1609 1945 1729 1983 pecunia
1740 1945 1894 1975 camelariis
1902 1946 1959 1974 dari
1967 1945 2052 1974 debet
2064 1967 2073 1980 ,
2095 1954 2126 1975 ut
2140 1945 2198 1975 solo
2213 1948 2338 1982 corporis
2349 1947 2401 1976 mi-

1275 1984 1388 2013 nisterio
1399 1984 1567 2026 obligentur.
1606 1984 1723 2014 Budaeus
1733 1989 1829 2015 tamen
1847 1984 1992 2012 Annot.ad
2009 1983 2083 2012 hane
2100 1983 2119 2012 l.
2144 1982 2321 2013 Cathelelasia
2332 2007 2340 2019 ,
2351 1997 2400 2011 κα-

1275 2021 1420 2056 μηληλασέοι
1443 2023 1595 2060 legendum
1611 2028 1698 2060 putat.
1720 2021 1768 2050 sed
1779 2020 1905 2050 Turneb.
1934 2021 2000 2050 Adv.
2014 2027 2112 2056 2¹·28·
2126 2028 2196 2051 extr.
2231 2022 2401 2052 Camelasian

1274 2057 1376 2127 probat
1387 2082 1395 2095 ,
1416 2061 1521 2098 quippe
1533 2060 1609 2097 quod
1618 2059 1717 2089 eadem
1726 2060 1815 2088 forma
1825 2059 1926 2088 dicitur
1935 2069 1968 2089 ac
1978 2055 2102 2089 inme-la.
2142 2059 2196 2095 [V.
2219 2060 2342 2098 interpp.
2365 2061 2402 2090 ad

1289 2120 1295 2127 .
1313 2108 1336 2126 1.
1355 2099 1376 2135 §.
1393 2108 1416 2127 1.
1435 2105 1454 2127 t.
1468 2099 1580 2128 eodeni.
1620 2098 1715 2134 Agitur
1728 2107 1794 2126 vero
1808 2097 1837 2126 in
1849 2096 1931 2126 hacl.
1949 2097 1984 2125 de
1994 2096 2166 2126 exhibitione
2177 2097 2349 2128 camelorum
2364 2099 2401 2128 ad

1274 2137 1425 2165 vefturam.
1467 2137 1500 2165 At
1510 2132 1623 2162 {nudus
1633 2134 1671 2164 est
1682 2134 1738 2172 ipsa
1747 2135 1895 2171 Equitatio.
1936 2134 1985 2163 Nil
2004 2141 2099 2164 tamen
2118 2136 2285 2165 mutandum
2309 2144 2378 2174 puto
2391 2158 2400 2172 ‚

1274 2182 1390 2211 propter
1401 2180 1524 2203 veterum
1537 2174 1567 2202 in
1577 2174 1613 2202 fin
1634 2173 1715 2202 endis
1724 2173 1767 2202 his
1777 2172 1922 2202 vocabulis
1935 2171 2088 2202 licentiam.

1648 2210 1746 2240 urneb.
1764 2210 1784 2239 l.
1803 2220 1826 2240 c.
1847 2210 1884 2239 Ut
1903 2209 2047 2239 camelafia
2070 2219 2171 2239 munus
2191 2210 2339 2247 significat,
2362 2212 2401 2241 ita

1275 2249 1451 2279 camelasium
1468 2250 1606 2279 indie‘tum
1632 2258 1666 2278 eo
1686 2249 1802 2277 nomine
1820 2248 1965 2277 tributum.
2006 2247 2155 2284 Reperi‘tur
2176 2248 2235 2277 haec
2253 2259 2308 2278 vox
2324 2250 2402 2288 apud

1275 2287 1435 2318 Marcellin.
1447 2283 1495 2317 lib.
1512 2297 1553 2324 17.
1567 2297 1628 2324 cap.
1644 2295 1667 2322 3.
1681 2294 1750 2315 extr.
1779 2286 1819 2316 Ita
1829 2286 1942 2323 quidem
1954 2285 2001 2314 ille
2012 2308 2020 2320 ,
2041 2286 2170 2315 Torrent.
2183 2287 2219 2315 ad
2229 2286 2304 2316 Suet.
2318 2287 2401 2325 Vesp.

1273 2335 1336 2363 cap.
1349 2331 1374 2359 8.
1387 2325 1498 2362 aliique.
1519 2325 1565 2354 sed
1574 2332 1653 2353 notat
1664 2323 1793 2359 Valesius,
1804 2330 1860 2353 tani
1871 2333 1885 2352 a
1896 2323 1993 2358 MStis,
2014 2333 2096 2361 quam
2108 2324 2235 2361 primitus
2250 2325 2332 2354 editis
2347 2330 2402 2355 noc

1276 2363 1392 2392 verbum
1402 2362 1501 2398 abeffe,
1511 2369 1671 2399 temereque
1682 2372 1697 2391 a
1711 2363 1735 2392 P.
1750 2361 1870 2391 Castelio
1880 2361 2019 2390 insertum.
2044 2363 2057 2397 [
2070 2362 2128 2390 Nec
2139 2362 2259 2399 sanerefi
2254 2364 2359 2392 ponder
2370 2364 2401 2392 id

1275 2408 1381 2431 nomen
1393 2400 1544 2439 Analogiae,
1555 2410 1608 2429 nec
1619 2400 1700 2430 causa
1714 2410 1729 2429 a
1753 2408 1829 2437 paret
1841 2422 1848 2434 ,
1869 2409 1918 2428 cur
1928 2409 1942 2428 a
1952 2398 2038 2428 Gallis
2050 2399 2080 2434 id
2091 2399 2225 2429 tributum
2232 2401 2400 2435 exigeretur.

1736 2437 1902 2472 ’καμ.ηλινὸς]
1924 2444 1970 2471 ut,
1991 2436 2169 2466 Camelinum
2187 2437 2239 2466 lac.
2269 2438 2335 2468 Plin.
2349 2438 2399 2469 lib.

1276 2483 1321 2511 28.
1332 2487 1394 2515 cap.
1408 2487 1432 2513 9.
1443 2476 1639 2513 Dulciffimum
1650 2476 1684 2504 ab
1702 2475 1755 2511 (al.
1765 2476 1821 2511 ad)
1842 2475 1965 2504 hominis
1982 2474 2163 2511 camelinum,
2183 2476 2401 2506 efficaciffimum

1277 2525 1311 2544 ex
1319 2515 1407 2545 asinis.
1452 2514 1613 2544 Camelinus
1624 2512 1702 2543 color
1710 2512 1795 2551 vulgo
1811 2513 1912 2542 dicitur
1924 2512 2026 2542 Pullus.

1238 2552 1261 2582 C
1271 2564 1291 2582 A
1300 2564 1321 2582 M
1331 2563 1344 2582 ιζ
1353 2563 1396 2582 ro
1406 2563 1419 2581 Ρ
1429 2563 1445 2582 o
1455 2563 1473 2581 r>
1484 2564 1493 2581 r
1502 2563 1521 2582 u
1529 2564 1550 2581 M
1560 2574 1569 2587 ,
1593 2553 1611 2580 i.
1623 2561 1651 2580 n.
1675 2549 1897 2587 [xasa-anavahnu]
1919 2550 2021 2580 Herba.
2045 2549 2125 2589 Apul.
2134 2551 2168 2580 de
2178 2551 2265 2581 Herb.
2278 2561 2339 2590 cap.
2351 2562 2396 2589 45..

1239 2591 1430 2626 CAMENAE,
1459 2590 1490 2620 V.
1513 2599 1699 2619 CAMOENAE.

1238 2629 1289 2659 CA
1302 2631 1401 2658 Mi-:RA
1417 2651 1425 2663 ,
1447 2637 1476 2658 aa.
1487 2628 1505 2657 f.
1528 2624 1661 2664 [xundgqe
1672 2649 1680 2660 ,
1701 2625 1838 2663 κύςπυμσι]
1858 2625 1979 2655 Tectum
1996 2626 2025 2654 in
2044 2627 2211 2656 curvitatem
2229 2625 2377 2657 formatum
2389 2649 2399 2663 ,

1275 2668 1389 2696 auctore
1399 2666 1504 2695 Nonio.
1543 2664 1650 2694 Dicitur
1662 2664 1758 2693 Latine
1769 2664 1836 2693 alias
1848 2664 1970 2693 Testudo
1985 2686 1992 2698 ,
2014 2663 2081 2693 alias
2093 2664 2206 2700 Fornix,
2228 2665 2293 2694 alias
2305 2669 2398 2696 Arcus.

1275 2705 1438 2735 Secundum
1453 2703 1577 2733 Servium
1589 2703 1705 2732 Camera
1716 2703 1816 2731 dicitur
1827 2702 1899 2739 quasi
1917 2702 2034 2731 Camura
2046 2724 2053 2737 ,
2075 2704 2092 2731 i.
2108 2712 2131 2731 e.
2155 2702 2254 2732 Curva.
2288 2703 2317 2732 V.
2340 2713 2357 2732 c
2367 2713 2403 2731 A-

1276 2752 1297 2772 M
1308 2753 1352 2771 un
1363 2753 1380 2771 υ
1391 2752 1412 2771 s.
1433 2741 1496 2771 Cic.
1508 2750 1532 2776 3.
1551 2741 1586 2777 Q.
1596 2741 1658 2770 frat.
1674 2751 1697 2770 1.
1718 2740 1850 2769 Cametas
1865 2739 1996 2775 quasdam
2014 2749 2073 2769 non
2089 2739 2204 2778 probavi
2218 2763 2225 2773 ,
2247 2741 2402 2778 mutarique

1277 2780 1346 2814 iussi.
1369 2779 1443 2810 Varr.
1455 2784 1479 2816 3.
1492 2780 1529 2809 de
1543 2779 1575 2808 R.
1586 2779 1617 2808 R.
1630 2788 1692 2816 cap.
1705 2787 1731 2816 7.
1755 2778 1922 2807 Peristereon
1934 2778 1973 2812 fit,
1997 2784 2028 2807 ut
2044 2778 2162 2812 testud0‚
2182 2788 2282 2816 magna
2291 2788 2401 2809 camera

1275 2820 1386 2855 tectus,
1407 2828 1465 2847 uno
1475 2817 1547 2847 ostio
1558 2817 1680 2854 angusto.
1720 2815 1762 2845 Al.
1787 2815 1912 2845 Camara.
1934 2816 2000 2845 Hor.
2013 2817 2137 2846 2.Serm.
2153 2825 2177 2852 3.
2189 2825 2252 2853 273.

1470 2872 1507 2876 --
1515 2855 1624 2884 Picenis
1633 2863 1788 2892 excerpens
1801 2853 1907 2883 semina
1915 2855 2007 2892 pomis
2017 2876 2025 2887 ,
2246 2885 2248 2888 f

1369 2892 1480 2923 Gaudes
1493 2892 1510 2922 si
1520 2902 1658 2922 cameram
1670 2892 1791 2930 percusti
1805 2892 1884 2921 forte.
2013 2890 2110 2921 Solent
2119 2897 2241 2921 amantes
2252 2890 2354 2921 semina
2364 2901 2399 2922 ex

1276 2931 1357 2962 malis
1366 2930 1527 2960 orbiculatis
1536 2931 1648 2960 duobus
1659 2930 1756 2968 primis
1763 2927 2051 2967 compressaredigitis
2064 2951 2072 2964 ,
2093 2939 2181 2966 eaque
2195 2930 2303 2958 mittere
2315 2930 2343 2958 in
2355 2940 2400 2960 ca-

1274 2979 1381 2999 meram
1390 2991 1398 3004 ,
1419 2968 1497 2998 velut
1508 2969 1653 3006 augurium
1662 2990 1670 3003 ,
1690 2974 1722 2997 ut
1735 2967 1753 2996 fi
1765 2976 1905 2997 cameram
1915 2968 2095 3004 contigerint,
2118 2966 2192 3005 p'offe
2202 2967 2303 3005 sperari
2313 2968 2349 2997 ad
2360 2969 2400 2998 ef-

1275 3009 1381 3037 fectum
1391 3007 1455 3036 duci
1466 3007 1542 3044 quod
1552 3007 1647 3036 animo
1656 3013 1855 3043 conceperunt.
1878 3005 1944 3035 Haec
1956 3005 2115 3043 Porphyrio.

1274 3044 1425 3075 Solutilem
1436 3054 1553 3079 navem,
1574 3044 1652 3080 cujus
1663 3043 1708 3073 vel
1718 3043 1876 3081 naufragio,
1896 3042 1941 3072 vel
1960 3052 2072 3072 camerae
2090 3043 2169 3071 ruina
2183 3042 2302 3079 periret,
2321 3051 2400 3073 corn.

1295 3090 1407 3112 meritus
1416 3082 1462 3112 est.
1485 3083 1561 3112 Suet.
1573 3082 1677 3112 Neron.
1688 3091 1749 3119 cap.
1769 3090 1812 3117 34.
1835 3081 1883 3110 ubi
1895 3080 2010 3109 Camera
2024 3102 2031 3115 ,
2052 3080 2171 3110 Tec‘tum
2189 3087 2331 3109 arcuatum
2346 3082 2394 3112 est.

1293 3123 1309 3156 [
1319 3120 1535 3150 Ponderandum
1544 3121 1662 3150 cordato
1674 3119 1773 3148 lectori
1785 3114 1912 3156 relinquo
1924 3140 1931 3153 ‚
1952 3128 2047 3147 annon
2062 3117 2394 3155 scripseritTranquillus,

1292 3159 1390 3193 Cujus.
1402 3157 1479 3187 velut
1487 3158 1637 3196 naufragio,
1650 3167 1767 3187 camera:
1776 3158 1853 3186 ruina
1862 3157 1971 3194 periret.
1994 3155 2095 3185 Ulitata
2109 3155 2174 3184 huic
2187 3155 2311 3192 scriptori
2328 3156 2400 3187 levis

1295 3197 1422 3231 trajectio
1433 3194 1522 3226 forsan
1532 3195 1693 3234 descriptori
1704 3195 1831 3224 mutandi
1844 3193 1950 3223 causam
1961 3193 2088 3231 praebuit.
2118 3192 2239 3222 Tedtum
2249 3194 2336 3222 ἁπλῶς
2345 3193 2399 3225 Ta.

1296 3234 1343 3264 cit.
1357 3236 1425 3263 nnn.
1441 3244 1482 3270 14.
1492 3245 1515 3269 ς.
1530 3243 1619 3263 vocat.

1275 3272 1407 3301 Cameras
1416 3271 1592 3310 appellarunt
1601 3270 1731 3301 Culmina
1741 3275 1850 3299 arcuata
1861 3290 1869 3304 ,
1891 3268 1944 3297 sive
1959 3275 1994 3296 ex
2004 3267 2099 3308 lapide
2110 3288 2118 3302 ,
2139 3267 2191 3297 live
2204 3277 2239 3298 ex
2256 3271 2401 3308 contigna-

1296 3310 1374 3339 tio'ne
1385 3309 1480 3340 essent.
1503 3310 1533 3339 V.
1556 3310 1661 3339 Vitruv.
1675 3320 1700 3344 ς.
1715 3319 1758 3337 10.
1775 3309 1801 3337 ἃ
1821 3317 1846 3344 7.
1862 3315 1886 3341 3.
1910 3306 2005 3342 Ibique
2020 3304 2144 3334 Philand.
2255 3338 2258 3342 .

1276 3348 1321 3378 Est
1329 3349 1355 3377 ἃ
1364 3348 1470 3385 Navigii
1482 3353 1568 3385 genus
1577 3347 1695 3376 Camera
1707 3368 1714 3381 ,
1737 3346 1817 3374 Dacis
1826 3344 1952 3373 usitatum
1964 3353 1970 3371 ε
1992 3344 2074 3372 arctis
2085 3342 2218 3372 lateribus
2227 3366 2235 3379 ,
2257 3344 2313 3374 lata
2324 3346 2398 3382 alvo,

1295 3385 1353 3415 {ine
1364 3386 1479 3416 vinculo
1492 3386 1551 3414 aeris
1562 3392 1608 3414 aut
1619 3385 1681 3413 ferri
1693 3392 1834 3412 connexa:
1860 3383 1887 3410 ἃ
1898 3380 2006 3409 tumido
2019 3381 2097 3416 mari,
2118 3388 2201 3418 prout
2210 3381 2399 3413 fluerusattol.

1297 3423 1363 3453 litut
1373 3446 1380 3459 ‚
1401 3424 1508 3453 summa
1520 3424 1634 3452 navium
1649 3420 1749 3450 tabulis
1759 3426 1882 3456 augent,
1903 3419 1996 3447 donec
2008 3419 2037 3446 in
2055 3419 2170 3460 modum
2183 3420 2248 3449 tecti
2266 3420 2399 3451 claudan-

1298 3468 1342 3490 tur
1351 3483 1358 3497 ,
1379 3468 1412 3490 ut
1431 3462 1521 3491 Tacit.
1533 3470 1557 3496 3.
1578 3460 1647 3490 Hist.
1668 3466 1712 3495 47.
1728 3468 1751 3492 5.
1767 3456 1904 3486 describit.
1945 3456 1973 3485 V.
1996 3456 2128 3486 Scliefier.
2151 3457 2180 3486 in
2202 3458 2347 3489 Addendis
2362 3461 2399 3489 ad

1300 3496 1350 3528 lib.
1360 3508 1386 3528 2.
1399 3500 1434 3528 de
1445 3498 1585 3528 Mil.Nav.
1598 3508 1624 3535 p.
1640 3505 1702 3532 325-
1725 3495 1800 3523 conf.
1823 3504 1840 3523 c
1850 3504 1869 3522 A
1879 3504 1899 3522 Μ
1909 3503 1927 3522 A
1938 3503 1951 3521 r<
1962 3503 1991 3522 A.

1240 3537 1473 3568 C.AM13RAR1u
1484 3547 1514 3571 s,
1536 3546 1565 3570 a,
1587 3545 1642 3569 uni.
1666 3534 1723 3568 Adj.
1755 3528 1949 3567 [καμαενυιόἱ]
1980 3538 2027 3565 ut,
2061 3530 2218 3562 Cameraria
2244 3535 2397 3567 cucurbita.

1279 3575 1349 3604 Plin.
1361 3574 1407 3604 lib.
1422 3585 1463 3610 19.
1476 3583 1536 3611 cap.
1550 3584 1573 3608 ς.
1598 3573 1672 3600 Vires
1683 3571 1737 3599 sine
1748 3568 1920 3598 adminiculo
1932 3569 2020 3598 (randi
2029 3579 2087 3598 non
2098 3569 2176 3606 sunt,
2195 3571 2328 3602 velocitas
2337 3583 2400 3611 per.

1280 3613 1330 3642 iiix
1339 3635 1347 3648 ,
1368 3612 1423 3642 levi
1432 3612 1530 3641 umbra
1539 3619 1660 3640 cameras
1671 3618 1703 3637 ac
1713 3606 1838 3644 pergulas
1850 3607 1986 3643 operieris.
2029 3607 2099 3636 inde
2113 3608 2172 3637 haec
2188 3609 2245 3638 duo
2255 3612 2343 3648 prima
2353 3622 2400 3649 ge-

1279 3660 1366 3685 nera,
1388 3650 1577 3679 Camerarium
1590 3669 1598 3683 ,
1620 3648 1646 3675 ἃ
1661 3645 1802 3688 Plebeium
1813 3666 1820 3679 ,
1845 3644 1919 3680 quod
1938 3645 2015 3673 humi
2028 3646 2107 3683 repit.
2149 3646 2337 3678 Camerarium
2352 3660 2399 3687 ge-

1281 3696 1334 3718 nus
1344 3687 1495 3717 cucurbitze
1511 3691 1607 3719 vocat,
1629 3683 1714 3719 Quod
1725 3682 1807 3711 altius
1818 3688 1918 3719 repens
1929 3692 2050 3712 cameras
2062 3684 2226 3722 &pergulas
2236 3688 2329 3724 operit
2338 3698 2400 3725 rep.

1280 3726 1404 3756 tantibus
1412 3723 1529 3762 flagellis
1542 3724 1566 3752 ἃ
1576 3720 1713 3759 capreolis
1726 3719 1919 3749 innitentibus.

1244 3765 1266 3794 C
1275 3774 1295 3793 A
1306 3775 1327 3793 M
1336 3765 1352 3792 ἑ
1362 3774 1377 3791 r<
1386 3772 1403 3791 ο
1413 3784 1421 3795 ,
1442 3760 1604 3797 [καμαρόω]
1625 3762 1679 3787 are.
1702 3758 1849 3787 fornicem
1860 3759 1885 3787 ἃ
1895 3757 2062 3787 testudinem
2079 3757 2178 3789 facere.
2213 3761 2234 3790 A
2254 3771 2309 3798 quo
2324 3772 2401 3792 com.

1280 3801 1399 3840 positum
1411 3799 1621 3828 Concamerare.
1643 3805 1668 3833 q.
1681 3795 1711 3824 V.

1245 3839 1268 3870 C
1280 3850 1298 3868 A
1307 3849 1328 3867 M
1338 3849 1352 3867 E
1361 3848 1376 3866 s
1385 3847 1406 3865 A
1415 3846 1434 3864 T
1444 3845 1462 3864 υ
1470 3845 1498 3870 s,
1519 3845 1535 3864 a
1544 3857 1552 3870 ,
1573 3844 1629 3862 um.
1653 3840 1698 3868 ut,
1720 3833 1863 3862 Camerata
1873 3831 2011 3869 vehicula,
2031 3843 2093 3871 quae
2104 3834 2192 3864 Graeci
2204 3834 2342 3872 κκμκςωπὶ
2356 3848 2403 3867 vo-

1283 3883 1347 3906 cant
1358 3897 1365 3909 ,
1388 3871 1478 3910 qualia
1490 3873 1553 3902 sunt
1569 3871 1698 3903 Pensilia.
1720 3871 1820 3907 quibus
1834 3878 1966 3900 matronae
1977 3871 2131 3908 gestantur:
2155 3873 2244 3910 qualia
2258 3875 2342 3903 etiarn
2355 3876 2402 3904 ho-

1284 3915 1329 3943 die
1341 3913 1411 3941 fiunt
1421 3912 1498 3940 corio
1509 3911 1646 3939 contecta.
1669 3908 1731 3946 Ulp.
1750 3907 1811 3937 inl.
1834 3909 1889 3939 Sed
1906 3910 2002 3939 addes.
2024 3910 2058 3939 D.
2084 3909 2178 3940 locati.
2200 3912 2228 3941 Si
2249 3911 2403 3948 inquilinus

1284 3960 1375 3981 arcani
1386 3948 1670 3979 camerataminaedes
1687 3945 1838 3986 contulerit
1849 3968 1857 3983 ‚
1881 3947 1907 3977 ἃ
1924 3947 2030 3977 'aedium
2047 3948 2154 3978 aditum
2172 3949 2303 3979 dominus
2323 3959 2406 3978 coan-

2318 3987 2407 4023 gusta.
