2604 4222
104 114 176 148 720
566 94 595 128 0
692 88 830 126 RI

154 183 295 214 Nefarium
310 182 415 210 crimen
430 180 454 209 81
464 178 536 207 fraus
548 173 681 213 capitalis.
703 171 760 201 Cic.
773 178 799 198 2.
812 168 847 196 de
858 165 934 195 Orat.
948 169 1009 196 199.

156 220 269 251 Nobile.
293 218 375 249 Ovid.
387 228 413 247 2.
428 219 517 246 rimor.
533 218 572 247 18.
585 221 627 249 37.

158 260 249 289 Noxia
282 257 328 286 Sil.
342 255 388 284 lib.
405 258 444 283 i6.
458 263 518 287 530.
672 282 678 288 Ι

159 296 256 325 Pateris
269 297 295 324 &
309 294 363 322 sine
374 292 440 321 teste
453 290 605 327 probatum.
626 281 709 312 Ovid.
726 289 768 316 ¹5·
788 277 857 308 Met.
871 283 916 312 37.

161 334 300 363 Tacitum.
321 331 415 360 Senec.
430 324 539 365 Hippol.
554 334 577 357 ς.
720 355 726 360 .

163 370 349 400 Tribuarium.
370 368 425 396 Cic.
442 374 490 401 pro
505 361 644 394 Planc.47.
666 355 697 385 V.
719 364 748 384 in
768 357 915 382 Tirinus.

163 408 266 445 Turpe.
291 407 353 434 lior.
372 406 398 432 in
412 404 469 430 Arte
482 401 552 429 Poet.
567 399 630 440 262.

166 441 486 476 Manifestuscriminum.
507 436 594 466 Tacit.
610 441 651 468 ¹3·
666 431 734 460 Ann.
747 430 792 458 26.

167 482 313 512 Obnoxius
324 477 437 508 crimini.
460 476 491 504 ln
512 483 529 502 o
537 483 552 500 11
561 481 580 500 N
590 480 607 514 0
616 479 632 498 x
641 479 649 497 1
659 478 675 496 υ
685 477 707 496 s.

166 520 242 551 Reus
252 516 377 547 criminis.
400 513 481 542 Ovid.
499 514 538 540 16.
553 507 633 545 Epist.
647 515 708 541 3²4.

170 558 261 587 Vacua
271 556 307 584 est
318 562 372 581 nox
381 551 502 580 crimine.
525 546 606 577 Ovid.
620 556 645 580 4.
660 542 724 572 Fast.
737 544 812 583 581.⁸
913 573 920 580 ι
961 572 968 578 ·
1001 570 1008 577 ⁸

171 593 266 625 Abesse
277 601 291 621 a
302 591 423 620 crimine.
463 587 520 615 Cic.
542 584 632 618 Longe
641 579 732 610 absum
742 578 776 607 ab
787 573 921 611 eiusmodi
931 578 1055 602 crimine.

171 629 340 661 Abscondere
351 628 451 656 crimen
468 624 526 652 face
537 620 638 657 jugali,
659 614 829 658 Matrimonii
840 617 974 651 praetextu
996 603 1163 638 adulterium
1182 606 1273 640 patra-

189 677 247 697 tum
256 666 350 694 celare.
373 664 466 692 Senec.
481 658 593 697 Hippol.
609 668 632 691 ς.

172 706 301 736 Acerbare
315 703 415 730 crimen
427 699 549 731 alicuius.
570 693 667 724 Claud.
679 691 713 720 de
723 690 804 727 Rapt.
817 686 935 724 Proserp.
951 694 977 714 2.
989 686 1053 717 ²08·

172 743 313 773 Adduccre
325 741 352 767 in
364 739 475 767 crimen.
499 735 564 764 Plin.
579 732 626 761 lib.
636 739 680 774 ².²·
693 738 751 765 cap.
765 736 822 770 22.¹

173 779 271 810 Afferre
285 777 392 806 vestitus
401 775 503 804 crimen
515 771 604 801 alicui.
626 769 683 798 Cic.
696 775 745 803 pro
756 764 846 794 Rabir.
861 761 928 793 Post.
944 768 991 797 27.

173 818 218 854 Agi
232 815 286 844 falli
299 813 419 842 criminis
432 820 517 840 reum.
539 807 620 838 Ovid.
641 807 674 834 de
682 804 761 833 Rem.
776 803 864 831 Amor.
876 804 940 837 388.

173 852 305 884 Arceffere
317 851 438 880 crimine.
461 848 517 877 Cic.
526 856 576 884 pro
586 843 655 873 Coel.
672 848 711 885 16.

172 891 251 928 Argoi
264 889 377 918 crimine
389 886 509 924 pigritiae.
533 881 647 924 Martial.
661 880 707 923 '¹.b.·
725 888 765 908 11.
778 883 823 912 80.

251 927 390 963 Arguimur
399 925 477 953 lentae
488 921 602 950 crimine
614 929 643 961 pi·
663 926 738 946 ritiae.

172 967 296 996 Avertere
309 964 334 992 in
346 963 473 998 aliquem.
496 957 613 995 Quintil.
627 955 643 999 ¹.¹
667 977 673 984 .
684 964 710 991 7.
721 963 781 990 cap.
795 961 838 988 39.

173 1003 271 1033 Carere
285 999 470 1038 turpitudinis.
490 994 607 1032 Quintil.
623 993 670 1022 lib.
682 1001 707 1021 2.
719 1001 778 1029 cap.
793 999 819 1019 2.

173 1039 304 1071 Conferre
314 1047 376 1067 cuin
388 1037 450 1064 vita.
470 1035 526 1064 Cic.
540 1043 588 1070 pro
596 1030 670 1062 Sulla
681 1035 723 1063 18.
860 1062 866 1069 ι
906 1061 914 1067 .
1035 1057 1042 1064 ι
1066 1056 1072 1063 .

172 1073 474 1106 Convincimanifestis.
497 1072 552 1100 Cic.
569 1080 592 1105 ³·
609 1069 680 1098 Verr.
695 1077 736 1105 pr.
758 1064 798 1095 Al.
820 1063 924 1094 Evinci.
944 1057 1020 1090 conf.
1035 1055 1102 1088 ibid.
1112 1058 1159 1087 26.

172 1114 300 1145 Damnari
313 1112 414 1142 mortis.
436 1111 504 1147 Virg.
517 1112 541 1137 6.
552 1108 613 1138 AEn.
623 1115 686 1142 430.

171 1152 241 1182 Dare
251 1150 364 1180 crimini.
386 1149 443 1178 Cic.
455 1157 480 1183 7.
495 1146 566 1175 Verr.
579 1154 623 1182 7²-
637 1181 642 1187 ·

171 1190 315 1219 Deducere
326 1188 360 1216 ad
379 1185 450 1224 ipsos
464 1184 568 1213 oculos.
590 1181 673 1212 Ovid.
685 1188 708 1214 ι.
720 1179 811 1207 Amor.
830 1184 873 1211 14.
886 1183 932 1210 45.

172 1226 326 1257 Defendere
335 1223 455 1261 aliquod.
478 1221 559 1251 Ovid.
577 1228 614 1254 η.
635 1218 702 1261 Met.
716 1224 777 1250 304.

172 1264 328 1293 Defendere
343 1260 499 1291 atrocitatis.
523 1255 638 1294 Quintil.
650 1255 698 1284 lib.
711 1263 736 1289 7.
748 1261 807 1289 cap.
819 1259 844 1287 3.

173 1301 329 1331 Defendere
343 1299 424 1328 varie.
447 1295 563 1333 Quintil.
580 1295 626 1323 lib.
639 1303 665 1328 4.
683 1301 742 1329 cap.
761 1300 799 1332 ς..
859 1323 866 1330 .
899 1324 906 1330 '
1014 1321 1020 1328 .

172 1338 363 1369 Defenduntur
375 1334 456 1364 causae
468 1334 611 1362 criminum
621 1330 782 1367 plerumque
792 1325 970 1354 inficiatione.
989 1321 1076 1352 Cic.2.
1087 1318 1202 1350 deOrat.
1210 1327 1271 1355 104.

173 1376 277 1410 Degere
290 1376 372 1404 vitam
384 1373 438 1401 sine
451 1372 573 1401 crimine.
596 1369 668 1406 Virg.
677 1378 704 1403 4.
720 1366 779 1397 AEn.
794 1373 855 1400 550.

172 1413 295 1443 Differre.
326 1409 443 1448 Quintil.
457 1409 502 1438 lib.
516 1418 538 1451 7.·
546 1417 605 1444 cap.
617 1415 642 1435 2.

172 1450 331 1480 Diffundere
343 1456 491 1486 paucorum
502 1453 605 1474 crimen
617 1453 644 1472 in
656 1449 761 1471 omnes.
782 1437 867 1482 Ovid.
882 1445 908 1472 3.
921 1435 1031 1481 dejirte
1043 1433 1100 1463 Am.
1113 1442 1141 1468 9.

172 1487 280 1519 Discere
295 1487 398 1515 crimen
410 1485 523 1520 alicujus
533 1505 540 1517 ,
560 1491 610 1520 pro
622 1478 791 1521 Cognoscere
801 1483 916 1504 crimen.
938 1473 1011 1510 Virg.
1024 1474 1049 1502 6.
1062 1471 1125 1504 AEn.
1135 1477 1200 1507 433.

263 1523 395 1560 Quaesitor
406 1522 497 1552 Minos
508 1529 602 1550 urnam
611 1524 717 1547 movet:
740 1514 785 1543 ille
795 1513 921 1555 silentum
949 1548 955 1554 .

262 1560 471 1594 Conciliumque
482 1563 579 1592 vocat,
599 1554 720 1591 vitasque
731 1554 756 1583 &
767 1551 881 1582 crimina
890 1548 979 1580 discit.

171 1598 321 1630 Dissolvere
336 1598 458 1627 crimina.
480 1595 535 1624 Cic.
548 1603 599 1632 pro
609 1592 676 1623 Sull.
691 1595 733 1626 56.

170 1637 270 1668 Dotata
279 1636 391 1665 crimine
402 1635 484 1671 virgo.
507 1632 587 1662 Ovid.
601 1635 626 1660 6.
644 1629 726 1668 Epist.
742 1632 802 1666 138.

169 1675 277 1705 Ducere
288 1673 405 1709 aliquem
416 1672 454 1701 in.
472 1670 561 1700 Tacit.
571 1673 596 1699 6.
608 1670 676 1698 111111.
691 1677 715 1702 5.

171 1711 284 1742 Efficere
294 1710 471 1747 suspicionem
485 1710 510 1738 &
521 1708 632 1737 crimen.
654 1704 711 1734 Cic.
722 1713 747 1732 2.
759 1702 794 1731 de
805 1701 880 1732 Orat.
895 1707 958 1738 330.

170 1749 296 1784 Effugere
306 1747 469 1784 ineptiarum
479 1747 592 1775 crimen.
615 1743 671 1773 Cic.
683 1751 707 1778 3.
718 1742 752 1771 de
761 1740 839 1771 Orat.

169 1787 246 1817 Elabi
258 1795 291 1815 ex
301 1786 423 1814 crimine.
445 1783 501 1813 Cic.
512 1795 538 1818 4.
552 1782 626 1812 Verr.
640 1789 702 1817 142.

169 1824 290 1854 Elevare.
313 1821 429 1859 Quintil.
441 1820 488 1850 lib.
502 1830 526 1857 7.
540 1829 600 1858 cap.
612 1827 637 1856 3.

169 1862 275 1891 Eluere.
297 1860 379 1889 Ovid.
394 1869 434 1888 11.
446 1858 513 1888 Met.
529 1867 589 1893 141.

169 1898 300 1929 Excusare
311 1896 444 1935 lacrymis.
465 1896 530 1925 Stat.
542 1899 567 1924 6.
586 1893 676 1925 Theb.
686 1903 732 1928 44.

170 1937 304 1966 Excutere
313 1933 425 1971 aliquod
433 1932 606 1962 extrinsecus.
627 1930 745 1968 Quintil.
761 1929 812 1959 lib.
821 1938 847 1964 4-
862 1935 922 1965 cap.
938 1935 964 1957 2.
1126 1961 1132 1967 ·

170 1974 304 2003 Exhibere
315 1973 428 2002 tacitum
436 1971 540 2000 crimen
552 1970 642 2008 aliqua
652 1975 725 1998 11013.
756 1968 774 1997 i.
787 1977 812 1997 e.
835 1965 996 1996 Patefacere.
1017 1962 1081 1993 Sen.
1097 1957 1213 1998 Hippoi,
1226 1968 1252 1995 ς.

168 2011 292 2049 Expiare.
312 2010 375 2039 Seri.
385 2009 459 2039 Med.
472 2014 497 2043 8.
1106 2036 1113 2042 ·

170 2049 268 2079 Facere
278 2048 323 2076 fibi
333 2046 389 2084 ipsi.
422 2046 479 2076 Cic.
493 2054 542 2083 pro
552 2043 636 2073 Flacc.
653 2052 696 2079 33.
719 2042 775 2080 Qui
793 2042 876 2079 igitur
887 2038 996 2078 probari
1007 2036 1096 2076 potest
1105 2044 1176 2064 mea
1188 2043 1273 2072 pecu-

190 2087 234 2115 nia
242 2095 298 2114 non
310 2084 451 2114 referenda
461 2106 469 2120 ,
488 2083 593 2113 crimen
602 2081 650 2111 fibi
657 2080 748 2119 ipsum
761 2079 851 2110 facere
863 2100 871 2116 ,
893 2079 924 2108 in
937 2086 990 2115 qua
1003 2076 1109 2106 crimen
1126 2072 1194 2104 esset
1210 2070 1274 2101 nul-

189 2123 247 2152 lum
264 2122 281 2151 si
292 2122 423 2151 reserret‘?

169 2160 251 2191 Ferre
265 2161 293 2188 in
304 2160 430 2195 aliquem.
451 2156 538 2186 Tacit.
556 2165 599 2186 12.
615 2157 685 2186 Ann.
698 2165 725 2192 4.

170 2198 292 2235 Fingere.
312 2196 370 2226 Cic.
383 2205 432 2234 pro
442 2194 512 2224 Coel.
523 2197 566 2228 56.
1111 2224 1116 2230 ι

171 2235 276 2265 Habere
287 2235 389 2264 crimen
400 2233 433 2262 ab
443 2233 536 2268 aliquo
545 2253 553 2265 ‚
574 2232 600 2260 &
611 2230 730 2259 eundem
746 2229 806 2265 eJ'us
815 2226 945 2270 criminis·
951 2225 1047 2256 testem
1059 2246 1067 2259 ‚
1089 2224 1219 2268 dicuntur
1228 2231 1272 2266 ac·

188 2272 331 2303 cusatores.
371 2270 428 2300 Cic.
440 2279 490 2307 pro
502 2268 571 2298 Coel.
588 2277 629 2303 ςι.
651 2267 706 2297 Sed
717 2276 750 2296 ex
764 2275 791 2295 te
804 2266 858 2303 ipsa
869 2274 977 2301 requiro
991 2285 999 2298 ‚
1021 2271 1152 2300 quoniam
1175 2263 1199 2290 &
1219 2270 1271 2290 cri-

187 2319 250 2339 men
263 2308 428 2339 accusatores
439 2307 486 2336 abs
500 2313 527 2335 te
537 2328 545 2342 ‚
566 2305 696 2336 &testem
707 2305 766 2341 ejus
776 2303 897 2334 criminis
913 2301 1033 2340 teipsam
1047 2301 1144 2330 dicunt
1153 2298 1179 2327 se
1188 2298 1272 2327 habe-

186 2357 232 2377 re:
257 2347 272 2376 si
288 2356 339 2383 qua
350 2345 446 2375 mulier
457 2366 466 2379 ,
484 2346 537 2373 810.

169 2385 276 2416 Habere
291 2384 393 2413 crimen
410 2384 444 2412 de
460 2382 552 2419 aliquo
568 2380 644 2417 virgo
660 2379 778 2414 dicitur,
799 2378 870 2415 Quae
888 2374 1038 2416 compressa
1059 2374 1097 2405 est
1112 2374 1146 2405 ab
1165 2373 1267 2412 aliquo.

188 2422 270 2452 Ovid.
285 2431 310 2451 2.
325 2421 388 2450 fast.
404 2424 463 2449 162.
486 2419 524 2448 De
533 2417 632 2448 Calisto
641 2417 847 2452 Hamadryade‚

247 2458 361 2490 Foedera
369 2455 507 2492 servasset,
529 2456 546 2485 si
556 2465 613 2484 non
623 2454 738 2484 formosa
748 2453 838 2483 fuisset
852 2462 859 2482 :

295 2496 372 2525 Cavit
381 2494 523 2524 mortales:
545 2493 579 2522 de
587 2492 655 2528 Jove
666 2493 769 2522 crimen
783 2492 874 2520 habet.

169 2535 276 2565 Haerere
283 2534 387 2562 crimen
397 2533 424 2560 in
435 2532 526 2569 aliquo
537 2531 637 2559 dicitur
657 2530 713 2559 Cic.
727 2539 776 2567 pro
786 2528 856 2558 Coel.
877 2537 919 2563 ις.

168 2573 260 2607 Jacere
270 2570 366 2600 falsum
375 2570 491 2603 crimen,
502 2568 573 2605 quasi
583 2574 749 2597 venenatum
764 2566 877 2604 aliquod
886 2564 981 2595 telum.
1004 2563 1061 2594 Cic.
1071 2573 1122 2602 pro
1131 2562 1228 2601 Qiint.
1241 2568 1267 2598 8.

169 2610 305 2639 Incurrere
317 2609 354 2637 in.
395 2607 424 2636 V.
448 2615 510 2635 inc
521 2616 537 2634 u
549 2615 563 2633 a
572 2615 587 2633 11
597 2614 622 2634 0.

169 2647 310 2676 lnduerint
320 2651 424 2674 tantum
436 2644 497 2677 fatis
507 2652 578 2672 nova
590 2640 685 2671 saecula
694 2642 808 2671 crimen.
829 2640 894 2670 Stat.
909 2649 932 2668 1.
944 2638 1011 2669 Silv.
1023 2649 1050 2675 4.
1069 2648 1111 2676 17.

170 2683 253 2714 lnesl'e
262 2684 352 2712 alicui.
374 2681 456 2712 ovid.
470 2691 493 2718 3.
506 2681 541 2710 de
551 2680 626 2709 Pont.
640 2688 662 2714 ³.
673 2688 718 2714 70.

168 2721 268 2752 Inserre
277 2720 366 2750 alicui.
406 2719 462 2748 Cic.
475 2719 509 2747 de
524 2718 630 2747 Amisit.
646 2719 690 2746 66.
713 2715 876 2746 Addendum
890 2714 989 2744 eodem
1001 2713 1056 2749 est,
1079 2719 1111 2743 ut
1124 2722 1159 2742 ne
1178 2713 1270 2743 crimi-

187 2759 266 2788 nibus
276 2766 322 2787 3111
333 2756 479 2787 inserendis
488 2755 638 2785 delectetur
651 2775 660 2789 ‚
683 2761 729 2783 aut
737 2753 829 2783 credat
840 2752 947 2782 oblatis.

169 2796 270 2826 inferre
279 2795 392 2824 crimina
403 2815 411 2829 ,
433 2793 593 2823 accusatoris
603 2791 726 2822 officium
737 2791 790 2821 est:
812 2789 962 2821 defensoris
971 2810 980 2826 ‚
1001 2787 1106 2819 diluere
1118 2789 1144 2820 &
1158 2788 1272 2828 propul-

187 2833 252 2862 sare.
274 2833 372 2862 Auctor
382 2831 416 2860 ad
427 2831 525 2861 Heren.
536 2841 562 2865 4.
576 2838 621 2865 47.

169 2870 273 2905 lnsequi
285 2870 408 2905 alicujus.
430 2869 511 2897 Ovid.
528 2873 553 2901 8.
569 2867 634 2896 Met.
649 2875 710 2904 130.

169 2908 267 2937 insidet
280 2909 306 2936 in
320 2908 420 2936 animo.
444 2906 472 2934 V.
495 2913 656 2934 insinno.

170 2945 313 2975 Intendere
326 2945 352 2973 in
363 2944 488 2980 aliquem.
513 2942 542 2971 V.
565 2951 651 2971 1N'ru
660 2951 680 2971 N
690 2951 708 2971 D
717 2950 744 2971 0.

170 2982 438 3012 intentareinvicem.
462 2978 570 3017 Quintil
590 2979 637 3008 lib.
651 2988 674 3014 3.
690 2988 750 3017 cap.
766 2987 809 3009 ιο.

172 3020 279 3049 Lat-dere
292 3018 355 3048 falso
370 3019 493 3048 crimine.
516 3017 562 3046 Sil.
575 3017 621 3046 lib.
637 3026 677 3052 ¹5·
689 3026 750 3052 599.

172 3056 368 3086 Liberarificto.
391 3056 447 3085 Cic.
460 3065 510 3099 pro
517 3054 594 3084 Rosc.
609 3055 696 3083 Amer.

172 3095 308 3124 maculare
321 3103 422 3122 nomen
432 3093 555 3128 alicujus.
576 3091 647 3129 Virg.
667 3101 707 3120 10.
725 3089 786 3121 AEn.
797 3095 861 3126 851.

173 3132 314 3161 Maculatae
322 3131 437 3160 crimine
447 3137 562 3159 mentes.
582 3128 629 3159 Sil.
640 3127 687 3158 lib.
703 3138 714 3158 1
723 3138 746 3158 1.
755 3137 820 3158 200.

173 3169 305 3198 Metuere.
342 3168 372 3197 ln
394 3177 462 3196 Miz'r
473 3177 524 3196 uo.

174 3206 287 3271 Molitpr
302 3206 416 3234 crimina
427 3227 435 3240 ‚
455 3206 481 3235 &
497 3204 702 3240 accusatorem,
721 3202 767 3241 qui
783 3201 916 3238 objiceret
929 3199 1088 3236 Chaldaeos,
1107 3201 1158 3231 810.
1179 3199 1271 3231 Tacit.

198 3252 236 3272 12.
249 3251 255 3271 l
270 3253 314 3271 nn.
328 3252 371 3271 22.

176 3279 275 3310 Natum
288 3281 323 3309 est
334 3281 445 3308 crimen.
486 3279 543 3308 Cic.
554 3287 580 3315 7.
598 3278 671 3307 Verr.
683 3287 726 3314 99.
759 3276 867 3306 Deinde
877 3276 932 3306 hoc
940 3276 1037 3312 quinto
1047 3274 1158 3305 decimo
1168 3276 1212 3306 die
1223 3277 1274 3306 cri-

196 3327 257 3346 men
275 3317 326 3346 0110
335 3325 427 3345 natum
438 3316 578 3353 postquam
587 3314 673 3345 classis
684 3315 748 3344 esset
758 3311 857 3343 amissa.

177 3353 404 3383 Notarelibidinis
415 3354 528 3382 crimine
539 3353 666 3390 aliquem.
689 3352 745 3381 Cic.
758 3362 807 3391 pro
820 3352 900 3381 Corn.
914 3350 987 3380 Balb.
1003 3354 1045 3387 56.

178 3390 302 3424 Obiicere
313 3391 407 3420 melius
416 3391 545 3425 crimina,
567 3399 647 3426 quam
658 3389 813 3419 defendere.
836 3388 953 3425 Quintil.
964 3388 1010 3418 lib.
1024 3391 1050 3417 6.
1063 3396 1122 3424 cap.
1136 3396 1162 3425 3.

178 3428 318 3457 Obteritur
329 3429 385 3457 laus
400 3428 571 3464 imperatoria
580 3427 739 3456 criminibus
751 3427 874 3456 avaritiae.
895 3426 953 3456 Cic.
966 3435 992 3463 7.
1011 3426 1118 3457 Verna-

179 3465 296 3494 011011111-
307 3466 429 3501 gravibus
440 3465 606 3494 criminibus.
629 3464 746 3501 Quintil.
760 3464 806 3494 lib.
818 3474 847 3499 4.
857 3472 917 3502 cap.
930 3472 957 3494 2.

182 3501 346 3530 Patrocinari.
368 3502 482 3538 Quintil.
496 3502 544 3531 lib.
557 3512 581 3531 2.
594 3511 654 3540 cap.
664 3512 692 3538 4.

180 3539 288 3568 Pensare
300 3539 445 3568 unalaude.
470 3539 497 3568 V.
521 3549 534 3567 1³
545 3549 558 3568 11
568 3549 586 3567 N
597 3549 609 3568 s
618 3549 644 3570 ο.

180 3575 292 3604 Ρο1111111.
313 3576 409 3611 juven.
426 3585 466 3611 11.
481 3576 533 3605 Sat.
546 3582 609 3612 ²38.

180 3612 311 3641 Perorare.
352 3613 380 3640 V.
403 3622 416 3641 1²
426 3623 438 3641 11
448 3624 461 3641 11
471 3623 487 3641 0
499 3624 511 3641 ii
520 3623 545 3643 o.
553 3621 560 3633 1

180 3649 328 3692 Ponderare
336 3651 445 3679 crimina
456 3660 543 3679 rerum
559 3649 675 3687 ipsarum
684 3650 883 3688 magnitudine.
905 3649 962 3680 Cic.
974 3658 999 3687 3.
1013 3649 1088 3680 Verr.
1100 3657 1146 3686 42.

180 3686 281 3716 Ponere
291 3695 318 3714 in
328 3687 446 3716 crimine.
469 3688 525 3716 Cic.
537 3697 561 3716 2.
574 3689 609 3716 de
620 3688 695 3717 Orat.
709 3698 768 3723 199.

180 3723 308 3752 premere.
332 3723 445 3758 Quintil.
460 3724 505 3752 lib.
517 3735 540 3758 7.
554 3734 614 3761 cap.
626 3734 649 3759 3.

179 3759 302 3802 Premerc
313 3759 429 3801 aliquem
443 3763 554 3789 crimine
565 3762 690 3798 ignoratae
702 3762 771 3791 artis.
794 3761 860 3792 Hor.
873 3762 902 3790 in
913 3763 973 3791 Arte
985 3761 1057 3791 Poet.
1070 3766 1133 3792 262.

181 3797 313 3839 Proser-tur
324 3806 424 3824 crimen
433 3806 465 3839 eir
476 3799 583 3827 inimica
594 3820 602 3831 ‚
623 3808 657 3827 ex
669 3799 782 3833 infami,
803 3808 837 3828 ex
855 3799 958 3828 crudeli
968 3821 976 3834 ,
998 3808 1032 3828 ex
1043 3798 1195 3830 facinorosa
1208 3820 1216 3834 ,
1237 3807 1274 3829 ex

199 3833 337 3862 libidinosa
347 3835 439 3861 dumo.
458 3837 511 3862 Cic.
527 3845 575 3871 pro
587 3833 654 3864 Coel.
670 3846 711 3870 55.

181 3870 333 3908 Proponere
345 3872 370 3900 St
380 3871 515 3907 explicare
526 3873 637 3903 crimina
647 3873 677 3901 in
693 3871 804 3902 testibus
814 3873 1022 3911 ixiterrogandin.
1044 3874 1102 3904 Cic.
1114 3883 1136 3912 ι.
1148 3872 1274 3910 1101029.

1332 3499 1586 3536 Cssimru0a‚[

1795 59 1824 92 C
1917 57 1949 93 R
2041 59 2058 94 I

1361 146 1478 179 Purgare
1487 143 1621 172 anteaetae
1633 141 1695 169 vitae
1706 140 1831 169 crimina.
1853 138 1972 176 Quintil,
1986 138 2033 168 lib.
2044 147 2069 176 7.
2086 149 2146 179 cap.
2159 148 2187 171 2.

1362 183 1459 212 Potare
1472 181 1534 210 loco
1548 180 1671 207 criminis
1683 178 1797 215 aliquid.
1820 178 1877 207 Cic.
1893 188 1916 211 7.
1937 178 2009 206 Pam.
2021 186 2046 213 3.

1364 219 1501 250 Refellere
1510 219 1614 246 crimen
1628 216 1731 251 gladio.
1755 215 1826 252 Virg.
1844 225 1883 244 12.
1899 215 1958 245 AEn.
1979 218 2017 244 16.

1364 258 1499 293 Regerere
1512 256 1615 284 crimen
1626 253 1708 282 alicui
1741 252 1806 282 Sen.
1822 252 1935 290 Hippoi.
1954 263 1978 289 ς.
2001 251 2112 288 Alieni,
2133 260 2184 291 pro
2198 250 2231 282 In
2242 250 2374 289 aliquem.

1364 294 1520 331 Repellere.
1543 291 1663 327 Quintil.
1681 290 1728 318 lib.
1743 302 1767 325 4.
1784 300 1835 326 cap
1860 300 1885 320 2.

1364 332 1498 368 Reperire
1508 330 1622 358 exitum.
1647 328 1704 356 Cic.
1718 337 1767 364 pro
1780 327 1849 356 Coel.

1365 365 1788 401 110Γαίῃά0100111111113311011119
1800 387 1808 398 .
1830 365 1868 394 est
1884 364 2011 394 Oblitum
2024 370 2171 401 peccatum
2192 363 2311 400 alicuius
2330 363 2360 392 in
2381 369 2486 391 memo-

1385 407 1454 436 riam
1465 415 1595 434 revocare
1607 426 1611 435 .
1634 404 1744 432 &velut
1755 402 1880 431 refricare
1891 402 2000 431 vulnus.
2025 402 2107 431 Ovid.
2122 411 2145 437 ς.
2155 401 2236 432 Trist.
2255 411 2296 429 11.
2308 403 2352 435 63.

1446 444 1515 480 Ergo
1526 444 1683 478 quicunque
1693 450 1736 476 es,
1756 439 1911 469 rescindere
1927 439 2043 470 crimina
2053 439 2122 470 noli.

1365 480 1639 516 Reservarejudicio.
1663 478 1719 507 Cic.
1735 488 1785 516 pro
1800 477 1902 507 Milon.
1916 487 1959 514 ¹4·

1365 519 1552 556 Respondete.
1576 517 1632 546 Cic.
1646 526 1696 554 pro
1709 516 1799 545 Plane.
1815 527 1842 550 4.

1367 556 1529 586 Reticenda.
1549 555 1616 583 Stat.
1633 564 1654 582 1.
1671 554 1760 583 Theb.
1772 563 1838 588 2³0.

1364 593 1509 624 Simulare.
1532 592 1616 621 Ovid.
1637 600 1678 624 11.
1694 591 1762 621 Met.
1776 601 1840 627 299.

1366 631 1445 661 Solvi
1458 630 1560 659 nefario
1571 630 1688 659 crimine
1698 651 1705 664 ‚
1728 631 1753 658 &
1769 628 1850 667 culpa
1863 627 1982 657 liberari.
2004 627 2062 657 Cic.
2072 636 2123 664 pro
2132 625 2214 657 Rosc.
2225 626 2316 658 Amet.
2330 632 2394 664 143.

1366 670 1477 699 Struere
1488 669 1603 697 crimina
1616 669 1642 696 &
1655 667 1834 696 accusatores.
1856 666 1947 696 Tacit.
1964 675 2006 696 11.
2019 667 2092 695 Αηη.
2107 674 2150 695 12.

1367 707 1465 736 Subire
1484 703 1611 741 aizoum-itu
1622 705 1736 734 crimen.
1760 704 1819 734 Cic.
1835 715 1860 739 9.
1875 705 1928 734 Att.
1940 706 1965 733 6.

1366 744 1443 775 Sum.
1466 750 1512 777 ut,
1535 744 1565 772 ln
1578 743 1694 772 crimine
1706 742 1767 772 esse.
1808 741 1866 771 Cic.
1880 741 1989 771 ⁶.Verr.
2010 750 2073 770 100.
2092 738 2488 785 Daretqueoperanu'utiseo
2530 762 2533 764 .

1387 782 1504 811 crimine
1515 781 1690 810 damnaretur
1700 802 1708 814 ,
1730 790 1766 809 ne
1778 779 1834 817 ipse
1851 779 1917 809 esset
1936 778 1964 808 in
1977 779 2103 809 crimine.

1367 820 1468 849 Fraudi
1481 826 1527 848 aut
1537 819 1646 848 crimini
1657 817 1711 847 esse
1720 817 1803 848 alicui
1814 817 1928 854 aliquid.
1952 817 2010 846 Cic.
2030 826 2081 854 pro
2095 814 2208 845 Mureti.

1366 857 1428 888 Esse
1440 856 1540 895 probro
1561 859 1585 886 &
1597 857 1715 885 crimini.
1756 855 1817 885 Cic.
1830 865 1880 893 pro
1892 854 1972 885 Rosc.
1987 855 2079 884 Amet.
2089 858 2134 888 48.
2166 853 2314 891 Vitamque
2328 851 2402 882 hanc
2415 850 2492 881 rusti-

1387 904 1448 924 cam
1461 917 1468 929 ,
1489 904 1569 931 quam
1580 902 1607 923 tu
1619 894 1719 931 probro
1734 895 1759 923 &
1770 894 1881 922 crimini
1894 899 1975 932 putas
1995 891 2050 922 effe
2064 898 2212 929 oportere,
2232 892 2259 921 81
2276 888 2491 921 honestissimam

1387 934 1413 963 &
1425 931 1605 961 suavissimam
1616 931 1669 960 esse
1682 932 1856 961 arbitrantur.

1365 970 1509 1007 Suscipere
1526 970 1631 998 crimen
1644 969 1733 1008 culpae
1749 968 1875 1005 alicujus.
1915 967 1972 997 Cic.
1985 975 2012 1004 7.
2025 967 2101 996 Verr.
2115 975 2177 1003 105.
2208 965 2276 996 Tibi
2295 964 2346 996 uni
2360 972 2491 1003 parcam.
2540 964 2546 973 ¹

1384 1009 1517 1075 1§cf-totius
1532 1008 1607 1074 11ὶίιὲ
1627 1007 1717 1046 culpae
1736 1007 1861 1043 crimen,
1883 1005 2174 1044 vituperationemque
2190 1003 2383 1034 inconstantiae
2396 1002 2492 1041 potius

1398 1057 1413 1075 u
1429 1056 1452 1074 Cl
1476 1055 1530 1074 lam
1610 1055 1625 1075 C

1365 1056 1511 1121 SUsCifpere
1520 1067 1625 1112 cr'imen
1633 1082 1788 1112 facinorum
1798 1088 1941 1112 tantorum
1955 1082 1982 1112 &
1991 1087 2048 1112 tam
2060 1080 2205 1112 atrocium.
2239 1078 2298 1111 Cic.
2307 1087 2358 1119 pro
2365 1076 2434 1110 Sull.
2443 1080 2491 1113 68.

1367 1121 1493 1159 Susperfti
1503 1120 1663 1159 capitalium
1674 1121 1831 1150 criminum.
1853 1120 1944 1150 Tacit.
1958 1129 1983 1156 3.
2000 1120 2071 1149 Ann.
2083 1122 2130 1149 60.

1367 1159 1490 1190 Trahere
1500 1159 1528 1188 in
1539 1158 1573 1188 se.
1596 1159 1680 1188 Ovid.
1695 1168 1736 1187 10.
1749 1158 1816 1188 Met.
1827 1160 1871 1193 69.

1448 1197 1560 1233 Quique
1569 1197 1598 1225 in
1610 1196 1637 1226 se
1652 1197 1735 1226 traxit
1747 1197 1854 1226 crimen
1864 1217 1873 1232 ,
1894 1194 2042 1233 voluitque
2055 1193 2146 1225 videri

1447 1234 1555 1264 Olenus
1563 1233 1616 1264 esse
1624 1243 1740 1264 nocens.

1366 1272 1490 1304 Trahere
1507 1273 1536 1301 in
1548 1273 1673 1309 crimen,
1693 1272 1712 1302 1.
1722 1281 1746 1303 0.
1769 1271 1845 1303 Inter
1863 1270 1991 1302 conscios
2008 1269 2125 1301 deferre.
2145 1267 2238 1300 Tacit.
2251 1276 2296 1305 1ς.
2308 1267 2380 1298 Ann-
2392 1269 2438 1303 68.
2460 1269 2495 1298 ut

1387 1316 1501 1340 annotat
1511 1310 1638 1339 Budaeus.

1365 1347 1529 1378 Transferre
1539 1349 1567 1377 in
1580 1347 1772 1377 adversarium.
1794 1346 1913 1384 Quintil.
1926 1346 1974 1376 lib.
1987 1349 2013 1377 6.
2025 1355 2086 1385 cap.
2101 1355 2127 1382 ς.

1366 1385 1587 1417 Transferrease
1598 1386 1626 1414 in
1641 1384 1737 1415 alium.
1759 1384 1817 1414 Cic.
1831 1394 1857 1414 2.
1870 1385 2022 1415 delnvent.

1367 1425 1452 1454 Vacat
1460 1424 1532 1453 fama
1545 1423 1635 1452 nostra
1646 1423 1772 1453 crimine.
1795 1422 1882 1452 Ovid.
1895 1433 1921 1458 4.
1942 1422 2024 1460 Epist.
2038 1426 2082 1456 18.

1365 1462 1466 1529 Vgnige
1478 1462 1507 1490 in
1511 1469 1622 1528 fpartem
1631 1461 1755 1491 criminis
1764 1482 1773 1497 ,
1790 1460 1829 1490 est
1842 1460 2007 1499 Participem
2019 1459 2078 1490 sieri
2085 1457 2195 1489 sceleris
2213 1455 2341 1495 alicujus.
2361 1454 2446 1488 Ovid.
2460 1461 2488 1487 1.·

1407 1510 1422 1529 0
1455 1506 1495 1528 110
1532 1510 1569 1528 m.
1585 1508 1646 1535 392.

1366 1537 1479 1567 Vertere
1489 1538 1518 1566 in
1528 1536 1718 1567 adversarium.
1740 1535 1862 1574 Quintil.
1879 1535 1927 1565 lib.
1940 1544 1967 1571 7.
1980 1544 2040 1573 cap.
2053 1543 2080 1571 ι.

1366 1575 1473 1606 Vocare
1487 1574 1592 1611 aliquid
1612 1575 1641 1604 in
1655 1575 1762 1604 crimen
1773 1596 1781 1610 ‚
1804 1584 1855 1612 pro
1870 1573 1986 1603 Crimini
1995 1573 2070 1602 dare.
2107 1571 2166 1602 Cic.
2183 1578 2235 1609 pro
2251 1569 2343 1600 Rabir.
2360 1567 2488 1608 perduci.

1385 1623 1434 1643 reo
1454 1623 1500 1681 11ἒὶ
1531 1612 1594 1643 Hoc
1615 1618 1646 1643 tu
1665 1613 1695 1642 iri
1711 1612 1820 1642 crimen
1838 1620 1936 1647 vocas,
1956 1611 2033 1649 quod
2054 1619 2118 1641 cuni
2135 1610 2170 1640 iis
2190 1609 2276 1639 fuerit
2289 1607 2320 1639 C.
2339 1607 2488 1643 Rabirius,

1385 1661 1456 1688 quos
1500 1660 1524 1680 c.

1366 1688 1513 1718 Vulnerari
1524 1688 1641 1718 crimine
1650 1687 1751 1725 aliquo.
1774 1687 1859 1718 ovid.
1874 1696 1916 1724 19.
1927 1686 2010 1725 Epist.
2022 1695 2084 1723 105.

1366 1726 1480 1758 Crimen
1493 1749 1500 1762 ‚
1521 1725 1596 1756 Falsa
1604 1725 1731 1763 suspicio.
1750 1725 1816 1756 Ter.
1829 1725 1897 1755 Hec.
1911 1736 1935 1761 ς.
1950 1736 1975 1754 2.
1989 1733 2030 1759 η.

1446 1765 1519 1794 Nam
1530 1764 1548 1793 si
1557 1764 1726 1802 compererit
1737 1763 1847 1794 crimini
1862 1771 1908 1793 tua
1920 1762 1948 1793 se
1957 1761 2022 1792 falso
2033 1770 2104 1792 uxor
2113 1758 2261 1791 credidisse
2271 1780 2281 1796 ‚

1446 1802 1557 1832 lviiffam
1567 1803 1635 1832 iram
1644 1801 1736 1832 faciet.
1818 1801 1874 1831 Ubi
1888 1801 2015 1831 Donatus
2023 1822 2032 1837 ,
2053 1799 2167 1830 Crimen
2177 1806 2254 1828 nunc
2262 1819 2272 1834 ,
2291 1805 2343 1837 pro
2355 1794 2432 1827 Falsa
2444 1794 2486 1826 su-

1384 1839 1521 1880 spicione.
1544 1840 1617 1877 Virg.
1635 1849 1676 1870 11.
1687 1840 1749 1870 AEn.
1765 1848 1826 1869 122.

1558 1894 1595 1899 -
1603 1877 1767 1915 semperque
1776 1877 1848 1907 odiis
1858 1899 1868 1914 ,
1883 1877 1915 1911 ,81
1923 1877 2039 1906 0111111110
2049 1875 2174 1906 Drances

1456 1915 1582 1946 infensus
1592 1915 1804 1951 juveniTurno.
1874 1924 1877 1930 ‘
1898 1915 1916 1944 i.
1927 1924 1952 1944 e.
1974 1914 2009 1944 Et
2025 1913 2176 1951 quodcum
2191 1910 2300 1947 odisse,
2321 1911 2349 1942 &
2365 1908 2441 1948 quod
2458 1907 2487 1939 so

1382 1953 1423 1983 illi
1433 1955 1500 1983 odio
1511 1953 1564 1983 esse
1574 1952 1764 1991 suspicaretur.
1802 1953 1848 1983 Sic
1861 1952 1995 1983 Donatus.
2033 1952 2069 1982 At
2082 1951 2192 1982 Servius
2201 1950 2290 1980 aliter.

1363 1992 1496 2028 Crimen,
1517 2001 1568 2030 pro
1580 1990 1676 2021 Causa.
1700 1991 1771 2028 Virg.
1784 2000 1809 2020 2.
1825 1990 1886 2020 AEn.
1898 1995 1943 2026 98.

1558 2029 1669 2058 —hinc
1678 2028 1785 2067 semper
1799 2028 1905 2066 Ulyffes

1446 2066 1617 2097 Criminibus
1628 2074 1730 2097 terrere
1739 2068 1828 2096 novis.
1922 2065 2042 2096 Servius.

1367 2105 1481 2136 Crimen
1493 2105 1560 2143 poni
1574 2105 1683 2134 videtur
1694 2114 1744 2143 pro
1756 2104 1813 2134 Reo
1822 2103 1898 2141 apud
1908 2103 1980 2141 Virg.
1992 2112 2018 2133 2.
2040 2102 2102 2134 AEn.
2113 2104 2158 2139 6ς.

1461 2143 1562 2179 Accipe
1579 2152 1655 2172 nunc
1665 2143 1791 2173 Danaum
1807 2142 1917 2171 insidias
1930 2163 1938 2177 ‚
1959 2143 1986 2171 &
1999 2141 2117 2171 crimine
2129 2139 2164 2169 ab
2174 2148 2233 2169 uno

1457 2180 1538 2211 Disce
1553 2190 1660 2210 omnes.
1741 2181 1759 2210 i.
1771 2190 1795 2210 e.
1820 2180 1922 2213 Exuno
1932 2179 2037 2209 Sinone
2049 2178 2123 2209 disce
2135 2186 2233 2208 omnes
2247 2175 2358 2207 Graecos
2377 2174 2432 2206 effe
2444 2174 2487 2205 in-

1385 2218 1533 2248 sidiatores.
1557 2218 1586 2247 V.
1609 2217 1681 2247 Voss.
1699 2218 1785 2248 Instit.
1800 2217 1877 2248 Orat.
1889 2227 1917 2256 p.
1932 2226 1994 2250 1³1.
2347 2214 2351 2215 ⁷

1327 2257 1535 2288 Caiuinxcise.
1543 2256 1598 2292 Adj.
1613 2256 1651 2285 Ad
1662 2256 1768 2286 crimen
1775 2254 2006 2294 pertinens.JCtis
2017 2253 2154 2291 Magnum
2167 2252 2274 2283 crimen
2285 2251 2434 2281 intentans.
2445 2256 2487 2287 ut,

1367 2294 1511 2324 Accusatio
1524 2294 1690 2330 criminalis,
1712 2294 1729 2323 l.
1747 2303 1771 2330 3.
1788 2293 1858 2323 Cod.
1872 2293 1907 2322 de
1919 2292 1990 2330 Lege
2003 2291 2121 2330 Aquilia.

1367 2332 1452 2362 Causa
1462 2332 1613 2361 criminalis
1622 2353 1629 2367 ‚
1651 2342 1710 2369 quae
1721 2331 1886 2361 Pecuniariae
1896 2331 2047 2369 opponitur
2058 2329 2077 2358 1.
2094 2339 2135 2363 ις.
2150 2328 2221 2358 Cod.
2236 2327 2271 2357 de
2280 2326 2485 2364 quaestionibus.

1326 2370 1392 2400 Cirr
1403 2380 1423 2398 M
1434 2381 1443 2398 1
1453 2379 1471 2398 N
1483 2380 1526 2399 Ar.
1537 2371 1620 2398 iren.
1637 2391 1645 2406 ‚
1669 2369 1735 2399 Adv.
1758 2369 1868 2407 Ulpian.
1887 2368 1905 2398 l.
1920 2368 1970 2398 ult.
1983 2368 2045 2405 Dig.
2059 2367 2096 2397 de
2115 2366 2211 2396 furtis:
2237 2364 2391 2395 meminisse
2405 2374 2487 2402 opor-

1367 2407 1454 2475 10011,
1470 2417 1560 2483 ,11118110
1575 2408 1640 2437 furti
1657 2407 1823 2446 plerumque
1837 2405 2019 2437 criminaliter
2040 2405 2093 2443 agi.
2120 2404 2200 2434 Adde
2215 2402 2234 2434 1.
2250 2408 2295 2437 18.
2313 2402 2384 2433 cod.
2405 2402 2440 2432 de
2457 2412 2488 2432 re

1365 2455 1403 2474 ml
1417 2456 1423 2474 Ι
1439 2455 1475 2474 ari
1488 2468 1494 2476 ,
1534 2469 1538 2474 .
1556 2455 1579 2475 Ι.

1326 2482 1372 2513 Cn
1383 2494 1390 2512 i
1401 2494 1420 2512 M
1432 2493 1467 2512 1N
1478 2487 1515 2512 os
1528 2492 1544 2510 υ
1556 2493 1568 2512 s
1580 2504 1587 2516 ,
1608 2493 1623 2512 a
1635 2504 1643 2516 ,
1663 2491 1721 2511 um.
1742 2482 1804 2520 Adj.
1826 2477 2052 2518 [ἔγκλημα-1111111,
2069 2478 2238 2514 πυφάνηε]
2259 2477 2316 2515 Qui
2328 2477 2432 2507 crimen
2446 2477 2489 2506 iri.

1365 2521 1426 2550 fert.
1468 2521 1524 2550 Cic.
1547 2531 1596 2558 pro
1609 2520 1719 2550 Cluent.
1734 2530 1778 2555 94.
1811 2520 1864 2551 Hic
1885 2520 1962 2550 Trib.
1989 2517 2064 2557 pleb.
2084 2517 2242 2549 modestus,
2264 2516 2407 2553 prudens,
2427 2524 2488 2544 11011

1365 2559 1452 2588 modo
1463 2569 1520 2588 non
1533 2557 1675 2588 seditiosus
1687 2580 1694 2594 ‚
1715 2557 1853 2588 sedetiam
1872 2556 2005 2587 seditiosis
2023 2555 2212 2585 adversarius:
2233 2552 2282 2584 1110
2299 2559 2393 2584 autem
2412 2562 2489 2583 acer·
2525 2566 2528 2569 ¹

1366 2596 1417 2626 bus
1428 2618 1436 2629 .
1459 2596 1620 2626 criminosus
1632 2618 1640 2630 ‚
1661 2595 1803 2634 popularis
1815 2596 1900 2625 horno
1910 2605 1942 2626 ac
1953 2593 2139 2625 turbulentus.

1365 2634 1451 2664 lambi
1464 2634 1608 2663 criminosi.
1633 2633 1700 2663 Hor.
1718 2643 1740 2663 1.
1755 2635 1844 2664 Carni,
1866 2637 1906 2663 16.
1917 2643 1942 2663 2.

1365 2672 1488 2702 Nomine
1502 2671 1650 2701 criminoso
1660 2672 1804 2708 inquinare
1819 2671 1970 2701 officiosam
1978 2668 2137 2700 amicitiam.
2160 2667 2217 2697 Cic.
2231 2676 2282 2705 pro
2294 2665 2386 2696 Plane.
2399 2668 2444 2699 46.

1366 2709 1462 2739 Oratio
1472 2709 1625 2739 criminosa.
1651 2709 1708 2739 Liv.
1721 2715 1746 2743 8.
1760 2719 1802 2739 12.
1827 2709 1967 2739 Dictatura
1986 2706 2130 2746 popularis
2141 2727 2150 2741 ,
2172 2707 2197 2736 &
2212 2704 2383 2734 orationibus
2400 2704 2429 2733 in
2440 2713 2488 2742 pa-

1384 2754 1437 2776 tres
1448 2747 1597 2777 criminosis
1606 2747 1672 2782 fuit,
1694 2749 1719 2777 &
1734 2748 1811 2785 quod
1824 2749 1874 2777 810.

1365 2784 1500 2822 Tempus.
1541 2785 1600 2814 Cic.
1619 2795 1668 2822 pro
1680 2784 1765 2822 Ligar.
1781 2797 1805 2819 ς.
1846 2785 1935 2821 [Νοη
1952 2783 2079 2821 Tempus
2104 2781 2192 2819 ipsum
2220 2778 2397 2809 criminosum
2417 2778 2488 2808 dicit

1384 2823 1511 2857 Tullius,
1533 2832 1627 2852 verum
1637 2822 1726 2860 ipsum
1736 2823 1841 2853 factum
1859 2823 1895 2860 Q.
1913 2821 2021 2859 Ligarii.
2062 2819 2147 2857 Quod
2157 2827 2258 2856 nempe
2266 2817 2326 2857 post
2334 2817 2489 2847 adventum

1385 2860 1447 2890 Vari
1459 2862 1485 2889 in
1502 2861 1589 2889 Africa
1600 2861 1706 2890 restitit.

1367 2896 1550 2928 Criminosum
1562 2900 1616 2928 hoc
1630 2899 1656 2927 ei
1667 2898 1719 2932 est,
1741 2898 1758 2928 i.
1773 2908 1798 2928 e.
1821 2897 1887 2927 Haec
1898 2905 1940 2926 res
1951 2895 2051 2925 inferet
2063 2895 2088 2924 ei
2100 2894 2206 2924 crimen
2216 2915 2224 2927 ,
2243 2892 2360 2923 crimine
2374 2892 2489 2921 damna.

1384 2936 1457 2965 bitur
1470 2943 1580 2974 propter
1592 2937 1654 2965 hoc.
1692 2936 1750 2965 Cic.
1764 2947 1791 2972 4.
1803 2935 1876 2965 Verr.
1894 2939 1954 2964 162.
1977 2934 2026 2963 llle
2035 2933 2090 2962 1100
2099 2931 2214 2970 putabat
2222 2930 2299 2960 Verri
2308 2928 2489 2959 criminosum

1384 2974 1460 3005 fore.
1481 2975 1499 3002 fi
1512 2975 1571 3010 ejus
1582 2974 1672 3003 stzituae
1685 2973 1904 3009 effentdejestae.
1947 2972 2024 3001 Idem
2043 2980 2094 3008 pro
2114 2969 2180 3000 Sull.
2202 2974 2244 3004 ³8·
2268 2968 2311 2998 Ne
2328 2967 2346 2997 si
2364 2973 2490 3005 argueret

1386 3012 1498 3048 quidem
1511 3020 1571 3041 tuin
1581 3012 1701 3048 denique
1712 3033 1720 3046 ,
1742 3021 1828 3049 quum
1839 3011 1904 3040 ell'et
1912 3011 2094 3047 interrogatus
2103 3029 2112 3044 ,
2135 3007 2164 3036 id
2173 3007 2247 3036 mihi
2261 3005 2439 3036 criminosum
2449 3005 2488 3035 vi-

1386 3049 1504 3078 deretur.
1541 3049 1691 3085 [Subaudi
1707 3050 1735 3078 ln
1747 3059 1823 3079 reum
1833 3071 1841 3084 ,
1863 3056 1893 3078 ut
1905 3051 1948 3083 36.
2267 3056 2284 3066 ³

1366 3087 1495 3123 Compar.
1538 3089 1637 3117 Auctor
1646 3087 1680 3116 ad
1694 3087 1812 3116 Herenn.
1827 3097 1852 3122 4.
1872 3096 1914 3121 52.
1945 3083 2139 3120 Frequentatio
2161 3081 2214 3117 est,
2235 3090 2300 3111 cum
2321 3089 2365 3110 res
2384 3080 2413 3109 in
2429 3087 2488 3110 tota

1387 3124 1465 3154 causa
1478 3124 1601 3161 disperlae
1611 3132 1747 3163 coguntur
1760 3125 1789 3153 in
1801 3134 1887 3154 unum
1899 3146 1907 3159 ,
1929 3132 1984 3160 quo
1998 3122 2121 3158 gravior,
2143 3127 2191 3149 aut
2202 3119 2308 3155 acrior,
2329 3124 2377 3148 aut
2398 3117 2490 3148 crimi-

1387 3162 1477 3191 nosior
1486 3164 1573 3191 oratio
1586 3163 1622 3191 lit.

1367 3200 1475 3237 Superl.
1517 3200 1590 3229 Suet.
1605 3199 1669 3229 Caes.
1684 3209 1745 3238 cap.
1758 3209 1803 3236 7<-
1825 3198 1941 3234 Aulique
1953 3197 2070 3227 Caecinae
2079 3193 2299 3225 criminosissimo
2307 3193 2380 3224 libro
2391 3214 2400 3229 ,
2418 3192 2491 3222 lace-

1387 3246 1472 3266 ratam
1486 3238 1716 3267 existimationem
1730 3259 1737 3272 ,
1759 3236 1834 3266 civili
1846 3237 1940 3265 animo
1950 3234 2021 3264 tulit.

1330 3275 1538 3305 Cainiuosiz
1550 3297 1557 3310 ‚
1582 3276 1647 3304 Adv.
1672 3273 1894 3311 [ἐιῖιλημοιηκῶς]
1916 3273 1973 3302 Cic.
1985 3269 2122 3309 proRosc.
2138 3272 2224 3299 timer.
2239 3280 2281 3304 ςς.
2307 3268 2401 3308 Quum
2411 3266 2488 3296 enim

1369 3312 1472 3349 aliquid
1485 3313 1583 3341 habeat
1594 3313 1669 3349 quod
1679 3312 1759 3351 possit
1769 3309 1916 3341 criminose
1926 3320 1958 3340 ac
1969 3307 2115 3348 suspiciose
2124 3309 2219 3338 dicere
2227 3329 2236 3343 ,
2256 3315 2350 3346 aperte
2365 3303 2489 3334 ludifica-

1370 3351 1390 3378 ri
1404 3352 1428 3380 81
1439 3349 1599 3380 calumniari
1612 3350 1698 3380 sciens
1708 3359 1767 3379 non
1778 3349 1912 3379 videatur.

1370 3387 1498 3425 Compar.
1541 3388 1596 3416 Cic.
1617 3388 1651 3416 de
1672 3387 1743 3417 Clar.
1763 3387 1840 3416 Orat.
1854 3395 1914 3422 131.
1937 3384 1995 3422 Qui
2011 3382 2180 3422 suspiciosius
2197 3387 2244 3412 aut
2260 3380 2431 3411 criminosius
2448 3379 2491 3409 di-

1391 3432 1465 3454 00101
1478 3448 1484 3460 ,
1504 3425 1634 3455 audivisse
1648 3435 1692 3454 me
1701 3425 1852 3454 neminem.

1370 3462 1476 3499 Superl.
1517 3463 1590 3492 Suet.
1601 3463 1693 3492 Tiber.
1707 3472 1768 3500 cap.
1782 3472 1806 3497 ς.
1828 3457 2208 3491 Criminofiffimeinseeratus
2219 3455 2265 3485 est.

1595 3501 1696 3533 ε’[ῗςςιλέω
1707 3522 1715 3536 ,
1733 3501 1869 3534 finimus,
1881 3493 2032 3533 :aly-Cinam]
2050 3496 2098 3525 ari.
2122 3492 2329 3524 Contumeliose
2340 3492 2489 3529 reprehen-

1371 3538 1444 3567 dere.
1486 3537 1542 3566 Cic.
1560 3549 1581 3568 1.
1598 3540 1648 3568 Art.
1666 3548 1706 3573 14.
1729 3536 1872 3567 Messalam
1893 3533 2042 3565 Consulem
2064 3530 2264 3564 contumeliose
2283 3530 2421 3566 laedebat,
2443 3538 2489 3560 me

1370 3582 1479 3604 tantum
1490 3575 1653 3612 comperisse
1664 3576 1758 3604 omnia
1769 3573 1977 3603 criminabatur.

1373 3612 1516 3642 Criminari
1527 3613 1646 3649 aliquem
1658 3613 1744 3641 alteri.
1767 3611 1831 3642 Ter.
1846 3611 1913 3641 Eun.
1931 3621 1954 3646 ς.
1969 3618 1994 3639 2.
2010 3611 2054 3639 16.

1453 3651 1530 3679 lianc
1542 3652 1628 3679 metui
1640 3673 1647 3684 ,
1670 3660 1705 3679 ne
1715 3659 1759 3679 me
1768 3650 1958 3679 criminaretur
1971 3647 2030 3676 tibi.

1371 3687 1517 3717 Criminari
1529 3689 1613 3724 apud.
1636 3688 1692 3717 Cic.
1709 3697 1732 3723 ῃ.
1752 3687 1808 3717 Off.
1823 3697 1866 3722 79.
1890 3687 1925 3723 Q.
1940 3683 2086 3716 Metellum
2098 3683 2150 3713 &a
2170 3680 2246 3719 apud
2256 3690 2323 3719 pop.
2334 3679 2418 3710 Rom.
2439 3680 2491 3709 cri·

1390 3725 1509 3753 minatus
1527 3726 1563 3754 est
1576 3747 1584 3759 ,
1606 3726 1709 3755 belluni
1724 3725 1803 3754 illuni
1814 3725 1924 3754 ducere.

1372 3762 1516 3791 Criminari
1526 3762 1639 3799 aliquid.
1663 3763 1721 3791 Cic.
1732 3766 1755 3791 6.
1776 3763 1847 3792 Verr.
1864 3771 1905 3797 59.
1927 3760 1988 3796 Jam
2001 3759 2077 3788 enim
2087 3765 2144 3785 non
2155 3755 2327 3786 libetomnia
2339 3754 2489 3784 criminari.

1371 3800 1668 3829 l’otentiaminvidiose
1681 3800 1804 3836 alicujus.
1830 3800 1887 3828 Cic.
1902 3808 1953 3837 pro
1966 3797 2066 3828 Milon.
2077 3803 2122 3823 2ο.

1372 3836 1415 3866 De
1428 3837 1520 3874 aliquo
1530 3837 1633 3873 aliquid
1685 3838 1743 3881 Cic.
1755 3847 1806 3876 pro
1815 3837 1906 3868 Plane.
1922 3841 1966 3874 38.
1989 3833 2069 3865 Libet
2080 3832 2156 3862 enim
2166 3831 2217 3862 tibi
2224 3829 2318 3861 nescio
2327 3829 2393 3868 quid
2405 3829 2492 3859 etiam

1393 3875 1428 3905 de
1436 3874 1482 3904 illa
1491 3874 1561 3906 tribu
1570 3876 1718 3907 criminari.

2366 3903 2491 3935 Consue-

2181 439 2216 470 al.
2237 438 2359 470 Vulnera
2373 436 2486 467 restius.
2506 474 2515 479 ἱ
