<?xml version="1.0" encoding="UTF-8"?>
<!DOCTYPE html PUBLIC "-//W3C//DTD XHTML 1.0 Transitional//EN"
    "http://www.w3.org/TR/xhtml1/DTD/xhtml1-transitional.dtd">
<html xmlns="http://www.w3.org/1999/xhtml" xml:lang="en" lang="en">
 <head>
  <title>
</title>
<meta http-equiv="Content-Type" content="text/html;charset=utf-8" />
  <meta name='ocr-system' content='tesseract 3.04.00' />
  <meta name='ocr-capabilities' content='ocr_page ocr_carea ocr_par ocr_line ocrx_word'/>
</head>
<body>
  <div class='ocr_page' id='page_1' title='image "./robertistephanil01esti_0740.png"; bbox 0 0 2604 4222; ppageno 0'>
   <div class='ocr_carea' id='block_1_1' title="bbox 131 129 807 178">
    <p class='ocr_par' dir='ltr' id='par_1_1' title="bbox 131 129 807 178">
     <span class='ocr_line' id='line_1_1' title="bbox 131 129 807 178; baseline -0.022 1"><span class='ocrx_word' id='word_1_1' title='bbox 131 145 200 178; x_wconf 84' lang='lat'>666</span> <span class='ocrx_word' id='word_1_2' title='bbox 519 136 548 171; x_wconf 90' lang='lat' dir='ltr'>C</span> <span class='ocrx_word' id='word_1_3' title='bbox 644 134 679 168; x_wconf 93' lang='lat' dir='ltr'>O</span> <span class='ocrx_word' id='word_1_4' title='bbox 773 129 807 164; x_wconf 91' lang='lat' dir='ltr'>N</span> 
     </span>
    </p>
   </div>
   <div class='ocr_carea' id='block_1_2' title="bbox 169 210 944 589">
    <p class='ocr_par' dir='ltr' id='par_1_2' title="bbox 260 210 925 294">
     <span class='ocr_line' id='line_1_2' title="bbox 260 210 925 256; baseline -0.026 -4"><span class='ocrx_word' id='word_1_5' title='bbox 260 221 324 256; x_wconf 83' lang='lat' dir='ltr'>Hic,</span> <span class='ocrx_word' id='word_1_6' title='bbox 342 219 389 249; x_wconf 90' lang='lat' dir='ltr'>ubi</span> <span class='ocrx_word' id='word_1_7' title='bbox 402 216 543 256; x_wconf 78' lang='lat' dir='ltr'><strong>conspicui</strong></span> <span class='ocrx_word' id='word_1_8' title='bbox 555 212 719 246; x_wconf 90' lang='lat' dir='ltr'>venerabilis</span> <span class='ocrx_word' id='word_1_9' title='bbox 730 210 925 253; x_wconf 82' lang='lat' dir='ltr'>amphitheatri</span> 
     </span>
     <span class='ocr_line' id='line_1_3' title="bbox 328 250 911 294; baseline -0.026 -7"><span class='ocrx_word' id='word_1_10' title='bbox 328 258 445 294; x_wconf 80' lang='lat' dir='ltr'>Erigitur</span> <span class='ocrx_word' id='word_1_11' title='bbox 457 256 555 290; x_wconf 88' lang='lat' dir='ltr'>moles,</span> <span class='ocrx_word' id='word_1_12' title='bbox 575 254 664 289; x_wconf 87' lang='lat' dir='ltr'>stagna</span> <span class='ocrx_word' id='word_1_13' title='bbox 674 250 792 293; x_wconf 68' lang='lat' dir='ltr'>Neronis</span> <span class='ocrx_word' id='word_1_14' title='bbox 801 252 886 275; x_wconf 88' lang='lat' dir='ltr'>erant.</span> <span class='ocrx_word' id='word_1_15' title='bbox 905 281 911 286; x_wconf 43' lang='grc'><em>·</em></span> 
     </span>
    </p>

    <p class='ocr_par' dir='ltr' id='par_1_3' title="bbox 169 280 944 369">
     <span class='ocr_line' id='line_1_4' title="bbox 169 280 944 331; baseline -0.026 -3"><span class='ocrx_word' id='word_1_16' title='bbox 169 297 306 328; x_wconf 79' lang='lat' dir='ltr'>Occultos</span> <span class='ocrx_word' id='word_1_17' title='bbox 318 297 343 325; x_wconf 85' lang='lat'>&amp;</span> <span class='ocrx_word' id='word_1_18' title='bbox 354 294 524 331; x_wconf 90' lang='lat' dir='ltr'>Conspicuus</span> <span class='ocrx_word' id='word_1_19' title='bbox 537 313 545 326; x_wconf 90' lang='lat'><em>‚</em></span> <span class='ocrx_word' id='word_1_20' title='bbox 565 296 715 329; x_wconf 44' lang='lat' dir='ltr'>contraria..</span> <span class='ocrx_word' id='word_1_21' title='bbox 731 284 813 314; x_wconf 93' lang='lat' dir='ltr'>Ovid.</span> <span class='ocrx_word' id='word_1_22' title='bbox 825 294 852 318; x_wconf 90' lang='lat'>4.</span> <span class='ocrx_word' id='word_1_23' title='bbox 863 280 944 311; x_wconf 84' lang='lat' dir='ltr'>Tnst.</span> 
     </span>
     <span class='ocr_line' id='line_1_5' title="bbox 170 323 802 369; baseline -0.027 -3"><span class='ocrx_word' id='word_1_24' title='bbox 170 335 287 366; x_wconf 86' lang='lat' dir='ltr'>Praesens</span> <span class='ocrx_word' id='word_1_25' title='bbox 298 335 323 364; x_wconf 86' lang='lat'>&amp;</span> <span class='ocrx_word' id='word_1_26' title='bbox 335 332 506 369; x_wconf 89' lang='lat' dir='ltr'>conspicuus.</span> <span class='ocrx_word' id='word_1_27' title='bbox 527 327 611 358; x_wconf 85' lang='lat' dir='ltr'>Ovid.</span> <span class='ocrx_word' id='word_1_28' title='bbox 625 334 650 369; x_wconf 69' lang='lat'>²:</span> <span class='ocrx_word' id='word_1_29' title='bbox 669 323 748 353; x_wconf 91' lang='lat' dir='ltr'>Trist.</span> <span class='ocrx_word' id='word_1_30' title='bbox 759 331 802 356; x_wconf 76' lang='lat'>54.</span> 
     </span>
    </p>

    <p class='ocr_par' dir='ltr' id='par_1_4' title="bbox 171 358 885 479">
     <span class='ocr_line' id='line_1_6' title="bbox 252 358 885 407; baseline -0.027 -5"><span class='ocrx_word' id='word_1_31' title='bbox 252 373 300 402; x_wconf 88' lang='lat' dir='ltr'>Per</span> <span class='ocrx_word' id='word_1_32' title='bbox 309 378 337 400; x_wconf 85' lang='lat' dir='ltr'>te</span> <span class='ocrx_word' id='word_1_33' title='bbox 351 369 510 407; x_wconf 59' lang='lat' dir='ltr'>praesentem</span> <span class='ocrx_word' id='word_1_34' title='bbox 520 388 528 400; x_wconf 87' lang='lat'>,</span> <span class='ocrx_word' id='word_1_35' title='bbox 547 363 782 406; x_wconf 78' lang='lat' dir='ltr'>conspicuumque</span> <span class='ocrx_word' id='word_1_36' title='bbox 791 358 885 387; x_wconf 84' lang='lat' dir='ltr'>deum.</span> 
     </span>
     <span class='ocr_line' id='line_1_7' title="bbox 172 400 754 445; baseline -0.026 -5"><span class='ocrx_word' id='word_1_37' title='bbox 172 410 265 440; x_wconf 83' lang='lat' dir='ltr'>Decus</span> <span class='ocrx_word' id='word_1_38' title='bbox 275 408 463 445; x_wconf 88' lang='lat' dir='ltr'>conspicuum.</span> <span class='ocrx_word' id='word_1_39' title='bbox 485 403 567 434; x_wconf 90' lang='lat' dir='ltr'>Ovid.</span> <span class='ocrx_word' id='word_1_40' title='bbox 579 402 613 430; x_wconf 89' lang='lat' dir='ltr'>ad</span> <span class='ocrx_word' id='word_1_41' title='bbox 624 400 679 428; x_wconf 79' lang='lat' dir='ltr'>Liv.</span> <span class='ocrx_word' id='word_1_42' title='bbox 693 401 754 434; x_wconf 77' lang='lat'>336.</span> 
     </span>
     <span class='ocr_line' id='line_1_8' title="bbox 171 441 758 479; baseline -0.026 -1"><span class='ocrx_word' id='word_1_43' title='bbox 171 448 248 477; x_wconf 88' lang='lat' dir='ltr'>Loci.</span> <span class='ocrx_word' id='word_1_44' title='bbox 270 446 353 476; x_wconf 86' lang='lat' dir='ltr'>Ovid.</span> <span class='ocrx_word' id='word_1_45' title='bbox 367 453 390 479; x_wconf 82' lang='lat'>3,</span> <span class='ocrx_word' id='word_1_46' title='bbox 404 444 437 472; x_wconf 88' lang='lat' dir='ltr'>de</span> <span class='ocrx_word' id='word_1_47' title='bbox 449 444 509 471; x_wconf 85' lang='lat' dir='ltr'>Arte</span> <span class='ocrx_word' id='word_1_48' title='bbox 522 441 579 469; x_wconf 85' lang='lat' dir='ltr'>Am.</span> <span class='ocrx_word' id='word_1_49' title='bbox 594 447 656 473; x_wconf 81' lang='lat'><em>³94-</em></span> <span class='ocrx_word' id='word_1_50' title='bbox 752 471 758 477; x_wconf 41' lang='grc'><strong>.</strong></span> 
     </span>
    </p>

    <p class='ocr_par' dir='ltr' id='par_1_5' title="bbox 171 472 782 589">
     <span class='ocr_line' id='line_1_9' title="bbox 253 472 782 518; baseline -0.025 -5"><span class='ocrx_word' id='word_1_51' title='bbox 253 485 330 512; x_wconf 86' lang='lat' dir='ltr'>Visite</span> <span class='ocrx_word' id='word_1_52' title='bbox 341 480 493 518; x_wconf 75' lang='lat' dir='ltr'>conspicuis</span> <span class='ocrx_word' id='word_1_53' title='bbox 501 485 576 507; x_wconf 86' lang='lat' dir='ltr'>terna</span> <span class='ocrx_word' id='word_1_54' title='bbox 585 476 690 505; x_wconf 79' lang='lat' dir='ltr'>theatra</span> <span class='ocrx_word' id='word_1_55' title='bbox 705 472 782 501; x_wconf 81' lang='lat' dir='ltr'>locis.</span> 
     </span>
     <span class='ocr_line' id='line_1_10' title="bbox 172 517 616 560; baseline -0.025 -8"><span class='ocrx_word' id='word_1_56' title='bbox 172 522 261 560; x_wconf 85' lang='lat' dir='ltr'>Opus.</span> <span class='ocrx_word' id='word_1_57' title='bbox 283 519 365 550; x_wconf 88' lang='lat' dir='ltr'>Ovid.</span> <span class='ocrx_word' id='word_1_58' title='bbox 379 529 401 551; x_wconf 82' lang='grc' dir='ltr'>ς.</span> <span class='ocrx_word' id='word_1_59' title='bbox 420 517 498 546; x_wconf 84' lang='lat' dir='ltr'>Trist.</span> <span class='ocrx_word' id='word_1_60' title='bbox 516 525 556 550; x_wconf 87' lang='lat'>14.</span> <span class='ocrx_word' id='word_1_61' title='bbox 571 519 616 556; x_wconf 81' lang='lat'>84:</span> 
     </span>
     <span class='ocr_line' id='line_1_11' title="bbox 171 549 738 589; baseline -0.026 1"><span class='ocrx_word' id='word_1_62' title='bbox 171 560 308 589; x_wconf 86' lang='lat' dir='ltr'>Venustas.</span> <span class='ocrx_word' id='word_1_63' title='bbox 330 557 406 586; x_wconf 66' lang='lat' dir='ltr'>Auet.</span> <span class='ocrx_word' id='word_1_64' title='bbox 417 555 451 583; x_wconf 85' lang='lat' dir='ltr'>ad</span> <span class='ocrx_word' id='word_1_65' title='bbox 467 554 585 583; x_wconf 84' lang='lat' dir='ltr'>Herenn.</span> <span class='ocrx_word' id='word_1_66' title='bbox 598 549 643 579; x_wconf 87' lang='lat' dir='ltr'>lib.</span> <span class='ocrx_word' id='word_1_67' title='bbox 656 557 680 583; x_wconf 81' lang='lat'>3.</span> <span class='ocrx_word' id='word_1_68' title='bbox 692 550 738 577; x_wconf 83' lang='lat'>26.</span> 
     </span>
    </p>
   </div>
   <div class='ocr_carea' id='block_1_3' title="bbox 170 591 682 666">
    <p class='ocr_par' dir='ltr' id='par_1_6' title="bbox 170 591 682 666">
     <span class='ocr_line' id='line_1_12' title="bbox 170 591 682 631; baseline -0.025 -3"><span class='ocrx_word' id='word_1_69' title='bbox 170 597 270 627; x_wconf 85' lang='lat' dir='ltr'>Vertex</span> <span class='ocrx_word' id='word_1_70' title='bbox 284 596 346 624; x_wconf 88' lang='lat' dir='ltr'>late.</span> <span class='ocrx_word' id='word_1_71' title='bbox 369 593 433 622; x_wconf 83' lang='lat' dir='ltr'>Hor.</span> <span class='ocrx_word' id='word_1_72' title='bbox 445 600 468 626; x_wconf 82' lang='lat'>3.</span> <span class='ocrx_word' id='word_1_73' title='bbox 480 592 567 619; x_wconf 88' lang='lat' dir='ltr'>Carm.</span> <span class='ocrx_word' id='word_1_74' title='bbox 584 591 625 631; x_wconf 41' lang='lat'>16..</span> <span class='ocrx_word' id='word_1_75' title='bbox 640 596 682 622; x_wconf 98' lang='grc'>19.</span> 
     </span>
     <span class='ocr_line' id='line_1_13' title="bbox 358 628 622 666; baseline -0.023 -6"><span class='ocrx_word' id='word_1_76' title='bbox 358 646 394 651; x_wconf 89' lang='grc'>--</span> <span class='ocrx_word' id='word_1_77' title='bbox 407 631 464 662; x_wconf 82' lang='lat' dir='ltr'>iure</span> <span class='ocrx_word' id='word_1_78' title='bbox 477 628 622 666; x_wconf 86' lang='lat' dir='ltr'>perhorrui</span> 
     </span>
    </p>
   </div>
   <div class='ocr_carea' id='block_1_4' title="bbox 169 664 1271 744">
    <p class='ocr_par' dir='ltr' id='par_1_7' title="bbox 169 664 1271 744">
     <span class='ocr_line' id='line_1_14' title="bbox 169 664 1271 744; baseline -0.023 -6"><span class='ocrx_word' id='word_1_79' title='bbox 169 664 791 744; x_wconf 33' lang='lat' dir='ltr'>ConsppcztgScaqilicsffieuuffissoflebre3igerggzerilii.</span> <span class='ocrx_word' id='word_1_80' title='bbox 812 691 935 730; x_wconf 83' lang='lat' dir='ltr'>Reliquae</span> <span class='ocrx_word' id='word_1_81' title='bbox 944 695 998 720; x_wconf 84' lang='lat' dir='ltr'>tres</span> <span class='ocrx_word' id='word_1_82' title='bbox 1008 711 1017 724; x_wconf 89' lang='lat'>‚</span> <span class='ocrx_word' id='word_1_83' title='bbox 1037 697 1097 726; x_wconf 83' lang='lat' dir='ltr'>quae</span> <span class='ocrx_word' id='word_1_84' title='bbox 1108 685 1205 716; x_wconf 89' lang='lat' dir='ltr'>orbem</span> <span class='ocrx_word' id='word_1_85' title='bbox 1217 690 1271 714; x_wconf 86' lang='lat' dir='ltr'>ter-</span> 
     </span>
    </p>
   </div>
   <div class='ocr_carea' id='block_1_5' title="bbox 166 723 1271 1043">
    <p class='ocr_par' dir='ltr' id='par_1_8' title="bbox 166 723 1271 1043">
     <span class='ocr_line' id='line_1_15' title="bbox 190 723 1271 780; baseline -0.023 -5"><span class='ocrx_word' id='word_1_86' title='bbox 190 755 278 775; x_wconf 87' lang='lat' dir='ltr'>rarum</span> <span class='ocrx_word' id='word_1_87' title='bbox 293 743 439 780; x_wconf 88' lang='lat' dir='ltr'>implevere</span> <span class='ocrx_word' id='word_1_88' title='bbox 450 741 538 774; x_wconf 81' lang='lat' dir='ltr'>fama,</span> <span class='ocrx_word' id='word_1_89' title='bbox 558 740 620 768; x_wconf 88' lang='lat' dir='ltr'>sane</span> <span class='ocrx_word' id='word_1_90' title='bbox 633 735 788 772; x_wconf 85' lang='lat' dir='ltr'>conspicuae</span> <span class='ocrx_word' id='word_1_91' title='bbox 804 731 930 774; x_wconf 77' lang='lat' dir='ltr'>undique</span> <span class='ocrx_word' id='word_1_92' title='bbox 942 725 1169 768; x_wconf 78' lang='lat' dir='ltr'>adnaVigantibus</span> <span class='ocrx_word' id='word_1_93' title='bbox 1185 746 1193 758; x_wconf 84' lang='lat'>,</span> <span class='ocrx_word' id='word_1_94' title='bbox 1207 723 1271 767; x_wconf 32' lang='lat' dir='ltr'>*sitae</span> 
     </span>
     <span class='ocr_line' id='line_1_16' title="bbox 187 761 1269 819; baseline -0.022 -7"><span class='ocrx_word' id='word_1_95' title='bbox 187 783 282 812; x_wconf 88' lang='lat' dir='ltr'>suntin</span> <span class='ocrx_word' id='word_1_96' title='bbox 295 787 371 819; x_wconf 89' lang='lat' dir='ltr'>parte</span> <span class='ocrx_word' id='word_1_97' title='bbox 382 780 492 812; x_wconf 75' lang='lat' dir='ltr'>Africae,</span> <span class='ocrx_word' id='word_1_98' title='bbox 512 783 607 806; x_wconf 88' lang='lat' dir='ltr'>monte</span> <span class='ocrx_word' id='word_1_99' title='bbox 616 775 706 804; x_wconf 72' lang='lat' dir='ltr'>saxeo·</span> <span class='ocrx_word' id='word_1_100' title='bbox 743 772 785 801; x_wconf 92' lang='lat' dir='ltr'>De</span> <span class='ocrx_word' id='word_1_101' title='bbox 796 761 1269 812; x_wconf 67' lang='lat' dir='ltr'>Pyramidibusffigyptiisloquitur.</span> 
     </span>
     <span class='ocr_line' id='line_1_17' title="bbox 186 799 1268 853; baseline -0.021 -4"><span class='ocrx_word' id='word_1_102' title='bbox 186 821 274 850; x_wconf 82' lang='lat' dir='ltr'><strong>Tacit.</strong></span> <span class='ocrx_word' id='word_1_103' title='bbox 285 828 308 853; x_wconf 81' lang='lat'>³·</span> <span class='ocrx_word' id='word_1_104' title='bbox 322 818 386 847; x_wconf 85' lang='lat' dir='ltr'>Hist.</span> <span class='ocrx_word' id='word_1_105' title='bbox 402 826 443 852; x_wconf 89' lang='lat'>¹7·</span> <span class='ocrx_word' id='word_1_106' title='bbox 465 815 596 849; x_wconf 85' lang='lat' dir='ltr'>Consilio,</span> <span class='ocrx_word' id='word_1_107' title='bbox 617 821 709 846; x_wconf 84' lang='lat' dir='ltr'>manu,</span> <span class='ocrx_word' id='word_1_108' title='bbox 726 817 795 838; x_wconf 91' lang='lat' dir='ltr'>voce</span> <span class='ocrx_word' id='word_1_109' title='bbox 806 807 916 844; x_wconf 77' lang='lat' dir='ltr'>insignis</span> <span class='ocrx_word' id='word_1_110' title='bbox 928 804 1008 838; x_wconf 78' lang='lat' dir='ltr'>hosti,</span> <span class='ocrx_word' id='word_1_111' title='bbox 1027 801 1193 843; x_wconf 81' lang='lat' dir='ltr'>conspicuus</span> <span class='ocrx_word' id='word_1_112' title='bbox 1205 799 1268 828; x_wconf 90' lang='lat' dir='ltr'>suis.</span> 
     </span>
     <span class='ocr_line' id='line_1_18' title="bbox 168 838 1266 894; baseline -0.022 -7"><span class='ocrx_word' id='word_1_113' title='bbox 168 857 338 894; x_wconf 88' lang='lat' dir='ltr'>Conspicuus</span> <span class='ocrx_word' id='word_1_114' title='bbox 350 856 434 884; x_wconf 90' lang='lat' dir='ltr'>homo</span> <span class='ocrx_word' id='word_1_115' title='bbox 444 875 452 889; x_wconf 86' lang='lat'>‚</span> <span class='ocrx_word' id='word_1_116' title='bbox 473 854 565 890; x_wconf 86' lang='lat' dir='ltr'><strong>Quem</strong></span> <span class='ocrx_word' id='word_1_117' title='bbox 587 859 684 879; x_wconf 85' lang='lat' dir='ltr'>omnes</span> <span class='ocrx_word' id='word_1_118' title='bbox 704 847 872 888; x_wconf 82' lang='lat' dir='ltr'>admirantur</span> <span class='ocrx_word' id='word_1_119' title='bbox 885 844 910 873; x_wconf 65' lang='grc' dir='ltr'><strong>ἃ</strong></span> <span class='ocrx_word' id='word_1_120' title='bbox 923 847 1090 886; x_wconf 72' lang='lat' dir='ltr'>reyerentur.</span> <span class='ocrx_word' id='word_1_121' title='bbox 1113 838 1168 881; x_wconf 62' lang='lat' dir='ltr'>[av.</span> <span class='ocrx_word' id='word_1_122' title='bbox 1183 846 1208 865; x_wconf 90' lang='lat'>1.</span> <span class='ocrx_word' id='word_1_123' title='bbox 1222 845 1266 871; x_wconf 76' lang='lat'>34.</span> 
     </span>
     <span class='ocr_line' id='line_1_19' title="bbox 186 875 1229 929; baseline -0.021 -5"><span class='ocrx_word' id='word_1_124' title='bbox 186 901 253 924; x_wconf 84' lang='lat' dir='ltr'>extr.</span> <span class='ocrx_word' id='word_1_125' title='bbox 275 894 335 929; x_wconf 83' lang='lat' dir='ltr'>Jarn</span> <span class='ocrx_word' id='word_1_126' title='bbox 347 895 373 922; x_wconf 71' lang='grc' dir='ltr'><strong>ἃ</strong></span> <span class='ocrx_word' id='word_1_127' title='bbox 384 893 514 921; x_wconf 87' lang='lat' dir='ltr'>Romanis</span> <span class='ocrx_word' id='word_1_128' title='bbox 525 889 702 926; x_wconf 86' lang='lat' dir='ltr'>conspicuum</span> <span class='ocrx_word' id='word_1_129' title='bbox 714 894 778 914; x_wconf 88' lang='lat' dir='ltr'>eum</span> <span class='ocrx_word' id='word_1_130' title='bbox 790 889 898 912; x_wconf 75' lang='lat' dir='ltr'>nowtas</span> <span class='ocrx_word' id='word_1_131' title='bbox 909 882 1065 921; x_wconf 78' lang='lat' dir='ltr'>diVitiaeque</span> <span class='ocrx_word' id='word_1_132' title='bbox 1081 875 1229 905; x_wconf 83' lang='lat' dir='ltr'>faciebant.</span> 
     </span>
     <span class='ocr_line' id='line_1_20' title="bbox 166 912 1268 966; baseline -0.02 -5"><span class='ocrx_word' id='word_1_133' title='bbox 166 933 235 962; x_wconf 83' lang='lat' dir='ltr'>Albo</span> <span class='ocrx_word' id='word_1_134' title='bbox 247 931 338 960; x_wconf 91' lang='lat' dir='ltr'>colore</span> <span class='ocrx_word' id='word_1_135' title='bbox 347 929 520 966; x_wconf 88' lang='lat' dir='ltr'>conspicuus.</span> <span class='ocrx_word' id='word_1_136' title='bbox 556 924 695 956; x_wconf 88' lang='lat' dir='ltr'>Columel.</span> <span class='ocrx_word' id='word_1_137' title='bbox 706 922 754 966; x_wconf 76' lang='lat' dir='ltr'>lib.</span> <span class='ocrx_word' id='word_1_138' title='bbox 766 931 792 958; x_wconf 87' lang='lat'>7.</span> <span class='ocrx_word' id='word_1_139' title='bbox 804 929 866 958; x_wconf 89' lang='lat' dir='ltr'>cap.</span> <span class='ocrx_word' id='word_1_140' title='bbox 880 927 921 948; x_wconf 89' lang='lat'>12.</span> <span class='ocrx_word' id='word_1_141' title='bbox 943 918 986 947; x_wconf 84' lang='lat' dir='ltr'>Ne</span> <span class='ocrx_word' id='word_1_142' title='bbox 999 919 1017 945; x_wconf 87' lang='lat'>11</span> <span class='ocrx_word' id='word_1_143' title='bbox 1030 924 1088 944; x_wconf 88' lang='lat' dir='ltr'>non</span> <span class='ocrx_word' id='word_1_144' title='bbox 1107 913 1139 943; x_wconf 85' lang='lat' dir='ltr'>sit</span> <span class='ocrx_word' id='word_1_145' title='bbox 1148 912 1211 942; x_wconf 90' lang='lat' dir='ltr'>albo</span> <span class='ocrx_word' id='word_1_146' title='bbox 1222 920 1268 941; x_wconf 89' lang='lat' dir='ltr'>co-</span> 
     </span>
     <span class='ocr_line' id='line_1_21' title="bbox 186 962 785 1003; baseline -0.018 -5"><span class='ocrx_word' id='word_1_147' title='bbox 186 970 242 999; x_wconf 91' lang='lat' dir='ltr'>lore</span> <span class='ocrx_word' id='word_1_148' title='bbox 249 967 413 1003; x_wconf 83' lang='lat' dir='ltr'>conspicuus</span> <span class='ocrx_word' id='word_1_149' title='bbox 421 989 429 1001; x_wconf 81' lang='lat'>‚</span> <span class='ocrx_word' id='word_1_150' title='bbox 450 976 500 1003; x_wconf 89' lang='lat' dir='ltr'>pro</span> <span class='ocrx_word' id='word_1_151' title='bbox 512 965 577 1002; x_wconf 91' lang='lat' dir='ltr'>lupo</span> <span class='ocrx_word' id='word_1_152' title='bbox 588 971 687 993; x_wconf 88' lang='lat' dir='ltr'>canem</span> <span class='ocrx_word' id='word_1_153' title='bbox 698 962 785 1002; x_wconf 73' lang='lat' dir='ltr'>feriat.</span> 
     </span>
     <span class='ocr_line' id='line_1_22' title="bbox 166 992 1076 1043; baseline -0.02 -6"><span class='ocrx_word' id='word_1_154' title='bbox 166 1008 252 1037; x_wconf 76' lang='lat' dir='ltr'>Armis</span> <span class='ocrx_word' id='word_1_155' title='bbox 263 1005 426 1043; x_wconf 89' lang='lat' dir='ltr'>conspicuus</span> <span class='ocrx_word' id='word_1_156' title='bbox 437 1004 518 1040; x_wconf 81' lang='lat' dir='ltr'>longe</span> <span class='ocrx_word' id='word_1_157' title='bbox 527 1000 704 1039; x_wconf 77' lang='lat' dir='ltr'>fulgentibus.</span> <span class='ocrx_word' id='word_1_158' title='bbox 727 995 811 1027; x_wconf 93' lang='lat' dir='ltr'>Ovid.</span> <span class='ocrx_word' id='word_1_159' title='bbox 823 1005 849 1029; x_wconf 76' lang='grc'>4.</span> <span class='ocrx_word' id='word_1_160' title='bbox 861 993 896 1022; x_wconf 90' lang='lat' dir='ltr'>de</span> <span class='ocrx_word' id='word_1_161' title='bbox 905 992 984 1023; x_wconf 90' lang='lat' dir='ltr'>Pont.</span> <span class='ocrx_word' id='word_1_162' title='bbox 993 1001 1019 1028; x_wconf 89' lang='lat'>7.</span> <span class='ocrx_word' id='word_1_163' title='bbox 1033 999 1076 1027; x_wconf 84' lang='lat'>31.</span> 
     </span>
    </p>
   </div>
   <div class='ocr_carea' id='block_1_6' title="bbox 959 279 1078 310">
    <p class='ocr_par' dir='ltr' id='par_1_9' title="bbox 959 279 1078 310">
     <span class='ocr_line' id='line_1_23' title="bbox 959 279 1078 310; baseline -0.042 -2"><span class='ocrx_word' id='word_1_164' title='bbox 959 286 1002 308; x_wconf 90' lang='lat'>10.</span> <span class='ocrx_word' id='word_1_165' title='bbox 1016 279 1078 310; x_wconf 79' lang='lat'>108.</span> 
     </span>
    </p>
   </div>
   <div class='ocr_carea' id='block_1_7' title="bbox 165 1077 666 1117">
    <p class='ocr_par' dir='ltr' id='par_1_10' title="bbox 165 1077 666 1117">
     <span class='ocr_line' id='line_1_24' title="bbox 165 1077 666 1117; baseline -0.014 -6"><span class='ocrx_word' id='word_1_166' title='bbox 165 1082 263 1117; x_wconf 85' lang='lat' dir='ltr'>Toris‚</span> <span class='ocrx_word' id='word_1_167' title='bbox 283 1079 441 1110; x_wconf 88' lang='lat' dir='ltr'>Lacertosus</span> <span class='ocrx_word' id='word_1_168' title='bbox 451 1081 477 1109; x_wconf 70' lang='grc' dir='ltr'><strong>ἃ</strong></span> <span class='ocrx_word' id='word_1_169' title='bbox 487 1077 608 1112; x_wconf 85' lang='lat' dir='ltr'>torosus;</span> <span class='ocrx_word' id='word_1_170' title='bbox 631 1085 666 1112; x_wconf 94' lang='lat' dir='ltr'>qu</span> 
     </span>
    </p>
   </div>
   <div class='ocr_carea' id='block_1_8' title="bbox 165 1128 1265 1231">
    <p class='ocr_par' dir='ltr' id='par_1_11' title="bbox 165 1128 1265 1231">
     <span class='ocr_line' id='line_1_25' title="bbox 165 1128 1070 1193; baseline -0.018 -7"><span class='ocrx_word' id='word_1_171' title='bbox 165 1128 335 1193; x_wconf 36' lang='lat' dir='ltr'>&amp;3³33qu</span> <span class='ocrx_word' id='word_1_172' title='bbox 345 1156 407 1184; x_wconf 86' lang='lat' dir='ltr'>sons</span> <span class='ocrx_word' id='word_1_173' title='bbox 422 1155 450 1183; x_wconf 90' lang='lat' dir='ltr'>in</span> <span class='ocrx_word' id='word_1_174' title='bbox 465 1153 590 1192; x_wconf 77' lang='lat' dir='ltr'>planitie.</span> <span class='ocrx_word' id='word_1_175' title='bbox 611 1150 679 1180; x_wconf 91' lang='lat' dir='ltr'>Plin.</span> <span class='ocrx_word' id='word_1_176' title='bbox 691 1148 738 1178; x_wconf 93' lang='lat' dir='ltr'>lib.</span> <span class='ocrx_word' id='word_1_177' title='bbox 753 1150 779 1176; x_wconf 90' lang='lat'>6.</span> <span class='ocrx_word' id='word_1_178' title='bbox 796 1154 856 1182; x_wconf 86' lang='lat' dir='ltr'>cap.</span> <span class='ocrx_word' id='word_1_179' title='bbox 867 1152 914 1188; x_wconf 61' lang='lat'>37.</span> <span class='ocrx_word' id='word_1_180' title='bbox 1064 1178 1070 1185; x_wconf 91' lang='lat'>.</span> 
     </span>
     <span class='ocr_line' id='line_1_26' title="bbox 165 1177 1265 1231; baseline -0.017 -7"><span class='ocrx_word' id='word_1_181' title='bbox 165 1195 336 1231; x_wconf 84' lang='lat' dir='ltr'>Conspicuus</span> <span class='ocrx_word' id='word_1_182' title='bbox 350 1194 446 1222; x_wconf 81' lang='lat' dir='ltr'>forma.</span> <span class='ocrx_word' id='word_1_183' title='bbox 486 1191 554 1220; x_wconf 88' lang='lat' dir='ltr'>Plin.</span> <span class='ocrx_word' id='word_1_184' title='bbox 568 1199 594 1225; x_wconf 91' lang='lat'>7.</span> <span class='ocrx_word' id='word_1_185' title='bbox 609 1188 690 1226; x_wconf 88' lang='lat' dir='ltr'>Epist.</span> <span class='ocrx_word' id='word_1_186' title='bbox 702 1194 746 1222; x_wconf 89' lang='lat'>23.</span> <span class='ocrx_word' id='word_1_187' title='bbox 776 1185 813 1213; x_wconf 84' lang='lat' dir='ltr'>Ac</span> <span class='ocrx_word' id='word_1_188' title='bbox 833 1189 955 1221; x_wconf 89' lang='lat' dir='ltr'>primum</span> <span class='ocrx_word' id='word_1_189' title='bbox 975 1178 1141 1217; x_wconf 87' lang='lat' dir='ltr'>conspicuus</span> <span class='ocrx_word' id='word_1_190' title='bbox 1157 1177 1265 1212; x_wconf 89' lang='lat' dir='ltr'>forma,</span> 
     </span>
    </p>
   </div>
   <div class='ocr_carea' id='block_1_9' title="bbox 128 1217 1264 1379">
    <p class='ocr_par' dir='ltr' id='par_1_12' title="bbox 128 1217 1264 1379">
     <span class='ocr_line' id='line_1_27' title="bbox 183 1217 984 1265; baseline -0.015 -5"><span class='ocrx_word' id='word_1_191' title='bbox 183 1241 279 1260; x_wconf 88' lang='lat' dir='ltr'>omnes</span> <span class='ocrx_word' id='word_1_192' title='bbox 294 1231 432 1260; x_wconf 85' lang='lat' dir='ltr'>sermones</span> <span class='ocrx_word' id='word_1_193' title='bbox 442 1229 623 1265; x_wconf 87' lang='lat' dir='ltr'>malignorum</span> <span class='ocrx_word' id='word_1_194' title='bbox 635 1227 659 1256; x_wconf 86' lang='lat'>&amp;</span> <span class='ocrx_word' id='word_1_195' title='bbox 668 1233 737 1262; x_wconf 89' lang='lat' dir='ltr'>puer</span> <span class='ocrx_word' id='word_1_196' title='bbox 746 1221 886 1259; x_wconf 84' lang='lat' dir='ltr'>&amp;juvenis</span> <span class='ocrx_word' id='word_1_197' title='bbox 894 1217 984 1248; x_wconf 87' lang='lat' dir='ltr'>evasit.</span> 
     </span>
     <span class='ocr_line' id='line_1_28' title="bbox 164 1267 904 1305; baseline -0.015 -6"><span class='ocrx_word' id='word_1_198' title='bbox 164 1270 240 1299; x_wconf 86' lang='lat' dir='ltr'>Fide.</span> <span class='ocrx_word' id='word_1_199' title='bbox 261 1270 344 1298; x_wconf 88' lang='lat' dir='ltr'>Ovid.</span> <span class='ocrx_word' id='word_1_200' title='bbox 359 1279 382 1303; x_wconf 87' lang='grc' dir='ltr'>ς.</span> <span class='ocrx_word' id='word_1_201' title='bbox 396 1267 475 1305; x_wconf 85' lang='lat' dir='ltr'>Epist.</span> <span class='ocrx_word' id='word_1_202' title='bbox 491 1275 550 1302; x_wconf 84' lang='lat'>139.</span> <span class='ocrx_word' id='word_1_203' title='bbox 838 1295 844 1302; x_wconf 44' lang='lat'><strong>.</strong></span> <span class='ocrx_word' id='word_1_204' title='bbox 898 1294 904 1301; x_wconf 45' lang='lat'><strong>·</strong></span> 
     </span>
     <span class='ocr_line' id='line_1_29' title="bbox 164 1293 1122 1344; baseline -0.017 -8"><span class='ocrx_word' id='word_1_205' title='bbox 164 1307 335 1344; x_wconf 85' lang='lat' dir='ltr'>Conspicuus</span> <span class='ocrx_word' id='word_1_206' title='bbox 345 1304 535 1342; x_wconf 82' lang='lat' dir='ltr'>magnitudine</span> <span class='ocrx_word' id='word_1_207' title='bbox 546 1299 675 1344; x_wconf 81' lang='lat' dir='ltr'>Lunensis</span> <span class='ocrx_word' id='word_1_208' title='bbox 685 1297 785 1341; x_wconf 79' lang='lat' dir='ltr'>caseus.</span> <span class='ocrx_word' id='word_1_209' title='bbox 806 1295 875 1326; x_wconf 90' lang='lat' dir='ltr'>Plin.</span> <span class='ocrx_word' id='word_1_210' title='bbox 886 1293 935 1324; x_wconf 91' lang='lat' dir='ltr'>lib.</span> <span class='ocrx_word' id='word_1_211' title='bbox 947 1303 959 1322; x_wconf 90' lang='lat'>1</span> <span class='ocrx_word' id='word_1_212' title='bbox 967 1304 989 1323; x_wconf 88' lang='lat'>1.</span> <span class='ocrx_word' id='word_1_213' title='bbox 1006 1302 1066 1330; x_wconf 91' lang='lat' dir='ltr'>cap.</span> <span class='ocrx_word' id='word_1_214' title='bbox 1075 1300 1122 1327; x_wconf 83' lang='lat'>4²·</span> 
     </span>
     <span class='ocr_line' id='line_1_30' title="bbox 128 1325 1264 1379; baseline -0.016 -5"><span class='ocrx_word' id='word_1_215' title='bbox 128 1346 175 1374; x_wconf 87' lang='lat' dir='ltr'>Co</span> <span class='ocrx_word' id='word_1_216' title='bbox 186 1346 319 1373; x_wconf 65' lang='lat' dir='ltr'>Nspico</span> <span class='ocrx_word' id='word_1_217' title='bbox 331 1366 339 1378; x_wconf 88' lang='lat'>‚</span> <span class='ocrx_word' id='word_1_218' title='bbox 359 1346 413 1372; x_wconf 64' lang='lat' dir='ltr'>fire.</span> <span class='ocrx_word' id='word_1_219' title='bbox 445 1341 519 1379; x_wconf 89' lang='lat' dir='ltr'>apud</span> <span class='ocrx_word' id='word_1_220' title='bbox 542 1341 673 1375; x_wconf 82' lang='lat' dir='ltr'>Antiquos</span> <span class='ocrx_word' id='word_1_221' title='bbox 690 1337 798 1373; x_wconf 89' lang='lat' dir='ltr'>legitur.</span> <span class='ocrx_word' id='word_1_222' title='bbox 837 1332 921 1363; x_wconf 90' lang='lat' dir='ltr'>Varro</span> <span class='ocrx_word' id='word_1_223' title='bbox 940 1331 976 1361; x_wconf 90' lang='lat' dir='ltr'>de</span> <span class='ocrx_word' id='word_1_224' title='bbox 995 1330 1024 1360; x_wconf 92' lang='lat' dir='ltr'>L.</span> <span class='ocrx_word' id='word_1_225' title='bbox 1040 1331 1096 1359; x_wconf 85' lang='lat' dir='ltr'>Lat.</span> <span class='ocrx_word' id='word_1_226' title='bbox 1116 1331 1143 1358; x_wconf 89' lang='lat'>6.</span> <span class='ocrx_word' id='word_1_227' title='bbox 1163 1337 1190 1359; x_wconf 82' lang='lat'>2.</span> <span class='ocrx_word' id='word_1_228' title='bbox 1230 1325 1264 1357; x_wconf 87' lang='lat' dir='ltr'>V.</span> 
     </span>
    </p>
   </div>
   <div class='ocr_carea' id='block_1_10' title="bbox 126 1374 1266 1568">
    <p class='ocr_par' dir='ltr' id='par_1_13' title="bbox 166 1374 1079 1414">
     <span class='ocr_line' id='line_1_31' title="bbox 166 1374 1079 1414; baseline -0.015 -3"><span class='ocrx_word' id='word_1_229' title='bbox 166 1393 183 1411; x_wconf 93' lang='lat' dir='ltr'>c</span> <span class='ocrx_word' id='word_1_230' title='bbox 191 1392 208 1410; x_wconf 91' lang='lat' dir='ltr'>o</span> <span class='ocrx_word' id='word_1_231' title='bbox 217 1392 237 1410; x_wconf 87' lang='lat' dir='ltr'>N</span> <span class='ocrx_word' id='word_1_232' title='bbox 246 1391 257 1410; x_wconf 94' lang='lat' dir='ltr'>s</span> <span class='ocrx_word' id='word_1_233' title='bbox 265 1391 364 1410; x_wconf 78' lang='lat' dir='ltr'>Plelo</span> <span class='ocrx_word' id='word_1_234' title='bbox 374 1402 381 1414; x_wconf 83' lang='lat'>,</span> <span class='ocrx_word' id='word_1_235' title='bbox 403 1381 464 1409; x_wconf 73' lang='lat' dir='ltr'>&amp;nis</span> <span class='ocrx_word' id='word_1_236' title='bbox 475 1400 483 1413; x_wconf 86' lang='lat'>,</span> <span class='ocrx_word' id='word_1_237' title='bbox 502 1379 532 1407; x_wconf 89' lang='lat' dir='ltr'>in</span> <span class='ocrx_word' id='word_1_238' title='bbox 545 1376 629 1406; x_wconf 91' lang='lat' dir='ltr'>verbo</span> <span class='ocrx_word' id='word_1_239' title='bbox 647 1374 778 1404; x_wconf 90' lang='lat' dir='ltr'>consono.</span> <span class='ocrx_word' id='word_1_240' title='bbox 1073 1406 1079 1411; x_wconf 43' lang='grc' dir='ltr'>Ι</span> 
     </span>
    </p>

    <p class='ocr_par' dir='ltr' id='par_1_14' title="bbox 128 1403 1265 1493">
     <span class='ocr_line' id='line_1_32' title="bbox 128 1403 1265 1455; baseline -0.016 -5"><span class='ocrx_word' id='word_1_241' title='bbox 128 1420 176 1449; x_wconf 93' lang='lat' dir='ltr'>Co</span> <span class='ocrx_word' id='word_1_242' title='bbox 187 1429 205 1448; x_wconf 96' lang='lat' dir='ltr'>N</span> <span class='ocrx_word' id='word_1_243' title='bbox 216 1429 362 1452; x_wconf 73' lang='lat' dir='ltr'>SP100R,</span> <span class='ocrx_word' id='word_1_244' title='bbox 382 1419 430 1447; x_wconf 68' lang='lat' dir='ltr'>firi.</span> <span class='ocrx_word' id='word_1_245' title='bbox 451 1415 515 1455; x_wconf 86' lang='lat' dir='ltr'>pass.</span> <span class='ocrx_word' id='word_1_246' title='bbox 536 1415 610 1453; x_wconf 88' lang='lat' dir='ltr'>apud</span> <span class='ocrx_word' id='word_1_247' title='bbox 626 1412 751 1443; x_wconf 79' lang='lat' dir='ltr'>Priscian.</span> <span class='ocrx_word' id='word_1_248' title='bbox 764 1416 790 1445; x_wconf 88' lang='lat'>8.</span> <span class='ocrx_word' id='word_1_249' title='bbox 819 1409 966 1446; x_wconf 80' lang='lat' dir='ltr'>Paupertas</span> <span class='ocrx_word' id='word_1_250' title='bbox 984 1405 1168 1443; x_wconf 89' lang='lat' dir='ltr'>conspicatur.</span> <span class='ocrx_word' id='word_1_251' title='bbox 1208 1403 1265 1434; x_wconf 85' lang='lat' dir='ltr'>Sed</span> 
     </span>
     <span class='ocr_line' id='line_1_33' title="bbox 165 1456 1063 1493; baseline -0.012 -7"><span class='ocrx_word' id='word_1_252' title='bbox 165 1457 331 1493; x_wconf 89' lang='lat' dir='ltr'>frequentius</span> <span class='ocrx_word' id='word_1_253' title='bbox 342 1456 380 1485; x_wconf 88' lang='lat' dir='ltr'>est</span> <span class='ocrx_word' id='word_1_254' title='bbox 1030 1482 1036 1488; x_wconf 45' lang='lat'><strong>·</strong></span> <span class='ocrx_word' id='word_1_255' title='bbox 1057 1481 1063 1488; x_wconf 33' lang='grc' dir='ltr'>ι</span> 
     </span>
    </p>

    <p class='ocr_par' dir='ltr' id='par_1_15' title="bbox 126 1478 1266 1568">
     <span class='ocr_line' id='line_1_34' title="bbox 126 1478 1263 1529; baseline -0.013 -6"><span class='ocrx_word' id='word_1_256' title='bbox 126 1494 149 1523; x_wconf 91' lang='lat' dir='ltr'>C</span> <span class='ocrx_word' id='word_1_257' title='bbox 157 1504 173 1523; x_wconf 92' lang='lat' dir='ltr'>o</span> <span class='ocrx_word' id='word_1_258' title='bbox 183 1504 202 1523; x_wconf 93' lang='lat' dir='ltr'>N</span> <span class='ocrx_word' id='word_1_259' title='bbox 211 1503 222 1523; x_wconf 89' lang='lat' dir='ltr'>s</span> <span class='ocrx_word' id='word_1_260' title='bbox 230 1496 262 1523; x_wconf 74' lang='grc' dir='ltr'>Ρῑ</span> <span class='ocrx_word' id='word_1_261' title='bbox 271 1503 289 1523; x_wconf 90' lang='lat' dir='ltr'>c</span> <span class='ocrx_word' id='word_1_262' title='bbox 298 1504 314 1523; x_wconf 95' lang='lat' dir='ltr'>o</span> <span class='ocrx_word' id='word_1_263' title='bbox 325 1503 341 1522; x_wconf 73' lang='lat' dir='ltr'>a</span> <span class='ocrx_word' id='word_1_264' title='bbox 351 1515 359 1527; x_wconf 83' lang='lat'>,</span> <span class='ocrx_word' id='word_1_265' title='bbox 381 1487 552 1529; x_wconf 48' lang='lat' dir='ltr'>[wagan]</span> <span class='ocrx_word' id='word_1_266' title='bbox 571 1489 619 1519; x_wconf 68' lang='lat' dir='ltr'>ari.</span> <span class='ocrx_word' id='word_1_267' title='bbox 639 1488 746 1529; x_wconf 62' lang='lat' dir='ltr'>depon3</span> <span class='ocrx_word' id='word_1_268' title='bbox 762 1484 839 1515; x_wconf 86' lang='lat' dir='ltr'>Idem</span> <span class='ocrx_word' id='word_1_269' title='bbox 849 1483 925 1527; x_wconf 79' lang='lat' dir='ltr'>quod</span> <span class='ocrx_word' id='word_1_270' title='bbox 936 1481 1092 1519; x_wconf 90' lang='lat' dir='ltr'>Conspicio.</span> <span class='ocrx_word' id='word_1_271' title='bbox 1112 1478 1178 1510; x_wconf 85' lang='lat' dir='ltr'>Ter.</span> <span class='ocrx_word' id='word_1_272' title='bbox 1192 1479 1263 1523; x_wconf 79' lang='lat' dir='ltr'>Eun.</span> 
     </span>
     <span class='ocr_line' id='line_1_35' title="bbox 166 1517 1266 1568; baseline -0.015 -6"><span class='ocrx_word' id='word_1_273' title='bbox 166 1543 189 1567; x_wconf 83' lang='lat'>5.</span> <span class='ocrx_word' id='word_1_274' title='bbox 202 1537 227 1565; x_wconf 89' lang='lat'>8.</span> <span class='ocrx_word' id='word_1_275' title='bbox 241 1540 284 1568; x_wconf 88' lang='lat'>3²·</span> <span class='ocrx_word' id='word_1_276' title='bbox 306 1531 431 1567; x_wconf 86' lang='lat' dir='ltr'>Curergo</span> <span class='ocrx_word' id='word_1_277' title='bbox 445 1531 474 1558; x_wconf 91' lang='lat' dir='ltr'>in</span> <span class='ocrx_word' id='word_1_278' title='bbox 484 1529 526 1558; x_wconf 87' lang='lat' dir='ltr'>his</span> <span class='ocrx_word' id='word_1_279' title='bbox 541 1537 593 1565; x_wconf 84' lang='lat' dir='ltr'>ego</span> <span class='ocrx_word' id='word_1_280' title='bbox 607 1533 634 1556; x_wconf 84' lang='lat' dir='ltr'>te</span> <span class='ocrx_word' id='word_1_281' title='bbox 654 1524 797 1562; x_wconf 72' lang='lat' dir='ltr'>conspicor</span> <span class='ocrx_word' id='word_1_282' title='bbox 812 1520 993 1559; x_wconf 75' lang='lat' dir='ltr'>regionibus?</span> <span class='ocrx_word' id='word_1_283' title='bbox 1015 1519 1079 1548; x_wconf 86' lang='lat' dir='ltr'>Caes.</span> <span class='ocrx_word' id='word_1_284' title='bbox 1093 1528 1119 1548; x_wconf 90' lang='lat'>2.</span> <span class='ocrx_word' id='word_1_285' title='bbox 1139 1517 1207 1547; x_wconf 91' lang='lat' dir='ltr'>Bell.</span> <span class='ocrx_word' id='word_1_286' title='bbox 1222 1517 1266 1546; x_wconf 92' lang='lat' dir='ltr'>Ci-</span> 
     </span>
    </p>
   </div>
   <div class='ocr_carea' id='block_1_11' title="bbox 162 1556 1264 1605">
    <p class='ocr_par' dir='ltr' id='par_1_16' title="bbox 162 1556 1264 1605">
     <span class='ocr_line' id='line_1_36' title="bbox 162 1556 1264 1605; baseline -0.014 -6"><span class='ocrx_word' id='word_1_287' title='bbox 162 1569 208 1599; x_wconf 91' lang='lat' dir='ltr'>vil.</span> <span class='ocrx_word' id='word_1_288' title='bbox 220 1578 265 1598; x_wconf 89' lang='lat'>22.</span> <span class='ocrx_word' id='word_1_289' title='bbox 287 1569 370 1598; x_wconf 89' lang='lat' dir='ltr'>Hunc</span> <span class='ocrx_word' id='word_1_290' title='bbox 384 1568 545 1605; x_wconf 82' lang='lat' dir='ltr'>conspicatae</span> <span class='ocrx_word' id='word_1_291' title='bbox 555 1574 654 1598; x_wconf 80' lang='lat' dir='ltr'>naveS,</span> <span class='ocrx_word' id='word_1_292' title='bbox 675 1570 733 1600; x_wconf 87' lang='lat' dir='ltr'>quae</span> <span class='ocrx_word' id='word_1_293' title='bbox 742 1560 819 1590; x_wconf 79' lang='lat' dir='ltr'>missu</span> <span class='ocrx_word' id='word_1_294' title='bbox 830 1560 906 1589; x_wconf 91' lang='lat' dir='ltr'>Bruti</span> <span class='ocrx_word' id='word_1_295' title='bbox 916 1557 1116 1588; x_wconf 85' lang='lat' dir='ltr'>consuetudine</span> <span class='ocrx_word' id='word_1_296' title='bbox 1127 1556 1264 1593; x_wconf 87' lang='lat' dir='ltr'>quotidia-</span> 
     </span>
    </p>
   </div>
   <div class='ocr_carea' id='block_1_12' title="bbox 124 1597 1266 1939">
    <p class='ocr_par' dir='ltr' id='par_1_17' title="bbox 124 1597 1266 1939">
     <span class='ocr_line' id='line_1_37' title="bbox 163 1597 1067 1644; baseline -0.015 -7"><span class='ocrx_word' id='word_1_297' title='bbox 163 1617 197 1636; x_wconf 87' lang='lat' dir='ltr'>na</span> <span class='ocrx_word' id='word_1_298' title='bbox 207 1607 241 1636; x_wconf 88' lang='lat' dir='ltr'>ad</span> <span class='ocrx_word' id='word_1_299' title='bbox 249 1614 358 1644; x_wconf 89' lang='lat' dir='ltr'>portum</span> <span class='ocrx_word' id='word_1_300' title='bbox 368 1605 539 1635; x_wconf 81' lang='lat' dir='ltr'>excubabant</span> <span class='ocrx_word' id='word_1_301' title='bbox 546 1625 554 1636; x_wconf 92' lang='lat'><strong>‚</strong></span> <span class='ocrx_word' id='word_1_302' title='bbox 571 1602 683 1632; x_wconf 89' lang='lat' dir='ltr'>sublatis</span> <span class='ocrx_word' id='word_1_303' title='bbox 692 1599 817 1630; x_wconf 87' lang='lat' dir='ltr'>anchoris</span> <span class='ocrx_word' id='word_1_304' title='bbox 828 1597 904 1634; x_wconf 87' lang='lat' dir='ltr'>sequi</span> <span class='ocrx_word' id='word_1_305' title='bbox 912 1601 1067 1634; x_wconf 85' lang='lat' dir='ltr'>coeperunt.</span> 
     </span>
     <span class='ocr_line' id='line_1_38' title="bbox 127 1635 1097 1682; baseline -0.014 -8"><span class='ocrx_word' id='word_1_306' title='bbox 127 1644 494 1677; x_wconf 67' lang='lat' dir='ltr'>CONSPICKBUNDUS‚</span> <span class='ocrx_word' id='word_1_307' title='bbox 518 1652 549 1676; x_wconf 86' lang='lat' dir='ltr'>a,</span> <span class='ocrx_word' id='word_1_308' title='bbox 569 1649 625 1670; x_wconf 89' lang='lat' dir='ltr'>um.</span> <span class='ocrx_word' id='word_1_309' title='bbox 647 1639 728 1682; x_wconf 77' lang='lat' dir='ltr'>Mart.</span> <span class='ocrx_word' id='word_1_310' title='bbox 746 1635 876 1674; x_wconf 86' lang='lat' dir='ltr'>Capel.8.</span> <span class='ocrx_word' id='word_1_311' title='bbox 1028 1671 1034 1676; x_wconf 38' lang='grc' dir='ltr'>ι</span> <span class='ocrx_word' id='word_1_312' title='bbox 1091 1669 1097 1676; x_wconf 38' lang='grc'><strong>.</strong></span> 
     </span>
     <span class='ocr_line' id='line_1_39' title="bbox 126 1669 1149 1716; baseline -0.012 -6"><span class='ocrx_word' id='word_1_313' title='bbox 126 1683 172 1710; x_wconf 80' lang='lat' dir='ltr'>Co</span> <span class='ocrx_word' id='word_1_314' title='bbox 181 1692 200 1711; x_wconf 98' lang='lat' dir='ltr'>N</span> <span class='ocrx_word' id='word_1_315' title='bbox 210 1692 222 1712; x_wconf 93' lang='lat' dir='ltr'>s</span> <span class='ocrx_word' id='word_1_316' title='bbox 230 1691 244 1710; x_wconf 75' lang='grc' dir='ltr'><strong><em>Ρ</em></strong></span> <span class='ocrx_word' id='word_1_317' title='bbox 254 1693 261 1710; x_wconf 90' lang='grc'>1</span> <span class='ocrx_word' id='word_1_318' title='bbox 272 1686 312 1710; x_wconf 60' lang='grc' dir='ltr'>οἱ</span> <span class='ocrx_word' id='word_1_319' title='bbox 324 1692 338 1710; x_wconf 73' lang='lat' dir='ltr'>a</span> <span class='ocrx_word' id='word_1_320' title='bbox 347 1683 359 1710; x_wconf 84' lang='grc' dir='ltr'>ῑ</span> <span class='ocrx_word' id='word_1_321' title='bbox 367 1692 383 1709; x_wconf 61' lang='grc'>1.</span> <span class='ocrx_word' id='word_1_322' title='bbox 393 1692 401 1709; x_wconf 88' lang='grc'>1</span> <span class='ocrx_word' id='word_1_323' title='bbox 412 1690 424 1709; x_wconf 92' lang='lat' dir='ltr'>s</span> <span class='ocrx_word' id='word_1_324' title='bbox 435 1701 443 1715; x_wconf 83' lang='lat'>,</span> <span class='ocrx_word' id='word_1_325' title='bbox 463 1689 488 1709; x_wconf 91' lang='lat' dir='ltr'>e.</span> <span class='ocrx_word' id='word_1_326' title='bbox 509 1679 605 1709; x_wconf 87' lang='lat' dir='ltr'>Sidon.</span> <span class='ocrx_word' id='word_1_327' title='bbox 618 1682 643 1711; x_wconf 90' lang='lat'>8.</span> <span class='ocrx_word' id='word_1_328' title='bbox 656 1675 737 1714; x_wconf 88' lang='lat' dir='ltr'>Epist.</span> <span class='ocrx_word' id='word_1_329' title='bbox 749 1683 777 1709; x_wconf 81' lang='lat'>4.</span> <span class='ocrx_word' id='word_1_330' title='bbox 800 1673 929 1716; x_wconf 76' lang='lat' dir='ltr'>Tlierrnae</span> <span class='ocrx_word' id='word_1_331' title='bbox 941 1669 1149 1708; x_wconf 87' lang='lat' dir='ltr'>conspicabiles.</span> 
     </span>
     <span class='ocr_line' id='line_1_40' title="bbox 124 1706 1266 1752; baseline -0.013 -3"><span class='ocrx_word' id='word_1_332' title='bbox 124 1719 259 1749; x_wconf 67' lang='lat' dir='ltr'>CONsrr</span> <span class='ocrx_word' id='word_1_333' title='bbox 270 1728 345 1748; x_wconf 78' lang='lat' dir='ltr'>CtLl</span> <span class='ocrx_word' id='word_1_334' title='bbox 356 1728 375 1747; x_wconf 84' lang='lat' dir='ltr'>u</span> <span class='ocrx_word' id='word_1_335' title='bbox 386 1729 406 1747; x_wconf 81' lang='lat' dir='ltr'>M</span> <span class='ocrx_word' id='word_1_336' title='bbox 419 1718 513 1752; x_wconf 80' lang='grc'><strong>,1.11.</strong></span> <span class='ocrx_word' id='word_1_337' title='bbox 535 1712 810 1752; x_wconf 56' lang='lat' dir='ltr'>[neceamaueiore</span> <span class='ocrx_word' id='word_1_338' title='bbox 821 1711 915 1740; x_wconf 91' lang='lat' dir='ltr'>Nonio</span> <span class='ocrx_word' id='word_1_339' title='bbox 926 1713 1027 1752; x_wconf 57' lang='lat'>2:116.</span> <span class='ocrx_word' id='word_1_340' title='bbox 1048 1708 1087 1737; x_wconf 90' lang='lat' dir='ltr'>est</span> <span class='ocrx_word' id='word_1_341' title='bbox 1105 1706 1186 1736; x_wconf 92' lang='lat' dir='ltr'>Unde</span> <span class='ocrx_word' id='word_1_342' title='bbox 1197 1716 1266 1736; x_wconf 84' lang='lat' dir='ltr'>con-</span> 
     </span>
     <span class='ocr_line' id='line_1_41' title="bbox 160 1744 1264 1794; baseline -0.013 -7"><span class='ocrx_word' id='word_1_343' title='bbox 160 1757 264 1793; x_wconf 84' lang='lat' dir='ltr'>spicere</span> <span class='ocrx_word' id='word_1_344' title='bbox 283 1756 373 1794; x_wconf 81' lang='lat' dir='ltr'>possis.</span> <span class='ocrx_word' id='word_1_345' title='bbox 416 1754 499 1785; x_wconf 86' lang='lat' dir='ltr'>Plaut.</span> <span class='ocrx_word' id='word_1_346' title='bbox 513 1764 536 1784; x_wconf 89' lang='grc'>1,</span> <span class='ocrx_word' id='word_1_347' title='bbox 559 1752 663 1789; x_wconf 75' lang='lat' dir='ltr'>Fragm.</span> <span class='ocrx_word' id='word_1_348' title='bbox 678 1761 737 1785; x_wconf 82' lang='grc' dir='ltr'><strong>1ος.</strong></span> <span class='ocrx_word' id='word_1_349' title='bbox 759 1749 790 1780; x_wconf 88' lang='grc'>111</span> <span class='ocrx_word' id='word_1_350' title='bbox 808 1746 972 1790; x_wconf 73' lang='grc' dir='ltr'>οοηΓρὶεἱΙιρ</span> <span class='ocrx_word' id='word_1_351' title='bbox 990 1745 1168 1790; x_wconf 73' lang='lat' dir='ltr'>adservabam</span> <span class='ocrx_word' id='word_1_352' title='bbox 1176 1767 1185 1779; x_wconf 86' lang='lat'>,</span> <span class='ocrx_word' id='word_1_353' title='bbox 1205 1744 1264 1782; x_wconf 88' lang='lat' dir='ltr'>pal-</span> 
     </span>
     <span class='ocr_line' id='line_1_42' title="bbox 160 1783 1263 1829; baseline -0.013 -5"><span class='ocrx_word' id='word_1_354' title='bbox 160 1794 228 1824; x_wconf 88' lang='lat' dir='ltr'>lium</span> <span class='ocrx_word' id='word_1_355' title='bbox 238 1794 425 1824; x_wconf 88' lang='lat' dir='ltr'>observabam.</span> <span class='ocrx_word' id='word_1_356' title='bbox 461 1792 523 1829; x_wconf 84' lang='lat' dir='ltr'>[Al.</span> <span class='ocrx_word' id='word_1_357' title='bbox 544 1789 722 1828; x_wconf 87' lang='lat' dir='ltr'>Conspicillo.</span> <span class='ocrx_word' id='word_1_358' title='bbox 762 1787 817 1817; x_wconf 85' lang='lat' dir='ltr'>Sed</span> <span class='ocrx_word' id='word_1_359' title='bbox 829 1786 919 1815; x_wconf 89' lang='lat' dir='ltr'>forma</span> <span class='ocrx_word' id='word_1_360' title='bbox 932 1785 1096 1813; x_wconf 88' lang='lat' dir='ltr'>diminutiva</span> <span class='ocrx_word' id='word_1_361' title='bbox 1110 1783 1181 1812; x_wconf 87' lang='lat' dir='ltr'>nihil</span> <span class='ocrx_word' id='word_1_362' title='bbox 1192 1792 1263 1826; x_wconf 83' lang='lat' dir='ltr'>opus</span> 
     </span>
     <span class='ocr_line' id='line_1_43' title="bbox 159 1820 1260 1869; baseline -0.011 -8"><span class='ocrx_word' id='word_1_363' title='bbox 159 1833 206 1861; x_wconf 79' lang='lat' dir='ltr'>est.</span> <span class='ocrx_word' id='word_1_364' title='bbox 242 1832 356 1861; x_wconf 88' lang='lat' dir='ltr'>Videtur</span> <span class='ocrx_word' id='word_1_365' title='bbox 368 1841 416 1869; x_wconf 87' lang='lat' dir='ltr'>pro</span> <span class='ocrx_word' id='word_1_366' title='bbox 425 1829 541 1868; x_wconf 86' lang='lat' dir='ltr'>Specula</span> <span class='ocrx_word' id='word_1_367' title='bbox 550 1828 666 1866; x_wconf 87' lang='lat' dir='ltr'>positum</span> <span class='ocrx_word' id='word_1_368' title='bbox 678 1848 686 1862; x_wconf 88' lang='lat'>‚</span> <span class='ocrx_word' id='word_1_369' title='bbox 708 1825 756 1855; x_wconf 88' lang='lat' dir='ltr'>nisi</span> <span class='ocrx_word' id='word_1_370' title='bbox 766 1825 835 1854; x_wconf 81' lang='lat' dir='ltr'>sorte</span> <span class='ocrx_word' id='word_1_371' title='bbox 845 1833 897 1861; x_wconf 87' lang='lat' dir='ltr'>pro</span> <span class='ocrx_word' id='word_1_372' title='bbox 907 1821 1035 1866; x_wconf 79' lang='lat' dir='ltr'>Specu10.</span> <span class='ocrx_word' id='word_1_373' title='bbox 1049 1821 1080 1850; x_wconf 91' lang='lat' dir='ltr'>V.</span> <span class='ocrx_word' id='word_1_374' title='bbox 1094 1821 1129 1851; x_wconf 90' lang='lat' dir='ltr'>ad</span> <span class='ocrx_word' id='word_1_375' title='bbox 1139 1820 1177 1864; x_wconf 77' lang='lat' dir='ltr'>sq.</span> <span class='ocrx_word' id='word_1_376' title='bbox 1192 1820 1260 1864; x_wconf 71' lang='lat' dir='ltr'>dict.</span> 
     </span>
     <span class='ocr_line' id='line_1_44' title="bbox 160 1861 1263 1907; baseline -0.012 -8"><span class='ocrx_word' id='word_1_377' title='bbox 160 1869 358 1907; x_wconf 81' lang='lat' dir='ltr'>Conspicili&#39;um</span> <span class='ocrx_word' id='word_1_378' title='bbox 368 1891 376 1904; x_wconf 96' lang='lat'>‚</span> <span class='ocrx_word' id='word_1_379' title='bbox 396 1869 478 1898; x_wconf 89' lang='lat' dir='ltr'>etiam</span> <span class='ocrx_word' id='word_1_380' title='bbox 491 1867 591 1896; x_wconf 91' lang='lat' dir='ltr'>dicitur</span> <span class='ocrx_word' id='word_1_381' title='bbox 600 1865 687 1902; x_wconf 84' lang='lat' dir='ltr'>Quod</span> <span class='ocrx_word' id='word_1_382' title='bbox 697 1863 860 1893; x_wconf 84' lang='lat' dir='ltr'>adhibemus</span> <span class='ocrx_word' id='word_1_383' title='bbox 871 1861 959 1904; x_wconf 43' lang='lat' dir='ltr'>ocu-lis</span> <span class='ocrx_word' id='word_1_384' title='bbox 970 1882 978 1904; x_wconf 89' lang='lat'>.‘</span> <span class='ocrx_word' id='word_1_385' title='bbox 999 1866 1030 1889; x_wconf 88' lang='lat' dir='ltr'>ut</span> <span class='ocrx_word' id='word_1_386' title='bbox 1039 1868 1084 1903; x_wconf 72' lang='lat' dir='ltr'>res</span> <span class='ocrx_word' id='word_1_387' title='bbox 1095 1867 1213 1895; x_wconf 70' lang='lat' dir='ltr'>majores</span> <span class='ocrx_word' id='word_1_388' title='bbox 1224 1866 1263 1887; x_wconf 86' lang='lat' dir='ltr'>vi-</span> 
     </span>
     <span class='ocr_line' id='line_1_45' title="bbox 179 1896 1263 1939; baseline -0.011 -2"><span class='ocrx_word' id='word_1_389' title='bbox 179 1908 300 1936; x_wconf 86' lang='lat' dir='ltr'>deantur.</span> <span class='ocrx_word' id='word_1_390' title='bbox 342 1906 426 1937; x_wconf 87' lang='lat' dir='ltr'>Plaut.</span> <span class='ocrx_word' id='word_1_391' title='bbox 448 1905 552 1935; x_wconf 90' lang='lat' dir='ltr'>Vitrum</span> <span class='ocrx_word' id='word_1_392' title='bbox 561 1904 643 1939; x_wconf 83' lang='lat' dir='ltr'>cedo,</span> <span class='ocrx_word' id='word_1_393' title='bbox 663 1901 770 1932; x_wconf 73' lang='lat' dir='ltr'>necesse</span> <span class='ocrx_word' id='word_1_394' title='bbox 781 1900 819 1930; x_wconf 87' lang='lat' dir='ltr'>est</span> <span class='ocrx_word' id='word_1_395' title='bbox 832 1898 995 1936; x_wconf 79' lang='lat' dir='ltr'>conspiCilio</span> <span class='ocrx_word' id='word_1_396' title='bbox 1006 1904 1056 1927; x_wconf 90' lang='lat' dir='ltr'>uti.</span> <span class='ocrx_word' id='word_1_397' title='bbox 1096 1896 1159 1927; x_wconf 86' lang='lat' dir='ltr'>Hoc</span> <span class='ocrx_word' id='word_1_398' title='bbox 1168 1902 1263 1927; x_wconf 85' lang='lat' dir='ltr'>autem</span> 
     </span>
    </p>
   </div>
   <div class='ocr_carea' id='block_1_13' title="bbox 107 1944 1262 4004">
    <p class='ocr_par' dir='ltr' id='par_1_18' title="bbox 179 1944 658 1985">
     <span class='ocr_line' id='line_1_46' title="bbox 179 1944 658 1985; baseline -0.002 -12"><span class='ocrx_word' id='word_1_399' title='bbox 179 1945 274 1982; x_wconf 70' lang='lat' dir='ltr'>saepius</span> <span class='ocrx_word' id='word_1_400' title='bbox 291 1944 417 1974; x_wconf 88' lang='lat' dir='ltr'>scribitur</span> <span class='ocrx_word' id='word_1_401' title='bbox 653 1978 658 1985; x_wconf 37' lang='lat'><em>¹</em></span> 
     </span>
    </p>

    <p class='ocr_par' dir='ltr' id='par_1_19' title="bbox 123 1976 847 2016">
     <span class='ocr_line' id='line_1_47' title="bbox 123 1976 847 2016; baseline -0.011 -4"><span class='ocrx_word' id='word_1_402' title='bbox 123 1982 242 2013; x_wconf 70' lang='lat' dir='ltr'>CoNsP</span> <span class='ocrx_word' id='word_1_403' title='bbox 253 1991 429 2016; x_wconf 74' lang='lat' dir='ltr'>tclLLUM,</span> <span class='ocrx_word' id='word_1_404' title='bbox 450 1982 466 2011; x_wconf 91' lang='lat' dir='ltr'>i.</span> <span class='ocrx_word' id='word_1_405' title='bbox 480 1991 508 2011; x_wconf 92' lang='lat' dir='ltr'>n.</span> <span class='ocrx_word' id='word_1_406' title='bbox 527 1980 614 2010; x_wconf 89' lang='lat' dir='ltr'>Plaut.</span> <span class='ocrx_word' id='word_1_407' title='bbox 627 1976 717 2009; x_wconf 88' lang='lat' dir='ltr'>Cistel.</span> <span class='ocrx_word' id='word_1_408' title='bbox 730 1987 754 2007; x_wconf 88' lang='lat'>1.</span> <span class='ocrx_word' id='word_1_409' title='bbox 767 1986 790 2006; x_wconf 90' lang='lat'>1.</span> <span class='ocrx_word' id='word_1_410' title='bbox 802 1983 847 2012; x_wconf 80' lang='lat'>93.</span> 
     </span>
    </p>

    <p class='ocr_par' dir='ltr' id='par_1_20' title="bbox 237 2010 1260 2094">
     <span class='ocr_line' id='line_1_48' title="bbox 237 2010 1107 2057; baseline -0.011 -8"><span class='ocrx_word' id='word_1_411' title='bbox 237 2020 325 2049; x_wconf 84' lang='lat' dir='ltr'>Mater</span> <span class='ocrx_word' id='word_1_412' title='bbox 333 2029 464 2057; x_wconf 86' lang='lat' dir='ltr'>pompam</span> <span class='ocrx_word' id='word_1_413' title='bbox 474 2029 518 2048; x_wconf 86' lang='lat' dir='ltr'>me</span> <span class='ocrx_word' id='word_1_414' title='bbox 532 2018 682 2056; x_wconf 72' lang='lat' dir='ltr'>spectatum</span> <span class='ocrx_word' id='word_1_415' title='bbox 691 2015 780 2045; x_wconf 86' lang='lat' dir='ltr'>duxit.</span> <span class='ocrx_word' id='word_1_416' title='bbox 801 2014 869 2043; x_wconf 87' lang='lat' dir='ltr'>dum</span> <span class='ocrx_word' id='word_1_417' title='bbox 878 2011 963 2042; x_wconf 87' lang='lat' dir='ltr'>redeo</span> <span class='ocrx_word' id='word_1_418' title='bbox 973 2010 1089 2041; x_wconf 89' lang='lat' dir='ltr'>domurn</span> <span class='ocrx_word' id='word_1_419' title='bbox 1098 2033 1107 2046; x_wconf 87' lang='lat'>‚</span> 
     </span>
     <span class='ocr_line' id='line_1_49' title="bbox 238 2049 1260 2094; baseline -0.01 -8"><span class='ocrx_word' id='word_1_420' title='bbox 238 2056 405 2094; x_wconf 88' lang='lat' dir='ltr'>Conspicillo</span> <span class='ocrx_word' id='word_1_421' title='bbox 419 2057 602 2094; x_wconf 87' lang='lat' dir='ltr'>consequutus</span> <span class='ocrx_word' id='word_1_422' title='bbox 614 2055 652 2084; x_wconf 87' lang='lat' dir='ltr'>est</span> <span class='ocrx_word' id='word_1_423' title='bbox 664 2052 823 2083; x_wconf 88' lang='lat' dir='ltr'>clanculum</span> <span class='ocrx_word' id='word_1_424' title='bbox 833 2060 878 2080; x_wconf 87' lang='lat' dir='ltr'>me</span> <span class='ocrx_word' id='word_1_425' title='bbox 890 2050 975 2087; x_wconf 89' lang='lat' dir='ltr'>usque</span> <span class='ocrx_word' id='word_1_426' title='bbox 985 2050 1021 2079; x_wconf 88' lang='lat' dir='ltr'>ad</span> <span class='ocrx_word' id='word_1_427' title='bbox 1034 2049 1120 2093; x_wconf 48' lang='lat' dir='ltr'>sores..</span> <span class='ocrx_word' id='word_1_428' title='bbox 1254 2087 1260 2092; x_wconf 90' lang='lat'>.</span> 
     </span>
    </p>

    <p class='ocr_par' dir='ltr' id='par_1_21' title="bbox 160 2085 1262 2282">
     <span class='ocr_line' id='line_1_50' title="bbox 162 2085 1262 2131; baseline -0.009 -7"><span class='ocrx_word' id='word_1_429' title='bbox 162 2096 187 2125; x_wconf 87' lang='lat'><strong>&amp;</strong></span> <span class='ocrx_word' id='word_1_430' title='bbox 198 2095 266 2124; x_wconf 87' lang='lat' dir='ltr'>forte</span> <span class='ocrx_word' id='word_1_431' title='bbox 279 2094 397 2130; x_wconf 73' lang='lat' dir='ltr'>rectius,</span> <span class='ocrx_word' id='word_1_432' title='bbox 415 2094 531 2123; x_wconf 69' lang='lat' dir='ltr'>flectunt</span> <span class='ocrx_word' id='word_1_433' title='bbox 540 2091 708 2130; x_wconf 88' lang='lat' dir='ltr'>Conspicillo</span> <span class='ocrx_word' id='word_1_434' title='bbox 721 2113 729 2126; x_wconf 88' lang='lat'>‚</span> <span class='ocrx_word' id='word_1_435' title='bbox 749 2090 819 2120; x_wconf 71' lang='lat' dir='ltr'>onis.</span> <span class='ocrx_word' id='word_1_436' title='bbox 839 2098 876 2119; x_wconf 91' lang='lat' dir='ltr'>m.</span> <span class='ocrx_word' id='word_1_437' title='bbox 897 2094 928 2117; x_wconf 89' lang='lat' dir='ltr'>ut</span> <span class='ocrx_word' id='word_1_438' title='bbox 945 2087 976 2131; x_wconf 77' lang='lat' dir='ltr'>sit</span> <span class='ocrx_word' id='word_1_439' title='bbox 991 2085 1178 2131; x_wconf 57' lang='lat' dir='ltr'>conspicillo,</span> <span class='ocrx_word' id='word_1_440' title='bbox 1203 2086 1262 2122; x_wconf 82' lang='lat' dir='ltr'>Qui</span> 
     </span>
     <span class='ocr_line' id='line_1_51' title="bbox 160 2123 1259 2169; baseline -0.008 -8"><span class='ocrx_word' id='word_1_441' title='bbox 160 2133 230 2162; x_wconf 87' lang='lat' dir='ltr'>clam</span> <span class='ocrx_word' id='word_1_442' title='bbox 246 2134 271 2162; x_wconf 73' lang='grc' dir='ltr'>ἃ</span> <span class='ocrx_word' id='word_1_443' title='bbox 281 2141 314 2161; x_wconf 83' lang='lat' dir='ltr'>ex</span> <span class='ocrx_word' id='word_1_444' title='bbox 323 2132 433 2162; x_wconf 90' lang='lat' dir='ltr'>occulto</span> <span class='ocrx_word' id='word_1_445' title='bbox 446 2132 529 2160; x_wconf 91' lang='lat' dir='ltr'>alium</span> <span class='ocrx_word' id='word_1_446' title='bbox 540 2130 712 2167; x_wconf 80' lang='lat' dir='ltr'>conspicatur</span> <span class='ocrx_word' id='word_1_447' title='bbox 726 2130 753 2158; x_wconf 87' lang='lat'>&amp;</span> <span class='ocrx_word' id='word_1_448' title='bbox 768 2126 903 2156; x_wconf 86' lang='lat' dir='ltr'>observat.</span> <span class='ocrx_word' id='word_1_449' title='bbox 944 2126 990 2169; x_wconf 80' lang='lat' dir='ltr'>Sic</span> <span class='ocrx_word' id='word_1_450' title='bbox 1006 2135 1082 2154; x_wconf 88' lang='lat' dir='ltr'>enim</span> <span class='ocrx_word' id='word_1_451' title='bbox 1100 2123 1259 2154; x_wconf 81' lang='lat' dir='ltr'>Alcesimar-</span> 
     </span>
     <span class='ocr_line' id='line_1_52' title="bbox 160 2162 1262 2207; baseline -0.009 -8"><span class='ocrx_word' id='word_1_452' title='bbox 160 2171 228 2199; x_wconf 85' lang='lat' dir='ltr'>chus</span> <span class='ocrx_word' id='word_1_453' title='bbox 239 2170 397 2199; x_wconf 86' lang='lat' dir='ltr'>adolescens</span> <span class='ocrx_word' id='word_1_454' title='bbox 407 2169 546 2198; x_wconf 88' lang='lat' dir='ltr'>Plautinus</span> <span class='ocrx_word' id='word_1_455' title='bbox 557 2168 691 2197; x_wconf 84' lang='lat' dir='ltr'>Silenium</span> <span class='ocrx_word' id='word_1_456' title='bbox 705 2164 824 2203; x_wconf 90' lang='lat' dir='ltr'>puellam</span> <span class='ocrx_word' id='word_1_457' title='bbox 842 2163 995 2207; x_wconf 71' lang='lat' dir='ltr'>observavn</span> <span class='ocrx_word' id='word_1_458' title='bbox 1009 2162 1124 2192; x_wconf 89' lang='lat' dir='ltr'>domum</span> <span class='ocrx_word' id='word_1_459' title='bbox 1143 2162 1262 2191; x_wconf 87' lang='lat' dir='ltr'>redeun-</span> 
     </span>
     <span class='ocr_line' id='line_1_53' title="bbox 160 2200 1259 2244; baseline -0.008 -7"><span class='ocrx_word' id='word_1_460' title='bbox 160 2215 216 2236; x_wconf 88' lang='lat' dir='ltr'>tem</span> <span class='ocrx_word' id='word_1_461' title='bbox 227 2217 242 2236; x_wconf 90' lang='lat' dir='ltr'>e</span> <span class='ocrx_word' id='word_1_462' title='bbox 252 2207 421 2244; x_wconf 66' lang='lat' dir='ltr'>spectaculis.</span> <span class='ocrx_word' id='word_1_463' title='bbox 444 2206 495 2236; x_wconf 87' lang='lat' dir='ltr'>Alii</span> <span class='ocrx_word' id='word_1_464' title='bbox 505 2216 538 2235; x_wconf 87' lang='lat' dir='ltr'>ex</span> <span class='ocrx_word' id='word_1_465' title='bbox 553 2204 614 2235; x_wconf 68' lang='grc' dir='ltr'>ΜΠ.</span> <span class='ocrx_word' id='word_1_466' title='bbox 628 2205 780 2242; x_wconf 85' lang='lat' dir='ltr'>proferunt,</span> <span class='ocrx_word' id='word_1_467' title='bbox 790 2201 949 2239; x_wconf 74' lang='lat' dir='ltr'>Conspicit:</span> <span class='ocrx_word' id='word_1_468' title='bbox 971 2200 1024 2244; x_wconf 79' lang='lat' dir='ltr'>Illo</span> <span class='ocrx_word' id='word_1_469' title='bbox 1037 2200 1145 2243; x_wconf 80' lang='lat' dir='ltr'>secutus</span> <span class='ocrx_word' id='word_1_470' title='bbox 1158 2200 1195 2229; x_wconf 85' lang='lat' dir='ltr'>est</span> <span class='ocrx_word' id='word_1_471' title='bbox 1206 2201 1259 2229; x_wconf 78' lang='lat' dir='ltr'>&amp;c-</span> 
     </span>
     <span class='ocr_line' id='line_1_54' title="bbox 160 2237 1261 2282; baseline -0.006 -9"><span class='ocrx_word' id='word_1_472' title='bbox 160 2244 528 2282; x_wconf 79' lang='lat' dir='ltr'>[Conspicilliini,proVitreo</span> <span class='ocrx_word' id='word_1_473' title='bbox 537 2242 650 2281; x_wconf 90' lang='lat' dir='ltr'>specillo</span> <span class='ocrx_word' id='word_1_474' title='bbox 661 2242 695 2271; x_wconf 87' lang='lat' dir='ltr'>ab</span> <span class='ocrx_word' id='word_1_475' title='bbox 705 2240 824 2277; x_wconf 82' lang='lat' dir='ltr'>antiquis</span> <span class='ocrx_word' id='word_1_476' title='bbox 831 2238 951 2277; x_wconf 90' lang='lat' dir='ltr'>positum</span> <span class='ocrx_word' id='word_1_477' title='bbox 961 2247 1022 2275; x_wconf 89' lang='lat' dir='ltr'>quis</span> <span class='ocrx_word' id='word_1_478' title='bbox 1030 2237 1076 2267; x_wconf 90' lang='lat' dir='ltr'>sibi</span> <span class='ocrx_word' id='word_1_479' title='bbox 1084 2237 1261 2275; x_wconf 82' lang='lat' dir='ltr'>persuadeat?</span> 
     </span>
    </p>

    <p class='ocr_par' dir='ltr' id='par_1_22' title="bbox 158 2275 1258 2320">
     <span class='ocr_line' id='line_1_55' title="bbox 158 2275 1258 2320; baseline -0.006 -9"><span class='ocrx_word' id='word_1_480' title='bbox 158 2282 252 2319; x_wconf 82' lang='lat' dir='ltr'>ltaque</span> <span class='ocrx_word' id='word_1_481' title='bbox 262 2282 384 2311; x_wconf 87' lang='lat' dir='ltr'>Plautina</span> <span class='ocrx_word' id='word_1_482' title='bbox 394 2304 402 2317; x_wconf 90' lang='lat'>,</span> <span class='ocrx_word' id='word_1_483' title='bbox 424 2292 482 2319; x_wconf 86' lang='lat' dir='ltr'>quae</span> <span class='ocrx_word' id='word_1_484' title='bbox 493 2281 652 2315; x_wconf 83' lang='lat' dir='ltr'>afferuntur,</span> <span class='ocrx_word' id='word_1_485' title='bbox 668 2289 725 2308; x_wconf 91' lang='lat' dir='ltr'>non</span> <span class='ocrx_word' id='word_1_486' title='bbox 735 2284 831 2307; x_wconf 90' lang='lat' dir='ltr'>notato</span> <span class='ocrx_word' id='word_1_487' title='bbox 842 2277 915 2320; x_wconf 78' lang='lat' dir='ltr'>loco,</span> <span class='ocrx_word' id='word_1_488' title='bbox 931 2275 1022 2313; x_wconf 88' lang='lat' dir='ltr'>spuria</span> <span class='ocrx_word' id='word_1_489' title='bbox 1032 2275 1083 2304; x_wconf 88' lang='lat' dir='ltr'>sint</span> <span class='ocrx_word' id='word_1_490' title='bbox 1093 2275 1200 2319; x_wconf 76' lang='lat' dir='ltr'>necesse</span> <span class='ocrx_word' id='word_1_491' title='bbox 1210 2275 1258 2304; x_wconf 90' lang='lat' dir='ltr'>est.</span> 
     </span>
    </p>

    <p class='ocr_par' dir='ltr' id='par_1_23' title="bbox 120 2313 1254 2432">
     <span class='ocr_line' id='line_1_56' title="bbox 120 2313 1252 2355; baseline -0.007 -6"><span class='ocrx_word' id='word_1_492' title='bbox 120 2323 143 2352; x_wconf 86' lang='lat' dir='ltr'>C</span> <span class='ocrx_word' id='word_1_493' title='bbox 153 2330 170 2349; x_wconf 91' lang='lat'><em>0</em></span> <span class='ocrx_word' id='word_1_494' title='bbox 178 2330 197 2348; x_wconf 88' lang='lat' dir='ltr'>N</span> <span class='ocrx_word' id='word_1_495' title='bbox 205 2330 216 2349; x_wconf 89' lang='lat' dir='ltr'>s</span> <span class='ocrx_word' id='word_1_496' title='bbox 225 2324 280 2348; x_wconf 64' lang='lat'>1²51&lt;</span> <span class='ocrx_word' id='word_1_497' title='bbox 290 2330 306 2349; x_wconf 94' lang='lat' dir='ltr'>o</span> <span class='ocrx_word' id='word_1_498' title='bbox 316 2341 325 2355; x_wconf 78' lang='lat'>‚</span> <span class='ocrx_word' id='word_1_499' title='bbox 346 2321 472 2355; x_wconf 66' lang='grc' dir='ltr'>[συμπνὲω</span> <span class='ocrx_word' id='word_1_500' title='bbox 483 2341 491 2354; x_wconf 81' lang='lat'><em>‚</em></span> <span class='ocrx_word' id='word_1_501' title='bbox 510 2318 640 2352; x_wconf 57' lang='grc' dir='ltr'>συνίημι]</span> <span class='ocrx_word' id='word_1_502' title='bbox 660 2320 713 2346; x_wconf 70' lang='grc' dir='ltr'><strong>ἕπε.</strong></span> <span class='ocrx_word' id='word_1_503' title='bbox 734 2314 822 2345; x_wconf 90' lang='lat' dir='ltr'>Simul</span> <span class='ocrx_word' id='word_1_504' title='bbox 839 2314 939 2351; x_wconf 84' lang='lat' dir='ltr'>spirare</span> <span class='ocrx_word' id='word_1_505' title='bbox 952 2328 967 2348; x_wconf 54' lang='grc' dir='ltr'>,ν</span> <span class='ocrx_word' id='word_1_506' title='bbox 981 2313 1025 2342; x_wconf 90' lang='lat' dir='ltr'>vel</span> <span class='ocrx_word' id='word_1_507' title='bbox 1047 2313 1121 2344; x_wconf 86' lang='lat' dir='ltr'>flare.</span> <span class='ocrx_word' id='word_1_508' title='bbox 1143 2313 1215 2351; x_wconf 87' lang='lat' dir='ltr'>Virg.</span> <span class='ocrx_word' id='word_1_509' title='bbox 1226 2322 1252 2350; x_wconf 86' lang='lat'>7.</span> 
     </span>
     <span class='ocr_line' id='line_1_57' title="bbox 155 2353 1185 2394; baseline -0.009 -7"><span class='ocrx_word' id='word_1_510' title='bbox 155 2358 216 2387; x_wconf 78' lang='lat' dir='ltr'>ffin.</span> <span class='ocrx_word' id='word_1_511' title='bbox 235 2362 266 2386; x_wconf 89' lang='lat'>61</span> <span class='ocrx_word' id='word_1_512' title='bbox 275 2368 297 2393; x_wconf 82' lang='grc' dir='ltr'>ς.</span> <span class='ocrx_word' id='word_1_513' title='bbox 435 2357 567 2393; x_wconf 81' lang='lat' dir='ltr'>IEreaque</span> <span class='ocrx_word' id='word_1_514' title='bbox 577 2354 681 2384; x_wconf 77' lang='lat' dir='ltr'>assensu</span> <span class='ocrx_word' id='word_1_515' title='bbox 693 2353 851 2391; x_wconf 88' lang='lat' dir='ltr'>conspirant</span> <span class='ocrx_word' id='word_1_516' title='bbox 859 2360 963 2381; x_wconf 89' lang='lat' dir='ltr'>cornua</span> <span class='ocrx_word' id='word_1_517' title='bbox 972 2360 1066 2380; x_wconf 90' lang='lat' dir='ltr'>rauco.</span> <span class='ocrx_word' id='word_1_518' title='bbox 1181 2387 1185 2394; x_wconf 44' lang='grc' dir='ltr'>Ι</span> 
     </span>
     <span class='ocr_line' id='line_1_58' title="bbox 156 2387 1254 2432; baseline -0.007 -8"><span class='ocrx_word' id='word_1_519' title='bbox 156 2395 316 2432; x_wconf 82' lang='lat' dir='ltr'>Conspirare</span> <span class='ocrx_word' id='word_1_520' title='bbox 337 2394 465 2424; x_wconf 88' lang='lat' dir='ltr'>omnibus</span> <span class='ocrx_word' id='word_1_521' title='bbox 482 2393 603 2432; x_wconf 90' lang='lat' dir='ltr'>partibus</span> <span class='ocrx_word' id='word_1_522' title='bbox 621 2392 656 2421; x_wconf 89' lang='lat' dir='ltr'>ad</span> <span class='ocrx_word' id='word_1_523' title='bbox 674 2391 778 2427; x_wconf 88' lang='lat' dir='ltr'>aliquid</span> <span class='ocrx_word' id='word_1_524' title='bbox 806 2389 974 2419; x_wconf 88' lang='lat' dir='ltr'>faciendum.</span> <span class='ocrx_word' id='word_1_525' title='bbox 1014 2387 1150 2417; x_wconf 87' lang='lat' dir='ltr'>Columel.</span> <span class='ocrx_word' id='word_1_526' title='bbox 1166 2387 1214 2431; x_wconf 75' lang='lat' dir='ltr'>lib.</span> <span class='ocrx_word' id='word_1_527' title='bbox 1229 2396 1254 2423; x_wconf 85' lang='lat'>3.</span> 
     </span>
    </p>

    <p class='ocr_par' dir='ltr' id='par_1_24' title="bbox 171 2425 1256 2537">
     <span class='ocr_line' id='line_1_59' title="bbox 173 2425 1256 2470; baseline -0.01 -8"><span class='ocrx_word' id='word_1_528' title='bbox 173 2443 233 2470; x_wconf 89' lang='lat' dir='ltr'>cap.</span> <span class='ocrx_word' id='word_1_529' title='bbox 251 2442 291 2467; x_wconf 78' lang='grc' dir='ltr'>η.</span> <span class='ocrx_word' id='word_1_530' title='bbox 312 2433 348 2461; x_wconf 85' lang='lat' dir='ltr'>de</span> <span class='ocrx_word' id='word_1_531' title='bbox 359 2432 507 2469; x_wconf 81' lang='lat' dir='ltr'>pastinato,</span> <span class='ocrx_word' id='word_1_532' title='bbox 529 2431 562 2460; x_wconf 87' lang='lat' dir='ltr'>Et</span> <span class='ocrx_word' id='word_1_533' title='bbox 571 2429 688 2459; x_wconf 84' lang='lat' dir='ltr'>caelestes</span> <span class='ocrx_word' id='word_1_534' title='bbox 697 2429 826 2459; x_wconf 87' lang='lat' dir='ltr'>admittat</span> <span class='ocrx_word' id='word_1_535' title='bbox 838 2427 957 2456; x_wconf 86' lang='lat' dir='ltr'>imbres:</span> <span class='ocrx_word' id='word_1_536' title='bbox 977 2435 1082 2463; x_wconf 89' lang='lat' dir='ltr'>eosque</span> <span class='ocrx_word' id='word_1_537' title='bbox 1093 2425 1200 2455; x_wconf 83' lang='lat' dir='ltr'>alendis</span> <span class='ocrx_word' id='word_1_538' title='bbox 1217 2425 1256 2454; x_wconf 80' lang='lat' dir='ltr'>se-</span> 
     </span>
     <span class='ocr_line' id='line_1_60' title="bbox 171 2463 1256 2508; baseline -0.007 -8"><span class='ocrx_word' id='word_1_539' title='bbox 171 2471 296 2500; x_wconf 86' lang='lat' dir='ltr'>minibus</span> <span class='ocrx_word' id='word_1_540' title='bbox 304 2469 459 2508; x_wconf 86' lang='lat' dir='ltr'>dispenset,</span> <span class='ocrx_word' id='word_1_541' title='bbox 477 2480 509 2500; x_wconf 89' lang='lat' dir='ltr'>ac</span> <span class='ocrx_word' id='word_1_542' title='bbox 519 2469 571 2499; x_wconf 92' lang='lat' dir='ltr'>suis</span> <span class='ocrx_word' id='word_1_543' title='bbox 580 2467 708 2497; x_wconf 87' lang='lat' dir='ltr'>omnibus</span> <span class='ocrx_word' id='word_1_544' title='bbox 718 2465 842 2505; x_wconf 86' lang='lat' dir='ltr'>partibus</span> <span class='ocrx_word' id='word_1_545' title='bbox 852 2465 887 2494; x_wconf 92' lang='lat' dir='ltr'>ad</span> <span class='ocrx_word' id='word_1_546' title='bbox 897 2464 1070 2494; x_wconf 85' lang='lat' dir='ltr'>educandam</span> <span class='ocrx_word' id='word_1_547' title='bbox 1080 2463 1189 2501; x_wconf 89' lang='lat' dir='ltr'>prolem</span> <span class='ocrx_word' id='word_1_548' title='bbox 1205 2473 1256 2492; x_wconf 92' lang='lat' dir='ltr'>no-</span> 
     </span>
     <span class='ocr_line' id='line_1_61' title="bbox 171 2508 393 2537; baseline -0.005 0"><span class='ocrx_word' id='word_1_549' title='bbox 171 2518 232 2537; x_wconf 89' lang='lat' dir='ltr'>vam</span> <span class='ocrx_word' id='word_1_550' title='bbox 247 2508 318 2537; x_wconf 88' lang='lat' dir='ltr'>cons</span> <span class='ocrx_word' id='word_1_551' title='bbox 334 2508 393 2536; x_wconf 91' lang='lat' dir='ltr'>iret.</span> 
     </span>
    </p>

    <p class='ocr_par' dir='ltr' id='par_1_25' title="bbox 152 2518 1254 2621">
     <span class='ocr_line' id='line_1_62' title="bbox 152 2518 1254 2583; baseline -0.005 -9"><span class='ocrx_word' id='word_1_552' title='bbox 152 2518 388 2583; x_wconf 70' lang='lat' dir='ltr'>Conspirarepitem</span> <span class='ocrx_word' id='word_1_553' title='bbox 401 2566 408 2578; x_wconf 86' lang='lat'><em>‚</em></span> <span class='ocrx_word' id='word_1_554' title='bbox 428 2553 479 2582; x_wconf 90' lang='lat' dir='ltr'>pro</span> <span class='ocrx_word' id='word_1_555' title='bbox 491 2543 640 2579; x_wconf 82' lang='lat' dir='ltr'>Coniurare</span> <span class='ocrx_word' id='word_1_556' title='bbox 651 2543 677 2572; x_wconf 84' lang='lat'>&amp;</span> <span class='ocrx_word' id='word_1_557' title='bbox 688 2541 842 2571; x_wconf 89' lang='lat' dir='ltr'>consentire</span> <span class='ocrx_word' id='word_1_558' title='bbox 852 2561 860 2571; x_wconf 81' lang='grc'>.</span> <span class='ocrx_word' id='word_1_559' title='bbox 880 2546 941 2569; x_wconf 91' lang='lat' dir='ltr'>tum</span> <span class='ocrx_word' id='word_1_560' title='bbox 958 2539 988 2568; x_wconf 91' lang='lat' dir='ltr'>in</span> <span class='ocrx_word' id='word_1_561' title='bbox 1006 2538 1111 2569; x_wconf 88' lang='lat' dir='ltr'>bonam</span> <span class='ocrx_word' id='word_1_562' title='bbox 1122 2560 1131 2574; x_wconf 86' lang='lat'>‚</span> <span class='ocrx_word' id='word_1_563' title='bbox 1152 2543 1213 2569; x_wconf 86' lang='lat' dir='ltr'>tum</span> <span class='ocrx_word' id='word_1_564' title='bbox 1224 2538 1254 2568; x_wconf 88' lang='lat' dir='ltr'>in</span> 
     </span>
     <span class='ocr_line' id='line_1_63' title="bbox 170 2578 992 2621; baseline -0.009 -8"><span class='ocrx_word' id='word_1_565' title='bbox 170 2584 268 2612; x_wconf 88' lang='lat' dir='ltr'>malam</span> <span class='ocrx_word' id='word_1_566' title='bbox 278 2589 383 2620; x_wconf 88' lang='lat' dir='ltr'>partem</span> <span class='ocrx_word' id='word_1_567' title='bbox 395 2582 535 2619; x_wconf 85' lang='lat' dir='ltr'>accipitur.</span> <span class='ocrx_word' id='word_1_568' title='bbox 558 2581 642 2610; x_wconf 83' lang='lat' dir='ltr'>Plaut.</span> <span class='ocrx_word' id='word_1_569' title='bbox 653 2580 738 2609; x_wconf 82' lang='lat' dir='ltr'>Merc.</span> <span class='ocrx_word' id='word_1_570' title='bbox 750 2591 776 2614; x_wconf 85' lang='lat'>4.</span> <span class='ocrx_word' id='word_1_571' title='bbox 790 2590 813 2614; x_wconf 83' lang='grc' dir='ltr'>ς.</span> <span class='ocrx_word' id='word_1_572' title='bbox 823 2578 932 2621; x_wconf 78' lang='lat' dir='ltr'>suppos.</span> <span class='ocrx_word' id='word_1_573' title='bbox 947 2582 992 2621; x_wconf 66' lang='lat'>23.</span> 
     </span>
    </p>

    <p class='ocr_par' dir='ltr' id='par_1_26' title="bbox 232 2617 1020 2653">
     <span class='ocr_line' id='line_1_64' title="bbox 232 2617 1020 2653; baseline -0.008 -3"><span class='ocrx_word' id='word_1_574' title='bbox 232 2621 334 2650; x_wconf 81' lang='lat' dir='ltr'>Mirum</span> <span class='ocrx_word' id='word_1_575' title='bbox 343 2621 370 2649; x_wconf 92' lang='lat' dir='ltr'>ni</span> <span class='ocrx_word' id='word_1_576' title='bbox 379 2619 454 2649; x_wconf 89' lang='lat' dir='ltr'>senes</span> <span class='ocrx_word' id='word_1_577' title='bbox 464 2619 546 2647; x_wconf 91' lang='lat' dir='ltr'>vicini</span> <span class='ocrx_word' id='word_1_578' title='bbox 556 2619 583 2647; x_wconf 90' lang='lat' dir='ltr'>iri</span> <span class='ocrx_word' id='word_1_579' title='bbox 595 2627 681 2647; x_wconf 91' lang='lat' dir='ltr'>unum</span> <span class='ocrx_word' id='word_1_580' title='bbox 692 2618 787 2646; x_wconf 91' lang='lat' dir='ltr'>nidum</span> <span class='ocrx_word' id='word_1_581' title='bbox 797 2617 1020 2653; x_wconf 79' lang='lat' dir='ltr'>conspiraverint.</span> 
     </span>
    </p>

    <p class='ocr_par' dir='ltr' id='par_1_27' title="bbox 151 2651 1253 2809">
     <span class='ocr_line' id='line_1_65' title="bbox 151 2651 1252 2696; baseline -0.005 -9"><span class='ocrx_word' id='word_1_582' title='bbox 151 2657 344 2696; x_wconf 82' lang='lat' dir='ltr'>Conspirarein</span> <span class='ocrx_word' id='word_1_583' title='bbox 355 2666 513 2686; x_wconf 85' lang='lat' dir='ltr'>commune·</span> <span class='ocrx_word' id='word_1_584' title='bbox 552 2655 687 2684; x_wconf 90' lang='lat' dir='ltr'>Columel.</span> <span class='ocrx_word' id='word_1_585' title='bbox 698 2654 746 2683; x_wconf 91' lang='lat' dir='ltr'>lib.</span> <span class='ocrx_word' id='word_1_586' title='bbox 760 2663 800 2684; x_wconf 89' lang='lat'>12.</span> <span class='ocrx_word' id='word_1_587' title='bbox 814 2655 843 2682; x_wconf 90' lang='lat' dir='ltr'>iri</span> <span class='ocrx_word' id='word_1_588' title='bbox 854 2653 930 2690; x_wconf 63' lang='lat' dir='ltr'>praef.</span> <span class='ocrx_word' id='word_1_589' title='bbox 952 2651 1031 2696; x_wconf 77' lang='lat' dir='ltr'>Nihil</span> <span class='ocrx_word' id='word_1_590' title='bbox 1045 2652 1122 2689; x_wconf 86' lang='lat' dir='ltr'>quod</span> <span class='ocrx_word' id='word_1_591' title='bbox 1137 2658 1185 2682; x_wconf 89' lang='lat' dir='ltr'>aut</span> <span class='ocrx_word' id='word_1_592' title='bbox 1195 2661 1252 2682; x_wconf 88' lang='lat' dir='ltr'>ma-</span> 
     </span>
     <span class='ocr_line' id='line_1_66' title="bbox 170 2690 1253 2731; baseline -0.006 -6"><span class='ocrx_word' id='word_1_593' title='bbox 170 2698 252 2730; x_wconf 84' lang='lat' dir='ltr'>ritus,</span> <span class='ocrx_word' id='word_1_594' title='bbox 272 2696 428 2724; x_wconf 81' lang='lat' dir='ltr'>autfemina</span> <span class='ocrx_word' id='word_1_595' title='bbox 439 2694 579 2731; x_wconf 87' lang='lat' dir='ltr'>proprium</span> <span class='ocrx_word' id='word_1_596' title='bbox 592 2692 645 2722; x_wconf 75' lang='lat' dir='ltr'>else</span> <span class='ocrx_word' id='word_1_597' title='bbox 654 2693 719 2728; x_wconf 85' lang='lat' dir='ltr'>juris</span> <span class='ocrx_word' id='word_1_598' title='bbox 728 2692 765 2721; x_wconf 93' lang='lat' dir='ltr'>sui</span> <span class='ocrx_word' id='word_1_599' title='bbox 778 2692 898 2726; x_wconf 82' lang='lat' dir='ltr'>diceret,</span> <span class='ocrx_word' id='word_1_600' title='bbox 920 2690 1005 2720; x_wconf 85' lang='lat' dir='ltr'>sedin</span> <span class='ocrx_word' id='word_1_601' title='bbox 1022 2700 1173 2719; x_wconf 90' lang='lat' dir='ltr'>commune</span> <span class='ocrx_word' id='word_1_602' title='bbox 1186 2700 1253 2719; x_wconf 87' lang='lat' dir='ltr'>con-</span> 
     </span>
     <span class='ocr_line' id='line_1_67' title="bbox 167 2727 1252 2770; baseline -0.005 -8"><span class='ocrx_word' id='word_1_603' title='bbox 167 2733 316 2770; x_wconf 78' lang='lat' dir='ltr'>spirabntur</span> <span class='ocrx_word' id='word_1_604' title='bbox 331 2733 365 2762; x_wconf 85' lang='lat' dir='ltr'>ab</span> <span class='ocrx_word' id='word_1_605' title='bbox 379 2739 512 2769; x_wconf 88' lang='lat' dir='ltr'>utroque,</span> <span class='ocrx_word' id='word_1_606' title='bbox 532 2738 562 2760; x_wconf 89' lang='lat' dir='ltr'>ut</span> <span class='ocrx_word' id='word_1_607' title='bbox 581 2741 645 2759; x_wconf 92' lang='lat' dir='ltr'>cuni</span> <span class='ocrx_word' id='word_1_608' title='bbox 662 2729 811 2759; x_wconf 83' lang='lat' dir='ltr'>forensibus</span> <span class='ocrx_word' id='word_1_609' title='bbox 832 2728 950 2765; x_wconf 83' lang='lat' dir='ltr'>negotiis</span> <span class='ocrx_word' id='word_1_610' title='bbox 969 2727 1130 2757; x_wconf 87' lang='lat' dir='ltr'>matronalis</span> <span class='ocrx_word' id='word_1_611' title='bbox 1151 2728 1252 2758; x_wconf 89' lang='lat' dir='ltr'>seduli-</span> 
     </span>
     <span class='ocr_line' id='line_1_68' title="bbox 169 2768 1052 2809; baseline -0.005 -10"><span class='ocrx_word' id='word_1_612' title='bbox 169 2778 208 2799; x_wconf 80' lang='lat' dir='ltr'>tas</span> <span class='ocrx_word' id='word_1_613' title='bbox 217 2771 353 2800; x_wconf 79' lang='lat' dir='ltr'>industria:</span> <span class='ocrx_word' id='word_1_614' title='bbox 364 2771 496 2799; x_wconf 85' lang='lat' dir='ltr'>rationem</span> <span class='ocrx_word' id='word_1_615' title='bbox 507 2778 599 2805; x_wconf 84' lang='lat' dir='ltr'>parem</span> <span class='ocrx_word' id='word_1_616' title='bbox 611 2768 720 2797; x_wconf 84' lang='lat' dir='ltr'>faceret.</span> <span class='ocrx_word' id='word_1_617' title='bbox 1047 2803 1052 2809; x_wconf 46' lang='grc'><strong><em>.</em></strong></span> 
     </span>
    </p>

    <p class='ocr_par' dir='ltr' id='par_1_28' title="bbox 150 2803 1252 2920">
     <span class='ocr_line' id='line_1_69' title="bbox 150 2803 1252 2847; baseline -0.004 -10"><span class='ocrx_word' id='word_1_618' title='bbox 150 2808 311 2845; x_wconf 83' lang='lat' dir='ltr'>Conspirare</span> <span class='ocrx_word' id='word_1_619' title='bbox 321 2810 346 2837; x_wconf 70' lang='lat'>6&lt;</span> <span class='ocrx_word' id='word_1_620' title='bbox 362 2808 514 2837; x_wconf 86' lang='lat' dir='ltr'>consentire</span> <span class='ocrx_word' id='word_1_621' title='bbox 528 2816 591 2836; x_wconf 92' lang='lat' dir='ltr'>cum</span> <span class='ocrx_word' id='word_1_622' title='bbox 603 2805 709 2842; x_wconf 85' lang='lat' dir='ltr'>aliquo:</span> <span class='ocrx_word' id='word_1_623' title='bbox 731 2804 815 2840; x_wconf 90' lang='lat' dir='ltr'>idque</span> <span class='ocrx_word' id='word_1_624' title='bbox 826 2804 854 2832; x_wconf 92' lang='lat' dir='ltr'>in</span> <span class='ocrx_word' id='word_1_625' title='bbox 867 2803 981 2833; x_wconf 88' lang='lat' dir='ltr'>bonum.</span> <span class='ocrx_word' id='word_1_626' title='bbox 1009 2803 1080 2847; x_wconf 64' lang='lat' dir='ltr'>⁴Cic.</span> <span class='ocrx_word' id='word_1_627' title='bbox 1092 2812 1117 2832; x_wconf 86' lang='lat'>2.</span> <span class='ocrx_word' id='word_1_628' title='bbox 1135 2803 1170 2832; x_wconf 89' lang='lat' dir='ltr'>de</span> <span class='ocrx_word' id='word_1_629' title='bbox 1180 2803 1252 2841; x_wconf 83' lang='lat' dir='ltr'>Lege</span> 
     </span>
     <span class='ocr_line' id='line_1_70' title="bbox 169 2840 1251 2883; baseline -0.003 -9"><span class='ocrx_word' id='word_1_630' title='bbox 169 2849 227 2881; x_wconf 75' lang='lat' dir='ltr'>Agr.</span> <span class='ocrx_word' id='word_1_631' title='bbox 240 2851 284 2876; x_wconf 79' lang='lat'>26.</span> <span class='ocrx_word' id='word_1_632' title='bbox 320 2845 482 2883; x_wconf 80' lang='lat' dir='ltr'>Conspirare</span> <span class='ocrx_word' id='word_1_633' title='bbox 507 2843 649 2873; x_wconf 88' lang='lat' dir='ltr'>nobiscum</span> <span class='ocrx_word' id='word_1_634' title='bbox 661 2852 667 2872; x_wconf 91' lang='lat'><strong>:</strong></span> <span class='ocrx_word' id='word_1_635' title='bbox 690 2842 842 2872; x_wconf 90' lang='lat' dir='ltr'>consentite</span> <span class='ocrx_word' id='word_1_636' title='bbox 866 2851 931 2870; x_wconf 91' lang='lat' dir='ltr'>curn</span> <span class='ocrx_word' id='word_1_637' title='bbox 950 2840 1030 2870; x_wconf 83' lang='lat' dir='ltr'>bonis</span> <span class='ocrx_word' id='word_1_638' title='bbox 1039 2862 1047 2877; x_wconf 87' lang='lat'><strong>‚</strong></span> <span class='ocrx_word' id='word_1_639' title='bbox 1071 2850 1251 2871; x_wconf 90' lang='lat' dir='ltr'>communem</span> 
     </span>
     <span class='ocr_line' id='line_1_71' title="bbox 167 2879 918 2920; baseline -0.008 -7"><span class='ocrx_word' id='word_1_640' title='bbox 167 2883 304 2920; x_wconf 84' lang='lat' dir='ltr'>Rempub.</span> <span class='ocrx_word' id='word_1_641' title='bbox 319 2883 460 2912; x_wconf 88' lang='lat' dir='ltr'>communi</span> <span class='ocrx_word' id='word_1_642' title='bbox 471 2882 561 2911; x_wconf 89' lang='lat' dir='ltr'>studio</span> <span class='ocrx_word' id='word_1_643' title='bbox 572 2888 652 2917; x_wconf 85' lang='lat' dir='ltr'>atque</span> <span class='ocrx_word' id='word_1_644' title='bbox 665 2889 757 2909; x_wconf 87' lang='lat' dir='ltr'>amore</span> <span class='ocrx_word' id='word_1_645' title='bbox 767 2879 918 2908; x_wconf 87' lang='lat' dir='ltr'>defendite.</span> 
     </span>
    </p>

    <p class='ocr_par' dir='ltr' id='par_1_29' title="bbox 149 2915 1249 3036">
     <span class='ocr_line' id='line_1_72' title="bbox 149 2915 1249 2962; baseline -0.004 -13"><span class='ocrx_word' id='word_1_646' title='bbox 149 2920 308 2959; x_wconf 82' lang='lat' dir='ltr'>Conspirare</span> <span class='ocrx_word' id='word_1_647' title='bbox 322 2921 533 2950; x_wconf 85' lang='lat' dir='ltr'>adliberandam</span> <span class='ocrx_word' id='word_1_648' title='bbox 545 2918 684 2962; x_wconf 88' lang='lat' dir='ltr'>Rempub.</span> <span class='ocrx_word' id='word_1_649' title='bbox 724 2917 781 2946; x_wconf 88' lang='lat' dir='ltr'>Cic.</span> <span class='ocrx_word' id='word_1_650' title='bbox 797 2927 836 2946; x_wconf 90' lang='lat'>10.</span> <span class='ocrx_word' id='word_1_651' title='bbox 846 2916 919 2946; x_wconf 89' lang='lat' dir='ltr'>Fam.</span> <span class='ocrx_word' id='word_1_652' title='bbox 936 2925 978 2946; x_wconf 89' lang='lat'>12.</span> <span class='ocrx_word' id='word_1_653' title='bbox 1000 2915 1164 2946; x_wconf 84' lang='lat' dir='ltr'>Mirabiliter</span> <span class='ocrx_word' id='word_1_654' title='bbox 1172 2917 1249 2946; x_wconf 87' lang='lat' dir='ltr'>enim</span> 
     </span>
     <span class='ocr_line' id='line_1_73' title="bbox 166 2953 1248 2995; baseline -0.004 -8"><span class='ocrx_word' id='word_1_655' title='bbox 166 2959 230 2995; x_wconf 87' lang='lat' dir='ltr'>Pop.</span> <span class='ocrx_word' id='word_1_656' title='bbox 246 2959 323 2988; x_wconf 87' lang='lat' dir='ltr'>Rom.</span> <span class='ocrx_word' id='word_1_657' title='bbox 338 2957 493 2993; x_wconf 81' lang='lat' dir='ltr'>universus,</span> <span class='ocrx_word' id='word_1_658' title='bbox 515 2959 676 2986; x_wconf 85' lang='lat' dir='ltr'>&amp;omnium</span> <span class='ocrx_word' id='word_1_659' title='bbox 686 2964 816 2992; x_wconf 86' lang='lat' dir='ltr'>generum</span> <span class='ocrx_word' id='word_1_660' title='bbox 827 2954 1010 2991; x_wconf 88' lang='lat' dir='ltr'>ordinumque</span> <span class='ocrx_word' id='word_1_661' title='bbox 1024 2953 1171 2984; x_wconf 86' lang='lat' dir='ltr'>consensus</span> <span class='ocrx_word' id='word_1_662' title='bbox 1182 2976 1190 2990; x_wconf 90' lang='lat'><strong>‚</strong></span> <span class='ocrx_word' id='word_1_663' title='bbox 1210 2954 1248 2984; x_wconf 84' lang='lat' dir='ltr'>acl</span> 
     </span>
     <span class='ocr_line' id='line_1_74' title="bbox 165 2994 949 3036; baseline -0.006 -11"><span class='ocrx_word' id='word_1_664' title='bbox 165 2996 332 3026; x_wconf 85' lang='lat' dir='ltr'>liberandam</span> <span class='ocrx_word' id='word_1_665' title='bbox 350 2996 484 3033; x_wconf 87' lang='lat' dir='ltr'>Rempub.</span> <span class='ocrx_word' id='word_1_666' title='bbox 498 2994 674 3032; x_wconf 87' lang='lat' dir='ltr'>conspiravit.</span> <span class='ocrx_word' id='word_1_667' title='bbox 796 3029 802 3036; x_wconf 47' lang='grc'><em>,</em></span> <span class='ocrx_word' id='word_1_668' title='bbox 922 3029 927 3035; x_wconf 40' lang='grc' dir='ltr'>Ι</span> <span class='ocrx_word' id='word_1_669' title='bbox 943 3029 949 3035; x_wconf 43' lang='lat'><em>·</em></span> 
     </span>
    </p>

    <p class='ocr_par' dir='ltr' id='par_1_30' title="bbox 148 3028 1247 3073">
     <span class='ocr_line' id='line_1_75' title="bbox 148 3028 1247 3073; baseline -0.005 -10"><span class='ocrx_word' id='word_1_670' title='bbox 148 3035 187 3063; x_wconf 78' lang='lat' dir='ltr'>Ad</span> <span class='ocrx_word' id='word_1_671' title='bbox 200 3035 363 3066; x_wconf 74' lang='lat' dir='ltr'>maiestatem</span> <span class='ocrx_word' id='word_1_672' title='bbox 373 3034 525 3071; x_wconf 88' lang='lat' dir='ltr'>aliquorum</span> <span class='ocrx_word' id='word_1_673' title='bbox 535 3030 750 3061; x_wconf 86' lang='lat' dir='ltr'>defendendam.</span> <span class='ocrx_word' id='word_1_674' title='bbox 771 3028 829 3059; x_wconf 88' lang='lat' dir='ltr'>Cic.</span> <span class='ocrx_word' id='word_1_675' title='bbox 840 3037 863 3065; x_wconf 79' lang='lat'>3.</span> <span class='ocrx_word' id='word_1_676' title='bbox 880 3028 999 3067; x_wconf 84' lang='lat' dir='ltr'>Philipp.</span> <span class='ocrx_word' id='word_1_677' title='bbox 1013 3037 1054 3064; x_wconf 78' lang='lat'>13.</span> <span class='ocrx_word' id='word_1_678' title='bbox 1113 3066 1119 3072; x_wconf 40' lang='grc' dir='ltr'>ι</span> <span class='ocrx_word' id='word_1_679' title='bbox 1209 3066 1215 3073; x_wconf 42' lang='lat'><strong>·</strong></span> <span class='ocrx_word' id='word_1_680' title='bbox 1240 3066 1247 3072; x_wconf 51' lang='grc'><em>.</em></span> 
     </span>
    </p>

    <p class='ocr_par' dir='ltr' id='par_1_31' title="bbox 147 3065 1248 3185">
     <span class='ocr_line' id='line_1_76' title="bbox 147 3065 1248 3109; baseline -0.005 -9"><span class='ocrx_word' id='word_1_681' title='bbox 147 3072 305 3108; x_wconf 83' lang='lat' dir='ltr'>Conspirare</span> <span class='ocrx_word' id='word_1_682' title='bbox 322 3072 422 3100; x_wconf 89' lang='lat' dir='ltr'>dicitur</span> <span class='ocrx_word' id='word_1_683' title='bbox 438 3077 540 3100; x_wconf 86' lang='lat' dir='ltr'>natura.</span> <span class='ocrx_word' id='word_1_684' title='bbox 580 3069 638 3099; x_wconf 92' lang='lat' dir='ltr'>Cic.</span> <span class='ocrx_word' id='word_1_685' title='bbox 654 3077 677 3104; x_wconf 79' lang='lat'>3.</span> <span class='ocrx_word' id='word_1_686' title='bbox 694 3068 729 3097; x_wconf 89' lang='lat' dir='ltr'>de</span> <span class='ocrx_word' id='word_1_687' title='bbox 745 3066 807 3096; x_wconf 82' lang='lat' dir='ltr'>Nat.</span> <span class='ocrx_word' id='word_1_688' title='bbox 822 3067 904 3096; x_wconf 90' lang='lat' dir='ltr'>Deor.</span> <span class='ocrx_word' id='word_1_689' title='bbox 921 3072 966 3100; x_wconf 83' lang='lat'>28.</span> <span class='ocrx_word' id='word_1_690' title='bbox 997 3066 1090 3103; x_wconf 89' lang='lat' dir='ltr'>Itaque</span> <span class='ocrx_word' id='word_1_691' title='bbox 1111 3065 1162 3109; x_wconf 76' lang='lat' dir='ltr'>illa</span> <span class='ocrx_word' id='word_1_692' title='bbox 1178 3066 1248 3095; x_wconf 90' lang='lat' dir='ltr'>mihi</span> 
     </span>
     <span class='ocr_line' id='line_1_77' title="bbox 164 3104 1248 3146; baseline -0.006 -8"><span class='ocrx_word' id='word_1_693' title='bbox 164 3109 289 3146; x_wconf 84' lang='lat' dir='ltr'>placebat</span> <span class='ocrx_word' id='word_1_694' title='bbox 299 3110 386 3138; x_wconf 84' lang='lat' dir='ltr'>oratio</span> <span class='ocrx_word' id='word_1_695' title='bbox 398 3109 432 3138; x_wconf 90' lang='lat' dir='ltr'>de</span> <span class='ocrx_word' id='word_1_696' title='bbox 443 3107 638 3138; x_wconf 88' lang='lat' dir='ltr'>convenientia</span> <span class='ocrx_word' id='word_1_697' title='bbox 650 3104 838 3142; x_wconf 86' lang='lat' dir='ltr'>consensuque</span> <span class='ocrx_word' id='word_1_698' title='bbox 851 3111 956 3133; x_wconf 84' lang='lat' dir='ltr'>naturae</span> <span class='ocrx_word' id='word_1_699' title='bbox 966 3125 974 3138; x_wconf 86' lang='lat'>,</span> <span class='ocrx_word' id='word_1_700' title='bbox 994 3113 1074 3140; x_wconf 88' lang='lat' dir='ltr'>quam</span> <span class='ocrx_word' id='word_1_701' title='bbox 1094 3105 1164 3142; x_wconf 83' lang='lat' dir='ltr'>quali</span> <span class='ocrx_word' id='word_1_702' title='bbox 1182 3114 1248 3133; x_wconf 85' lang='lat' dir='ltr'>con-</span> 
     </span>
     <span class='ocr_line' id='line_1_78' title="bbox 165 3146 1149 3185; baseline -0.003 -10"><span class='ocrx_word' id='word_1_703' title='bbox 165 3147 297 3176; x_wconf 87' lang='lat' dir='ltr'>tinuatam</span> <span class='ocrx_word' id='word_1_704' title='bbox 310 3147 462 3184; x_wconf 74' lang='lat' dir='ltr'>conspirare</span> <span class='ocrx_word' id='word_1_705' title='bbox 473 3146 592 3175; x_wconf 90' lang='lat' dir='ltr'>dicebas.</span> <span class='ocrx_word' id='word_1_706' title='bbox 981 3178 986 3184; x_wconf 47' lang='grc'><em>.</em></span> <span class='ocrx_word' id='word_1_707' title='bbox 1143 3179 1149 3185; x_wconf 49' lang='lat'><em>·</em></span> 
     </span>
    </p>

    <p class='ocr_par' dir='ltr' id='par_1_32' title="bbox 146 3177 1247 3251">
     <span class='ocr_line' id='line_1_79' title="bbox 146 3177 1247 3220; baseline -0.003 -8"><span class='ocrx_word' id='word_1_708' title='bbox 146 3183 305 3220; x_wconf 78' lang='lat' dir='ltr'>Conspirare</span> <span class='ocrx_word' id='word_1_709' title='bbox 315 3185 341 3213; x_wconf 87' lang='lat' dir='ltr'>in</span> <span class='ocrx_word' id='word_1_710' title='bbox 351 3183 463 3214; x_wconf 88' lang='lat' dir='ltr'>malum.</span> <span class='ocrx_word' id='word_1_711' title='bbox 499 3184 612 3213; x_wconf 89' lang='lat' dir='ltr'>Sueton.</span> <span class='ocrx_word' id='word_1_712' title='bbox 623 3181 652 3211; x_wconf 87' lang='lat' dir='ltr'>in</span> <span class='ocrx_word' id='word_1_713' title='bbox 663 3179 728 3212; x_wconf 87' lang='lat' dir='ltr'>Caes.</span> <span class='ocrx_word' id='word_1_714' title='bbox 740 3189 800 3218; x_wconf 85' lang='lat' dir='ltr'>cap.</span> <span class='ocrx_word' id='word_1_715' title='bbox 809 3184 854 3214; x_wconf 85' lang='lat'>80.</span> <span class='ocrx_word' id='word_1_716' title='bbox 886 3177 1079 3216; x_wconf 86' lang='lat' dir='ltr'>Conspiratum</span> <span class='ocrx_word' id='word_1_717' title='bbox 1095 3179 1170 3208; x_wconf 90' lang='lat' dir='ltr'>estin</span> <span class='ocrx_word' id='word_1_718' title='bbox 1181 3188 1247 3209; x_wconf 84' lang='lat' dir='ltr'>eum</span> 
     </span>
     <span class='ocr_line' id='line_1_80' title="bbox 165 3222 383 3251; baseline 0.014 -3"><span class='ocrx_word' id='word_1_719' title='bbox 165 3232 180 3249; x_wconf 82' lang='lat' dir='ltr'>a</span> <span class='ocrx_word' id='word_1_720' title='bbox 202 3232 216 3249; x_wconf 86' lang='grc'>1,</span> <span class='ocrx_word' id='word_1_721' title='bbox 226 3231 241 3249; x_wconf 83' lang='lat' dir='ltr'>x</span> <span class='ocrx_word' id='word_1_722' title='bbox 257 3232 298 3250; x_wconf 87' lang='grc'><strong>3111</strong></span> <span class='ocrx_word' id='word_1_723' title='bbox 322 3222 383 3251; x_wconf 86' lang='lat' dir='ltr'>lius.</span> 
     </span>
    </p>

    <p class='ocr_par' dir='ltr' id='par_1_33' title="bbox 111 3233 1247 3409">
     <span class='ocr_line' id='line_1_81' title="bbox 111 3233 1247 3296; baseline -0.004 -8"><span class='ocrx_word' id='word_1_724' title='bbox 111 3258 133 3288; x_wconf 93' lang='lat' dir='ltr'>C</span> <span class='ocrx_word' id='word_1_725' title='bbox 143 3268 158 3287; x_wconf 93' lang='lat' dir='ltr'>o</span> <span class='ocrx_word' id='word_1_726' title='bbox 167 3268 186 3287; x_wconf 89' lang='grc' dir='ltr'><strong>Ν</strong></span> <span class='ocrx_word' id='word_1_727' title='bbox 196 3268 243 3288; x_wconf 76' lang='lat' dir='ltr'>sri</span> <span class='ocrx_word' id='word_1_728' title='bbox 256 3269 270 3287; x_wconf 73' lang='grc'>11</span> <span class='ocrx_word' id='word_1_729' title='bbox 283 3233 328 3288; x_wconf 49' lang='lat' dir='ltr'>Alie</span> <span class='ocrx_word' id='word_1_730' title='bbox 339 3269 350 3288; x_wconf 93' lang='lat' dir='ltr'>s</span> <span class='ocrx_word' id='word_1_731' title='bbox 361 3281 369 3294; x_wconf 81' lang='lat'><strong><em>‚</em></strong></span> <span class='ocrx_word' id='word_1_732' title='bbox 390 3258 552 3294; x_wconf 71' lang='grc' dir='ltr'>[συμπνίων]</span> <span class='ocrx_word' id='word_1_733' title='bbox 572 3257 666 3287; x_wconf 85' lang='lat' dir='ltr'>Partic.</span> <span class='ocrx_word' id='word_1_734' title='bbox 689 3255 746 3286; x_wconf 91' lang='lat' dir='ltr'>Cic.</span> <span class='ocrx_word' id='word_1_735' title='bbox 757 3264 783 3285; x_wconf 93' lang='lat'>2.</span> <span class='ocrx_word' id='word_1_736' title='bbox 800 3255 836 3284; x_wconf 92' lang='lat' dir='ltr'>de</span> <span class='ocrx_word' id='word_1_737' title='bbox 848 3253 911 3284; x_wconf 88' lang='lat' dir='ltr'>Nat.</span> <span class='ocrx_word' id='word_1_738' title='bbox 921 3253 1003 3283; x_wconf 88' lang='lat' dir='ltr'>Deor.</span> <span class='ocrx_word' id='word_1_739' title='bbox 1016 3262 1047 3296; x_wconf 72' lang='lat'>19</span> <span class='ocrx_word' id='word_1_740' title='bbox 1079 3252 1156 3288; x_wconf 88' lang='lat' dir='ltr'>Quid</span> <span class='ocrx_word' id='word_1_741' title='bbox 1170 3263 1247 3290; x_wconf 88' lang='lat' dir='ltr'>vero,</span> 
     </span>
     <span class='ocr_line' id='line_1_82' title="bbox 150 3292 1134 3332; baseline -0.003 -9"><span class='ocrx_word' id='word_1_742' title='bbox 150 3302 223 3325; x_wconf 70' lang='lat' dir='ltr'>tanta</span> <span class='ocrx_word' id='word_1_743' title='bbox 231 3306 319 3325; x_wconf 86' lang='lat' dir='ltr'>reruni</span> <span class='ocrx_word' id='word_1_744' title='bbox 331 3297 521 3330; x_wconf 79' lang='lat' dir='ltr'>consentiens,</span> <span class='ocrx_word' id='word_1_745' title='bbox 543 3295 719 3332; x_wconf 86' lang='lat' dir='ltr'>conspirans,</span> <span class='ocrx_word' id='word_1_746' title='bbox 739 3294 900 3322; x_wconf 89' lang='lat' dir='ltr'>continuata</span> <span class='ocrx_word' id='word_1_747' title='bbox 915 3297 1061 3328; x_wconf 85' lang='lat' dir='ltr'>cognatio,</span> <span class='ocrx_word' id='word_1_748' title='bbox 1081 3292 1134 3321; x_wconf 81' lang='lat' dir='ltr'>&amp;c.</span> 
     </span>
     <span class='ocr_line' id='line_1_83' title="bbox 148 3331 920 3372; baseline -0.005 -10"><span class='ocrx_word' id='word_1_749' title='bbox 148 3333 306 3370; x_wconf 87' lang='lat' dir='ltr'>Conspirans</span> <span class='ocrx_word' id='word_1_750' title='bbox 317 3341 428 3363; x_wconf 87' lang='lat' dir='ltr'>mutuus</span> <span class='ocrx_word' id='word_1_751' title='bbox 442 3335 529 3362; x_wconf 82' lang='lat' dir='ltr'>ardor.</span> <span class='ocrx_word' id='word_1_752' title='bbox 552 3333 659 3362; x_wconf 91' lang='lat' dir='ltr'>Lucret.</span> <span class='ocrx_word' id='word_1_753' title='bbox 676 3331 721 3361; x_wconf 89' lang='lat' dir='ltr'>lib.</span> <span class='ocrx_word' id='word_1_754' title='bbox 734 3342 760 3366; x_wconf 84' lang='lat'>4.</span> <span class='ocrx_word' id='word_1_755' title='bbox 775 3340 854 3365; x_wconf 83' lang='lat'>1209.</span> <span class='ocrx_word' id='word_1_756' title='bbox 914 3367 920 3372; x_wconf 37' lang='lat'><strong>⁴</strong></span> 
     </span>
     <span class='ocr_line' id='line_1_84' title="bbox 149 3365 1034 3409; baseline -0.005 -10"><span class='ocrx_word' id='word_1_757' title='bbox 149 3371 307 3407; x_wconf 81' lang='lat' dir='ltr'>Conspirans</span> <span class='ocrx_word' id='word_1_758' title='bbox 317 3373 342 3401; x_wconf 68' lang='grc' dir='ltr'>δι</span> <span class='ocrx_word' id='word_1_759' title='bbox 355 3381 432 3409; x_wconf 75' lang='lat' dir='ltr'>paenc</span> <span class='ocrx_word' id='word_1_760' title='bbox 443 3372 577 3400; x_wconf 78' lang='lat' dir='ltr'>conflatus</span> <span class='ocrx_word' id='word_1_761' title='bbox 586 3369 740 3400; x_wconf 84' lang='lat' dir='ltr'>consensus.</span> <span class='ocrx_word' id='word_1_762' title='bbox 761 3368 818 3398; x_wconf 91' lang='lat' dir='ltr'>Cic.</span> <span class='ocrx_word' id='word_1_763' title='bbox 830 3376 880 3405; x_wconf 89' lang='lat' dir='ltr'>pro</span> <span class='ocrx_word' id='word_1_764' title='bbox 892 3365 978 3404; x_wconf 85' lang='lat' dir='ltr'>Ligar.</span> <span class='ocrx_word' id='word_1_765' title='bbox 990 3376 1034 3402; x_wconf 85' lang='grc' dir='ltr'>ςς.</span> 
     </span>
    </p>

    <p class='ocr_par' dir='ltr' id='par_1_34' title="bbox 110 3407 1159 3447">
     <span class='ocr_line' id='line_1_85' title="bbox 110 3407 1159 3447; baseline 0.004 -11"><span class='ocrx_word' id='word_1_766' title='bbox 110 3407 575 3443; x_wconf 68' lang='lat' dir='ltr'>CoNsrriiATus,a,um.ut</span> <span class='ocrx_word' id='word_1_767' title='bbox 1153 3439 1159 3447; x_wconf 76' lang='lat'>‚</span> 
     </span>
    </p>

    <p class='ocr_par' dir='ltr' id='par_1_35' title="bbox 147 3439 1244 3486">
     <span class='ocr_line' id='line_1_86' title="bbox 147 3439 1244 3486; baseline -0.004 -13"><span class='ocrx_word' id='word_1_768' title='bbox 147 3445 308 3482; x_wconf 71' lang='lat' dir='ltr'>Conspirarae</span> <span class='ocrx_word' id='word_1_769' title='bbox 317 3456 367 3480; x_wconf 80' lang='lat' dir='ltr'>res,</span> <span class='ocrx_word' id='word_1_770' title='bbox 385 3446 454 3482; x_wconf 67' lang='lat' dir='ltr'>Quae</span> <span class='ocrx_word' id='word_1_771' title='bbox 464 3446 540 3475; x_wconf 90' lang='lat' dir='ltr'>velut</span> <span class='ocrx_word' id='word_1_772' title='bbox 550 3445 676 3475; x_wconf 69' lang='lat' dir='ltr'>conflata:</span> <span class='ocrx_word' id='word_1_773' title='bbox 686 3443 747 3473; x_wconf 88' lang='lat' dir='ltr'>sunt</span> <span class='ocrx_word' id='word_1_774' title='bbox 761 3444 789 3472; x_wconf 93' lang='lat' dir='ltr'>in</span> <span class='ocrx_word' id='word_1_775' title='bbox 803 3451 888 3485; x_wconf 77' lang='lat' dir='ltr'>unum</span> <span class='ocrx_word' id='word_1_776' title='bbox 898 3451 1007 3486; x_wconf 79' lang='lat' dir='ltr'>corpus.</span> <span class='ocrx_word' id='word_1_777' title='bbox 1031 3440 1095 3470; x_wconf 88' lang='lat' dir='ltr'>Sen.</span> <span class='ocrx_word' id='word_1_778' title='bbox 1109 3439 1244 3478; x_wconf 65' lang='lat' dir='ltr'>Epistssc.</span> 
     </span>
    </p>

    <p class='ocr_par' dir='ltr' id='par_1_36' title="bbox 163 3478 1245 3557">
     <span class='ocr_line' id='line_1_87' title="bbox 163 3478 1245 3522; baseline -0.004 -11"><span class='ocrx_word' id='word_1_779' title='bbox 163 3482 258 3511; x_wconf 82' lang='lat' dir='ltr'>Talem</span> <span class='ocrx_word' id='word_1_780' title='bbox 270 3481 320 3512; x_wconf 78' lang='lat' dir='ltr'>esse</span> <span class='ocrx_word' id='word_1_781' title='bbox 332 3485 454 3513; x_wconf 91' lang='lat' dir='ltr'>animum</span> <span class='ocrx_word' id='word_1_782' title='bbox 468 3484 587 3512; x_wconf 86' lang='lat' dir='ltr'>nostrum</span> <span class='ocrx_word' id='word_1_783' title='bbox 598 3483 662 3511; x_wconf 90' lang='lat' dir='ltr'>volo</span> <span class='ocrx_word' id='word_1_784' title='bbox 673 3503 680 3513; x_wconf 87' lang='lat'><strong>‚</strong></span> <span class='ocrx_word' id='word_1_785' title='bbox 703 3489 732 3510; x_wconf 93' lang='lat' dir='ltr'>ut</span> <span class='ocrx_word' id='word_1_786' title='bbox 750 3481 842 3510; x_wconf 81' lang='lat' dir='ltr'>multae</span> <span class='ocrx_word' id='word_1_787' title='bbox 858 3489 886 3508; x_wconf 90' lang='lat' dir='ltr'>in</span> <span class='ocrx_word' id='word_1_788' title='bbox 909 3479 956 3508; x_wconf 91' lang='lat' dir='ltr'>illo</span> <span class='ocrx_word' id='word_1_789' title='bbox 979 3485 1049 3508; x_wconf 88' lang='lat' dir='ltr'>artes</span> <span class='ocrx_word' id='word_1_790' title='bbox 1069 3478 1135 3513; x_wconf 88' lang='lat' dir='ltr'>sint,</span> <span class='ocrx_word' id='word_1_791' title='bbox 1157 3478 1245 3522; x_wconf 83' lang='lat' dir='ltr'>multa</span> 
     </span>
     <span class='ocr_line' id='line_1_88' title="bbox 164 3514 1243 3557; baseline -0.004 -9"><span class='ocrx_word' id='word_1_792' title='bbox 164 3527 295 3557; x_wconf 86' lang='lat' dir='ltr'>praecepta</span> <span class='ocrx_word' id='word_1_793' title='bbox 305 3543 312 3556; x_wconf 80' lang='lat'>‚</span> <span class='ocrx_word' id='word_1_794' title='bbox 335 3521 477 3550; x_wconf 87' lang='lat' dir='ltr'>multarum</span> <span class='ocrx_word' id='word_1_795' title='bbox 489 3528 598 3549; x_wconf 69' lang='lat' dir='ltr'>aetatum</span> <span class='ocrx_word' id='word_1_796' title='bbox 609 3519 752 3556; x_wconf 81' lang='lat' dir='ltr'>exempla,</span> <span class='ocrx_word' id='word_1_797' title='bbox 772 3519 818 3548; x_wconf 84' lang='lat' dir='ltr'>sed</span> <span class='ocrx_word' id='word_1_798' title='bbox 829 3518 922 3546; x_wconf 82' lang='lat' dir='ltr'>omnia</span> <span class='ocrx_word' id='word_1_799' title='bbox 937 3518 965 3545; x_wconf 90' lang='lat' dir='ltr'>in</span> <span class='ocrx_word' id='word_1_800' title='bbox 983 3526 1069 3545; x_wconf 90' lang='lat' dir='ltr'>unum</span> <span class='ocrx_word' id='word_1_801' title='bbox 1083 3514 1243 3553; x_wconf 86' lang='lat' dir='ltr'>conspirata.</span> 
     </span>
    </p>

    <p class='ocr_par' dir='ltr' id='par_1_37' title="bbox 146 3553 1242 3633">
     <span class='ocr_line' id='line_1_89' title="bbox 146 3553 1242 3595; baseline -0.003 -10"><span class='ocrx_word' id='word_1_802' title='bbox 146 3557 305 3593; x_wconf 81' lang='lat' dir='ltr'>Conspirati,</span> <span class='ocrx_word' id='word_1_803' title='bbox 316 3559 444 3592; x_wconf 75' lang='lat' dir='ltr'>absolute.</span> <span class='ocrx_word' id='word_1_804' title='bbox 457 3568 507 3595; x_wconf 87' lang='lat' dir='ltr'>pro</span> <span class='ocrx_word' id='word_1_805' title='bbox 518 3559 558 3587; x_wconf 81' lang='lat' dir='ltr'>liis</span> <span class='ocrx_word' id='word_1_806' title='bbox 569 3580 576 3592; x_wconf 77' lang='grc'>,</span> <span class='ocrx_word' id='word_1_807' title='bbox 599 3558 653 3592; x_wconf 85' lang='lat' dir='ltr'>Qui</span> <span class='ocrx_word' id='word_1_808' title='bbox 666 3557 692 3585; x_wconf 88' lang='lat' dir='ltr'>iii</span> <span class='ocrx_word' id='word_1_809' title='bbox 706 3566 802 3585; x_wconf 88' lang='lat' dir='ltr'>neceni</span> <span class='ocrx_word' id='word_1_810' title='bbox 813 3555 927 3590; x_wconf 84' lang='lat' dir='ltr'>alicujus</span> <span class='ocrx_word' id='word_1_811' title='bbox 937 3555 1136 3592; x_wconf 82' lang='lat' dir='ltr'>conspirarunt.</span> <span class='ocrx_word' id='word_1_812' title='bbox 1167 3553 1242 3583; x_wconf 87' lang='lat' dir='ltr'>Suet.</span> 
     </span>
     <span class='ocr_line' id='line_1_90' title="bbox 164 3591 1204 3633; baseline -0.002 -11"><span class='ocrx_word' id='word_1_813' title='bbox 164 3595 190 3622; x_wconf 92' lang='lat' dir='ltr'>in</span> <span class='ocrx_word' id='word_1_814' title='bbox 207 3595 270 3624; x_wconf 68' lang='lat' dir='ltr'>Cres.</span> <span class='ocrx_word' id='word_1_815' title='bbox 285 3605 343 3633; x_wconf 89' lang='lat' dir='ltr'>cap.</span> <span class='ocrx_word' id='word_1_816' title='bbox 358 3601 400 3629; x_wconf 85' lang='lat'>8²-</span> <span class='ocrx_word' id='word_1_817' title='bbox 425 3596 590 3625; x_wconf 75' lang='lat' dir='ltr'>Aslidentem</span> <span class='ocrx_word' id='word_1_818' title='bbox 600 3593 746 3631; x_wconf 86' lang='lat' dir='ltr'>conspirati</span> <span class='ocrx_word' id='word_1_819' title='bbox 761 3594 852 3630; x_wconf 84' lang='lat' dir='ltr'>specie</span> <span class='ocrx_word' id='word_1_820' title='bbox 863 3591 947 3621; x_wconf 84' lang='lat' dir='ltr'>officii</span> <span class='ocrx_word' id='word_1_821' title='bbox 959 3591 1204 3621; x_wconf 86' lang='lat' dir='ltr'>circumsteterunt.</span> 
     </span>
    </p>

    <p class='ocr_par' dir='ltr' id='par_1_38' title="bbox 108 3628 1243 3705">
     <span class='ocr_line' id='line_1_91' title="bbox 108 3628 1243 3668; baseline -0.002 -9"><span class='ocrx_word' id='word_1_822' title='bbox 108 3631 154 3659; x_wconf 92' lang='lat' dir='ltr'>Co</span> <span class='ocrx_word' id='word_1_823' title='bbox 165 3641 183 3659; x_wconf 89' lang='grc' dir='ltr'><strong>Ν</strong></span> <span class='ocrx_word' id='word_1_824' title='bbox 194 3641 205 3660; x_wconf 94' lang='lat' dir='ltr'>s</span> <span class='ocrx_word' id='word_1_825' title='bbox 215 3641 244 3659; x_wconf 68' lang='lat' dir='ltr'>vi</span> <span class='ocrx_word' id='word_1_826' title='bbox 257 3642 270 3660; x_wconf 82' lang='lat' dir='ltr'>R</span> <span class='ocrx_word' id='word_1_827' title='bbox 279 3637 294 3661; x_wconf 66' lang='lat' dir='ltr'>A</span> <span class='ocrx_word' id='word_1_828' title='bbox 306 3643 324 3661; x_wconf 66' lang='grc'>’1-</span> <span class='ocrx_word' id='word_1_829' title='bbox 333 3643 346 3661; x_wconf 85' lang='lat' dir='ltr'>ii</span> <span class='ocrx_word' id='word_1_830' title='bbox 357 3655 365 3668; x_wconf 87' lang='lat'>,</span> <span class='ocrx_word' id='word_1_831' title='bbox 387 3634 452 3662; x_wconf 71' lang='grc' dir='ltr'><strong>Λᾶν.</strong></span> <span class='ocrx_word' id='word_1_832' title='bbox 475 3633 572 3668; x_wconf 69' lang='lat' dir='ltr'>justin.</span> <span class='ocrx_word' id='word_1_833' title='bbox 587 3643 608 3666; x_wconf 77' lang='lat'>³·</span> <span class='ocrx_word' id='word_1_834' title='bbox 627 3644 649 3665; x_wconf 81' lang='grc' dir='ltr'>ς.</span> <span class='ocrx_word' id='word_1_835' title='bbox 674 3630 875 3661; x_wconf 70' lang='lat' dir='ltr'>Lacedaemonii</span> <span class='ocrx_word' id='word_1_836' title='bbox 888 3639 922 3659; x_wconf 88' lang='lat' dir='ltr'>eo</span> <span class='ocrx_word' id='word_1_837' title='bbox 935 3629 1114 3667; x_wconf 89' lang='lat' dir='ltr'>conspiratius</span> <span class='ocrx_word' id='word_1_838' title='bbox 1124 3628 1159 3658; x_wconf 85' lang='lat' dir='ltr'>ad</span> <span class='ocrx_word' id='word_1_839' title='bbox 1168 3638 1243 3658; x_wconf 85' lang='lat' dir='ltr'>arma</span> 
     </span>
     <span class='ocr_line' id='line_1_92' title="bbox 147 3669 674 3705; baseline 0.004 -9"><span class='ocrx_word' id='word_1_840' title='bbox 147 3676 318 3699; x_wconf 87' lang='lat' dir='ltr'>concurrunt.</span> <span class='ocrx_word' id='word_1_841' title='bbox 348 3671 365 3699; x_wconf 92' lang='lat' dir='ltr'>i.</span> <span class='ocrx_word' id='word_1_842' title='bbox 376 3680 399 3700; x_wconf 90' lang='lat' dir='ltr'>e.</span> <span class='ocrx_word' id='word_1_843' title='bbox 422 3671 520 3705; x_wconf 73' lang='lat' dir='ltr'>Maiori</span> <span class='ocrx_word' id='word_1_844' title='bbox 531 3669 674 3699; x_wconf 85' lang='lat' dir='ltr'>consensu.</span> 
     </span>
    </p>

    <p class='ocr_par' dir='ltr' id='par_1_39' title="bbox 107 3704 1243 3817">
     <span class='ocr_line' id='line_1_93' title="bbox 107 3704 1243 3744; baseline -0.001 -11"><span class='ocrx_word' id='word_1_845' title='bbox 107 3704 129 3733; x_wconf 91' lang='lat' dir='ltr'>C</span> <span class='ocrx_word' id='word_1_846' title='bbox 138 3714 153 3733; x_wconf 93' lang='lat' dir='ltr'>o</span> <span class='ocrx_word' id='word_1_847' title='bbox 165 3714 182 3733; x_wconf 82' lang='lat' dir='ltr'>N</span> <span class='ocrx_word' id='word_1_848' title='bbox 193 3715 205 3734; x_wconf 87' lang='lat' dir='ltr'>s</span> <span class='ocrx_word' id='word_1_849' title='bbox 215 3715 229 3734; x_wconf 82' lang='lat' dir='ltr'>r›</span> <span class='ocrx_word' id='word_1_850' title='bbox 239 3717 246 3734; x_wconf 93' lang='lat' dir='ltr'>i</span> <span class='ocrx_word' id='word_1_851' title='bbox 257 3716 272 3734; x_wconf 78' lang='lat' dir='ltr'>R</span> <span class='ocrx_word' id='word_1_852' title='bbox 282 3717 299 3735; x_wconf 91' lang='lat' dir='ltr'>A</span> <span class='ocrx_word' id='word_1_853' title='bbox 310 3717 345 3736; x_wconf 86' lang='lat' dir='ltr'>Ti</span> <span class='ocrx_word' id='word_1_854' title='bbox 356 3718 386 3742; x_wconf 88' lang='grc' dir='ltr'>ο,</span> <span class='ocrx_word' id='word_1_855' title='bbox 408 3710 477 3737; x_wconf 67' lang='lat' dir='ltr'>onis.</span> <span class='ocrx_word' id='word_1_856' title='bbox 500 3708 518 3736; x_wconf 86' lang='lat' dir='ltr'>f.</span> <span class='ocrx_word' id='word_1_857' title='bbox 539 3706 675 3744; x_wconf 62' lang='grc' dir='ltr'><strong><em>[σός-κως,</em></strong></span> <span class='ocrx_word' id='word_1_858' title='bbox 693 3705 834 3741; x_wconf 62' lang='lat' dir='ltr'>simmia]</span> <span class='ocrx_word' id='word_1_859' title='bbox 854 3704 925 3734; x_wconf 92' lang='lat' dir='ltr'>Tam</span> <span class='ocrx_word' id='word_1_860' title='bbox 936 3705 964 3733; x_wconf 92' lang='lat' dir='ltr'>in</span> <span class='ocrx_word' id='word_1_861' title='bbox 972 3704 1079 3734; x_wconf 89' lang='lat' dir='ltr'>bonum</span> <span class='ocrx_word' id='word_1_862' title='bbox 1089 3726 1097 3739; x_wconf 85' lang='lat'><strong>‚</strong></span> <span class='ocrx_word' id='word_1_863' title='bbox 1117 3713 1200 3740; x_wconf 87' lang='lat' dir='ltr'>quam</span> <span class='ocrx_word' id='word_1_864' title='bbox 1212 3704 1243 3732; x_wconf 85' lang='lat' dir='ltr'>in</span> 
     </span>
     <span class='ocr_line' id='line_1_94' title="bbox 144 3743 394 3781; baseline 0.008 -10"><span class='ocrx_word' id='word_1_865' title='bbox 144 3743 243 3771; x_wconf 77' lang='lat' dir='ltr'>malum</span> <span class='ocrx_word' id='word_1_866' title='bbox 255 3746 394 3781; x_wconf 84' lang='lat' dir='ltr'>accipitur.</span> 
     </span>
     <span class='ocr_line' id='line_1_95' title="bbox 142 3778 1242 3817; baseline -0.002 -9"><span class='ocrx_word' id='word_1_867' title='bbox 142 3779 173 3808; x_wconf 89' lang='lat' dir='ltr'>ln</span> <span class='ocrx_word' id='word_1_868' title='bbox 184 3781 292 3809; x_wconf 85' lang='lat' dir='ltr'>malum.</span> <span class='ocrx_word' id='word_1_869' title='bbox 333 3782 390 3810; x_wconf 81' lang='lat' dir='ltr'>Cic.</span> <span class='ocrx_word' id='word_1_870' title='bbox 406 3790 444 3810; x_wconf 90' lang='lat' dir='ltr'>ri.</span> <span class='ocrx_word' id='word_1_871' title='bbox 461 3782 532 3811; x_wconf 85' lang='lat' dir='ltr'>Fam.</span> <span class='ocrx_word' id='word_1_872' title='bbox 549 3791 590 3817; x_wconf 77' lang='lat'>¹³·</span> <span class='ocrx_word' id='word_1_873' title='bbox 620 3782 657 3812; x_wconf 91' lang='lat' dir='ltr'>Ut</span> <span class='ocrx_word' id='word_1_874' title='bbox 679 3790 760 3817; x_wconf 88' lang='lat' dir='ltr'>quam</span> <span class='ocrx_word' id='word_1_875' title='bbox 785 3779 943 3816; x_wconf 79' lang='lat' dir='ltr'>paratissimi</span> <span class='ocrx_word' id='word_1_876' title='bbox 963 3778 996 3807; x_wconf 90' lang='lat' dir='ltr'>ab</span> <span class='ocrx_word' id='word_1_877' title='bbox 1017 3779 1139 3808; x_wconf 88' lang='lat' dir='ltr'>exercitii</span> <span class='ocrx_word' id='word_1_878' title='bbox 1152 3800 1159 3812; x_wconf 80' lang='grc'><em>,</em></span> <span class='ocrx_word' id='word_1_879' title='bbox 1181 3778 1242 3807; x_wconf 87' lang='lat' dir='ltr'>reli-</span> 
     </span>
    </p>

    <p class='ocr_par' dir='ltr' id='par_1_40' title="bbox 159 3816 1242 3890">
     <span class='ocr_line' id='line_1_96' title="bbox 159 3816 1242 3854; baseline -0.001 -9"><span class='ocrx_word' id='word_1_880' title='bbox 159 3818 272 3854; x_wconf 82' lang='lat' dir='ltr'>quisque</span> <span class='ocrx_word' id='word_1_881' title='bbox 285 3818 364 3846; x_wconf 85' lang='lat' dir='ltr'>rebus</span> <span class='ocrx_word' id='word_1_882' title='bbox 379 3828 427 3854; x_wconf 88' lang='lat' dir='ltr'>pro</span> <span class='ocrx_word' id='word_1_883' title='bbox 447 3821 528 3848; x_wconf 78' lang='lat' dir='ltr'>vestra</span> <span class='ocrx_word' id='word_1_884' title='bbox 546 3820 630 3849; x_wconf 89' lang='lat' dir='ltr'>salute</span> <span class='ocrx_word' id='word_1_885' title='bbox 647 3824 743 3849; x_wconf 87' lang='lat' dir='ltr'>contra</span> <span class='ocrx_word' id='word_1_886' title='bbox 761 3817 988 3846; x_wconf 76' lang='lat' dir='ltr'>sceleratissimam</span> <span class='ocrx_word' id='word_1_887' title='bbox 1008 3816 1242 3854; x_wconf 87' lang='lat' dir='ltr'>conspirationem</span> 
     </span>
     <span class='ocr_line' id='line_1_97' title="bbox 160 3853 477 3890; baseline 0.006 -8"><span class='ocrx_word' id='word_1_888' title='bbox 160 3853 277 3883; x_wconf 75' lang='lat' dir='ltr'>hostiurn</span> <span class='ocrx_word' id='word_1_889' title='bbox 289 3856 477 3890; x_wconf 69' lang='lat' dir='ltr'>confligamus.</span> 
     </span>
    </p>

    <p class='ocr_par' dir='ltr' id='par_1_41' title="bbox 140 3890 1242 3956">
     <span class='ocr_line' id='line_1_98' title="bbox 140 3890 1242 3956; baseline -0.001 -36"><span class='ocrx_word' id='word_1_890' title='bbox 140 3890 282 3956; x_wconf 26' lang='lat' dir='ltr'>Cssrtnorum</span> <span class='ocrx_word' id='word_1_891' title='bbox 302 3892 445 3920; x_wconf 85' lang='lat' dir='ltr'>hominum</span> <span class='ocrx_word' id='word_1_892' title='bbox 464 3898 558 3920; x_wconf 87' lang='lat' dir='ltr'>eontra</span> <span class='ocrx_word' id='word_1_893' title='bbox 578 3893 741 3929; x_wconf 76' lang='lat' dir='ltr'>dignitatem</span> <span class='ocrx_word' id='word_1_894' title='bbox 767 3891 885 3926; x_wconf 84' lang='lat' dir='ltr'>alicujus</span> <span class='ocrx_word' id='word_1_895' title='bbox 910 3890 1085 3929; x_wconf 79' lang='lat' dir='ltr'>conspiratio.</span> <span class='ocrx_word' id='word_1_896' title='bbox 1114 3890 1171 3920; x_wconf 92' lang='lat' dir='ltr'>Cic.</span> <span class='ocrx_word' id='word_1_897' title='bbox 1190 3899 1242 3928; x_wconf 88' lang='lat' dir='ltr'>pro</span> 
     </span>
    </p>

    <p class='ocr_par' dir='ltr' id='par_1_42' title="bbox 140 3934 694 4004">
     <span class='ocr_line' id='line_1_99' title="bbox 184 3934 306 3957; baseline 0 -1"><span class='ocrx_word' id='word_1_898' title='bbox 184 3934 249 3957; x_wconf 84' lang='lat' dir='ltr'>eiot.</span> <span class='ocrx_word' id='word_1_899' title='bbox 266 3937 306 3956; x_wconf 91' lang='grc'>11.</span> 
     </span>
     <span class='ocr_line' id='line_1_100' title="bbox 140 3962 694 4004; baseline 0.005 -11"><span class='ocrx_word' id='word_1_900' title='bbox 140 3962 271 3994; x_wconf 77' lang='lat' dir='ltr'>Conflata.</span> <span class='ocrx_word' id='word_1_901' title='bbox 292 3965 350 3995; x_wconf 88' lang='lat' dir='ltr'>Cic.</span> <span class='ocrx_word' id='word_1_902' title='bbox 364 3965 459 4004; x_wconf 72' lang='lat' dir='ltr'>Anteq.</span> <span class='ocrx_word' id='word_1_903' title='bbox 471 3967 522 3995; x_wconf 89' lang='lat' dir='ltr'>iret</span> <span class='ocrx_word' id='word_1_904' title='bbox 533 3967 561 3995; x_wconf 90' lang='lat' dir='ltr'>in</span> <span class='ocrx_word' id='word_1_905' title='bbox 577 3965 641 3996; x_wconf 80' lang='lat' dir='ltr'>exil-</span> <span class='ocrx_word' id='word_1_906' title='bbox 654 3976 694 4001; x_wconf 82' lang='lat'>¹4·</span> 
     </span>
    </p>
   </div>
   <div class='ocr_carea' id='block_1_14' title="bbox 1197 2046 1261 2083">
    <p class='ocr_par' dir='ltr' id='par_1_43' title="bbox 1197 2046 1261 2083">
     <span class='ocr_line' id='line_1_101' title="bbox 1197 2046 1261 2083; baseline -0.016 -5"><span class='ocrx_word' id='word_1_907' title='bbox 1197 2046 1261 2083; x_wconf 80' lang='lat' dir='ltr'>Alii,</span> 
     </span>
    </p>
   </div>
   <div class='ocr_carea' id='block_1_15' title="bbox 1756 111 2047 147">
    <p class='ocr_par' dir='ltr' id='par_1_44' title="bbox 1756 111 2047 147">
     <span class='ocr_line' id='line_1_102' title="bbox 1756 111 2047 147; baseline 0 -1"><span class='ocrx_word' id='word_1_908' title='bbox 1756 111 1786 145; x_wconf 85' lang='lat' dir='ltr'>C</span> <span class='ocrx_word' id='word_1_909' title='bbox 1886 112 1920 147; x_wconf 93' lang='lat' dir='ltr'>O</span> <span class='ocrx_word' id='word_1_910' title='bbox 2013 112 2047 146; x_wconf 91' lang='lat' dir='ltr'>N</span> 
     </span>
    </p>
   </div>
   <div class='ocr_carea' id='block_1_16' title="bbox 1303 192 2499 4003">
    <p class='ocr_par' dir='ltr' id='par_1_45' title="bbox 1373 192 2489 307">
     <span class='ocr_line' id='line_1_103' title="bbox 1373 192 2489 232; baseline 0.003 -8"><span class='ocrx_word' id='word_1_911' title='bbox 1373 192 1508 224; x_wconf 66' lang='lat' dir='ltr'>incessere</span> <span class='ocrx_word' id='word_1_912' title='bbox 1517 192 1759 229; x_wconf 85' lang='lat' dir='ltr'>conspirationem.</span> <span class='ocrx_word' id='word_1_913' title='bbox 1801 192 1921 230; x_wconf 76' lang='lat' dir='ltr'>Quintil.</span> <span class='ocrx_word' id='word_1_914' title='bbox 1935 193 1982 222; x_wconf 88' lang='lat' dir='ltr'>lib.</span> <span class='ocrx_word' id='word_1_915' title='bbox 1996 204 2020 227; x_wconf 81' lang='grc' dir='ltr'>ς.</span> <span class='ocrx_word' id='word_1_916' title='bbox 2033 203 2093 232; x_wconf 87' lang='lat' dir='ltr'>cap.</span> <span class='ocrx_word' id='word_1_917' title='bbox 2104 203 2130 231; x_wconf 93' lang='lat'>7.</span> <span class='ocrx_word' id='word_1_918' title='bbox 2160 194 2194 224; x_wconf 88' lang='lat' dir='ltr'>Et</span> <span class='ocrx_word' id='word_1_919' title='bbox 2208 195 2225 224; x_wconf 83' lang='lat' dir='ltr'>fi</span> <span class='ocrx_word' id='word_1_920' title='bbox 2237 196 2382 226; x_wconf 86' lang='lat' dir='ltr'>deficietur</span> <span class='ocrx_word' id='word_1_921' title='bbox 2392 207 2489 227; x_wconf 88' lang='lat' dir='ltr'>nume-</span> 
     </span>
     <span class='ocr_line' id='line_1_104' title="bbox 1392 231 2488 270; baseline 0.004 -9"><span class='ocrx_word' id='word_1_922' title='bbox 1392 242 1423 261; x_wconf 79' lang='lat' dir='ltr'>ro</span> <span class='ocrx_word' id='word_1_923' title='bbox 1438 241 1498 269; x_wconf 86' lang='lat' dir='ltr'>pars</span> <span class='ocrx_word' id='word_1_924' title='bbox 1510 231 1613 259; x_wconf 83' lang='lat' dir='ltr'>diversa</span> <span class='ocrx_word' id='word_1_925' title='bbox 1625 252 1632 265; x_wconf 89' lang='lat'>‚</span> <span class='ocrx_word' id='word_1_926' title='bbox 1654 231 1839 267; x_wconf 77' lang='lat' dir='ltr'>paucitatem:</span> <span class='ocrx_word' id='word_1_927' title='bbox 1861 231 1879 259; x_wconf 84' lang='lat' dir='ltr'>si</span> <span class='ocrx_word' id='word_1_928' title='bbox 1890 231 2065 267; x_wconf 74' lang='lat' dir='ltr'>abundabit,</span> <span class='ocrx_word' id='word_1_929' title='bbox 2086 232 2318 270; x_wconf 84' lang='lat' dir='ltr'>conspirationem</span> <span class='ocrx_word' id='word_1_930' title='bbox 2332 245 2339 264; x_wconf 90' lang='lat'>:</span> <span class='ocrx_word' id='word_1_931' title='bbox 2361 235 2377 264; x_wconf 80' lang='lat' dir='ltr'>fi</span> <span class='ocrx_word' id='word_1_932' title='bbox 2398 234 2488 265; x_wconf 81' lang='lat' dir='ltr'>humi-</span> 
     </span>
     <span class='ocr_line' id='line_1_105' title="bbox 1392 268 2405 307; baseline 0.003 -9"><span class='ocrx_word' id='word_1_933' title='bbox 1392 270 1432 298; x_wconf 92' lang='lat' dir='ltr'>les</span> <span class='ocrx_word' id='word_1_934' title='bbox 1442 269 1596 307; x_wconf 88' lang='lat' dir='ltr'>producet,</span> <span class='ocrx_word' id='word_1_935' title='bbox 1618 268 1772 298; x_wconf 84' lang='lat' dir='ltr'>vilitatem:</span> <span class='ocrx_word' id='word_1_936' title='bbox 1794 269 1812 297; x_wconf 89' lang='lat' dir='ltr'>fi</span> <span class='ocrx_word' id='word_1_937' title='bbox 1824 275 1970 305; x_wconf 82' lang='lat' dir='ltr'>potentes,</span> <span class='ocrx_word' id='word_1_938' title='bbox 1991 270 2104 306; x_wconf 87' lang='lat' dir='ltr'>gratiam</span> <span class='ocrx_word' id='word_1_939' title='bbox 2116 271 2405 307; x_wconf 80' lang='lat' dir='ltr'>oportebitincessere.</span> 
     </span>
    </p>

    <p class='ocr_par' dir='ltr' id='par_1_46' title="bbox 1371 306 2487 452">
     <span class='ocr_line' id='line_1_106' title="bbox 1371 306 2487 345; baseline 0.004 -10"><span class='ocrx_word' id='word_1_940' title='bbox 1371 307 1546 344; x_wconf 82' lang='lat' dir='ltr'>Corispiratio</span> <span class='ocrx_word' id='word_1_941' title='bbox 1556 307 1585 334; x_wconf 89' lang='lat' dir='ltr'>in</span> <span class='ocrx_word' id='word_1_942' title='bbox 1597 306 1702 334; x_wconf 86' lang='lat' dir='ltr'>bonum</span> <span class='ocrx_word' id='word_1_943' title='bbox 1714 328 1722 339; x_wconf 70' lang='grc'>.</span> <span class='ocrx_word' id='word_1_944' title='bbox 1744 315 1795 343; x_wconf 90' lang='lat' dir='ltr'>pro</span> <span class='ocrx_word' id='word_1_945' title='bbox 1805 306 2002 336; x_wconf 86' lang='lat' dir='ltr'>Unanimitate.</span> <span class='ocrx_word' id='word_1_946' title='bbox 2043 307 2102 337; x_wconf 90' lang='lat' dir='ltr'>Cic.</span> <span class='ocrx_word' id='word_1_947' title='bbox 2118 318 2168 345; x_wconf 92' lang='lat' dir='ltr'>pro</span> <span class='ocrx_word' id='word_1_948' title='bbox 2179 309 2272 338; x_wconf 91' lang='lat' dir='ltr'>Domo</span> <span class='ocrx_word' id='word_1_949' title='bbox 2282 315 2327 343; x_wconf 86' lang='lat'>28.</span> <span class='ocrx_word' id='word_1_950' title='bbox 2349 310 2429 339; x_wconf 89' lang='lat' dir='ltr'>Hanc</span> <span class='ocrx_word' id='word_1_951' title='bbox 2437 319 2487 339; x_wconf 85' lang='lat' dir='ltr'>no-</span> 
     </span>
     <span class='ocr_line' id='line_1_107' title="bbox 1389 343 2486 384; baseline 0.003 -11"><span class='ocrx_word' id='word_1_952' title='bbox 1389 345 1467 373; x_wconf 84' lang='lat' dir='ltr'>stram</span> <span class='ocrx_word' id='word_1_953' title='bbox 1484 344 1714 380; x_wconf 62' lang='lat' dir='ltr'>conjunctionem</span> <span class='ocrx_word' id='word_1_954' title='bbox 1724 365 1731 378; x_wconf 89' lang='lat'>,</span> <span class='ocrx_word' id='word_1_955' title='bbox 1753 343 1825 373; x_wconf 89' lang='lat' dir='ltr'>hanc</span> <span class='ocrx_word' id='word_1_956' title='bbox 1843 344 2077 381; x_wconf 85' lang='lat' dir='ltr'>conspirationem</span> <span class='ocrx_word' id='word_1_957' title='bbox 2088 346 2116 374; x_wconf 86' lang='lat' dir='ltr'>iri</span> <span class='ocrx_word' id='word_1_958' title='bbox 2128 346 2246 384; x_wconf 84' lang='lat' dir='ltr'>Republ.</span> <span class='ocrx_word' id='word_1_959' title='bbox 2259 347 2330 376; x_wconf 89' lang='lat' dir='ltr'>bene</span> <span class='ocrx_word' id='word_1_960' title='bbox 2344 348 2461 384; x_wconf 86' lang='lat' dir='ltr'>gerenda</span> <span class='ocrx_word' id='word_1_961' title='bbox 2475 369 2486 382; x_wconf 89' lang='lat'>‚</span> 
     </span>
     <span class='ocr_line' id='line_1_108' title="bbox 1389 380 2486 421; baseline 0.003 -10"><span class='ocrx_word' id='word_1_962' title='bbox 1389 382 1462 411; x_wconf 80' lang='lat' dir='ltr'>hanc</span> <span class='ocrx_word' id='word_1_963' title='bbox 1481 380 1704 417; x_wconf 61' lang='lat' dir='ltr'>jucundissimam</span> <span class='ocrx_word' id='word_1_964' title='bbox 1723 381 1786 410; x_wconf 78' lang='lat' dir='ltr'>vita:</span> <span class='ocrx_word' id='word_1_965' title='bbox 1804 388 1888 415; x_wconf 84' lang='lat' dir='ltr'>atque</span> <span class='ocrx_word' id='word_1_966' title='bbox 1901 381 2059 411; x_wconf 84' lang='lat' dir='ltr'>officiorum</span> <span class='ocrx_word' id='word_1_967' title='bbox 2076 385 2202 413; x_wconf 90' lang='lat' dir='ltr'>omnium</span> <span class='ocrx_word' id='word_1_968' title='bbox 2217 384 2376 415; x_wconf 87' lang='lat' dir='ltr'>societatem</span> <span class='ocrx_word' id='word_1_969' title='bbox 2387 407 2395 421; x_wconf 93' lang='lat'>‚</span> <span class='ocrx_word' id='word_1_970' title='bbox 2416 385 2486 415; x_wconf 80' lang='lat' dir='ltr'>certi</span> 
     </span>
     <span class='ocr_line' id='line_1_109' title="bbox 1389 418 2268 452; baseline 0.005 -4"><span class='ocrx_word' id='word_1_971' title='bbox 1389 420 1518 448; x_wconf 85' lang='lat' dir='ltr'>homines</span> <span class='ocrx_word' id='word_1_972' title='bbox 1530 418 1601 448; x_wconf 65' lang='lat' dir='ltr'>fietis</span> <span class='ocrx_word' id='word_1_973' title='bbox 1612 418 1783 448; x_wconf 87' lang='lat' dir='ltr'>sermonibus</span> <span class='ocrx_word' id='word_1_974' title='bbox 1797 421 1823 448; x_wconf 75' lang='grc' dir='ltr'>δι</span> <span class='ocrx_word' id='word_1_975' title='bbox 1835 419 1905 447; x_wconf 85' lang='lat' dir='ltr'>falsis</span> <span class='ocrx_word' id='word_1_976' title='bbox 1915 420 2079 450; x_wconf 88' lang='lat' dir='ltr'>criminibus</span> <span class='ocrx_word' id='word_1_977' title='bbox 2089 421 2268 452; x_wconf 83' lang='lat' dir='ltr'>diremerunt.</span> 
     </span>
    </p>

    <p class='ocr_par' dir='ltr' id='par_1_47' title="bbox 1369 456 2148 494">
     <span class='ocr_line' id='line_1_110' title="bbox 1369 456 2148 494; baseline 0.003 -8"><span class='ocrx_word' id='word_1_978' title='bbox 1369 456 1510 486; x_wconf 87' lang='lat' dir='ltr'>Bonorum</span> <span class='ocrx_word' id='word_1_979' title='bbox 1521 458 1642 485; x_wconf 87' lang='lat' dir='ltr'>virorum</span> <span class='ocrx_word' id='word_1_980' title='bbox 1653 456 1830 494; x_wconf 85' lang='lat' dir='ltr'>conspiratio.</span> <span class='ocrx_word' id='word_1_981' title='bbox 1852 456 1911 485; x_wconf 91' lang='lat' dir='ltr'>Cic.</span> <span class='ocrx_word' id='word_1_982' title='bbox 1927 468 1953 491; x_wconf 91' lang='lat'>4.</span> <span class='ocrx_word' id='word_1_983' title='bbox 1964 458 1993 486; x_wconf 92' lang='lat' dir='ltr'>in</span> <span class='ocrx_word' id='word_1_984' title='bbox 2006 457 2088 487; x_wconf 89' lang='lat' dir='ltr'>Catil.</span> <span class='ocrx_word' id='word_1_985' title='bbox 2101 468 2148 488; x_wconf 81' lang='lat'>22.</span> 
     </span>
    </p>

    <p class='ocr_par' dir='ltr' id='par_1_48' title="bbox 1370 493 2481 566">
     <span class='ocr_line' id='line_1_111' title="bbox 1370 493 2481 561; baseline 0.005 -38"><span class='ocrx_word' id='word_1_986' title='bbox 1370 495 1534 561; x_wconf 60' lang='grc' dir='ltr'>001111011ἰίεέΤ</span> <span class='ocrx_word' id='word_1_987' title='bbox 1539 497 1565 523; x_wconf 69' lang='lat'>6&lt;</span> <span class='ocrx_word' id='word_1_988' title='bbox 1575 493 1742 531; x_wconf 85' lang='lat' dir='ltr'>conspiratio</span> <span class='ocrx_word' id='word_1_989' title='bbox 1754 495 1882 523; x_wconf 89' lang='lat' dir='ltr'>omnium</span> <span class='ocrx_word' id='word_1_990' title='bbox 1891 495 2023 524; x_wconf 89' lang='lat' dir='ltr'>ordinum</span> <span class='ocrx_word' id='word_1_991' title='bbox 2042 495 2077 524; x_wconf 89' lang='lat' dir='ltr'>ad</span> <span class='ocrx_word' id='word_1_992' title='bbox 2096 494 2303 528; x_wconf 87' lang='lat' dir='ltr'>defendendam</span> <span class='ocrx_word' id='word_1_993' title='bbox 2314 497 2481 529; x_wconf 74' lang='lat' dir='ltr'>libertatem·</span> 
     </span>
     <span class='ocr_line' id='line_1_112' title="bbox 1387 532 1647 566; baseline 0 -6"><span class='ocrx_word' id='word_1_994' title='bbox 1387 532 1445 561; x_wconf 86' lang='lat' dir='ltr'>Cic.</span> <span class='ocrx_word' id='word_1_995' title='bbox 1461 543 1501 560; x_wconf 89' lang='lat'>10.</span> <span class='ocrx_word' id='word_1_996' title='bbox 1535 542 1589 560; x_wconf 87' lang='lat' dir='ltr'>arn.</span> <span class='ocrx_word' id='word_1_997' title='bbox 1605 542 1647 566; x_wconf 85' lang='lat'>15.</span> 
     </span>
    </p>

    <p class='ocr_par' dir='ltr' id='par_1_49' title="bbox 1369 568 2483 645">
     <span class='ocr_line' id='line_1_113' title="bbox 1369 568 2483 611; baseline 0.004 -13"><span class='ocrx_word' id='word_1_998' title='bbox 1369 569 1544 607; x_wconf 84' lang='lat' dir='ltr'>Conspiratio</span> <span class='ocrx_word' id='word_1_999' title='bbox 1558 571 1583 599; x_wconf 86' lang='lat'>&amp;</span> <span class='ocrx_word' id='word_1_1000' title='bbox 1597 568 1744 598; x_wconf 87' lang='lat' dir='ltr'>consensus</span> <span class='ocrx_word' id='word_1_1001' title='bbox 1756 568 1914 599; x_wconf 88' lang='lat' dir='ltr'>hominum.</span> <span class='ocrx_word' id='word_1_1002' title='bbox 1951 569 2012 600; x_wconf 91' lang='lat' dir='ltr'>Cic.</span> <span class='ocrx_word' id='word_1_1003' title='bbox 2025 578 2052 600; x_wconf 89' lang='lat'>2.</span> <span class='ocrx_word' id='word_1_1004' title='bbox 2070 570 2126 600; x_wconf 80' lang='lat' dir='ltr'>Off.</span> <span class='ocrx_word' id='word_1_1005' title='bbox 2145 575 2188 601; x_wconf 87' lang='lat'>16.</span> <span class='ocrx_word' id='word_1_1006' title='bbox 2223 572 2339 611; x_wconf 86' lang='lat' dir='ltr'>Magnas</span> <span class='ocrx_word' id='word_1_1007' title='bbox 2349 572 2483 603; x_wconf 80' lang='lat' dir='ltr'>utilitates</span> 
     </span>
     <span class='ocr_line' id='line_1_114' title="bbox 1387 606 2182 645; baseline 0.003 -9"><span class='ocrx_word' id='word_1_1008' title='bbox 1387 608 1565 645; x_wconf 83' lang='lat' dir='ltr'>adipiscimur</span> <span class='ocrx_word' id='word_1_1009' title='bbox 1572 606 1778 645; x_wconf 88' lang='lat' dir='ltr'>conspiratione</span> <span class='ocrx_word' id='word_1_1010' title='bbox 1789 607 1938 636; x_wconf 89' lang='lat' dir='ltr'>hominum</span> <span class='ocrx_word' id='word_1_1011' title='bbox 1947 614 2030 644; x_wconf 89' lang='lat' dir='ltr'>atque</span> <span class='ocrx_word' id='word_1_1012' title='bbox 2040 608 2182 639; x_wconf 90' lang='lat' dir='ltr'>consensu.</span> 
     </span>
    </p>

    <p class='ocr_par' dir='ltr' id='par_1_50' title="bbox 1366 644 2481 722">
     <span class='ocr_line' id='line_1_115' title="bbox 1366 644 2481 687; baseline 0.005 -14"><span class='ocrx_word' id='word_1_1013' title='bbox 1366 644 1515 674; x_wconf 77' lang='lat' dir='ltr'>Virtutum.</span> <span class='ocrx_word' id='word_1_1014' title='bbox 1557 645 1615 674; x_wconf 87' lang='lat' dir='ltr'>Cic.</span> <span class='ocrx_word' id='word_1_1015' title='bbox 1632 655 1655 677; x_wconf 81' lang='grc' dir='ltr'>ς.</span> <span class='ocrx_word' id='word_1_1016' title='bbox 1672 645 1708 674; x_wconf 92' lang='lat' dir='ltr'>de</span> <span class='ocrx_word' id='word_1_1017' title='bbox 1720 645 1777 673; x_wconf 86' lang='lat' dir='ltr'>Fin.</span> <span class='ocrx_word' id='word_1_1018' title='bbox 1792 648 1836 680; x_wconf 90' lang='lat'>69.</span> <span class='ocrx_word' id='word_1_1019' title='bbox 1859 645 1956 681; x_wconf 83' lang='lat' dir='ltr'>Qualis</span> <span class='ocrx_word' id='word_1_1020' title='bbox 1967 646 2005 674; x_wconf 92' lang='lat' dir='ltr'>est</span> <span class='ocrx_word' id='word_1_1021' title='bbox 2016 646 2098 683; x_wconf 83' lang='lat' dir='ltr'>igitur</span> <span class='ocrx_word' id='word_1_1022' title='bbox 2107 647 2198 676; x_wconf 87' lang='lat' dir='ltr'>omnis</span> <span class='ocrx_word' id='word_1_1023' title='bbox 2210 655 2293 684; x_wconf 89' lang='lat' dir='ltr'>quam</span> <span class='ocrx_word' id='word_1_1024' title='bbox 2300 648 2365 678; x_wconf 89' lang='lat' dir='ltr'>dico</span> <span class='ocrx_word' id='word_1_1025' title='bbox 2373 647 2481 687; x_wconf 77' lang='lat' dir='ltr'>conspi-</span> 
     </span>
     <span class='ocr_line' id='line_1_116' title="bbox 1384 682 2330 722; baseline 0.004 -10"><span class='ocrx_word' id='word_1_1026' title='bbox 1384 683 1455 712; x_wconf 88' lang='lat' dir='ltr'>ratio</span> <span class='ocrx_word' id='word_1_1027' title='bbox 1464 705 1472 718; x_wconf 81' lang='grc'>,</span> <span class='ocrx_word' id='word_1_1028' title='bbox 1495 682 1694 719; x_wconf 87' lang='lat' dir='ltr'>consensusque</span> <span class='ocrx_word' id='word_1_1029' title='bbox 1705 683 1838 712; x_wconf 88' lang='lat' dir='ltr'>virtutum</span> <span class='ocrx_word' id='word_1_1030' title='bbox 1847 704 1855 718; x_wconf 85' lang='lat'>‚</span> <span class='ocrx_word' id='word_1_1031' title='bbox 1877 683 1930 712; x_wconf 90' lang='lat' dir='ltr'>tale</span> <span class='ocrx_word' id='word_1_1032' title='bbox 1941 683 2057 712; x_wconf 91' lang='lat' dir='ltr'>estillud</span> <span class='ocrx_word' id='word_1_1033' title='bbox 2069 684 2159 722; x_wconf 90' lang='lat' dir='ltr'>ipsum</span> <span class='ocrx_word' id='word_1_1034' title='bbox 2172 684 2330 716; x_wconf 87' lang='lat' dir='ltr'>honestum.</span> 
     </span>
    </p>

    <p class='ocr_par' dir='ltr' id='par_1_51' title="bbox 1367 718 2163 758">
     <span class='ocr_line' id='line_1_117' title="bbox 1367 718 2163 758; baseline 0.004 -9"><span class='ocrx_word' id='word_1_1035' title='bbox 1367 721 1474 750; x_wconf 89' lang='lat' dir='ltr'>Amoris</span> <span class='ocrx_word' id='word_1_1036' title='bbox 1485 720 1692 758; x_wconf 87' lang='lat' dir='ltr'>conspiratione</span> <span class='ocrx_word' id='word_1_1037' title='bbox 1705 718 1871 750; x_wconf 81' lang='lat' dir='ltr'>consentire.</span> <span class='ocrx_word' id='word_1_1038' title='bbox 1893 721 1951 750; x_wconf 89' lang='lat' dir='ltr'>Cic.</span> <span class='ocrx_word' id='word_1_1039' title='bbox 1963 731 1986 750; x_wconf 91' lang='lat'>1.</span> <span class='ocrx_word' id='word_1_1040' title='bbox 2002 721 2037 750; x_wconf 87' lang='lat' dir='ltr'>de</span> <span class='ocrx_word' id='word_1_1041' title='bbox 2046 721 2105 752; x_wconf 85' lang='lat' dir='ltr'>Fin.</span> <span class='ocrx_word' id='word_1_1042' title='bbox 2117 725 2163 757; x_wconf 72' lang='lat'>⁶5.</span> 
     </span>
    </p>

    <p class='ocr_par' dir='ltr' id='par_1_52' title="bbox 1328 756 2482 871">
     <span class='ocr_line' id='line_1_118' title="bbox 1328 756 2481 794; baseline 0.003 -7"><span class='ocrx_word' id='word_1_1043' title='bbox 1328 758 1350 788; x_wconf 91' lang='lat' dir='ltr'>C</span> <span class='ocrx_word' id='word_1_1044' title='bbox 1359 768 1376 787; x_wconf 93' lang='lat' dir='ltr'>o</span> <span class='ocrx_word' id='word_1_1045' title='bbox 1385 768 1404 787; x_wconf 84' lang='grc' dir='ltr'><strong>Ν</strong></span> <span class='ocrx_word' id='word_1_1046' title='bbox 1413 768 1425 787; x_wconf 89' lang='lat' dir='ltr'>s</span> <span class='ocrx_word' id='word_1_1047' title='bbox 1436 768 1467 786; x_wconf 76' lang='lat'>1²1</span> <span class='ocrx_word' id='word_1_1048' title='bbox 1476 768 1493 786; x_wconf 75' lang='lat' dir='ltr'>R</span> <span class='ocrx_word' id='word_1_1049' title='bbox 1502 762 1520 787; x_wconf 71' lang='lat' dir='ltr'>A</span> <span class='ocrx_word' id='word_1_1050' title='bbox 1529 768 1575 787; x_wconf 86' lang='lat' dir='ltr'>Tu</span> <span class='ocrx_word' id='word_1_1051' title='bbox 1585 768 1597 787; x_wconf 92' lang='lat' dir='ltr'>s</span> <span class='ocrx_word' id='word_1_1052' title='bbox 1609 779 1617 792; x_wconf 89' lang='lat'>,</span> <span class='ocrx_word' id='word_1_1053' title='bbox 1638 759 1678 787; x_wconf 74' lang='lat' dir='ltr'>us.</span> <span class='ocrx_word' id='word_1_1054' title='bbox 1699 768 1737 787; x_wconf 90' lang='lat' dir='ltr'>m.</span> <span class='ocrx_word' id='word_1_1055' title='bbox 1765 759 1781 794; x_wconf 90' lang='lat'>[</span> <span class='ocrx_word' id='word_1_1056' title='bbox 1794 756 1963 794; x_wconf 39' lang='lat' dir='ltr'>demeum]</span> <span class='ocrx_word' id='word_1_1057' title='bbox 1993 759 2011 789; x_wconf 91' lang='lat' dir='ltr'>i.</span> <span class='ocrx_word' id='word_1_1058' title='bbox 2027 769 2052 789; x_wconf 87' lang='lat' dir='ltr'>c.</span> <span class='ocrx_word' id='word_1_1059' title='bbox 2086 760 2257 790; x_wconf 86' lang='lat' dir='ltr'>Concentus.</span> <span class='ocrx_word' id='word_1_1060' title='bbox 2295 760 2364 791; x_wconf 91' lang='lat' dir='ltr'>Gell.</span> <span class='ocrx_word' id='word_1_1061' title='bbox 2387 758 2435 790; x_wconf 89' lang='lat' dir='ltr'>lib.</span> <span class='ocrx_word' id='word_1_1062' title='bbox 2454 770 2481 792; x_wconf 73' lang='grc'>1,</span> 
     </span>
     <span class='ocr_line' id='line_1_119' title="bbox 1364 795 2482 836; baseline 0.003 -11"><span class='ocrx_word' id='word_1_1063' title='bbox 1364 806 1425 834; x_wconf 88' lang='lat' dir='ltr'>cap.</span> <span class='ocrx_word' id='word_1_1064' title='bbox 1440 806 1481 825; x_wconf 88' lang='lat'>11.</span> <span class='ocrx_word' id='word_1_1065' title='bbox 1503 796 1559 825; x_wconf 89' lang='lat' dir='ltr'>Sed</span> <span class='ocrx_word' id='word_1_1066' title='bbox 1571 796 1646 825; x_wconf 89' lang='lat' dir='ltr'>enim</span> <span class='ocrx_word' id='word_1_1067' title='bbox 1659 795 1772 825; x_wconf 75' lang='lat' dir='ltr'>Achaeos</span> <span class='ocrx_word' id='word_1_1068' title='bbox 1785 796 1921 826; x_wconf 89' lang='lat' dir='ltr'>Homerus</span> <span class='ocrx_word' id='word_1_1069' title='bbox 1934 806 2057 834; x_wconf 86' lang='lat' dir='ltr'>pugnam</span> <span class='ocrx_word' id='word_1_1070' title='bbox 2068 797 2198 836; x_wconf 85' lang='lat' dir='ltr'>indipisci</span> <span class='ocrx_word' id='word_1_1071' title='bbox 2210 800 2265 833; x_wconf 83' lang='lat' dir='ltr'>ait,</span> <span class='ocrx_word' id='word_1_1072' title='bbox 2286 808 2345 828; x_wconf 92' lang='lat' dir='ltr'>non</span> <span class='ocrx_word' id='word_1_1073' title='bbox 2355 798 2482 828; x_wconf 55' lang='lat' dir='ltr'>fidicula„</span> 
     </span>
     <span class='ocr_line' id='line_1_120' title="bbox 1365 833 2398 871; baseline 0.004 -9"><span class='ocrx_word' id='word_1_1074' title='bbox 1365 845 1425 863; x_wconf 86' lang='lat' dir='ltr'>rum</span> <span class='ocrx_word' id='word_1_1075' title='bbox 1439 856 1447 868; x_wconf 80' lang='lat'><em>‚</em></span> <span class='ocrx_word' id='word_1_1076' title='bbox 1468 833 1654 870; x_wconf 83' lang='lat' dir='ltr'>tibiarumque</span> <span class='ocrx_word' id='word_1_1077' title='bbox 1669 840 1809 863; x_wconf 80' lang='lat' dir='ltr'>concentu</span> <span class='ocrx_word' id='word_1_1078' title='bbox 1822 856 1831 868; x_wconf 89' lang='lat'>,</span> <span class='ocrx_word' id='word_1_1079' title='bbox 1851 844 1946 863; x_wconf 89' lang='lat' dir='ltr'>verum</span> <span class='ocrx_word' id='word_1_1080' title='bbox 1956 834 2116 871; x_wconf 88' lang='lat' dir='ltr'>conspiratu</span> <span class='ocrx_word' id='word_1_1081' title='bbox 2129 837 2214 865; x_wconf 86' lang='lat' dir='ltr'>tacito</span> <span class='ocrx_word' id='word_1_1082' title='bbox 2225 836 2398 866; x_wconf 89' lang='lat' dir='ltr'>nitibundos.</span> 
     </span>
    </p>

    <p class='ocr_par' dir='ltr' id='par_1_53' title="bbox 1324 871 2481 1060">
     <span class='ocr_line' id='line_1_121' title="bbox 1324 871 2479 912; baseline 0.002 -11"><span class='ocrx_word' id='word_1_1083' title='bbox 1324 872 1347 902; x_wconf 92' lang='lat' dir='ltr'>C</span> <span class='ocrx_word' id='word_1_1084' title='bbox 1357 882 1374 900; x_wconf 90' lang='grc' dir='ltr'>ο</span> <span class='ocrx_word' id='word_1_1085' title='bbox 1384 882 1403 900; x_wconf 93' lang='grc' dir='ltr'><strong>Ν</strong></span> <span class='ocrx_word' id='word_1_1086' title='bbox 1413 882 1425 901; x_wconf 90' lang='lat' dir='ltr'>s</span> <span class='ocrx_word' id='word_1_1087' title='bbox 1436 882 1450 900; x_wconf 87' lang='lat' dir='ltr'><strong>P</strong></span> <span class='ocrx_word' id='word_1_1088' title='bbox 1459 875 1472 900; x_wconf 86' lang='grc' dir='ltr'>ῑ</span> <span class='ocrx_word' id='word_1_1089' title='bbox 1481 881 1497 900; x_wconf 81' lang='lat' dir='ltr'>R</span> <span class='ocrx_word' id='word_1_1090' title='bbox 1505 881 1521 900; x_wconf 95' lang='lat' dir='ltr'>o</span> <span class='ocrx_word' id='word_1_1091' title='bbox 1531 893 1539 905; x_wconf 79' lang='grc'>,</span> <span class='ocrx_word' id='word_1_1092' title='bbox 1562 873 1576 907; x_wconf 88' lang='grc'>[</span> <span class='ocrx_word' id='word_1_1093' title='bbox 1587 871 1723 907; x_wconf 67' lang='grc' dir='ltr'>συαπέςω]</span> <span class='ocrx_word' id='word_1_1094' title='bbox 1743 874 1798 900; x_wconf 62' lang='lat' dir='ltr'>fite.</span> <span class='ocrx_word' id='word_1_1095' title='bbox 1819 882 1834 901; x_wconf 89' lang='lat' dir='ltr'>a</span> <span class='ocrx_word' id='word_1_1096' title='bbox 1844 872 1922 910; x_wconf 82' lang='lat' dir='ltr'>Spita</span> <span class='ocrx_word' id='word_1_1097' title='bbox 1933 894 1941 907; x_wconf 76' lang='lat'><em>‚</em></span> <span class='ocrx_word' id='word_1_1098' title='bbox 1964 882 1994 901; x_wconf 87' lang='lat' dir='ltr'>ae.</span> <span class='ocrx_word' id='word_1_1099' title='bbox 2017 873 2181 911; x_wconf 89' lang='lat' dir='ltr'>Conspirare</span> <span class='ocrx_word' id='word_1_1100' title='bbox 2193 873 2219 904; x_wconf 91' lang='lat' dir='ltr'>se</span> <span class='ocrx_word' id='word_1_1101' title='bbox 2229 874 2361 905; x_wconf 79' lang='lat' dir='ltr'>dicuntur</span> <span class='ocrx_word' id='word_1_1102' title='bbox 2368 874 2479 912; x_wconf 86' lang='lat' dir='ltr'>serpen-</span> 
     </span>
     <span class='ocr_line' id='line_1_122' title="bbox 1362 909 2481 950; baseline 0.003 -12"><span class='ocrx_word' id='word_1_1103' title='bbox 1362 916 1413 939; x_wconf 92' lang='lat' dir='ltr'>tes.</span> <span class='ocrx_word' id='word_1_1104' title='bbox 1442 910 1462 938; x_wconf 90' lang='lat' dir='ltr'>i.</span> <span class='ocrx_word' id='word_1_1105' title='bbox 1477 919 1501 938; x_wconf 91' lang='lat' dir='ltr'>e.</span> <span class='ocrx_word' id='word_1_1106' title='bbox 1524 909 1699 938; x_wconf 86' lang='lat' dir='ltr'>Convolvere</span> <span class='ocrx_word' id='word_1_1107' title='bbox 1718 909 1749 938; x_wconf 90' lang='lat' dir='ltr'>in</span> <span class='ocrx_word' id='word_1_1108' title='bbox 1765 909 1873 947; x_wconf 89' lang='lat' dir='ltr'>spiram.</span> <span class='ocrx_word' id='word_1_1109' title='bbox 1910 911 1973 939; x_wconf 86' lang='lat' dir='ltr'>Aur.</span> <span class='ocrx_word' id='word_1_1110' title='bbox 1991 910 2060 940; x_wconf 66' lang='lat' dir='ltr'>Vici.</span> <span class='ocrx_word' id='word_1_1111' title='bbox 2073 911 2110 940; x_wconf 90' lang='lat' dir='ltr'>de</span> <span class='ocrx_word' id='word_1_1112' title='bbox 2126 912 2195 941; x_wconf 90' lang='lat' dir='ltr'>Viris</span> <span class='ocrx_word' id='word_1_1113' title='bbox 2208 911 2291 941; x_wconf 79' lang='lat' dir='ltr'>illust.</span> <span class='ocrx_word' id='word_1_1114' title='bbox 2310 922 2355 941; x_wconf 89' lang='lat'>22.</span> <span class='ocrx_word' id='word_1_1115' title='bbox 2377 913 2481 950; x_wconf 82' lang='lat' dir='ltr'>Anguis</span> 
     </span>
     <span class='ocr_line' id='line_1_123' title="bbox 1363 947 2480 987; baseline 0.004 -11"><span class='ocrx_word' id='word_1_1116' title='bbox 1363 947 1472 977; x_wconf 90' lang='lat' dir='ltr'>sedibus</span> <span class='ocrx_word' id='word_1_1117' title='bbox 1481 947 1541 982; x_wconf 85' lang='lat' dir='ltr'>ejus</span> <span class='ocrx_word' id='word_1_1118' title='bbox 1558 947 1664 984; x_wconf 78' lang='lat' dir='ltr'>elapsus</span> <span class='ocrx_word' id='word_1_1119' title='bbox 1676 968 1684 981; x_wconf 83' lang='lat'>,</span> <span class='ocrx_word' id='word_1_1120' title='bbox 1706 947 1871 977; x_wconf 86' lang='lat' dir='ltr'>venerabilis</span> <span class='ocrx_word' id='word_1_1121' title='bbox 1882 969 1890 983; x_wconf 87' lang='lat'>,</span> <span class='ocrx_word' id='word_1_1122' title='bbox 1914 958 1972 977; x_wconf 89' lang='lat' dir='ltr'>non</span> <span class='ocrx_word' id='word_1_1123' title='bbox 1993 948 2133 979; x_wconf 90' lang='lat' dir='ltr'>horribilis</span> <span class='ocrx_word' id='word_1_1124' title='bbox 2145 971 2153 985; x_wconf 85' lang='lat'>,</span> <span class='ocrx_word' id='word_1_1125' title='bbox 2175 959 2226 987; x_wconf 87' lang='lat' dir='ltr'>per</span> <span class='ocrx_word' id='word_1_1126' title='bbox 2245 948 2367 979; x_wconf 87' lang='lat' dir='ltr'>mediam</span> <span class='ocrx_word' id='word_1_1127' title='bbox 2381 950 2480 981; x_wconf 81' lang='lat' dir='ltr'>urbem</span> 
     </span>
     <span class='ocr_line' id='line_1_124' title="bbox 1361 985 2480 1026; baseline 0.004 -13"><span class='ocrx_word' id='word_1_1128' title='bbox 1361 995 1426 1014; x_wconf 91' lang='lat' dir='ltr'>cum</span> <span class='ocrx_word' id='word_1_1129' title='bbox 1437 986 1620 1014; x_wconf 84' lang='lat' dir='ltr'>admiratione</span> <span class='ocrx_word' id='word_1_1130' title='bbox 1636 985 1763 1014; x_wconf 88' lang='lat' dir='ltr'>omnium</span> <span class='ocrx_word' id='word_1_1131' title='bbox 1774 986 1810 1014; x_wconf 90' lang='lat' dir='ltr'>ad</span> <span class='ocrx_word' id='word_1_1132' title='bbox 1819 995 1921 1016; x_wconf 88' lang='lat' dir='ltr'>navem</span> <span class='ocrx_word' id='word_1_1133' title='bbox 1933 986 2123 1017; x_wconf 86' lang='lat' dir='ltr'>Romanorum</span> <span class='ocrx_word' id='word_1_1134' title='bbox 2133 988 2256 1026; x_wconf 82' lang='lat' dir='ltr'>perrexit</span> <span class='ocrx_word' id='word_1_1135' title='bbox 2267 1009 2275 1023; x_wconf 92' lang='lat'>,</span> <span class='ocrx_word' id='word_1_1136' title='bbox 2296 989 2323 1018; x_wconf 86' lang='lat'>&amp;</span> <span class='ocrx_word' id='word_1_1137' title='bbox 2339 987 2366 1018; x_wconf 90' lang='lat' dir='ltr'>se</span> <span class='ocrx_word' id='word_1_1138' title='bbox 2386 988 2416 1017; x_wconf 88' lang='lat' dir='ltr'>in</span> <span class='ocrx_word' id='word_1_1139' title='bbox 2425 988 2480 1017; x_wconf 86' lang='lat' dir='ltr'>Vo-</span> 
     </span>
     <span class='ocr_line' id='line_1_125' title="bbox 1363 1021 1844 1060; baseline 0.004 -9"><span class='ocrx_word' id='word_1_1140' title='bbox 1363 1023 1462 1052; x_wconf 86' lang='lat' dir='ltr'>lumnii</span> <span class='ocrx_word' id='word_1_1141' title='bbox 1476 1021 1654 1052; x_wconf 81' lang='lat' dir='ltr'>tabernaculo</span> <span class='ocrx_word' id='word_1_1142' title='bbox 1667 1022 1844 1060; x_wconf 86' lang='lat' dir='ltr'>conspiravit.</span> 
     </span>
    </p>

    <p class='ocr_par' dir='ltr' id='par_1_54' title="bbox 1323 1060 2479 1175">
     <span class='ocr_line' id='line_1_126' title="bbox 1323 1060 2479 1100; baseline 0.003 -9"><span class='ocrx_word' id='word_1_1143' title='bbox 1323 1060 1347 1091; x_wconf 89' lang='lat' dir='ltr'>C</span> <span class='ocrx_word' id='word_1_1144' title='bbox 1357 1071 1372 1089; x_wconf 89' lang='lat' dir='ltr'>o</span> <span class='ocrx_word' id='word_1_1145' title='bbox 1382 1071 1401 1089; x_wconf 84' lang='lat' dir='ltr'>N</span> <span class='ocrx_word' id='word_1_1146' title='bbox 1411 1071 1423 1089; x_wconf 89' lang='lat' dir='ltr'>s</span> <span class='ocrx_word' id='word_1_1147' title='bbox 1433 1071 1463 1089; x_wconf 72' lang='lat'>121</span> <span class='ocrx_word' id='word_1_1148' title='bbox 1475 1070 1507 1090; x_wconf 88' lang='lat' dir='ltr'>ss</span> <span class='ocrx_word' id='word_1_1149' title='bbox 1517 1071 1534 1089; x_wconf 88' lang='lat' dir='ltr'>o</span> <span class='ocrx_word' id='word_1_1150' title='bbox 1546 1082 1554 1096; x_wconf 83' lang='lat'>‚</span> <span class='ocrx_word' id='word_1_1151' title='bbox 1576 1061 1716 1096; x_wconf 69' lang='grc' dir='ltr'>[πυκνόω]</span> <span class='ocrx_word' id='word_1_1152' title='bbox 1735 1063 1788 1091; x_wconf 70' lang='lat' dir='ltr'>are.</span> <span class='ocrx_word' id='word_1_1153' title='bbox 1821 1062 1889 1091; x_wconf 88' lang='lat' dir='ltr'>Plin.</span> <span class='ocrx_word' id='word_1_1154' title='bbox 1907 1061 1956 1091; x_wconf 93' lang='lat' dir='ltr'>lib.</span> <span class='ocrx_word' id='word_1_1155' title='bbox 1971 1070 2015 1098; x_wconf 83' lang='lat'>35.</span> <span class='ocrx_word' id='word_1_1156' title='bbox 2040 1071 2101 1100; x_wconf 88' lang='lat' dir='ltr'>cap.</span> <span class='ocrx_word' id='word_1_1157' title='bbox 2120 1065 2146 1092; x_wconf 92' lang='lat'>6.</span> <span class='ocrx_word' id='word_1_1158' title='bbox 2190 1062 2364 1093; x_wconf 83' lang='lat' dir='ltr'>Adulteratur</span> <span class='ocrx_word' id='word_1_1159' title='bbox 2382 1063 2479 1094; x_wconf 80' lang='lat' dir='ltr'>Romae</span> 
     </span>
     <span class='ocr_line' id='line_1_127' title="bbox 1360 1098 2478 1139; baseline 0.004 -12"><span class='ocrx_word' id='word_1_1160' title='bbox 1360 1106 1433 1128; x_wconf 86' lang='lat' dir='ltr'>creta</span> <span class='ocrx_word' id='word_1_1161' title='bbox 1442 1098 1571 1132; x_wconf 88' lang='lat' dir='ltr'>cimolia,</span> <span class='ocrx_word' id='word_1_1162' title='bbox 1592 1099 1707 1128; x_wconf 72' lang='lat' dir='ltr'>decocta</span> <span class='ocrx_word' id='word_1_1163' title='bbox 1716 1120 1725 1134; x_wconf 94' lang='lat'>,</span> <span class='ocrx_word' id='word_1_1164' title='bbox 1745 1099 1971 1138; x_wconf 83' lang='lat' dir='ltr'>conspiffataque.</span> <span class='ocrx_word' id='word_1_1165' title='bbox 2012 1099 2151 1130; x_wconf 89' lang='lat' dir='ltr'>Coluniel.</span> <span class='ocrx_word' id='word_1_1166' title='bbox 2162 1100 2212 1131; x_wconf 87' lang='lat' dir='ltr'>lib.</span> <span class='ocrx_word' id='word_1_1167' title='bbox 2223 1111 2250 1132; x_wconf 77' lang='lat'>2.</span> <span class='ocrx_word' id='word_1_1168' title='bbox 2259 1111 2321 1139; x_wconf 90' lang='lat' dir='ltr'>cap.</span> <span class='ocrx_word' id='word_1_1169' title='bbox 2335 1105 2378 1136; x_wconf 83' lang='lat'>¹8.</span> <span class='ocrx_word' id='word_1_1170' title='bbox 2400 1102 2478 1132; x_wconf 76' lang='lat' dir='ltr'>Prius</span> 
     </span>
     <span class='ocr_line' id='line_1_128' title="bbox 1360 1135 2155 1175; baseline 0.004 -10"><span class='ocrx_word' id='word_1_1171' title='bbox 1360 1146 1443 1174; x_wconf 90' lang='lat' dir='ltr'>quam</span> <span class='ocrx_word' id='word_1_1172' title='bbox 1456 1135 1654 1174; x_wconf 79' lang='lat' dir='ltr'>conspissatum</span> <span class='ocrx_word' id='word_1_1173' title='bbox 1665 1159 1673 1172; x_wconf 91' lang='lat'>‚</span> <span class='ocrx_word' id='word_1_1174' title='bbox 1695 1138 1722 1166; x_wconf 83' lang='lat'>&amp;</span> <span class='ocrx_word' id='word_1_1175' title='bbox 1736 1136 1829 1167; x_wconf 86' lang='lat' dir='ltr'>herbis</span> <span class='ocrx_word' id='word_1_1176' title='bbox 1844 1138 2005 1175; x_wconf 78' lang='lat' dir='ltr'>colligatum</span> <span class='ocrx_word' id='word_1_1177' title='bbox 2015 1138 2047 1167; x_wconf 84' lang='lat' dir='ltr'>sit</span> <span class='ocrx_word' id='word_1_1178' title='bbox 2057 1138 2155 1168; x_wconf 90' lang='lat' dir='ltr'>solum.</span> 
     </span>
    </p>

    <p class='ocr_par' dir='ltr' id='par_1_55' title="bbox 1324 1174 2478 1289">
     <span class='ocr_line' id='line_1_129' title="bbox 1324 1174 2478 1215; baseline 0.003 -12"><span class='ocrx_word' id='word_1_1179' title='bbox 1324 1174 1347 1204; x_wconf 92' lang='lat' dir='ltr'>C</span> <span class='ocrx_word' id='word_1_1180' title='bbox 1356 1184 1372 1203; x_wconf 94' lang='lat' dir='ltr'>o</span> <span class='ocrx_word' id='word_1_1181' title='bbox 1382 1184 1401 1203; x_wconf 93' lang='grc' dir='ltr'><strong>Ν</strong></span> <span class='ocrx_word' id='word_1_1182' title='bbox 1410 1184 1422 1204; x_wconf 90' lang='lat' dir='ltr'>s</span> <span class='ocrx_word' id='word_1_1183' title='bbox 1432 1184 1447 1203; x_wconf 79' lang='grc'>1&gt;</span> <span class='ocrx_word' id='word_1_1184' title='bbox 1456 1184 1473 1203; x_wconf 93' lang='lat' dir='ltr'>o</span> <span class='ocrx_word' id='word_1_1185' title='bbox 1482 1184 1501 1203; x_wconf 83' lang='lat' dir='ltr'>N</span> <span class='ocrx_word' id='word_1_1186' title='bbox 1513 1185 1531 1203; x_wconf 84' lang='lat' dir='ltr'>o</span> <span class='ocrx_word' id='word_1_1187' title='bbox 1542 1184 1556 1203; x_wconf 79' lang='lat'>13</span> <span class='ocrx_word' id='word_1_1188' title='bbox 1564 1184 1580 1203; x_wconf 96' lang='lat' dir='ltr'>o</span> <span class='ocrx_word' id='word_1_1189' title='bbox 1593 1196 1601 1210; x_wconf 86' lang='lat'>,</span> <span class='ocrx_word' id='word_1_1190' title='bbox 1621 1174 1670 1209; x_wconf 86' lang='lat' dir='ltr'>di,</span> <span class='ocrx_word' id='word_1_1191' title='bbox 1691 1174 1751 1203; x_wconf 90' lang='lat' dir='ltr'>sum</span> <span class='ocrx_word' id='word_1_1192' title='bbox 1761 1197 1768 1210; x_wconf 92' lang='lat'>‚</span> <span class='ocrx_word' id='word_1_1193' title='bbox 1789 1176 1995 1211; x_wconf 56' lang='lat' dir='ltr'>[wusffvfflfaeaa]</span> <span class='ocrx_word' id='word_1_1194' title='bbox 2016 1179 2072 1206; x_wconf 68' lang='lat' dir='ltr'>Ere.</span> <span class='ocrx_word' id='word_1_1195' title='bbox 2093 1176 2268 1215; x_wconf 89' lang='lat' dir='ltr'>Consponsos</span> <span class='ocrx_word' id='word_1_1196' title='bbox 2286 1183 2393 1208; x_wconf 82' lang='lat' dir='ltr'>veteres</span> <span class='ocrx_word' id='word_1_1197' title='bbox 2401 1176 2478 1207; x_wconf 78' lang='lat' dir='ltr'>dice.</span> 
     </span>
     <span class='ocr_line' id='line_1_130' title="bbox 1360 1212 2383 1253; baseline 0.005 -12"><span class='ocrx_word' id='word_1_1198' title='bbox 1360 1213 1447 1248; x_wconf 87' lang='lat' dir='ltr'>bant,</span> <span class='ocrx_word' id='word_1_1199' title='bbox 1467 1212 1523 1242; x_wconf 85' lang='lat' dir='ltr'>fide</span> <span class='ocrx_word' id='word_1_1200' title='bbox 1535 1219 1632 1242; x_wconf 88' lang='lat' dir='ltr'>mutua</span> <span class='ocrx_word' id='word_1_1201' title='bbox 1643 1212 1787 1250; x_wconf 85' lang='lat' dir='ltr'>colligatos</span> <span class='ocrx_word' id='word_1_1202' title='bbox 1797 1235 1805 1248; x_wconf 88' lang='lat'>‚</span> <span class='ocrx_word' id='word_1_1203' title='bbox 1825 1214 1916 1250; x_wconf 88' lang='lat' dir='ltr'>inquit</span> <span class='ocrx_word' id='word_1_1204' title='bbox 1926 1214 2028 1244; x_wconf 85' lang='lat' dir='ltr'>Festus.</span> <span class='ocrx_word' id='word_1_1205' title='bbox 2049 1214 2083 1244; x_wconf 88' lang='lat' dir='ltr'>Et</span> <span class='ocrx_word' id='word_1_1206' title='bbox 2093 1214 2169 1245; x_wconf 86' lang='lat' dir='ltr'>Varr.</span> <span class='ocrx_word' id='word_1_1207' title='bbox 2182 1215 2219 1245; x_wconf 91' lang='lat' dir='ltr'>de</span> <span class='ocrx_word' id='word_1_1208' title='bbox 2231 1215 2262 1246; x_wconf 92' lang='lat' dir='ltr'>L.</span> <span class='ocrx_word' id='word_1_1209' title='bbox 2274 1214 2305 1246; x_wconf 91' lang='lat' dir='ltr'>L.</span> <span class='ocrx_word' id='word_1_1210' title='bbox 2317 1226 2342 1253; x_wconf 83' lang='grc' dir='ltr'>ς.</span> <span class='ocrx_word' id='word_1_1211' title='bbox 2356 1226 2383 1253; x_wconf 83' lang='grc'>7.</span> 
     </span>
     <span class='ocr_line' id='line_1_131' title="bbox 1362 1250 1980 1289; baseline 0.003 -10"><span class='ocrx_word' id='word_1_1212' title='bbox 1362 1250 1486 1280; x_wconf 87' lang='lat' dir='ltr'>Foederis</span> <span class='ocrx_word' id='word_1_1213' title='bbox 1496 1250 1650 1288; x_wconf 81' lang='lat' dir='ltr'>consponsi.</span> <span class='ocrx_word' id='word_1_1214' title='bbox 1672 1251 1771 1281; x_wconf 80' lang='lat' dir='ltr'>Auson.</span> <span class='ocrx_word' id='word_1_1215' title='bbox 1783 1250 1865 1289; x_wconf 90' lang='lat' dir='ltr'>Epist.</span> <span class='ocrx_word' id='word_1_1216' title='bbox 1881 1261 1922 1280; x_wconf 90' lang='lat' dir='ltr'>io.</span> <span class='ocrx_word' id='word_1_1217' title='bbox 1938 1262 1948 1281; x_wconf 93' lang='lat'>1</span> <span class='ocrx_word' id='word_1_1218' title='bbox 1958 1262 1980 1282; x_wconf 86' lang='lat'>1.</span> 
     </span>
    </p>

    <p class='ocr_par' dir='ltr' id='par_1_56' title="bbox 1452 1288 2061 1327">
     <span class='ocr_line' id='line_1_132' title="bbox 1452 1288 2061 1327; baseline 0.005 -10"><span class='ocrx_word' id='word_1_1219' title='bbox 1452 1288 1494 1318; x_wconf 91' lang='lat' dir='ltr'>Te</span> <span class='ocrx_word' id='word_1_1220' title='bbox 1508 1298 1619 1326; x_wconf 90' lang='lat' dir='ltr'>quoque</span> <span class='ocrx_word' id='word_1_1221' title='bbox 1627 1298 1662 1317; x_wconf 88' lang='lat' dir='ltr'>ne</span> <span class='ocrx_word' id='word_1_1222' title='bbox 1674 1289 1768 1326; x_wconf 87' lang='lat' dir='ltr'>pigeat</span> <span class='ocrx_word' id='word_1_1223' title='bbox 1781 1289 1927 1327; x_wconf 84' lang='lat' dir='ltr'>consponsi</span> <span class='ocrx_word' id='word_1_1224' title='bbox 1937 1290 2061 1320; x_wconf 85' lang='lat' dir='ltr'>foederis.</span> 
     </span>
    </p>

    <p class='ocr_par' dir='ltr' id='par_1_57' title="bbox 1321 1324 2477 1478">
     <span class='ocr_line' id='line_1_133' title="bbox 1321 1324 2477 1367; baseline 0.003 -12"><span class='ocrx_word' id='word_1_1225' title='bbox 1321 1326 1344 1356; x_wconf 91' lang='lat' dir='ltr'>C</span> <span class='ocrx_word' id='word_1_1226' title='bbox 1353 1336 1370 1355; x_wconf 93' lang='lat' dir='ltr'>o</span> <span class='ocrx_word' id='word_1_1227' title='bbox 1381 1335 1402 1355; x_wconf 88' lang='lat' dir='ltr'>N</span> <span class='ocrx_word' id='word_1_1228' title='bbox 1410 1336 1422 1356; x_wconf 88' lang='lat' dir='ltr'>s</span> <span class='ocrx_word' id='word_1_1229' title='bbox 1431 1335 1445 1355; x_wconf 74' lang='lat' dir='ltr'>P</span> <span class='ocrx_word' id='word_1_1230' title='bbox 1455 1336 1472 1355; x_wconf 93' lang='lat'><em>0</em></span> <span class='ocrx_word' id='word_1_1231' title='bbox 1482 1336 1503 1355; x_wconf 98' lang='lat' dir='ltr'>N</span> <span class='ocrx_word' id='word_1_1232' title='bbox 1512 1336 1524 1356; x_wconf 92' lang='lat' dir='ltr'>s</span> <span class='ocrx_word' id='word_1_1233' title='bbox 1535 1336 1552 1356; x_wconf 90' lang='lat' dir='ltr'>o</span> <span class='ocrx_word' id='word_1_1234' title='bbox 1560 1337 1576 1355; x_wconf 83' lang='lat' dir='ltr'>R</span> <span class='ocrx_word' id='word_1_1235' title='bbox 1586 1348 1594 1361; x_wconf 87' lang='lat'>‚</span> <span class='ocrx_word' id='word_1_1236' title='bbox 1615 1327 1680 1356; x_wconf 67' lang='lat' dir='ltr'>oris.</span> <span class='ocrx_word' id='word_1_1237' title='bbox 1701 1336 1738 1356; x_wconf 94' lang='lat' dir='ltr'>m.</span> <span class='ocrx_word' id='word_1_1238' title='bbox 1760 1324 1951 1363; x_wconf 61' lang='lat' dir='ltr'>[cuvsysiamvic]</span> <span class='ocrx_word' id='word_1_1239' title='bbox 1972 1325 2187 1366; x_wconf 87' lang='lat' dir='ltr'>Consponsores,</span> <span class='ocrx_word' id='word_1_1240' title='bbox 2210 1326 2268 1365; x_wconf 83' lang='lat' dir='ltr'>Qui</span> <span class='ocrx_word' id='word_1_1241' title='bbox 2276 1327 2355 1358; x_wconf 87' lang='lat' dir='ltr'>simui</span> <span class='ocrx_word' id='word_1_1242' title='bbox 2366 1338 2417 1367; x_wconf 91' lang='lat' dir='ltr'>pro</span> <span class='ocrx_word' id='word_1_1243' title='bbox 2426 1328 2477 1359; x_wconf 80' lang='lat' dir='ltr'>ali-</span> 
     </span>
     <span class='ocr_line' id='line_1_134' title="bbox 1359 1364 2476 1404; baseline 0.004 -12"><span class='ocrx_word' id='word_1_1244' title='bbox 1359 1375 1415 1401; x_wconf 93' lang='lat' dir='ltr'>quo</span> <span class='ocrx_word' id='word_1_1245' title='bbox 1426 1364 1657 1402; x_wconf 87' lang='lat' dir='ltr'>sposponderunt.</span> <span class='ocrx_word' id='word_1_1246' title='bbox 1679 1364 1738 1394; x_wconf 89' lang='lat' dir='ltr'>Cic.</span> <span class='ocrx_word' id='word_1_1247' title='bbox 1749 1368 1776 1394; x_wconf 90' lang='lat'>6.</span> <span class='ocrx_word' id='word_1_1248' title='bbox 1790 1364 1864 1394; x_wconf 88' lang='lat' dir='ltr'>Fam.</span> <span class='ocrx_word' id='word_1_1249' title='bbox 1880 1375 1921 1400; x_wconf 90' lang='grc'>19.</span> <span class='ocrx_word' id='word_1_1250' title='bbox 1943 1365 1986 1395; x_wconf 91' lang='lat' dir='ltr'>De</span> <span class='ocrx_word' id='word_1_1251' title='bbox 1997 1373 2045 1395; x_wconf 93' lang='lat' dir='ltr'>tuo</span> <span class='ocrx_word' id='word_1_1252' title='bbox 2057 1367 2170 1403; x_wconf 90' lang='lat' dir='ltr'>negotio</span> <span class='ocrx_word' id='word_1_1253' title='bbox 2179 1366 2254 1403; x_wconf 90' lang='lat' dir='ltr'>quod</span> <span class='ocrx_word' id='word_1_1254' title='bbox 2263 1366 2376 1403; x_wconf 88' lang='lat' dir='ltr'>sponsor</span> <span class='ocrx_word' id='word_1_1255' title='bbox 2384 1377 2413 1397; x_wconf 91' lang='lat' dir='ltr'>es</span> <span class='ocrx_word' id='word_1_1256' title='bbox 2424 1376 2476 1404; x_wconf 83' lang='lat' dir='ltr'>pro</span> 
     </span>
     <span class='ocr_line' id='line_1_135' title="bbox 1358 1402 2456 1442; baseline 0.005 -12"><span class='ocrx_word' id='word_1_1257' title='bbox 1358 1403 1493 1440; x_wconf 88' lang='lat' dir='ltr'>Pompeio</span> <span class='ocrx_word' id='word_1_1258' title='bbox 1504 1424 1512 1437; x_wconf 91' lang='lat'><strong>‚</strong></span> <span class='ocrx_word' id='word_1_1259' title='bbox 1534 1402 1551 1431; x_wconf 88' lang='lat' dir='ltr'>si</span> <span class='ocrx_word' id='word_1_1260' title='bbox 1564 1402 1651 1431; x_wconf 87' lang='lat' dir='ltr'>Galba</span> <span class='ocrx_word' id='word_1_1261' title='bbox 1661 1402 1831 1440; x_wconf 88' lang='lat' dir='ltr'>consponsor</span> <span class='ocrx_word' id='word_1_1262' title='bbox 1842 1408 1906 1432; x_wconf 91' lang='lat' dir='ltr'>tuus</span> <span class='ocrx_word' id='word_1_1263' title='bbox 1916 1404 2037 1434; x_wconf 88' lang='lat' dir='ltr'>redierit.</span> <span class='ocrx_word' id='word_1_1264' title='bbox 2059 1404 2138 1434; x_wconf 86' lang='lat' dir='ltr'>Adde</span> <span class='ocrx_word' id='word_1_1265' title='bbox 2149 1404 2232 1442; x_wconf 88' lang='lat' dir='ltr'>Epist.</span> <span class='ocrx_word' id='word_1_1266' title='bbox 2244 1405 2280 1434; x_wconf 87' lang='lat' dir='ltr'>ad</span> <span class='ocrx_word' id='word_1_1267' title='bbox 2290 1406 2342 1435; x_wconf 82' lang='lat' dir='ltr'>Att.</span> <span class='ocrx_word' id='word_1_1268' title='bbox 2356 1414 2399 1435; x_wconf 88' lang='lat'>12.</span> <span class='ocrx_word' id='word_1_1269' title='bbox 2411 1414 2456 1442; x_wconf 81' lang='lat'>17.</span> 
     </span>
     <span class='ocr_line' id='line_1_136' title="bbox 1360 1440 2036 1478; baseline -0.001 -9"><span class='ocrx_word' id='word_1_1270' title='bbox 1360 1440 1537 1478; x_wconf 89' lang='lat' dir='ltr'>Consponsor</span> <span class='ocrx_word' id='word_1_1271' title='bbox 1549 1462 1556 1475; x_wconf 89' lang='lat'><strong>‚</strong></span> <span class='ocrx_word' id='word_1_1272' title='bbox 1580 1440 1755 1476; x_wconf 78' lang='lat' dir='ltr'>conjurator.</span> <span class='ocrx_word' id='word_1_1273' title='bbox 1776 1440 1879 1471; x_wconf 83' lang='lat' dir='ltr'>Festus.</span> <span class='ocrx_word' id='word_1_1274' title='bbox 2034 1465 2036 1468; x_wconf 83' lang='lat'>.</span> 
     </span>
    </p>

    <p class='ocr_par' dir='ltr' id='par_1_58' title="bbox 1320 1477 2475 1591">
     <span class='ocr_line' id='line_1_137' title="bbox 1320 1477 2475 1518; baseline 0.001 -9"><span class='ocrx_word' id='word_1_1275' title='bbox 1320 1478 1344 1509; x_wconf 94' lang='lat' dir='ltr'>C</span> <span class='ocrx_word' id='word_1_1276' title='bbox 1353 1488 1369 1507; x_wconf 90' lang='grc' dir='ltr'>ο</span> <span class='ocrx_word' id='word_1_1277' title='bbox 1378 1488 1398 1507; x_wconf 92' lang='grc' dir='ltr'><strong>Ν</strong></span> <span class='ocrx_word' id='word_1_1278' title='bbox 1406 1488 1418 1507; x_wconf 92' lang='lat' dir='ltr'>s</span> <span class='ocrx_word' id='word_1_1279' title='bbox 1429 1488 1443 1506; x_wconf 77' lang='lat' dir='ltr'>P</span> <span class='ocrx_word' id='word_1_1280' title='bbox 1452 1488 1471 1507; x_wconf 81' lang='grc' dir='ltr'>υ</span> <span class='ocrx_word' id='word_1_1281' title='bbox 1479 1488 1496 1507; x_wconf 92' lang='lat' dir='ltr'>o</span> <span class='ocrx_word' id='word_1_1282' title='bbox 1506 1500 1514 1514; x_wconf 90' lang='lat'>‚</span> <span class='ocrx_word' id='word_1_1283' title='bbox 1536 1478 1583 1511; x_wconf 89' lang='lat' dir='ltr'>ui,</span> <span class='ocrx_word' id='word_1_1284' title='bbox 1604 1481 1684 1507; x_wconf 72' lang='lat' dir='ltr'>i&#39;itum</span> <span class='ocrx_word' id='word_1_1285' title='bbox 1695 1500 1704 1514; x_wconf 92' lang='lat'><strong>‚</strong></span> <span class='ocrx_word' id='word_1_1286' title='bbox 1724 1480 1740 1515; x_wconf 93' lang='lat'>[</span> <span class='ocrx_word' id='word_1_1287' title='bbox 1750 1477 1907 1514; x_wconf 56' lang='lat' dir='ltr'>«simmia-1]</span> <span class='ocrx_word' id='word_1_1288' title='bbox 1928 1479 1982 1509; x_wconf 76' lang='lat' dir='ltr'>e‘re.</span> <span class='ocrx_word' id='word_1_1289' title='bbox 2004 1479 2093 1518; x_wconf 88' lang='lat' dir='ltr'>Sputo</span> <span class='ocrx_word' id='word_1_1290' title='bbox 2109 1480 2230 1518; x_wconf 89' lang='lat' dir='ltr'>aliquem</span> <span class='ocrx_word' id='word_1_1291' title='bbox 2248 1480 2354 1510; x_wconf 88' lang='lat' dir='ltr'>foedare</span> <span class='ocrx_word' id='word_1_1292' title='bbox 2366 1489 2373 1509; x_wconf 90' lang='lat'><strong>:</strong></span> <span class='ocrx_word' id='word_1_1293' title='bbox 2394 1480 2475 1516; x_wconf 76' lang='lat' dir='ltr'>cujus</span> 
     </span>
     <span class='ocr_line' id='line_1_138' title="bbox 1358 1516 2473 1556; baseline 0.004 -11"><span class='ocrx_word' id='word_1_1294' title='bbox 1358 1516 1493 1554; x_wconf 85' lang='lat' dir='ltr'>passivum</span> <span class='ocrx_word' id='word_1_1295' title='bbox 1505 1516 1543 1545; x_wconf 89' lang='lat' dir='ltr'>est</span> <span class='ocrx_word' id='word_1_1296' title='bbox 1552 1516 1707 1554; x_wconf 87' lang='lat' dir='ltr'>Conspuor.</span> <span class='ocrx_word' id='word_1_1297' title='bbox 1746 1516 1834 1547; x_wconf 90' lang='lat' dir='ltr'>Plaut.</span> <span class='ocrx_word' id='word_1_1298' title='bbox 1853 1516 1893 1546; x_wconf 84' lang='lat' dir='ltr'>Ab</span> <span class='ocrx_word' id='word_1_1299' title='bbox 1912 1517 2045 1547; x_wconf 90' lang='lat' dir='ltr'>omnibus</span> <span class='ocrx_word' id='word_1_1300' title='bbox 2060 1518 2183 1555; x_wconf 84' lang='lat' dir='ltr'>derisus,</span> <span class='ocrx_word' id='word_1_1301' title='bbox 2212 1527 2295 1556; x_wconf 89' lang='lat' dir='ltr'>atque</span> <span class='ocrx_word' id='word_1_1302' title='bbox 2312 1518 2473 1556; x_wconf 87' lang='lat' dir='ltr'>consputus.</span> 
     </span>
     <span class='ocr_line' id='line_1_139' title="bbox 1356 1554 1664 1591; baseline -0.003 -7"><span class='ocrx_word' id='word_1_1303' title='bbox 1356 1555 1435 1585; x_wconf 87' lang='lat' dir='ltr'>Idem</span> <span class='ocrx_word' id='word_1_1304' title='bbox 1448 1554 1529 1583; x_wconf 87' lang='lat' dir='ltr'>Cure.</span> <span class='ocrx_word' id='word_1_1305' title='bbox 1541 1565 1567 1590; x_wconf 90' lang='lat'>4.</span> <span class='ocrx_word' id='word_1_1306' title='bbox 1579 1563 1604 1583; x_wconf 90' lang='lat'>2.</span> <span class='ocrx_word' id='word_1_1307' title='bbox 1621 1564 1664 1591; x_wconf 88' lang='lat'>17.</span> 
     </span>
    </p>

    <p class='ocr_par' dir='ltr' id='par_1_59' title="bbox 1356 1591 2474 1896">
     <span class='ocr_line' id='line_1_140' title="bbox 1437 1591 2251 1631; baseline 0.002 -10"><span class='ocrx_word' id='word_1_1308' title='bbox 1437 1591 1495 1629; x_wconf 83' lang='lat' dir='ltr'>Qui</span> <span class='ocrx_word' id='word_1_1309' title='bbox 1507 1592 1630 1621; x_wconf 89' lang='lat' dir='ltr'>constitit</span> <span class='ocrx_word' id='word_1_1310' title='bbox 1638 1591 1754 1630; x_wconf 88' lang='lat' dir='ltr'>culpant</span> <span class='ocrx_word' id='word_1_1311' title='bbox 1763 1602 1827 1622; x_wconf 90' lang='lat' dir='ltr'>eum</span> <span class='ocrx_word' id='word_1_1312' title='bbox 1837 1614 1846 1628; x_wconf 86' lang='lat'>,</span> <span class='ocrx_word' id='word_1_1313' title='bbox 1866 1592 2031 1631; x_wconf 88' lang='lat' dir='ltr'>conspuitur</span> <span class='ocrx_word' id='word_1_1314' title='bbox 2041 1615 2049 1628; x_wconf 88' lang='lat'>,</span> <span class='ocrx_word' id='word_1_1315' title='bbox 2068 1593 2251 1631; x_wconf 87' lang='lat' dir='ltr'>vituperatur.</span> 
     </span>
     <span class='ocr_line' id='line_1_141' title="bbox 1356 1629 2472 1670; baseline 0.004 -11"><span class='ocrx_word' id='word_1_1316' title='bbox 1356 1629 1407 1659; x_wconf 87' lang='lat' dir='ltr'>Me</span> <span class='ocrx_word' id='word_1_1317' title='bbox 1427 1629 1543 1668; x_wconf 88' lang='lat' dir='ltr'>conspui</span> <span class='ocrx_word' id='word_1_1318' title='bbox 1563 1630 1648 1666; x_wconf 75' lang='lat' dir='ltr'>iubet.</span> <span class='ocrx_word' id='word_1_1319' title='bbox 1689 1631 1800 1661; x_wconf 88' lang='lat' dir='ltr'>Petron.</span> <span class='ocrx_word' id='word_1_1320' title='bbox 1814 1640 1875 1670; x_wconf 87' lang='lat' dir='ltr'>cap.</span> <span class='ocrx_word' id='word_1_1321' title='bbox 1890 1640 1950 1668; x_wconf 79' lang='lat'>132.</span> <span class='ocrx_word' id='word_1_1322' title='bbox 1981 1631 2022 1662; x_wconf 91' lang='lat' dir='ltr'>De</span> <span class='ocrx_word' id='word_1_1323' title='bbox 2036 1631 2092 1661; x_wconf 91' lang='lat' dir='ltr'>hoc</span> <span class='ocrx_word' id='word_1_1324' title='bbox 2101 1630 2280 1662; x_wconf 80' lang='lat' dir='ltr'>contumeliae</span> <span class='ocrx_word' id='word_1_1325' title='bbox 2290 1641 2408 1669; x_wconf 86' lang='lat' dir='ltr'>genere,</span> <span class='ocrx_word' id='word_1_1326' title='bbox 2439 1632 2472 1663; x_wconf 84' lang='lat' dir='ltr'>V.</span> 
     </span>
     <span class='ocr_line' id='line_1_142' title="bbox 1375 1666 2215 1706; baseline 0.004 -10"><span class='ocrx_word' id='word_1_1327' title='bbox 1375 1666 1466 1697; x_wconf 83' lang='lat' dir='ltr'>Barth.</span> <span class='ocrx_word' id='word_1_1328' title='bbox 1477 1668 1514 1697; x_wconf 89' lang='lat' dir='ltr'>ad</span> <span class='ocrx_word' id='word_1_1329' title='bbox 1524 1667 1620 1697; x_wconf 83' lang='lat' dir='ltr'>Claud.</span> <span class='ocrx_word' id='word_1_1330' title='bbox 1637 1667 1718 1698; x_wconf 88' lang='lat' dir='ltr'>Cons.</span> <span class='ocrx_word' id='word_1_1331' title='bbox 1731 1669 1806 1699; x_wconf 86' lang='lat' dir='ltr'>Hori.</span> <span class='ocrx_word' id='word_1_1332' title='bbox 1824 1680 1851 1704; x_wconf 92' lang='lat'>4.</span> <span class='ocrx_word' id='word_1_1333' title='bbox 1865 1679 1930 1705; x_wconf 83' lang='lat'>404.</span> <span class='ocrx_word' id='word_1_1334' title='bbox 1951 1670 1978 1699; x_wconf 83' lang='lat'>&amp;</span> <span class='ocrx_word' id='word_1_1335' title='bbox 1992 1668 2098 1699; x_wconf 80' lang='lat' dir='ltr'>Advers.</span> <span class='ocrx_word' id='word_1_1336' title='bbox 2114 1678 2159 1706; x_wconf 85' lang='lat'>23.</span> <span class='ocrx_word' id='word_1_1337' title='bbox 2169 1679 2215 1705; x_wconf 78' lang='lat'>24.</span> 
     </span>
     <span class='ocr_line' id='line_1_143' title="bbox 1356 1705 2474 1745; baseline 0.003 -11"><span class='ocrx_word' id='word_1_1338' title='bbox 1356 1705 1493 1743; x_wconf 88' lang='lat' dir='ltr'>Conspuit</span> <span class='ocrx_word' id='word_1_1339' title='bbox 1507 1716 1558 1743; x_wconf 89' lang='lat' dir='ltr'>pro</span> <span class='ocrx_word' id='word_1_1340' title='bbox 1573 1706 1737 1744; x_wconf 86' lang='lat' dir='ltr'>Conspergit</span> <span class='ocrx_word' id='word_1_1341' title='bbox 1747 1728 1756 1743; x_wconf 87' lang='lat'><strong>‚</strong></span> <span class='ocrx_word' id='word_1_1342' title='bbox 1777 1706 1840 1736; x_wconf 88' lang='lat' dir='ltr'>usus</span> <span class='ocrx_word' id='word_1_1343' title='bbox 1849 1707 1888 1737; x_wconf 91' lang='lat' dir='ltr'>est</span> <span class='ocrx_word' id='word_1_1344' title='bbox 1899 1712 1978 1737; x_wconf 87' lang='lat' dir='ltr'>vetus</span> <span class='ocrx_word' id='word_1_1345' title='bbox 1987 1707 2087 1744; x_wconf 85' lang='lat' dir='ltr'>aliquis</span> <span class='ocrx_word' id='word_1_1346' title='bbox 2107 1707 2191 1737; x_wconf 88' lang='lat' dir='ltr'>Poeta</span> <span class='ocrx_word' id='word_1_1347' title='bbox 2204 1730 2213 1744; x_wconf 86' lang='lat'>,</span> <span class='ocrx_word' id='word_1_1348' title='bbox 2234 1708 2282 1745; x_wconf 90' lang='lat' dir='ltr'>qui</span> <span class='ocrx_word' id='word_1_1349' title='bbox 2304 1707 2338 1737; x_wconf 91' lang='lat' dir='ltr'>ab</span> <span class='ocrx_word' id='word_1_1350' title='bbox 2358 1707 2474 1738; x_wconf 89' lang='lat' dir='ltr'>Horatio</span> 
     </span>
     <span class='ocr_line' id='line_1_144' title="bbox 1376 1744 2396 1784; baseline 0.002 -12"><span class='ocrx_word' id='word_1_1351' title='bbox 1376 1744 1591 1782; x_wconf 86' lang='lat' dir='ltr'>reprelienditur</span> <span class='ocrx_word' id='word_1_1352' title='bbox 1604 1754 1630 1774; x_wconf 89' lang='lat'>2.</span> <span class='ocrx_word' id='word_1_1353' title='bbox 1644 1746 1732 1774; x_wconf 88' lang='lat' dir='ltr'>Serm.</span> <span class='ocrx_word' id='word_1_1354' title='bbox 1746 1756 1770 1780; x_wconf 84' lang='grc' dir='ltr'>ς.</span> <span class='ocrx_word' id='word_1_1355' title='bbox 1783 1754 1830 1780; x_wconf 84' lang='grc'>41.</span> <span class='ocrx_word' id='word_1_1356' title='bbox 1924 1761 1962 1766; x_wconf 94' lang='grc'><strong>-</strong></span> <span class='ocrx_word' id='word_1_1357' title='bbox 1971 1744 2019 1775; x_wconf 91' lang='lat' dir='ltr'>seu</span> <span class='ocrx_word' id='word_1_1358' title='bbox 2029 1767 2037 1781; x_wconf 95' lang='lat'>‚</span> <span class='ocrx_word' id='word_1_1359' title='bbox 2059 1745 2159 1784; x_wconf 88' lang='lat' dir='ltr'>pingui</span> <span class='ocrx_word' id='word_1_1360' title='bbox 2174 1752 2267 1776; x_wconf 87' lang='lat' dir='ltr'>tentus</span> <span class='ocrx_word' id='word_1_1361' title='bbox 2283 1745 2376 1774; x_wconf 92' lang='lat' dir='ltr'>omaso</span> <span class='ocrx_word' id='word_1_1362' title='bbox 2387 1767 2396 1781; x_wconf 86' lang='lat'>,</span> 
     </span>
     <span class='ocr_line' id='line_1_145' title="bbox 1430 1781 2472 1822; baseline 0.003 -11"><span class='ocrx_word' id='word_1_1363' title='bbox 1430 1782 1526 1812; x_wconf 81' lang='lat' dir='ltr'>Furius</span> <span class='ocrx_word' id='word_1_1364' title='bbox 1537 1782 1667 1812; x_wconf 85' lang='lat' dir='ltr'>hibernas</span> <span class='ocrx_word' id='word_1_1365' title='bbox 1676 1792 1745 1812; x_wconf 86' lang='lat' dir='ltr'>cana</span> <span class='ocrx_word' id='word_1_1366' title='bbox 1757 1783 1823 1812; x_wconf 87' lang='lat' dir='ltr'>nive</span> <span class='ocrx_word' id='word_1_1367' title='bbox 1833 1781 1969 1821; x_wconf 88' lang='lat' dir='ltr'>conspuet</span> <span class='ocrx_word' id='word_1_1368' title='bbox 1978 1783 2071 1822; x_wconf 81' lang='lat' dir='ltr'>Alpes.</span> <span class='ocrx_word' id='word_1_1369' title='bbox 2154 1783 2186 1814; x_wconf 87' lang='lat' dir='ltr'>V.</span> <span class='ocrx_word' id='word_1_1370' title='bbox 2197 1783 2368 1814; x_wconf 89' lang='lat' dir='ltr'>Scholiasten</span> <span class='ocrx_word' id='word_1_1371' title='bbox 2376 1783 2405 1812; x_wconf 86' lang='lat' dir='ltr'>in</span> <span class='ocrx_word' id='word_1_1372' title='bbox 2415 1781 2472 1814; x_wconf 86' lang='lat' dir='ltr'>loc.</span> 
     </span>
     <span class='ocr_line' id='line_1_146' title="bbox 1375 1817 2474 1858; baseline 0.003 -9"><span class='ocrx_word' id='word_1_1373' title='bbox 1375 1817 1454 1849; x_wconf 81' lang='lat' dir='ltr'>Idem</span> <span class='ocrx_word' id='word_1_1374' title='bbox 1467 1819 1594 1858; x_wconf 88' lang='lat' dir='ltr'>culpatur</span> <span class='ocrx_word' id='word_1_1375' title='bbox 1605 1830 1716 1857; x_wconf 90' lang='lat' dir='ltr'>quoque</span> <span class='ocrx_word' id='word_1_1376' title='bbox 1730 1830 1746 1850; x_wconf 85' lang='lat' dir='ltr'>a</span> <span class='ocrx_word' id='word_1_1377' title='bbox 1759 1820 1938 1858; x_wconf 86' lang='lat' dir='ltr'>Quintiliano</span> <span class='ocrx_word' id='word_1_1378' title='bbox 1949 1824 2004 1856; x_wconf 85' lang='lat'>8.6.</span> <span class='ocrx_word' id='word_1_1379' title='bbox 2015 1821 2062 1851; x_wconf 92' lang='lat' dir='ltr'>Ob</span> <span class='ocrx_word' id='word_1_1380' title='bbox 2075 1820 2285 1852; x_wconf 88' lang='lat' dir='ltr'>translationem</span> <span class='ocrx_word' id='word_1_1381' title='bbox 2295 1821 2368 1851; x_wconf 90' lang='lat' dir='ltr'>hanc</span> <span class='ocrx_word' id='word_1_1382' title='bbox 2376 1821 2474 1852; x_wconf 87' lang='lat' dir='ltr'>duram</span> 
     </span>
     <span class='ocr_line' id='line_1_147' title="bbox 1376 1857 1918 1896; baseline 0.004 -10"><span class='ocrx_word' id='word_1_1383' title='bbox 1376 1858 1402 1887; x_wconf 81' lang='lat'>&amp;</span> <span class='ocrx_word' id='word_1_1384' title='bbox 1412 1867 1426 1886; x_wconf 89' lang='lat' dir='ltr'>a</span> <span class='ocrx_word' id='word_1_1385' title='bbox 1435 1857 1588 1896; x_wconf 88' lang='lat' dir='ltr'>longinqua</span> <span class='ocrx_word' id='word_1_1386' title='bbox 1606 1858 1786 1888; x_wconf 84' lang='lat' dir='ltr'>similitudine</span> <span class='ocrx_word' id='word_1_1387' title='bbox 1798 1859 1918 1888; x_wconf 67' lang='lat' dir='ltr'>dustam.</span> 
     </span>
    </p>

    <p class='ocr_par' dir='ltr' id='par_1_60' title="bbox 1317 1893 2475 1973">
     <span class='ocr_line' id='line_1_148' title="bbox 1317 1893 2475 1934; baseline 0.003 -11"><span class='ocrx_word' id='word_1_1388' title='bbox 1317 1893 1341 1923; x_wconf 91' lang='lat' dir='ltr'>C</span> <span class='ocrx_word' id='word_1_1389' title='bbox 1349 1904 1365 1923; x_wconf 93' lang='lat' dir='ltr'>o</span> <span class='ocrx_word' id='word_1_1390' title='bbox 1373 1904 1393 1924; x_wconf 91' lang='lat' dir='ltr'>N</span> <span class='ocrx_word' id='word_1_1391' title='bbox 1403 1904 1415 1924; x_wconf 92' lang='lat' dir='ltr'>s</span> <span class='ocrx_word' id='word_1_1392' title='bbox 1423 1905 1438 1923; x_wconf 77' lang='lat'>1³</span> <span class='ocrx_word' id='word_1_1393' title='bbox 1446 1899 1465 1924; x_wconf 87' lang='grc' dir='ltr'><strong>ῦ</strong></span> <span class='ocrx_word' id='word_1_1394' title='bbox 1475 1905 1494 1924; x_wconf 83' lang='lat' dir='ltr'>T</span> <span class='ocrx_word' id='word_1_1395' title='bbox 1503 1906 1520 1925; x_wconf 90' lang='lat' dir='ltr'>o</span> <span class='ocrx_word' id='word_1_1396' title='bbox 1528 1918 1537 1931; x_wconf 88' lang='lat'>‚</span> <span class='ocrx_word' id='word_1_1397' title='bbox 1559 1893 1715 1932; x_wconf 57' lang='lat' dir='ltr'>[tamis-⁷151»</span> <span class='ocrx_word' id='word_1_1398' title='bbox 1725 1897 1739 1931; x_wconf 91' lang='grc'>]</span> <span class='ocrx_word' id='word_1_1399' title='bbox 1759 1899 1815 1927; x_wconf 65' lang='lat' dir='ltr'>ate.</span> <span class='ocrx_word' id='word_1_1400' title='bbox 1837 1896 2083 1933; x_wconf 86' lang='lat' dir='ltr'>frequentativum.</span> <span class='ocrx_word' id='word_1_1401' title='bbox 2123 1896 2181 1926; x_wconf 88' lang='lat' dir='ltr'>Cic.</span> <span class='ocrx_word' id='word_1_1402' title='bbox 2191 1905 2218 1927; x_wconf 87' lang='lat'>2.</span> <span class='ocrx_word' id='word_1_1403' title='bbox 2231 1896 2267 1934; x_wconf 88' lang='lat' dir='ltr'>Q.</span> <span class='ocrx_word' id='word_1_1404' title='bbox 2277 1897 2338 1926; x_wconf 87' lang='lat' dir='ltr'>frat.</span> <span class='ocrx_word' id='word_1_1405' title='bbox 2352 1905 2376 1933; x_wconf 83' lang='lat'>3.</span> <span class='ocrx_word' id='word_1_1406' title='bbox 2398 1896 2475 1927; x_wconf 86' lang='lat' dir='ltr'>Hora</span> 
     </span>
     <span class='ocr_line' id='line_1_149' title="bbox 1355 1932 2414 1973; baseline 0.003 -12"><span class='ocrx_word' id='word_1_1407' title='bbox 1355 1932 1413 1962; x_wconf 87' lang='lat' dir='ltr'>fere</span> <span class='ocrx_word' id='word_1_1408' title='bbox 1423 1943 1498 1963; x_wconf 87' lang='lat' dir='ltr'>nona</span> <span class='ocrx_word' id='word_1_1409' title='bbox 1510 1956 1518 1969; x_wconf 88' lang='lat'>,</span> <span class='ocrx_word' id='word_1_1410' title='bbox 1539 1934 1611 1972; x_wconf 85' lang='lat' dir='ltr'>quali</span> <span class='ocrx_word' id='word_1_1411' title='bbox 1622 1934 1698 1972; x_wconf 87' lang='lat' dir='ltr'>signo</span> <span class='ocrx_word' id='word_1_1412' title='bbox 1708 1934 1774 1964; x_wconf 85' lang='lat' dir='ltr'>dato</span> <span class='ocrx_word' id='word_1_1413' title='bbox 1787 1956 1795 1970; x_wconf 86' lang='lat'>,</span> <span class='ocrx_word' id='word_1_1414' title='bbox 1817 1933 1948 1964; x_wconf 87' lang='lat' dir='ltr'>Clodiani</span> <span class='ocrx_word' id='word_1_1415' title='bbox 1962 1934 2068 1964; x_wconf 90' lang='lat' dir='ltr'>nostros</span> <span class='ocrx_word' id='word_1_1416' title='bbox 2080 1934 2246 1973; x_wconf 87' lang='lat' dir='ltr'>consputare</span> <span class='ocrx_word' id='word_1_1417' title='bbox 2259 1940 2414 1973; x_wconf 90' lang='lat' dir='ltr'>coeperunt.</span> 
     </span>
    </p>

    <p class='ocr_par' dir='ltr' id='par_1_61' title="bbox 1319 1969 2470 2049">
     <span class='ocr_line' id='line_1_150' title="bbox 1319 1969 2470 2011; baseline 0.003 -12"><span class='ocrx_word' id='word_1_1418' title='bbox 1319 1969 1365 1999; x_wconf 90' lang='lat' dir='ltr'>Co</span> <span class='ocrx_word' id='word_1_1419' title='bbox 1374 1979 1413 2000; x_wconf 90' lang='lat' dir='ltr'>Ns</span> <span class='ocrx_word' id='word_1_1420' title='bbox 1421 1980 1434 1999; x_wconf 72' lang='grc' dir='ltr'>Ρ</span> <span class='ocrx_word' id='word_1_1421' title='bbox 1443 1981 1485 2000; x_wconf 72' lang='lat' dir='ltr'>ua</span> <span class='ocrx_word' id='word_1_1422' title='bbox 1493 1981 1510 2001; x_wconf 90' lang='lat' dir='ltr'>c</span> <span class='ocrx_word' id='word_1_1423' title='bbox 1518 1982 1535 2001; x_wconf 94' lang='lat' dir='ltr'>o</span> <span class='ocrx_word' id='word_1_1424' title='bbox 1547 1994 1554 2007; x_wconf 82' lang='lat'>‚</span> <span class='ocrx_word' id='word_1_1425' title='bbox 1577 1970 1773 2008; x_wconf 60' lang='lat' dir='ltr'>[wwevnbas]</span> <span class='ocrx_word' id='word_1_1426' title='bbox 1793 1975 1848 2002; x_wconf 67' lang='lat' dir='ltr'>are.</span> <span class='ocrx_word' id='word_1_1427' title='bbox 1871 1972 2092 2002; x_wconf 89' lang='lat' dir='ltr'>Commaculare.</span> <span class='ocrx_word' id='word_1_1428' title='bbox 2113 1972 2251 2002; x_wconf 90' lang='lat' dir='ltr'>Columel.</span> <span class='ocrx_word' id='word_1_1429' title='bbox 2268 1972 2317 2002; x_wconf 91' lang='lat' dir='ltr'>lib.</span> <span class='ocrx_word' id='word_1_1430' title='bbox 2330 1978 2355 2007; x_wconf 86' lang='lat'>8.</span> <span class='ocrx_word' id='word_1_1431' title='bbox 2370 1982 2430 2011; x_wconf 88' lang='lat' dir='ltr'>cap.</span> <span class='ocrx_word' id='word_1_1432' title='bbox 2444 1982 2470 2011; x_wconf 84' lang='lat'>3.</span> 
     </span>
     <span class='ocr_line' id='line_1_151' title="bbox 1355 2008 2352 2049; baseline 0.003 -12"><span class='ocrx_word' id='word_1_1433' title='bbox 1355 2008 1426 2037; x_wconf 80' lang='lat' dir='ltr'>Nam</span> <span class='ocrx_word' id='word_1_1434' title='bbox 1440 2009 1611 2048; x_wconf 85' lang='lat' dir='ltr'>supersiliens</span> <span class='ocrx_word' id='word_1_1435' title='bbox 1620 2011 1679 2039; x_wconf 89' lang='lat' dir='ltr'>avis</span> <span class='ocrx_word' id='word_1_1436' title='bbox 1689 2010 1815 2048; x_wconf 85' lang='lat' dir='ltr'>proluvie</span> <span class='ocrx_word' id='word_1_1437' title='bbox 1826 2011 1928 2040; x_wconf 89' lang='lat' dir='ltr'>ventris</span> <span class='ocrx_word' id='word_1_1438' title='bbox 1939 2010 2019 2040; x_wconf 90' lang='lat' dir='ltr'>cibos</span> <span class='ocrx_word' id='word_1_1439' title='bbox 2033 2011 2059 2041; x_wconf 86' lang='lat'>&amp;</span> <span class='ocrx_word' id='word_1_1440' title='bbox 2067 2019 2168 2047; x_wconf 87' lang='lat' dir='ltr'>aquam</span> <span class='ocrx_word' id='word_1_1441' title='bbox 2177 2009 2352 2049; x_wconf 90' lang='lat' dir='ltr'>conspurcat.</span> 
     </span>
    </p>

    <p class='ocr_par' dir='ltr' id='par_1_62' title="bbox 1356 2045 2147 2085">
     <span class='ocr_line' id='line_1_152' title="bbox 1356 2045 2147 2085; baseline 0.004 -10"><span class='ocrx_word' id='word_1_1442' title='bbox 1356 2045 1462 2083; x_wconf 86' lang='lat' dir='ltr'>Sapore</span> <span class='ocrx_word' id='word_1_1443' title='bbox 1476 2054 1554 2076; x_wconf 85' lang='lat' dir='ltr'>taetro</span> <span class='ocrx_word' id='word_1_1444' title='bbox 1567 2047 1749 2085; x_wconf 88' lang='lat' dir='ltr'>conspurcare</span> <span class='ocrx_word' id='word_1_1445' title='bbox 1759 2048 1862 2077; x_wconf 86' lang='lat' dir='ltr'>omnia.</span> <span class='ocrx_word' id='word_1_1446' title='bbox 1886 2048 1991 2078; x_wconf 89' lang='lat' dir='ltr'>Lucret.</span> <span class='ocrx_word' id='word_1_1447' title='bbox 2001 2047 2051 2078; x_wconf 88' lang='lat' dir='ltr'>lib.</span> <span class='ocrx_word' id='word_1_1448' title='bbox 2061 2051 2087 2077; x_wconf 90' lang='grc'>6.</span> <span class='ocrx_word' id='word_1_1449' title='bbox 2101 2057 2147 2078; x_wconf 90' lang='lat'>21.</span> 
     </span>
    </p>

    <p class='ocr_par' dir='ltr' id='par_1_63' title="bbox 1317 2083 2472 2190">
     <span class='ocr_line' id='line_1_153' title="bbox 1317 2083 2472 2123; baseline 0.003 -11"><span class='ocrx_word' id='word_1_1450' title='bbox 1317 2083 1364 2113; x_wconf 92' lang='lat' dir='ltr'>Co</span> <span class='ocrx_word' id='word_1_1451' title='bbox 1374 2093 1393 2112; x_wconf 94' lang='lat' dir='ltr'>N</span> <span class='ocrx_word' id='word_1_1452' title='bbox 1403 2093 1415 2113; x_wconf 92' lang='lat' dir='ltr'>s</span> <span class='ocrx_word' id='word_1_1453' title='bbox 1423 2094 1443 2113; x_wconf 98' lang='lat' dir='ltr'>T</span> <span class='ocrx_word' id='word_1_1454' title='bbox 1452 2095 1472 2113; x_wconf 95' lang='lat' dir='ltr'>A</span> <span class='ocrx_word' id='word_1_1455' title='bbox 1482 2095 1497 2113; x_wconf 77' lang='lat'>13</span> <span class='ocrx_word' id='word_1_1456' title='bbox 1506 2087 1518 2114; x_wconf 81' lang='grc' dir='ltr'>ῑ</span> <span class='ocrx_word' id='word_1_1457' title='bbox 1528 2097 1543 2114; x_wconf 77' lang='grc'>1.</span> <span class='ocrx_word' id='word_1_1458' title='bbox 1553 2097 1562 2114; x_wconf 98' lang='grc'>1</span> <span class='ocrx_word' id='word_1_1459' title='bbox 1573 2096 1590 2115; x_wconf 93' lang='lat' dir='ltr'>o</span> <span class='ocrx_word' id='word_1_1460' title='bbox 1601 2107 1609 2121; x_wconf 88' lang='lat'>‚</span> <span class='ocrx_word' id='word_1_1461' title='bbox 1629 2086 1668 2116; x_wconf 76' lang='lat' dir='ltr'>ivi</span> <span class='ocrx_word' id='word_1_1462' title='bbox 1679 2108 1688 2120; x_wconf 92' lang='lat'>,</span> <span class='ocrx_word' id='word_1_1463' title='bbox 1707 2089 1780 2115; x_wconf 74' lang='lat' dir='ltr'>itum</span> <span class='ocrx_word' id='word_1_1464' title='bbox 1790 2108 1798 2121; x_wconf 92' lang='lat'>,</span> <span class='ocrx_word' id='word_1_1465' title='bbox 1820 2085 1946 2122; x_wconf 67' lang='lat' dir='ltr'>[sseGuaa‘w</span> <span class='ocrx_word' id='word_1_1466' title='bbox 1955 2108 1964 2122; x_wconf 85' lang='lat'><strong>‚</strong></span> <span class='ocrx_word' id='word_1_1467' title='bbox 1983 2086 2077 2122; x_wconf 59' lang='grc' dir='ltr'>ςηεέζω</span> <span class='ocrx_word' id='word_1_1468' title='bbox 2087 2107 2096 2121; x_wconf 93' lang='grc'>,</span> <span class='ocrx_word' id='word_1_1469' title='bbox 2116 2085 2320 2123; x_wconf 66' lang='grc' dir='ltr'>ἀσφαλίζομιοα]</span> <span class='ocrx_word' id='word_1_1470' title='bbox 2340 2089 2392 2115; x_wconf 79' lang='lat' dir='ltr'>ire.</span> <span class='ocrx_word' id='word_1_1471' title='bbox 2413 2085 2472 2116; x_wconf 82' lang='lat' dir='ltr'>Sta-</span> 
     </span>
     <span class='ocr_line' id='line_1_154' title="bbox 1358 2121 2472 2161; baseline 0.004 -11"><span class='ocrx_word' id='word_1_1472' title='bbox 1358 2121 1413 2150; x_wconf 89' lang='lat' dir='ltr'>bile</span> <span class='ocrx_word' id='word_1_1473' title='bbox 1424 2123 1450 2152; x_wconf 71' lang='lat' dir='ltr'>Si</span> <span class='ocrx_word' id='word_1_1474' title='bbox 1463 2123 1573 2153; x_wconf 86' lang='lat' dir='ltr'>firmum</span> <span class='ocrx_word' id='word_1_1475' title='bbox 1585 2124 1685 2153; x_wconf 83' lang='lat' dir='ltr'>facere.</span> <span class='ocrx_word' id='word_1_1476' title='bbox 1726 2124 1792 2154; x_wconf 88' lang='lat' dir='ltr'>Ter.</span> <span class='ocrx_word' id='word_1_1477' title='bbox 1802 2123 1879 2154; x_wconf 79' lang='lat' dir='ltr'>Adel.</span> <span class='ocrx_word' id='word_1_1478' title='bbox 1895 2134 1920 2160; x_wconf 65' lang='grc' dir='ltr'>ς.</span> <span class='ocrx_word' id='word_1_1479' title='bbox 1934 2134 1957 2153; x_wconf 91' lang='grc'>1.</span> <span class='ocrx_word' id='word_1_1480' title='bbox 1967 2134 1994 2160; x_wconf 92' lang='lat'>9.</span> <span class='ocrx_word' id='word_1_1481' title='bbox 2015 2124 2066 2153; x_wconf 90' lang='lat' dir='ltr'>Dis</span> <span class='ocrx_word' id='word_1_1482' title='bbox 2082 2124 2196 2161; x_wconf 91' lang='lat' dir='ltr'>quidem</span> <span class='ocrx_word' id='word_1_1483' title='bbox 2208 2123 2276 2153; x_wconf 76' lang='lat' dir='ltr'>esses</span> <span class='ocrx_word' id='word_1_1484' title='bbox 2287 2123 2410 2161; x_wconf 88' lang='lat' dir='ltr'>Demea,</span> <span class='ocrx_word' id='word_1_1485' title='bbox 2438 2133 2472 2154; x_wconf 83' lang='lat' dir='ltr'>ac</span> 
     </span>
     <span class='ocr_line' id='line_1_155' title="bbox 1355 2161 1747 2190; baseline 0.008 -3"><span class='ocrx_word' id='word_1_1486' title='bbox 1355 2165 1431 2188; x_wconf 89' lang='lat' dir='ltr'>tuam</span> <span class='ocrx_word' id='word_1_1487' title='bbox 1440 2169 1497 2190; x_wconf 87' lang='lat' dir='ltr'>rem</span> <span class='ocrx_word' id='word_1_1488' title='bbox 1510 2161 1715 2190; x_wconf 85' lang='lat' dir='ltr'>constabiliffes.</span> <span class='ocrx_word' id='word_1_1489' title='bbox 1740 2176 1747 2181; x_wconf 87' lang='lat'>-</span> 
     </span>
    </p>

    <p class='ocr_par' dir='ltr' id='par_1_64' title="bbox 1355 2197 2130 2313">
     <span class='ocr_line' id='line_1_156' title="bbox 1355 2197 2117 2235; baseline 0.004 -9"><span class='ocrx_word' id='word_1_1490' title='bbox 1355 2197 1487 2227; x_wconf 86' lang='lat' dir='ltr'>Subsidiis</span> <span class='ocrx_word' id='word_1_1491' title='bbox 1496 2198 1613 2235; x_wconf 84' lang='lat' dir='ltr'>alicujus</span> <span class='ocrx_word' id='word_1_1492' title='bbox 1625 2198 1823 2228; x_wconf 74' lang='lat' dir='ltr'>constabilitus.</span> <span class='ocrx_word' id='word_1_1493' title='bbox 1846 2197 1954 2229; x_wconf 91' lang='lat' dir='ltr'>Lucret.</span> <span class='ocrx_word' id='word_1_1494' title='bbox 1968 2197 2017 2229; x_wconf 90' lang='lat' dir='ltr'>lib.</span> <span class='ocrx_word' id='word_1_1495' title='bbox 2031 2208 2058 2228; x_wconf 91' lang='lat'>2.</span> <span class='ocrx_word' id='word_1_1496' title='bbox 2070 2209 2117 2235; x_wconf 85' lang='grc' dir='ltr'>4ς.</span> 
     </span>
     <span class='ocr_line' id='line_1_157' title="bbox 1444 2234 2130 2274; baseline 0.003 -9"><span class='ocrx_word' id='word_1_1497' title='bbox 1444 2234 1465 2265; x_wconf 90' lang='lat' dir='ltr'>F</span> <span class='ocrx_word' id='word_1_1498' title='bbox 1467 2246 1559 2266; x_wconf 90' lang='lat' dir='ltr'>ervere</span> <span class='ocrx_word' id='word_1_1499' title='bbox 1568 2247 1654 2274; x_wconf 87' lang='lat' dir='ltr'>quum</span> <span class='ocrx_word' id='word_1_1500' title='bbox 1666 2237 1763 2267; x_wconf 85' lang='lat' dir='ltr'>videas</span> <span class='ocrx_word' id='word_1_1501' title='bbox 1774 2236 1840 2266; x_wconf 91' lang='lat' dir='ltr'>belli</span> <span class='ocrx_word' id='word_1_1502' title='bbox 1850 2236 1995 2267; x_wconf 86' lang='lat' dir='ltr'>simulacra</span> <span class='ocrx_word' id='word_1_1503' title='bbox 2004 2237 2112 2267; x_wconf 86' lang='lat' dir='ltr'>cientes</span> <span class='ocrx_word' id='word_1_1504' title='bbox 2120 2258 2130 2273; x_wconf 96' lang='lat'>,</span> 
     </span>
     <span class='ocr_line' id='line_1_158' title="bbox 1443 2273 2026 2313; baseline 0.003 -10"><span class='ocrx_word' id='word_1_1505' title='bbox 1443 2273 1574 2304; x_wconf 84' lang='lat' dir='ltr'>Subfidiis</span> <span class='ocrx_word' id='word_1_1506' title='bbox 1585 2275 1692 2312; x_wconf 84' lang='lat' dir='ltr'>magnis</span> <span class='ocrx_word' id='word_1_1507' title='bbox 1703 2275 1816 2313; x_wconf 88' lang='lat' dir='ltr'>Epicuri</span> <span class='ocrx_word' id='word_1_1508' title='bbox 1830 2275 2026 2305; x_wconf 86' lang='lat' dir='ltr'>constabilitas.</span> 
     </span>
    </p>

    <p class='ocr_par' dir='ltr' id='par_1_65' title="bbox 1316 2308 2468 2348">
     <span class='ocr_line' id='line_1_159' title="bbox 1316 2308 2468 2348; baseline 0.003 -9"><span class='ocrx_word' id='word_1_1509' title='bbox 1316 2308 1338 2339; x_wconf 92' lang='lat' dir='ltr'>C</span> <span class='ocrx_word' id='word_1_1510' title='bbox 1349 2320 1365 2339; x_wconf 93' lang='grc' dir='ltr'>ο</span> <span class='ocrx_word' id='word_1_1511' title='bbox 1374 2319 1395 2339; x_wconf 90' lang='lat' dir='ltr'>N</span> <span class='ocrx_word' id='word_1_1512' title='bbox 1404 2320 1416 2340; x_wconf 93' lang='lat' dir='ltr'>s</span> <span class='ocrx_word' id='word_1_1513' title='bbox 1425 2320 1444 2340; x_wconf 84' lang='lat' dir='ltr'>T</span> <span class='ocrx_word' id='word_1_1514' title='bbox 1453 2321 1473 2340; x_wconf 97' lang='lat' dir='ltr'>A</span> <span class='ocrx_word' id='word_1_1515' title='bbox 1483 2322 1498 2340; x_wconf 84' lang='lat' dir='ltr'>B</span> <span class='ocrx_word' id='word_1_1516' title='bbox 1509 2314 1526 2341; x_wconf 89' lang='grc' dir='ltr'><strong>ῡ</strong></span> <span class='ocrx_word' id='word_1_1517' title='bbox 1535 2323 1551 2341; x_wconf 82' lang='lat' dir='ltr'>L</span> <span class='ocrx_word' id='word_1_1518' title='bbox 1560 2322 1586 2348; x_wconf 87' lang='lat' dir='ltr'>o,</span> <span class='ocrx_word' id='word_1_1519' title='bbox 1598 2316 1653 2342; x_wconf 68' lang='lat' dir='ltr'>are.</span> <span class='ocrx_word' id='word_1_1520' title='bbox 1667 2313 1745 2342; x_wconf 87' lang='lat' dir='ltr'>Idem</span> <span class='ocrx_word' id='word_1_1521' title='bbox 1752 2323 1785 2342; x_wconf 89' lang='lat' dir='ltr'>ac</span> <span class='ocrx_word' id='word_1_1522' title='bbox 1795 2312 1919 2343; x_wconf 89' lang='lat' dir='ltr'>Stabulo.</span> <span class='ocrx_word' id='word_1_1523' title='bbox 1929 2308 2068 2343; x_wconf 87' lang='lat' dir='ltr'>Columel.</span> <span class='ocrx_word' id='word_1_1524' title='bbox 2082 2310 2189 2343; x_wconf 81' lang='lat' dir='ltr'>V.voff.</span> <span class='ocrx_word' id='word_1_1525' title='bbox 2203 2312 2468 2344; x_wconf 84' lang='lat' dir='ltr'>deVit.Serm.2.26.</span> 
     </span>
    </p>

    <p class='ocr_par' dir='ltr' id='par_1_66' title="bbox 1314 2348 2468 2389">
     <span class='ocr_line' id='line_1_160' title="bbox 1314 2348 2468 2389; baseline 0.004 -13"><span class='ocrx_word' id='word_1_1526' title='bbox 1314 2349 1336 2376; x_wconf 85' lang='lat' dir='ltr'>C</span> <span class='ocrx_word' id='word_1_1527' title='bbox 1346 2358 1363 2376; x_wconf 93' lang='lat' dir='ltr'>o</span> <span class='ocrx_word' id='word_1_1528' title='bbox 1374 2358 1392 2377; x_wconf 91' lang='lat' dir='ltr'>N</span> <span class='ocrx_word' id='word_1_1529' title='bbox 1403 2358 1442 2378; x_wconf 83' lang='lat' dir='ltr'>ST</span> <span class='ocrx_word' id='word_1_1530' title='bbox 1451 2359 1470 2378; x_wconf 97' lang='lat' dir='ltr'>A</span> <span class='ocrx_word' id='word_1_1531' title='bbox 1479 2360 1493 2378; x_wconf 79' lang='lat' dir='ltr'>a</span> <span class='ocrx_word' id='word_1_1532' title='bbox 1505 2360 1522 2378; x_wconf 87' lang='lat' dir='ltr'>u</span> <span class='ocrx_word' id='word_1_1533' title='bbox 1533 2361 1549 2378; x_wconf 72' lang='lat'>1.</span> <span class='ocrx_word' id='word_1_1534' title='bbox 1559 2360 1607 2379; x_wconf 85' lang='lat' dir='ltr'>AT</span> <span class='ocrx_word' id='word_1_1535' title='bbox 1618 2360 1662 2385; x_wconf 86' lang='lat'>10,</span> <span class='ocrx_word' id='word_1_1536' title='bbox 1676 2351 1746 2380; x_wconf 72' lang='lat' dir='ltr'>finis.</span> <span class='ocrx_word' id='word_1_1537' title='bbox 1764 2351 1783 2380; x_wconf 83' lang='lat' dir='ltr'>f.</span> <span class='ocrx_word' id='word_1_1538' title='bbox 1805 2348 1886 2388; x_wconf 64' lang='lat' dir='ltr'>Ap‘ul.</span> <span class='ocrx_word' id='word_1_1539' title='bbox 1911 2351 1968 2380; x_wconf 88' lang='lat' dir='ltr'>Nisi</span> <span class='ocrx_word' id='word_1_1540' title='bbox 1980 2361 2056 2380; x_wconf 87' lang='lat' dir='ltr'>error</span> <span class='ocrx_word' id='word_1_1541' title='bbox 2069 2351 2118 2386; x_wconf 85' lang='lat' dir='ltr'>est,</span> <span class='ocrx_word' id='word_1_1542' title='bbox 2130 2361 2180 2389; x_wconf 89' lang='lat' dir='ltr'>pro</span> <span class='ocrx_word' id='word_1_1543' title='bbox 2193 2351 2468 2388; x_wconf 69' lang='lat' dir='ltr'>Contabulatiqu.</span> 
     </span>
    </p>

    <p class='ocr_par' dir='ltr' id='par_1_67' title="bbox 1312 2385 2499 2464">
     <span class='ocr_line' id='line_1_161' title="bbox 1312 2385 2499 2425; baseline 0.003 -11"><span class='ocrx_word' id='word_1_1544' title='bbox 1312 2385 1334 2414; x_wconf 92' lang='lat' dir='ltr'>C</span> <span class='ocrx_word' id='word_1_1545' title='bbox 1345 2389 1599 2424; x_wconf 64' lang='lat' dir='ltr'>oNS&#39;rABfiLUS,</span> <span class='ocrx_word' id='word_1_1546' title='bbox 1612 2389 1638 2418; x_wconf 86' lang='lat'>&amp;</span> <span class='ocrx_word' id='word_1_1547' title='bbox 1659 2388 2021 2425; x_wconf 56' lang='lat' dir='ltr'>CousTAisuLAssrus,</span> <span class='ocrx_word' id='word_1_1548' title='bbox 2031 2390 2050 2418; x_wconf 92' lang='lat' dir='ltr'>i.</span> <span class='ocrx_word' id='word_1_1549' title='bbox 2072 2398 2109 2418; x_wconf 90' lang='lat' dir='ltr'>m.</span> <span class='ocrx_word' id='word_1_1550' title='bbox 2131 2389 2243 2419; x_wconf 75' lang='lat' dir='ltr'>Rectius</span> <span class='ocrx_word' id='word_1_1551' title='bbox 2254 2389 2355 2418; x_wconf 90' lang='lat' dir='ltr'>Comes</span> <span class='ocrx_word' id='word_1_1552' title='bbox 2369 2388 2468 2418; x_wconf 86' lang='lat' dir='ltr'>stabuli</span> <span class='ocrx_word' id='word_1_1553' title='bbox 2494 2389 2499 2393; x_wconf 88' lang='grc'><em>”</em></span> 
     </span>
     <span class='ocr_line' id='line_1_162' title="bbox 1350 2424 2467 2464; baseline 0.004 -12"><span class='ocrx_word' id='word_1_1554' title='bbox 1350 2424 1465 2460; x_wconf 84' lang='lat' dir='ltr'>dicetur,</span> <span class='ocrx_word' id='word_1_1555' title='bbox 1483 2425 1530 2462; x_wconf 92' lang='lat' dir='ltr'>qui</span> <span class='ocrx_word' id='word_1_1556' title='bbox 1540 2426 1686 2455; x_wconf 84' lang='lat' dir='ltr'>Ammiano</span> <span class='ocrx_word' id='word_1_1557' title='bbox 1702 2426 1844 2456; x_wconf 88' lang='lat' dir='ltr'>Tribunus</span> <span class='ocrx_word' id='word_1_1558' title='bbox 1854 2425 1951 2455; x_wconf 83' lang='lat' dir='ltr'>stabuli</span> <span class='ocrx_word' id='word_1_1559' title='bbox 1962 2426 2129 2464; x_wconf 85' lang='lat' dir='ltr'>appellatur,</span> <span class='ocrx_word' id='word_1_1560' title='bbox 2143 2437 2187 2463; x_wconf 89' lang='lat'>14.</span> <span class='ocrx_word' id='word_1_1561' title='bbox 2202 2437 2243 2456; x_wconf 91' lang='grc' dir='ltr'>1ο.</span> <span class='ocrx_word' id='word_1_1562' title='bbox 2267 2426 2298 2456; x_wconf 96' lang='lat' dir='ltr'>V.</span> <span class='ocrx_word' id='word_1_1563' title='bbox 2322 2426 2393 2456; x_wconf 77' lang='lat' dir='ltr'>Voss.</span> <span class='ocrx_word' id='word_1_1564' title='bbox 2411 2426 2429 2456; x_wconf 89' lang='lat' dir='ltr'>l.</span> <span class='ocrx_word' id='word_1_1565' title='bbox 2440 2437 2467 2458; x_wconf 83' lang='lat' dir='ltr'>c.</span> 
     </span>
    </p>

    <p class='ocr_par' dir='ltr' id='par_1_68' title="bbox 1312 2459 2386 2499">
     <span class='ocr_line' id='line_1_163' title="bbox 1312 2459 2386 2499; baseline 0.004 -9"><span class='ocrx_word' id='word_1_1566' title='bbox 1312 2459 1532 2498; x_wconf 83' lang='lat' dir='ltr'>CONsTANs,</span> <span class='ocrx_word' id='word_1_1567' title='bbox 1553 2463 1838 2499; x_wconf 79' lang='lat' dir='ltr'>CoNsTANT1A‚</span> <span class='ocrx_word' id='word_1_1568' title='bbox 1859 2464 2134 2494; x_wconf 73' lang='lat' dir='ltr'>CoNSTANTiia.</span> <span class='ocrx_word' id='word_1_1569' title='bbox 2177 2464 2209 2494; x_wconf 89' lang='lat' dir='ltr'>V.</span> <span class='ocrx_word' id='word_1_1570' title='bbox 2230 2474 2386 2494; x_wconf 79' lang='lat' dir='ltr'>CONsi-o.</span> 
     </span>
    </p>

    <p class='ocr_par' dir='ltr' id='par_1_69' title="bbox 1313 2498 2467 2577">
     <span class='ocr_line' id='line_1_164' title="bbox 1313 2498 2465 2540; baseline 0.005 -13"><span class='ocrx_word' id='word_1_1571' title='bbox 1313 2498 1335 2527; x_wconf 89' lang='lat' dir='ltr'>C</span> <span class='ocrx_word' id='word_1_1572' title='bbox 1345 2508 1362 2527; x_wconf 91' lang='lat'><em>0</em></span> <span class='ocrx_word' id='word_1_1573' title='bbox 1371 2508 1410 2528; x_wconf 89' lang='lat' dir='ltr'>Ns</span> <span class='ocrx_word' id='word_1_1574' title='bbox 1420 2509 1440 2528; x_wconf 92' lang='lat' dir='ltr'>T</span> <span class='ocrx_word' id='word_1_1575' title='bbox 1448 2509 1467 2528; x_wconf 90' lang='lat' dir='ltr'>A</span> <span class='ocrx_word' id='word_1_1576' title='bbox 1478 2510 1499 2528; x_wconf 90' lang='grc' dir='ltr'><strong>Ν</strong></span> <span class='ocrx_word' id='word_1_1577' title='bbox 1507 2510 1526 2528; x_wconf 94' lang='lat' dir='ltr'>T</span> <span class='ocrx_word' id='word_1_1578' title='bbox 1536 2511 1545 2528; x_wconf 95' lang='lat'>1</span> <span class='ocrx_word' id='word_1_1579' title='bbox 1558 2510 1587 2536; x_wconf 92' lang='lat' dir='ltr'>A,</span> <span class='ocrx_word' id='word_1_1580' title='bbox 1600 2499 1751 2537; x_wconf 55' lang='lat' dir='ltr'>[Kouni-140⁶</span> <span class='ocrx_word' id='word_1_1581' title='bbox 1767 2502 1927 2540; x_wconf 86' lang='lat' dir='ltr'>Stephano]</span> <span class='ocrx_word' id='word_1_1582' title='bbox 1941 2502 2027 2540; x_wconf 88' lang='lat' dir='ltr'>Cypri</span> <span class='ocrx_word' id='word_1_1583' title='bbox 2039 2502 2105 2532; x_wconf 89' lang='lat' dir='ltr'>urbs</span> <span class='ocrx_word' id='word_1_1584' title='bbox 2119 2501 2166 2537; x_wconf 83' lang='lat' dir='ltr'>est,</span> <span class='ocrx_word' id='word_1_1585' title='bbox 2177 2502 2243 2532; x_wconf 89' lang='lat' dir='ltr'>alias</span> <span class='ocrx_word' id='word_1_1586' title='bbox 2255 2502 2370 2531; x_wconf 83' lang='lat' dir='ltr'>Salamis</span> <span class='ocrx_word' id='word_1_1587' title='bbox 2382 2502 2465 2533; x_wconf 69' lang='lat' dir='ltr'>dicta.</span> 
     </span>
     <span class='ocr_line' id='line_1_165' title="bbox 1348 2536 2467 2577; baseline 0.004 -12"><span class='ocrx_word' id='word_1_1588' title='bbox 1348 2536 1468 2566; x_wconf 89' lang='lat' dir='ltr'>Estitem</span> <span class='ocrx_word' id='word_1_1589' title='bbox 1480 2537 1657 2574; x_wconf 85' lang='lat' dir='ltr'>Constantia,</span> <span class='ocrx_word' id='word_1_1590' title='bbox 1679 2539 1835 2569; x_wconf 85' lang='lat' dir='ltr'>Germaniae</span> <span class='ocrx_word' id='word_1_1591' title='bbox 1855 2540 2010 2577; x_wconf 89' lang='lat' dir='ltr'>oppidum,</span> <span class='ocrx_word' id='word_1_1592' title='bbox 2029 2540 2065 2570; x_wconf 88' lang='lat' dir='ltr'>ad</span> <span class='ocrx_word' id='word_1_1593' title='bbox 2078 2540 2231 2570; x_wconf 78' lang='lat' dir='ltr'>Acronium</span> <span class='ocrx_word' id='word_1_1594' title='bbox 2252 2540 2345 2570; x_wconf 85' lang='lat' dir='ltr'>lacum</span> <span class='ocrx_word' id='word_1_1595' title='bbox 2360 2561 2369 2575; x_wconf 87' lang='lat'>,</span> <span class='ocrx_word' id='word_1_1596' title='bbox 2391 2540 2467 2577; x_wconf 83' lang='lat' dir='ltr'>quod</span> 
     </span>
    </p>

    <p class='ocr_par' dir='ltr' id='par_1_70' title="bbox 1346 2574 2466 2691">
     <span class='ocr_line' id='line_1_166' title="bbox 1368 2574 1936 2615; baseline 0.005 -12"><span class='ocrx_word' id='word_1_1597' title='bbox 1368 2584 1383 2603; x_wconf 86' lang='lat' dir='ltr'>a</span> <span class='ocrx_word' id='word_1_1598' title='bbox 1395 2574 1545 2605; x_wconf 79' lang='lat' dir='ltr'>Ptolemaeo</span> <span class='ocrx_word' id='word_1_1599' title='bbox 1559 2576 1759 2606; x_wconf 86' lang='lat' dir='ltr'>Cannodurum</span> <span class='ocrx_word' id='word_1_1600' title='bbox 1771 2577 1936 2615; x_wconf 88' lang='lat' dir='ltr'>appellatur.</span> 
     </span>
     <span class='ocr_line' id='line_1_167' title="bbox 1346 2610 2466 2654; baseline 0.004 -14"><span class='ocrx_word' id='word_1_1601' title='bbox 1346 2610 1504 2642; x_wconf 82' lang='lat' dir='ltr'>Constantia</span> <span class='ocrx_word' id='word_1_1602' title='bbox 1514 2614 1529 2648; x_wconf 91' lang='lat' dir='ltr'>J</span> <span class='ocrx_word' id='word_1_1603' title='bbox 1532 2613 1586 2643; x_wconf 79' lang='lat' dir='ltr'>ulia</span> <span class='ocrx_word' id='word_1_1604' title='bbox 1597 2636 1604 2649; x_wconf 88' lang='lat'>‚</span> <span class='ocrx_word' id='word_1_1605' title='bbox 1626 2615 1763 2651; x_wconf 88' lang='lat' dir='ltr'>oppidum</span> <span class='ocrx_word' id='word_1_1606' title='bbox 1775 2616 1813 2644; x_wconf 88' lang='lat' dir='ltr'>est</span> <span class='ocrx_word' id='word_1_1607' title='bbox 1824 2615 1962 2653; x_wconf 85' lang='lat' dir='ltr'>Hispaniae</span> <span class='ocrx_word' id='word_1_1608' title='bbox 1971 2614 2079 2645; x_wconf 85' lang='lat' dir='ltr'>Baeticae</span> <span class='ocrx_word' id='word_1_1609' title='bbox 2092 2636 2103 2650; x_wconf 85' lang='lat'>,</span> <span class='ocrx_word' id='word_1_1610' title='bbox 2121 2615 2152 2644; x_wconf 90' lang='lat' dir='ltr'>in</span> <span class='ocrx_word' id='word_1_1611' title='bbox 2167 2622 2308 2645; x_wconf 85' lang='lat' dir='ltr'>conventu</span> <span class='ocrx_word' id='word_1_1612' title='bbox 2319 2614 2466 2654; x_wconf 86' lang='lat' dir='ltr'>Hispalen-</span> 
     </span>
     <span class='ocr_line' id='line_1_168' title="bbox 1366 2649 1952 2691; baseline 0.007 -13"><span class='ocrx_word' id='word_1_1613' title='bbox 1366 2649 1383 2678; x_wconf 88' lang='lat' dir='ltr'>si</span> <span class='ocrx_word' id='word_1_1614' title='bbox 1395 2672 1403 2684; x_wconf 74' lang='lat'>,</span> <span class='ocrx_word' id='word_1_1615' title='bbox 1424 2651 1502 2686; x_wconf 89' lang='lat' dir='ltr'>cujus</span> <span class='ocrx_word' id='word_1_1616' title='bbox 1518 2653 1648 2681; x_wconf 86' lang='lat' dir='ltr'>meminit</span> <span class='ocrx_word' id='word_1_1617' title='bbox 1661 2653 1731 2682; x_wconf 90' lang='lat' dir='ltr'>Plin.</span> <span class='ocrx_word' id='word_1_1618' title='bbox 1746 2653 1792 2682; x_wconf 90' lang='lat' dir='ltr'>lib.</span> <span class='ocrx_word' id='word_1_1619' title='bbox 1809 2663 1834 2690; x_wconf 88' lang='lat'>3.</span> <span class='ocrx_word' id='word_1_1620' title='bbox 1852 2662 1913 2691; x_wconf 84' lang='lat' dir='ltr'>cap.</span> <span class='ocrx_word' id='word_1_1621' title='bbox 1928 2662 1952 2682; x_wconf 86' lang='lat'>1.</span> 
     </span>
    </p>

    <p class='ocr_par' dir='ltr' id='par_1_71' title="bbox 1308 2685 2464 2766">
     <span class='ocr_line' id='line_1_169' title="bbox 1308 2685 2463 2726; baseline 0.008 -13"><span class='ocrx_word' id='word_1_1622' title='bbox 1308 2685 1331 2715; x_wconf 93' lang='lat' dir='ltr'>C</span> <span class='ocrx_word' id='word_1_1623' title='bbox 1339 2696 1356 2715; x_wconf 90' lang='grc' dir='ltr'>ο</span> <span class='ocrx_word' id='word_1_1624' title='bbox 1367 2696 1386 2715; x_wconf 87' lang='grc' dir='ltr'><strong>Ν</strong></span> <span class='ocrx_word' id='word_1_1625' title='bbox 1397 2695 1410 2716; x_wconf 83' lang='lat' dir='ltr'>s</span> <span class='ocrx_word' id='word_1_1626' title='bbox 1418 2697 1437 2716; x_wconf 70' lang='lat' dir='ltr'>rr</span> <span class='ocrx_word' id='word_1_1627' title='bbox 1445 2699 1464 2716; x_wconf 82' lang='lat' dir='ltr'>A</span> <span class='ocrx_word' id='word_1_1628' title='bbox 1473 2698 1492 2717; x_wconf 77' lang='lat' dir='ltr'>N</span> <span class='ocrx_word' id='word_1_1629' title='bbox 1501 2698 1521 2717; x_wconf 66' lang='lat' dir='ltr'>&gt;r</span> <span class='ocrx_word' id='word_1_1630' title='bbox 1529 2700 1538 2718; x_wconf 85' lang='lat'>1</span> <span class='ocrx_word' id='word_1_1631' title='bbox 1551 2699 1570 2717; x_wconf 75' lang='lat' dir='ltr'>N</span> <span class='ocrx_word' id='word_1_1632' title='bbox 1579 2699 1596 2718; x_wconf 88' lang='lat'><em>0</em></span> <span class='ocrx_word' id='word_1_1633' title='bbox 1606 2700 1619 2718; x_wconf 74' lang='lat' dir='ltr'>p</span> <span class='ocrx_word' id='word_1_1634' title='bbox 1629 2700 1645 2719; x_wconf 92' lang='lat'>0</span> <span class='ocrx_word' id='word_1_1635' title='bbox 1655 2701 1670 2718; x_wconf 69' lang='lat' dir='ltr'>L</span> <span class='ocrx_word' id='word_1_1636' title='bbox 1679 2701 1688 2718; x_wconf 71' lang='grc' dir='ltr'><strong><em>ι</em></strong></span> <span class='ocrx_word' id='word_1_1637' title='bbox 1697 2700 1719 2726; x_wconf 78' lang='lat' dir='ltr'>s,</span> <span class='ocrx_word' id='word_1_1638' title='bbox 1731 2692 1745 2726; x_wconf 90' lang='lat'>[</span> <span class='ocrx_word' id='word_1_1639' title='bbox 1758 2690 1987 2725; x_wconf 57' lang='lat' dir='ltr'>Kavs-mmo‘mm]</span> <span class='ocrx_word' id='word_1_1640' title='bbox 2008 2690 2089 2726; x_wconf 84' lang='lat' dir='ltr'>Urbs,</span> <span class='ocrx_word' id='word_1_1641' title='bbox 2098 2699 2113 2719; x_wconf 89' lang='lat' dir='ltr'>a</span> <span class='ocrx_word' id='word_1_1642' title='bbox 2125 2690 2307 2720; x_wconf 65' lang='lat' dir='ltr'>Constantino</span> <span class='ocrx_word' id='word_1_1643' title='bbox 2322 2690 2361 2720; x_wconf 88' lang='grc' dir='ltr'>Μ.</span> <span class='ocrx_word' id='word_1_1644' title='bbox 2373 2693 2463 2722; x_wconf 66' lang='lat' dir='ltr'>aucta.</span> 
     </span>
     <span class='ocr_line' id='line_1_170' title="bbox 1346 2725 2464 2766; baseline 0.004 -14"><span class='ocrx_word' id='word_1_1645' title='bbox 1346 2725 1375 2752; x_wconf 93' lang='lat' dir='ltr'>in</span> <span class='ocrx_word' id='word_1_1646' title='bbox 1384 2725 1622 2762; x_wconf 78' lang='lat' dir='ltr'>finibusThraciae‚</span> <span class='ocrx_word' id='word_1_1647' title='bbox 1632 2729 1667 2756; x_wconf 90' lang='lat' dir='ltr'>de</span> <span class='ocrx_word' id='word_1_1648' title='bbox 1679 2738 1732 2764; x_wconf 85' lang='lat' dir='ltr'>qua</span> <span class='ocrx_word' id='word_1_1649' title='bbox 1742 2729 1772 2757; x_wconf 90' lang='lat' dir='ltr'>in</span> <span class='ocrx_word' id='word_1_1650' title='bbox 1783 2728 1908 2758; x_wconf 69' lang='lat' dir='ltr'>dic‘lione</span> <span class='ocrx_word' id='word_1_1651' title='bbox 1919 2737 1961 2757; x_wconf 77' lang='lat' dir='ltr'>si(</span> <span class='ocrx_word' id='word_1_1652' title='bbox 1969 2738 1985 2757; x_wconf 89' lang='lat' dir='ltr'><strong>z</strong></span> <span class='ocrx_word' id='word_1_1653' title='bbox 1996 2738 2015 2757; x_wconf 91' lang='lat' dir='ltr'>A</span> <span class='ocrx_word' id='word_1_1654' title='bbox 2025 2737 2046 2757; x_wconf 90' lang='lat' dir='ltr'>N</span> <span class='ocrx_word' id='word_1_1655' title='bbox 2056 2737 2076 2756; x_wconf 83' lang='lat' dir='ltr'>T</span> <span class='ocrx_word' id='word_1_1656' title='bbox 2086 2739 2095 2756; x_wconf 93' lang='lat'>1</span> <span class='ocrx_word' id='word_1_1657' title='bbox 2107 2727 2464 2766; x_wconf 77' lang='lat' dir='ltr'>uM.VulgoConstantinople.</span> 
     </span>
    </p>

    <p class='ocr_par' dir='ltr' id='par_1_72' title="bbox 1311 2760 2465 3403">
     <span class='ocr_line' id='line_1_171' title="bbox 1311 2760 2465 2805; baseline 0.003 -15"><span class='ocrx_word' id='word_1_1658' title='bbox 1311 2760 1333 2789; x_wconf 92' lang='lat' dir='ltr'>C</span> <span class='ocrx_word' id='word_1_1659' title='bbox 1341 2771 1385 2805; x_wconf 58' lang='grc' dir='ltr'>0οΝ</span> <span class='ocrx_word' id='word_1_1660' title='bbox 1394 2773 1406 2792; x_wconf 93' lang='lat' dir='ltr'>s</span> <span class='ocrx_word' id='word_1_1661' title='bbox 1417 2773 1436 2791; x_wconf 92' lang='lat' dir='ltr'>T</span> <span class='ocrx_word' id='word_1_1662' title='bbox 1445 2774 1464 2792; x_wconf 90' lang='lat' dir='ltr'>A</span> <span class='ocrx_word' id='word_1_1663' title='bbox 1474 2774 1494 2792; x_wconf 90' lang='lat' dir='ltr'>N</span> <span class='ocrx_word' id='word_1_1664' title='bbox 1502 2774 1522 2793; x_wconf 71' lang='lat' dir='ltr'>&#39;r</span> <span class='ocrx_word' id='word_1_1665' title='bbox 1533 2776 1542 2793; x_wconf 91' lang='lat'>1</span> <span class='ocrx_word' id='word_1_1666' title='bbox 1552 2775 1571 2793; x_wconf 88' lang='lat' dir='ltr'>N</span> <span class='ocrx_word' id='word_1_1667' title='bbox 1582 2776 1598 2794; x_wconf 88' lang='grc' dir='ltr'><em>υ</em></span> <span class='ocrx_word' id='word_1_1668' title='bbox 1608 2775 1620 2794; x_wconf 93' lang='lat' dir='ltr'>s</span> <span class='ocrx_word' id='word_1_1669' title='bbox 1640 2766 1760 2803; x_wconf 85' lang='lat' dir='ltr'>Magnus</span> <span class='ocrx_word' id='word_1_1670' title='bbox 1774 2788 1782 2801; x_wconf 91' lang='lat'>,</span> <span class='ocrx_word' id='word_1_1671' title='bbox 1803 2767 1882 2802; x_wconf 85' lang='lat' dir='ltr'>cujus</span> <span class='ocrx_word' id='word_1_1672' title='bbox 1898 2767 2052 2795; x_wconf 70' lang='lat' dir='ltr'>innumerae</span> <span class='ocrx_word' id='word_1_1673' title='bbox 2065 2767 2094 2795; x_wconf 90' lang='lat' dir='ltr'>in</span> <span class='ocrx_word' id='word_1_1674' title='bbox 2106 2765 2219 2795; x_wconf 87' lang='lat' dir='ltr'>Codicis</span> <span class='ocrx_word' id='word_1_1675' title='bbox 2237 2765 2314 2794; x_wconf 90' lang='lat' dir='ltr'>libris</span> <span class='ocrx_word' id='word_1_1676' title='bbox 2332 2766 2465 2796; x_wconf 88' lang='lat' dir='ltr'>constitu.</span> 
     </span>
     <span class='ocr_line' id='line_1_172' title="bbox 1347 2800 2464 2842; baseline 0.004 -14"><span class='ocrx_word' id='word_1_1677' title='bbox 1347 2800 1438 2830; x_wconf 74' lang='lat' dir='ltr'>tiones</span> <span class='ocrx_word' id='word_1_1678' title='bbox 1450 2808 1564 2837; x_wconf 79' lang='lat' dir='ltr'>extant,</span> <span class='ocrx_word' id='word_1_1679' title='bbox 1585 2804 1688 2840; x_wconf 87' lang='lat' dir='ltr'>quique</span> <span class='ocrx_word' id='word_1_1680' title='bbox 1701 2805 1765 2842; x_wconf 80' lang='lat' dir='ltr'>Pop.</span> <span class='ocrx_word' id='word_1_1681' title='bbox 1779 2803 1861 2833; x_wconf 89' lang='lat' dir='ltr'>Rom.</span> <span class='ocrx_word' id='word_1_1682' title='bbox 1872 2804 1917 2840; x_wconf 86' lang='lat' dir='ltr'>jus</span> <span class='ocrx_word' id='word_1_1683' title='bbox 1926 2804 2084 2841; x_wconf 85' lang='lat' dir='ltr'>antiquum,</span> <span class='ocrx_word' id='word_1_1684' title='bbox 2105 2804 2181 2841; x_wconf 90' lang='lat' dir='ltr'>quod</span> <span class='ocrx_word' id='word_1_1685' title='bbox 2196 2804 2309 2842; x_wconf 88' lang='lat' dir='ltr'>proprie</span> <span class='ocrx_word' id='word_1_1686' title='bbox 2319 2804 2408 2834; x_wconf 91' lang='lat' dir='ltr'>Civile</span> <span class='ocrx_word' id='word_1_1687' title='bbox 2416 2814 2464 2842; x_wconf 87' lang='lat' dir='ltr'>ap.</span> 
     </span>
     <span class='ocr_line' id='line_1_173' title="bbox 1346 2838 2464 2879; baseline 0.003 -13"><span class='ocrx_word' id='word_1_1688' title='bbox 1346 2838 1465 2875; x_wconf 80' lang='lat' dir='ltr'>pellatur</span> <span class='ocrx_word' id='word_1_1689' title='bbox 1477 2860 1484 2874; x_wconf 90' lang='lat'><strong><em>‚</em></strong></span> <span class='ocrx_word' id='word_1_1690' title='bbox 1507 2850 1674 2878; x_wconf 82' lang='lat' dir='ltr'>magnopere</span> <span class='ocrx_word' id='word_1_1691' title='bbox 1687 2842 1861 2876; x_wconf 84' lang='lat' dir='ltr'>immutavit,</span> <span class='ocrx_word' id='word_1_1692' title='bbox 1883 2841 2035 2871; x_wconf 88' lang='lat' dir='ltr'>Constantii</span> <span class='ocrx_word' id='word_1_1693' title='bbox 2059 2842 2237 2879; x_wconf 83' lang='lat' dir='ltr'>imperatoris</span> <span class='ocrx_word' id='word_1_1694' title='bbox 2255 2843 2281 2871; x_wconf 73' lang='lat' dir='ltr'>Sc</span> <span class='ocrx_word' id='word_1_1695' title='bbox 2300 2841 2414 2871; x_wconf 80' lang='lat' dir='ltr'>Helenae</span> <span class='ocrx_word' id='word_1_1696' title='bbox 2432 2843 2464 2872; x_wconf 81' lang='lat' dir='ltr'>fi..</span> 
     </span>
     <span class='ocr_line' id='line_1_174' title="bbox 1348 2876 2464 2916; baseline 0.005 -12"><span class='ocrx_word' id='word_1_1697' title='bbox 1348 2876 1418 2911; x_wconf 77' lang='lat' dir='ltr'>lius,</span> <span class='ocrx_word' id='word_1_1698' title='bbox 1440 2877 1674 2915; x_wconf 81' lang='lat' dir='ltr'>imperavitannis</span> <span class='ocrx_word' id='word_1_1699' title='bbox 1694 2889 1738 2908; x_wconf 79' lang='lat' dir='ltr'>xx</span> <span class='ocrx_word' id='word_1_1700' title='bbox 1749 2889 1776 2909; x_wconf 82' lang='lat' dir='ltr'>x.</span> <span class='ocrx_word' id='word_1_1701' title='bbox 1816 2879 1880 2909; x_wconf 82' lang='lat' dir='ltr'>Fuit</span> <span class='ocrx_word' id='word_1_1702' title='bbox 1895 2889 1960 2908; x_wconf 88' lang='lat' dir='ltr'>vero</span> <span class='ocrx_word' id='word_1_1703' title='bbox 1979 2878 2050 2908; x_wconf 87' lang='lat' dir='ltr'>ultra</span> <span class='ocrx_word' id='word_1_1704' title='bbox 2065 2889 2148 2916; x_wconf 85' lang='lat' dir='ltr'>quam</span> <span class='ocrx_word' id='word_1_1705' title='bbox 2169 2879 2291 2908; x_wconf 68' lang='lat' dir='ltr'>aestimari</span> <span class='ocrx_word' id='word_1_1706' title='bbox 2307 2880 2396 2916; x_wconf 78' lang='lat' dir='ltr'>potest</span> <span class='ocrx_word' id='word_1_1707' title='bbox 2407 2879 2464 2910; x_wconf 85' lang='lat' dir='ltr'>lau-</span> 
     </span>
     <span class='ocr_line' id='line_1_175' title="bbox 1347 2913 2464 2956; baseline 0.002 -14"><span class='ocrx_word' id='word_1_1708' title='bbox 1347 2913 1390 2942; x_wconf 89' lang='lat' dir='ltr'>dis</span> <span class='ocrx_word' id='word_1_1709' title='bbox 1403 2915 1508 2944; x_wconf 78' lang='lat' dir='ltr'>avidus.</span> <span class='ocrx_word' id='word_1_1710' title='bbox 1551 2916 1604 2945; x_wconf 83' lang='lat' dir='ltr'>Hic</span> <span class='ocrx_word' id='word_1_1711' title='bbox 1615 2916 1768 2950; x_wconf 78' lang='lat' dir='ltr'>Traianum</span> <span class='ocrx_word' id='word_1_1712' title='bbox 1778 2939 1785 2952; x_wconf 83' lang='grc'><em>,</em></span> <span class='ocrx_word' id='word_1_1713' title='bbox 1806 2917 1921 2946; x_wconf 88' lang='lat' dir='ltr'>herbam</span> <span class='ocrx_word' id='word_1_1714' title='bbox 1932 2917 2118 2955; x_wconf 75' lang='lat' dir='ltr'>parietariam,</span> <span class='ocrx_word' id='word_1_1715' title='bbox 2130 2917 2166 2945; x_wconf 88' lang='lat' dir='ltr'>ob</span> <span class='ocrx_word' id='word_1_1716' title='bbox 2179 2916 2276 2946; x_wconf 88' lang='lat' dir='ltr'>titulos</span> <span class='ocrx_word' id='word_1_1717' title='bbox 2285 2916 2398 2953; x_wconf 89' lang='lat' dir='ltr'>multos,</span> <span class='ocrx_word' id='word_1_1718' title='bbox 2415 2927 2464 2956; x_wconf 88' lang='lat' dir='ltr'>ap.</span> 
     </span>
     <span class='ocr_line' id='line_1_176' title="bbox 1343 2951 2462 2992; baseline 0.004 -13"><span class='ocrx_word' id='word_1_1719' title='bbox 1343 2951 1446 2988; x_wconf 88' lang='lat' dir='ltr'>pellare</span> <span class='ocrx_word' id='word_1_1720' title='bbox 1456 2952 1550 2982; x_wconf 86' lang='lat' dir='ltr'>solitus</span> <span class='ocrx_word' id='word_1_1721' title='bbox 1561 2962 1625 2983; x_wconf 90' lang='lat' dir='ltr'>erat.</span> <span class='ocrx_word' id='word_1_1722' title='bbox 1665 2955 1717 2983; x_wconf 85' lang='lat' dir='ltr'>Hic</span> <span class='ocrx_word' id='word_1_1723' title='bbox 1731 2961 1847 2992; x_wconf 87' lang='lat' dir='ltr'>pontem</span> <span class='ocrx_word' id='word_1_1724' title='bbox 1867 2956 1898 2983; x_wconf 89' lang='lat' dir='ltr'>in</span> <span class='ocrx_word' id='word_1_1725' title='bbox 1919 2954 2047 2984; x_wconf 83' lang='lat' dir='ltr'>Danubio</span> <span class='ocrx_word' id='word_1_1726' title='bbox 2067 2954 2236 2984; x_wconf 83' lang='lat' dir='ltr'>construxit:</span> <span class='ocrx_word' id='word_1_1727' title='bbox 2267 2954 2392 2984; x_wconf 87' lang='lat' dir='ltr'>habitum</span> <span class='ocrx_word' id='word_1_1728' title='bbox 2421 2965 2462 2984; x_wconf 86' lang='lat' dir='ltr'>re.</span> 
     </span>
     <span class='ocr_line' id='line_1_177' title="bbox 1344 2990 2464 3030; baseline 0.003 -13"><span class='ocrx_word' id='word_1_1729' title='bbox 1344 2990 1421 3026; x_wconf 82' lang='lat' dir='ltr'>gium</span> <span class='ocrx_word' id='word_1_1730' title='bbox 1439 2992 1571 3027; x_wconf 77' lang='lat' dir='ltr'>gemmis.</span> <span class='ocrx_word' id='word_1_1731' title='bbox 1603 2993 1628 3021; x_wconf 76' lang='lat' dir='ltr'>Sc</span> <span class='ocrx_word' id='word_1_1732' title='bbox 1647 2999 1731 3029; x_wconf 87' lang='lat' dir='ltr'>caput</span> <span class='ocrx_word' id='word_1_1733' title='bbox 1748 3002 1886 3022; x_wconf 87' lang='lat' dir='ltr'>exornans</span> <span class='ocrx_word' id='word_1_1734' title='bbox 1906 3000 2040 3030; x_wconf 88' lang='lat' dir='ltr'>perpetuo</span> <span class='ocrx_word' id='word_1_1735' title='bbox 2060 2992 2227 3021; x_wconf 85' lang='lat' dir='ltr'>diademate.</span> <span class='ocrx_word' id='word_1_1736' title='bbox 2268 2994 2464 3023; x_wconf 80' lang='lat' dir='ltr'>Commodissi-</span> 
     </span>
     <span class='ocr_line' id='line_1_178' title="bbox 1344 3029 2461 3067; baseline 0.005 -12"><span class='ocrx_word' id='word_1_1737' title='bbox 1344 3036 1406 3056; x_wconf 89' lang='lat' dir='ltr'>mus</span> <span class='ocrx_word' id='word_1_1738' title='bbox 1417 3034 1509 3057; x_wconf 81' lang='lat' dir='ltr'>tamen</span> <span class='ocrx_word' id='word_1_1739' title='bbox 1520 3029 1601 3058; x_wconf 85' lang='lat' dir='ltr'>rebus</span> <span class='ocrx_word' id='word_1_1740' title='bbox 1612 3030 1707 3058; x_wconf 89' lang='lat' dir='ltr'>multis</span> <span class='ocrx_word' id='word_1_1741' title='bbox 1718 3030 1786 3060; x_wconf 84' lang='lat' dir='ltr'>fuit:</span> <span class='ocrx_word' id='word_1_1742' title='bbox 1809 3030 1965 3059; x_wconf 88' lang='lat' dir='ltr'>calumnias</span> <span class='ocrx_word' id='word_1_1743' title='bbox 1974 3030 2067 3059; x_wconf 82' lang='lat' dir='ltr'>sedare</span> <span class='ocrx_word' id='word_1_1744' title='bbox 2077 3030 2184 3067; x_wconf 86' lang='lat' dir='ltr'>legibus</span> <span class='ocrx_word' id='word_1_1745' title='bbox 2198 3029 2388 3060; x_wconf 83' lang='lat' dir='ltr'>severislimis:</span> <span class='ocrx_word' id='word_1_1746' title='bbox 2411 3041 2461 3061; x_wconf 91' lang='lat' dir='ltr'>nu-</span> 
     </span>
     <span class='ocr_line' id='line_1_179' title="bbox 1344 3065 2462 3105; baseline 0.004 -12"><span class='ocrx_word' id='word_1_1747' title='bbox 1344 3065 1409 3093; x_wconf 85' lang='lat' dir='ltr'>trire</span> <span class='ocrx_word' id='word_1_1748' title='bbox 1417 3074 1485 3094; x_wconf 83' lang='lat' dir='ltr'>artes</span> <span class='ocrx_word' id='word_1_1749' title='bbox 1496 3066 1592 3101; x_wconf 79' lang='lat' dir='ltr'>bonas,</span> <span class='ocrx_word' id='word_1_1750' title='bbox 1608 3069 1746 3105; x_wconf 77' lang='lat' dir='ltr'>praecipue</span> <span class='ocrx_word' id='word_1_1751' title='bbox 1758 3069 1846 3097; x_wconf 88' lang='lat' dir='ltr'>studia</span> <span class='ocrx_word' id='word_1_1752' title='bbox 1857 3068 2027 3097; x_wconf 85' lang='lat' dir='ltr'>litterarum:</span> <span class='ocrx_word' id='word_1_1753' title='bbox 2049 3068 2140 3104; x_wconf 81' lang='lat' dir='ltr'>legere</span> <span class='ocrx_word' id='word_1_1754' title='bbox 2151 3067 2225 3105; x_wconf 84' lang='lat' dir='ltr'>ipse,</span> <span class='ocrx_word' id='word_1_1755' title='bbox 2249 3067 2381 3104; x_wconf 85' lang='lat' dir='ltr'>scribere,</span> <span class='ocrx_word' id='word_1_1756' title='bbox 2403 3079 2462 3098; x_wconf 83' lang='lat' dir='ltr'>me-</span> 
     </span>
     <span class='ocr_line' id='line_1_180' title="bbox 1345 3102 2461 3145; baseline 0.005 -15"><span class='ocrx_word' id='word_1_1757' title='bbox 1345 3102 1444 3145; x_wconf 79' lang='lat' dir='ltr'>ditari,</span> <span class='ocrx_word' id='word_1_1758' title='bbox 1466 3104 1562 3133; x_wconf 86' lang='lat' dir='ltr'>audire</span> <span class='ocrx_word' id='word_1_1759' title='bbox 1571 3105 1723 3142; x_wconf 82' lang='lat' dir='ltr'>legationes</span> <span class='ocrx_word' id='word_1_1760' title='bbox 1734 3108 1759 3136; x_wconf 83' lang='lat'>&amp;</span> <span class='ocrx_word' id='word_1_1761' title='bbox 1772 3106 1958 3143; x_wconf 87' lang='lat' dir='ltr'>querimonias</span> <span class='ocrx_word' id='word_1_1762' title='bbox 1971 3106 2185 3143; x_wconf 85' lang='lat' dir='ltr'>provinciarum.</span> <span class='ocrx_word' id='word_1_1763' title='bbox 2207 3105 2360 3142; x_wconf 83' lang='lat' dir='ltr'>Quumque</span> <span class='ocrx_word' id='word_1_1764' title='bbox 2370 3128 2378 3141; x_wconf 91' lang='lat'><em>‚</em></span> <span class='ocrx_word' id='word_1_1765' title='bbox 2392 3106 2461 3136; x_wconf 84' lang='lat' dir='ltr'>libe-</span> 
     </span>
     <span class='ocr_line' id='line_1_181' title="bbox 1343 3140 2460 3179; baseline 0.004 -12"><span class='ocrx_word' id='word_1_1766' title='bbox 1343 3149 1380 3168; x_wconf 88' lang='lat' dir='ltr'>ris</span> <span class='ocrx_word' id='word_1_1767' title='bbox 1392 3140 1571 3170; x_wconf 84' lang='lat' dir='ltr'>Constantino</span> <span class='ocrx_word' id='word_1_1768' title='bbox 1583 3164 1591 3175; x_wconf 77' lang='lat'>.</span> <span class='ocrx_word' id='word_1_1769' title='bbox 1614 3144 1776 3173; x_wconf 76' lang='lat' dir='ltr'>Constantio</span> <span class='ocrx_word' id='word_1_1770' title='bbox 1787 3146 1813 3174; x_wconf 74' lang='grc'>81</span> <span class='ocrx_word' id='word_1_1771' title='bbox 1823 3144 1973 3173; x_wconf 88' lang='lat' dir='ltr'>Constante</span> <span class='ocrx_word' id='word_1_1772' title='bbox 1983 3165 1991 3178; x_wconf 83' lang='lat'><strong>‚</strong></span> <span class='ocrx_word' id='word_1_1773' title='bbox 2015 3143 2129 3179; x_wconf 83' lang='lat' dir='ltr'>filioque</span> <span class='ocrx_word' id='word_1_1774' title='bbox 2149 3143 2237 3172; x_wconf 87' lang='lat' dir='ltr'>fratris</span> <span class='ocrx_word' id='word_1_1775' title='bbox 2251 3143 2390 3173; x_wconf 87' lang='lat' dir='ltr'>Dalmatio</span> <span class='ocrx_word' id='word_1_1776' title='bbox 2402 3145 2460 3174; x_wconf 83' lang='lat' dir='ltr'>Cae.</span> 
     </span>
     <span class='ocr_line' id='line_1_182' title="bbox 1343 3177 2458 3219; baseline 0.005 -14"><span class='ocrx_word' id='word_1_1777' title='bbox 1343 3177 1445 3207; x_wconf 80' lang='lat' dir='ltr'>faribus</span> <span class='ocrx_word' id='word_1_1778' title='bbox 1462 3179 1646 3215; x_wconf 81' lang='lat' dir='ltr'>confirmatis,</span> <span class='ocrx_word' id='word_1_1779' title='bbox 1669 3191 1718 3209; x_wconf 92' lang='lat' dir='ltr'>iii</span> <span class='ocrx_word' id='word_1_1780' title='bbox 1737 3183 1763 3211; x_wconf 83' lang='lat'><strong>&amp;</strong></span> <span class='ocrx_word' id='word_1_1781' title='bbox 1781 3191 1823 3210; x_wconf 71' lang='lat' dir='ltr'>cx</span> <span class='ocrx_word' id='word_1_1782' title='bbox 1844 3182 1924 3211; x_wconf 89' lang='lat' dir='ltr'>annis</span> <span class='ocrx_word' id='word_1_1783' title='bbox 1940 3181 2063 3215; x_wconf 75' lang='lat' dir='ltr'>vixisset,</span> <span class='ocrx_word' id='word_1_1784' title='bbox 2085 3181 2184 3210; x_wconf 89' lang='lat' dir='ltr'>morbo</span> <span class='ocrx_word' id='word_1_1785' title='bbox 2200 3180 2380 3218; x_wconf 87' lang='lat' dir='ltr'>consumptus</span> <span class='ocrx_word' id='word_1_1786' title='bbox 2401 3183 2458 3219; x_wconf 86' lang='lat' dir='ltr'>est,</span> 
     </span>
     <span class='ocr_line' id='line_1_183' title="bbox 1342 3215 2459 3259; baseline 0.007 -17"><span class='ocrx_word' id='word_1_1787' title='bbox 1342 3215 1434 3243; x_wconf 81' lang='lat' dir='ltr'>irrisor</span> <span class='ocrx_word' id='word_1_1788' title='bbox 1443 3218 1535 3259; x_wconf 75' lang='lat' dir='ltr'>potius</span> <span class='ocrx_word' id='word_1_1789' title='bbox 1545 3228 1627 3254; x_wconf 86' lang='lat' dir='ltr'>quam</span> <span class='ocrx_word' id='word_1_1790' title='bbox 1639 3218 1756 3248; x_wconf 85' lang='lat' dir='ltr'>blandus</span> <span class='ocrx_word' id='word_1_1791' title='bbox 1767 3241 1775 3255; x_wconf 84' lang='lat'><strong>‚</strong></span> <span class='ocrx_word' id='word_1_1792' title='bbox 1797 3220 1872 3248; x_wconf 85' lang='lat' dir='ltr'>unde</span> <span class='ocrx_word' id='word_1_1793' title='bbox 1907 3218 2035 3248; x_wconf 88' lang='lat' dir='ltr'>roverbio</span> <span class='ocrx_word' id='word_1_1794' title='bbox 2053 3218 2158 3256; x_wconf 81' lang='lat' dir='ltr'>vulgari</span> <span class='ocrx_word' id='word_1_1795' title='bbox 2169 3240 2177 3250; x_wconf 86' lang='lat'>.</span> <span class='ocrx_word' id='word_1_1796' title='bbox 2198 3218 2333 3249; x_wconf 87' lang='lat' dir='ltr'>Trachala</span> <span class='ocrx_word' id='word_1_1797' title='bbox 2348 3229 2365 3249; x_wconf 84' lang='lat' dir='ltr'>x</span> <span class='ocrx_word' id='word_1_1798' title='bbox 2378 3220 2459 3250; x_wconf 87' lang='lat' dir='ltr'>annis</span> 
     </span>
     <span class='ocr_line' id='line_1_184' title="bbox 1342 3253 2458 3293; baseline 0.006 -13"><span class='ocrx_word' id='word_1_1799' title='bbox 1342 3253 1574 3290; x_wconf 76' lang='lat' dir='ltr'>praestantillimus</span> <span class='ocrx_word' id='word_1_1800' title='bbox 1586 3278 1593 3289; x_wconf 85' lang='lat'>,</span> <span class='ocrx_word' id='word_1_1801' title='bbox 1615 3266 1632 3285; x_wconf 84' lang='lat' dir='ltr'>x</span> <span class='ocrx_word' id='word_1_1802' title='bbox 1644 3267 1652 3284; x_wconf 88' lang='lat'>1</span> <span class='ocrx_word' id='word_1_1803' title='bbox 1664 3266 1673 3284; x_wconf 90' lang='lat'>1</span> <span class='ocrx_word' id='word_1_1804' title='bbox 1692 3256 1870 3293; x_wconf 82' lang='lat' dir='ltr'>sequentibus</span> <span class='ocrx_word' id='word_1_1805' title='bbox 1903 3264 1962 3286; x_wconf 85' lang='lat' dir='ltr'>atro</span> <span class='ocrx_word' id='word_1_1806' title='bbox 1974 3278 1982 3291; x_wconf 92' lang='lat'>,</span> <span class='ocrx_word' id='word_1_1807' title='bbox 2005 3266 2022 3286; x_wconf 80' lang='lat' dir='ltr'>x</span> <span class='ocrx_word' id='word_1_1808' title='bbox 2043 3256 2219 3292; x_wconf 85' lang='lat' dir='ltr'>sequentibus</span> <span class='ocrx_word' id='word_1_1809' title='bbox 2240 3261 2306 3292; x_wconf 74' lang='lat' dir='ltr'>(tot</span> <span class='ocrx_word' id='word_1_1810' title='bbox 2315 3258 2391 3286; x_wconf 89' lang='lat' dir='ltr'>enim</span> <span class='ocrx_word' id='word_1_1811' title='bbox 2407 3268 2458 3287; x_wconf 87' lang='lat' dir='ltr'>nu-</span> 
     </span>
     <span class='ocr_line' id='line_1_185' title="bbox 1342 3294 2459 3331; baseline 0.005 -13"><span class='ocrx_word' id='word_1_1812' title='bbox 1342 3300 1484 3320; x_wconf 85' lang='lat' dir='ltr'>merantur</span> <span class='ocrx_word' id='word_1_1813' title='bbox 1493 3295 1557 3321; x_wconf 89' lang='lat' dir='ltr'>anni</span> <span class='ocrx_word' id='word_1_1814' title='bbox 1569 3294 1667 3330; x_wconf 84' lang='lat' dir='ltr'>quibus</span> <span class='ocrx_word' id='word_1_1815' title='bbox 1679 3296 1825 3331; x_wconf 84' lang='lat' dir='ltr'>regnavit)</span> <span class='ocrx_word' id='word_1_1816' title='bbox 1848 3294 1981 3330; x_wconf 83' lang='lat' dir='ltr'>Pupillus,</span> <span class='ocrx_word' id='word_1_1817' title='bbox 2003 3294 2040 3323; x_wconf 89' lang='lat' dir='ltr'>ob</span> <span class='ocrx_word' id='word_1_1818' title='bbox 2051 3294 2221 3331; x_wconf 81' lang='lat' dir='ltr'>profusiones</span> <span class='ocrx_word' id='word_1_1819' title='bbox 2232 3294 2396 3323; x_wconf 81' lang='lat' dir='ltr'>immodicas</span> <span class='ocrx_word' id='word_1_1820' title='bbox 2408 3305 2459 3324; x_wconf 88' lang='lat' dir='ltr'>no-</span> 
     </span>
     <span class='ocr_line' id='line_1_186' title="bbox 1344 3328 2456 3397; baseline 0.005 -41"><span class='ocrx_word' id='word_1_1821' title='bbox 1344 3328 1464 3371; x_wconf 79' lang='lat' dir='ltr'>minatus</span> <span class='ocrx_word' id='word_1_1822' title='bbox 1473 3330 1519 3359; x_wconf 84' lang='lat' dir='ltr'>est.</span> <span class='ocrx_word' id='word_1_1823' title='bbox 1561 3331 1627 3397; x_wconf 57' lang='lat' dir='ltr'>lsaelc</span> <span class='ocrx_word' id='word_1_1824' title='bbox 1636 3341 1671 3361; x_wconf 85' lang='lat' dir='ltr'>ex</span> <span class='ocrx_word' id='word_1_1825' title='bbox 1680 3334 1742 3361; x_wconf 85' lang='lat' dir='ltr'>Sex.</span> <span class='ocrx_word' id='word_1_1826' title='bbox 1754 3332 1845 3362; x_wconf 82' lang='lat' dir='ltr'>Aurel.</span> <span class='ocrx_word' id='word_1_1827' title='bbox 1857 3332 1981 3370; x_wconf 87' lang='lat' dir='ltr'>epitome</span> <span class='ocrx_word' id='word_1_1828' title='bbox 1990 3354 1998 3368; x_wconf 87' lang='lat'>,</span> <span class='ocrx_word' id='word_1_1829' title='bbox 2020 3341 2045 3369; x_wconf 90' lang='lat' dir='ltr'>q.</span> <span class='ocrx_word' id='word_1_1830' title='bbox 2062 3331 2091 3361; x_wconf 92' lang='lat' dir='ltr'>V.</span> <span class='ocrx_word' id='word_1_1831' title='bbox 2108 3333 2133 3362; x_wconf 88' lang='lat'>&amp;</span> <span class='ocrx_word' id='word_1_1832' title='bbox 2144 3332 2180 3362; x_wconf 91' lang='lat' dir='ltr'>de</span> <span class='ocrx_word' id='word_1_1833' title='bbox 2196 3331 2243 3361; x_wconf 91' lang='lat' dir='ltr'>Co</span> <span class='ocrx_word' id='word_1_1834' title='bbox 2252 3341 2292 3361; x_wconf 85' lang='lat' dir='ltr'>Ns</span> <span class='ocrx_word' id='word_1_1835' title='bbox 2301 3341 2320 3360; x_wconf 87' lang='lat' dir='ltr'>T</span> <span class='ocrx_word' id='word_1_1836' title='bbox 2329 3342 2349 3361; x_wconf 89' lang='lat' dir='ltr'>A</span> <span class='ocrx_word' id='word_1_1837' title='bbox 2361 3342 2380 3361; x_wconf 84' lang='lat' dir='ltr'>N</span> <span class='ocrx_word' id='word_1_1838' title='bbox 2393 3342 2410 3360; x_wconf 81' lang='grc' dir='ltr'>τ</span> <span class='ocrx_word' id='word_1_1839' title='bbox 2420 3343 2428 3361; x_wconf 93' lang='lat' dir='ltr'>i</span> <span class='ocrx_word' id='word_1_1840' title='bbox 2437 3343 2456 3362; x_wconf 89' lang='lat' dir='ltr'>o</span> 
     </span>
     <span class='ocr_line' id='line_1_187' title="bbox 1342 3368 1650 3403; baseline 0.01 -9"><span class='ocrx_word' id='word_1_1841' title='bbox 1342 3372 1420 3402; x_wconf 83' lang='lat' dir='ltr'>patre</span> <span class='ocrx_word' id='word_1_1842' title='bbox 1429 3376 1488 3403; x_wconf 74' lang='lat' dir='ltr'>ejus</span> <span class='ocrx_word' id='word_1_1843' title='bbox 1499 3389 1507 3402; x_wconf 81' lang='lat'>,</span> <span class='ocrx_word' id='word_1_1844' title='bbox 1528 3378 1559 3396; x_wconf 82' lang='lat' dir='ltr'>ac</span> <span class='ocrx_word' id='word_1_1845' title='bbox 1583 3368 1599 3396; x_wconf 67' lang='lat' dir='ltr'>‘i</span> <span class='ocrx_word' id='word_1_1846' title='bbox 1615 3369 1650 3398; x_wconf 92' lang='lat' dir='ltr'>io.</span> 
     </span>
    </p>

    <p class='ocr_par' dir='ltr' id='par_1_73' title="bbox 1306 3401 2456 3706">
     <span class='ocr_line' id='line_1_188' title="bbox 1306 3401 2456 3444; baseline 0.005 -13"><span class='ocrx_word' id='word_1_1847' title='bbox 1306 3401 1329 3431; x_wconf 88' lang='lat' dir='ltr'>C</span> <span class='ocrx_word' id='word_1_1848' title='bbox 1339 3412 1355 3431; x_wconf 91' lang='lat' dir='ltr'>o</span> <span class='ocrx_word' id='word_1_1849' title='bbox 1363 3412 1400 3432; x_wconf 86' lang='lat' dir='ltr'>Ns</span> <span class='ocrx_word' id='word_1_1850' title='bbox 1409 3413 1428 3432; x_wconf 92' lang='lat' dir='ltr'>T</span> <span class='ocrx_word' id='word_1_1851' title='bbox 1438 3414 1451 3433; x_wconf 77' lang='lat' dir='ltr'>ii</span> <span class='ocrx_word' id='word_1_1852' title='bbox 1460 3415 1570 3434; x_wconf 76' lang='lat' dir='ltr'>L1.A&#39;r1</span> <span class='ocrx_word' id='word_1_1853' title='bbox 1582 3416 1598 3435; x_wconf 92' lang='grc' dir='ltr'>ο</span> <span class='ocrx_word' id='word_1_1854' title='bbox 1610 3429 1618 3440; x_wconf 83' lang='lat'>,</span> <span class='ocrx_word' id='word_1_1855' title='bbox 1641 3407 1711 3436; x_wconf 65' lang='lat' dir='ltr'>onis.</span> <span class='ocrx_word' id='word_1_1856' title='bbox 1733 3407 1752 3436; x_wconf 85' lang='lat' dir='ltr'>f.</span> <span class='ocrx_word' id='word_1_1857' title='bbox 1775 3407 1922 3437; x_wconf 89' lang='lat' dir='ltr'>Stellarum</span> <span class='ocrx_word' id='word_1_1858' title='bbox 1933 3407 2085 3436; x_wconf 89' lang='lat' dir='ltr'>multitudo</span> <span class='ocrx_word' id='word_1_1859' title='bbox 2096 3406 2131 3436; x_wconf 90' lang='lat' dir='ltr'>ad</span> <span class='ocrx_word' id='word_1_1860' title='bbox 2147 3412 2251 3436; x_wconf 86' lang='lat' dir='ltr'>certam</span> <span class='ocrx_word' id='word_1_1861' title='bbox 2269 3406 2409 3444; x_wconf 86' lang='lat' dir='ltr'>quandam</span> <span class='ocrx_word' id='word_1_1862' title='bbox 2425 3407 2456 3437; x_wconf 77' lang='lat' dir='ltr'>fi-</span> 
     </span>
     <span class='ocr_line' id='line_1_189' title="bbox 1342 3442 2455 3479; baseline 0.004 -10"><span class='ocrx_word' id='word_1_1863' title='bbox 1342 3450 1437 3476; x_wconf 75' lang='lat' dir='ltr'>gurani</span> <span class='ocrx_word' id='word_1_1864' title='bbox 1453 3442 1487 3471; x_wconf 88' lang='lat' dir='ltr'>ab</span> <span class='ocrx_word' id='word_1_1865' title='bbox 1506 3443 1670 3473; x_wconf 79' lang='lat' dir='ltr'>astronomis</span> <span class='ocrx_word' id='word_1_1866' title='bbox 1689 3445 1873 3474; x_wconf 64' lang='lat' dir='ltr'>reduc&#39;tarum.</span> <span class='ocrx_word' id='word_1_1867' title='bbox 1905 3446 2041 3474; x_wconf 79' lang='lat' dir='ltr'>Ammian.</span> <span class='ocrx_word' id='word_1_1868' title='bbox 2055 3444 2179 3474; x_wconf 72' lang='lat' dir='ltr'>Marcell.</span> <span class='ocrx_word' id='word_1_1869' title='bbox 2194 3455 2236 3479; x_wconf 82' lang='lat'>29.</span> <span class='ocrx_word' id='word_1_1870' title='bbox 2254 3454 2278 3473; x_wconf 87' lang='lat'>2.</span> <span class='ocrx_word' id='word_1_1871' title='bbox 2292 3451 2360 3473; x_wconf 74' lang='lat' dir='ltr'>extr.</span> <span class='ocrx_word' id='word_1_1872' title='bbox 2384 3445 2455 3475; x_wconf 87' lang='lat' dir='ltr'>Cum</span> 
     </span>
     <span class='ocr_line' id='line_1_190' title="bbox 1341 3478 2455 3519; baseline 0.004 -13"><span class='ocrx_word' id='word_1_1873' title='bbox 1341 3478 1525 3514; x_wconf 70' lang='lat' dir='ltr'>objectaretur</span> <span class='ocrx_word' id='word_1_1874' title='bbox 1535 3482 1558 3509; x_wconf 92' lang='lat' dir='ltr'>ei</span> <span class='ocrx_word' id='word_1_1875' title='bbox 1570 3503 1578 3512; x_wconf 91' lang='lat'>.</span> <span class='ocrx_word' id='word_1_1876' title='bbox 1599 3482 1778 3518; x_wconf 71' lang='lat' dir='ltr'>quamobrem</span> <span class='ocrx_word' id='word_1_1877' title='bbox 1800 3482 2038 3512; x_wconf 85' lang='lat' dir='ltr'>constellationem</span> <span class='ocrx_word' id='word_1_1878' title='bbox 2061 3482 2195 3519; x_wconf 81' lang='lat' dir='ltr'>l&#39;rincipis</span> <span class='ocrx_word' id='word_1_1879' title='bbox 2214 3481 2364 3518; x_wconf 75' lang='lat' dir='ltr'>collegisset</span> <span class='ocrx_word' id='word_1_1880' title='bbox 2377 3504 2384 3515; x_wconf 83' lang='grc'>,</span> <span class='ocrx_word' id='word_1_1881' title='bbox 2405 3483 2455 3511; x_wconf 77' lang='lat' dir='ltr'>sra-</span> 
     </span>
     <span class='ocr_line' id='line_1_191' title="bbox 1340 3517 2455 3556; baseline 0.005 -12"><span class='ocrx_word' id='word_1_1882' title='bbox 1340 3521 1408 3544; x_wconf 86' lang='lat' dir='ltr'>trem</span> <span class='ocrx_word' id='word_1_1883' title='bbox 1421 3517 1496 3547; x_wconf 80' lang='lat' dir='ltr'>sirum</span> <span class='ocrx_word' id='word_1_1884' title='bbox 1510 3518 1587 3548; x_wconf 65' lang='lat' dir='ltr'>fuisl&#39;e</span> <span class='ocrx_word' id='word_1_1885' title='bbox 1599 3519 1739 3549; x_wconf 79' lang='lat' dir='ltr'>Valentem</span> <span class='ocrx_word' id='word_1_1886' title='bbox 1751 3541 1759 3555; x_wconf 91' lang='lat'><strong>‚</strong></span> <span class='ocrx_word' id='word_1_1887' title='bbox 1782 3520 1945 3556; x_wconf 85' lang='lat' dir='ltr'>dudumque</span> <span class='ocrx_word' id='word_1_1888' title='bbox 1958 3520 2043 3549; x_wconf 76' lang='lat' dir='ltr'>obiise</span> <span class='ocrx_word' id='word_1_1889' title='bbox 2055 3520 2289 3549; x_wconf 85' lang='lat' dir='ltr'>documentorum</span> <span class='ocrx_word' id='word_1_1890' title='bbox 2308 3519 2389 3556; x_wconf 87' lang='lat' dir='ltr'>plena</span> <span class='ocrx_word' id='word_1_1891' title='bbox 2399 3521 2455 3550; x_wconf 78' lang='lat' dir='ltr'>fide</span> 
     </span>
     <span class='ocr_line' id='line_1_192' title="bbox 1340 3555 2455 3595; baseline 0.005 -14"><span class='ocrx_word' id='word_1_1892' title='bbox 1340 3555 1488 3584; x_wconf 76' lang='lat' dir='ltr'>monstrare</span> <span class='ocrx_word' id='word_1_1893' title='bbox 1499 3557 1657 3593; x_wconf 84' lang='lat' dir='ltr'>pollicitus,</span> <span class='ocrx_word' id='word_1_1894' title='bbox 1680 3559 1731 3587; x_wconf 71' lang='lat' dir='ltr'>Sic.</span> <span class='ocrx_word' id='word_1_1895' title='bbox 1755 3557 1863 3586; x_wconf 82' lang='lat' dir='ltr'>Firmic.</span> <span class='ocrx_word' id='word_1_1896' title='bbox 1879 3558 1927 3587; x_wconf 90' lang='lat' dir='ltr'>lib.</span> <span class='ocrx_word' id='word_1_1897' title='bbox 1940 3567 1963 3586; x_wconf 87' lang='lat'>1.</span> <span class='ocrx_word' id='word_1_1898' title='bbox 1980 3567 2040 3595; x_wconf 84' lang='lat' dir='ltr'>cap.</span> <span class='ocrx_word' id='word_1_1899' title='bbox 2054 3567 2075 3587; x_wconf 94' lang='grc'>1.</span> <span class='ocrx_word' id='word_1_1900' title='bbox 2097 3557 2164 3586; x_wconf 82' lang='lat' dir='ltr'>Haec</span> <span class='ocrx_word' id='word_1_1901' title='bbox 2184 3557 2249 3585; x_wconf 83' lang='lat' dir='ltr'>viria</span> <span class='ocrx_word' id='word_1_1902' title='bbox 2267 3558 2337 3586; x_wconf 79' lang='lat' dir='ltr'>mala</span> <span class='ocrx_word' id='word_1_1903' title='bbox 2349 3580 2357 3594; x_wconf 89' lang='lat'>,</span> <span class='ocrx_word' id='word_1_1904' title='bbox 2382 3558 2455 3588; x_wconf 79' lang='lat' dir='ltr'>Mer-</span> 
     </span>
     <span class='ocr_line' id='line_1_193' title="bbox 1340 3592 2453 3634; baseline 0.004 -15"><span class='ocrx_word' id='word_1_1905' title='bbox 1340 3592 1407 3634; x_wconf 77' lang='lat' dir='ltr'>curii</span> <span class='ocrx_word' id='word_1_1906' title='bbox 1422 3602 1485 3622; x_wconf 88' lang='lat' dir='ltr'>cum</span> <span class='ocrx_word' id='word_1_1907' title='bbox 1500 3594 1587 3622; x_wconf 67' lang='lat' dir='ltr'>llliii&#39;te</span> <span class='ocrx_word' id='word_1_1908' title='bbox 1607 3594 1716 3632; x_wconf 86' lang='lat' dir='ltr'>perficit</span> <span class='ocrx_word' id='word_1_1909' title='bbox 1726 3595 1908 3625; x_wconf 88' lang='lat' dir='ltr'>constellatio.</span> <span class='ocrx_word' id='word_1_1910' title='bbox 1946 3595 2024 3625; x_wconf 88' lang='lat' dir='ltr'>Idem</span> <span class='ocrx_word' id='word_1_1911' title='bbox 2037 3595 2082 3624; x_wconf 89' lang='lat' dir='ltr'>lib.</span> <span class='ocrx_word' id='word_1_1912' title='bbox 2095 3606 2120 3628; x_wconf 72' lang='lat'>4·</span> <span class='ocrx_word' id='word_1_1913' title='bbox 2142 3604 2201 3632; x_wconf 88' lang='lat' dir='ltr'>cap.</span> <span class='ocrx_word' id='word_1_1914' title='bbox 2215 3605 2240 3623; x_wconf 82' lang='lat'>2.</span> <span class='ocrx_word' id='word_1_1915' title='bbox 2265 3596 2321 3624; x_wconf 77' lang='lat' dir='ltr'>litis</span> <span class='ocrx_word' id='word_1_1916' title='bbox 2342 3596 2453 3625; x_wconf 68' lang='lat' dir='ltr'>calami.</span> 
     </span>
     <span class='ocr_line' id='line_1_194' title="bbox 1340 3629 2454 3696; baseline 0.005 -39"><span class='ocrx_word' id='word_1_1917' title='bbox 1340 3629 1702 3696; x_wconf 55' lang='lat' dir='ltr'>tatis1lpqpeisimplicatur,</span> <span class='ocrx_word' id='word_1_1918' title='bbox 1723 3633 1769 3669; x_wconf 87' lang='lat' dir='ltr'>qui</span> <span class='ocrx_word' id='word_1_1919' title='bbox 1779 3632 1827 3662; x_wconf 92' lang='lat' dir='ltr'>sub</span> <span class='ocrx_word' id='word_1_1920' title='bbox 1840 3633 1887 3662; x_wconf 82' lang='lat' dir='ltr'>tali</span> <span class='ocrx_word' id='word_1_1921' title='bbox 1898 3639 1978 3663; x_wconf 92' lang='lat' dir='ltr'>natus</span> <span class='ocrx_word' id='word_1_1922' title='bbox 1988 3632 2298 3663; x_wconf 81' lang='lat' dir='ltr'>fueritconstellatione.</span> <span class='ocrx_word' id='word_1_1923' title='bbox 2327 3633 2401 3669; x_wconf 81' lang='lat' dir='ltr'>[His</span> <span class='ocrx_word' id='word_1_1924' title='bbox 2413 3635 2454 3663; x_wconf 81' lang='lat' dir='ltr'>lo-</span> 
     </span>
     <span class='ocr_line' id='line_1_195' title="bbox 1340 3669 1630 3706; baseline 0.021 -13"><span class='ocrx_word' id='word_1_1925' title='bbox 1340 3675 1380 3694; x_wconf 86' lang='lat' dir='ltr'>cis</span> <span class='ocrx_word' id='word_1_1926' title='bbox 1391 3676 1404 3694; x_wconf 86' lang='lat' dir='ltr'>e</span> <span class='ocrx_word' id='word_1_1927' title='bbox 1472 3669 1630 3706; x_wconf 81' lang='lat' dir='ltr'>oroscopus.</span> 
     </span>
    </p>

    <p class='ocr_par' dir='ltr' id='par_1_74' title="bbox 1303 3702 2455 3978">
     <span class='ocr_line' id='line_1_196' title="bbox 1303 3702 2455 3745; baseline 0.007 -14"><span class='ocrx_word' id='word_1_1928' title='bbox 1303 3702 1325 3731; x_wconf 93' lang='lat' dir='ltr'>C</span> <span class='ocrx_word' id='word_1_1929' title='bbox 1336 3713 1351 3731; x_wconf 98' lang='lat' dir='ltr'>o</span> <span class='ocrx_word' id='word_1_1930' title='bbox 1361 3713 1379 3731; x_wconf 87' lang='grc' dir='ltr'><strong>Ν</strong></span> <span class='ocrx_word' id='word_1_1931' title='bbox 1390 3713 1402 3732; x_wconf 87' lang='lat' dir='ltr'>s</span> <span class='ocrx_word' id='word_1_1932' title='bbox 1410 3713 1430 3732; x_wconf 93' lang='lat' dir='ltr'>T</span> <span class='ocrx_word' id='word_1_1933' title='bbox 1440 3714 1452 3733; x_wconf 80' lang='lat' dir='ltr'>s</span> <span class='ocrx_word' id='word_1_1934' title='bbox 1463 3715 1478 3733; x_wconf 71' lang='lat' dir='ltr'>a</span> <span class='ocrx_word' id='word_1_1935' title='bbox 1488 3715 1506 3733; x_wconf 87' lang='lat' dir='ltr'>N</span> <span class='ocrx_word' id='word_1_1936' title='bbox 1517 3716 1533 3734; x_wconf 87' lang='grc' dir='ltr'>ο</span> <span class='ocrx_word' id='word_1_1937' title='bbox 1542 3728 1550 3740; x_wconf 73' lang='lat'>‚</span> <span class='ocrx_word' id='word_1_1938' title='bbox 1570 3706 1724 3742; x_wconf 47' lang='lat' dir='ltr'>[mmsis-la·</span> <span class='ocrx_word' id='word_1_1939' title='bbox 1735 3729 1744 3742; x_wconf 78' lang='lat'>‚</span> <span class='ocrx_word' id='word_1_1940' title='bbox 1770 3708 1925 3739; x_wconf 68' lang='grc' dir='ltr'>»ιρι-ηιπΊιίωω</span> <span class='ocrx_word' id='word_1_1941' title='bbox 1936 3729 1944 3743; x_wconf 89' lang='grc'>,</span> <span class='ocrx_word' id='word_1_1942' title='bbox 1968 3705 2068 3737; x_wconf 48' lang='lat' dir='ltr'>‹rw-,im</span> <span class='ocrx_word' id='word_1_1943' title='bbox 2082 3708 2094 3745; x_wconf 97' lang='grc'>]</span> <span class='ocrx_word' id='word_1_1944' title='bbox 2114 3711 2170 3738; x_wconf 71' lang='grc' dir='ltr'><strong>ῑ11σ.</strong></span> <span class='ocrx_word' id='word_1_1945' title='bbox 2191 3708 2374 3739; x_wconf 82' lang='lat' dir='ltr'>Consternere</span> <span class='ocrx_word' id='word_1_1946' title='bbox 2382 3731 2390 3744; x_wconf 82' lang='lat'><strong>‚</strong></span> <span class='ocrx_word' id='word_1_1947' title='bbox 2413 3709 2455 3738; x_wconf 86' lang='lat' dir='ltr'>in·</span> 
     </span>
     <span class='ocr_line' id='line_1_197' title="bbox 1340 3741 2453 3784; baseline 0.006 -15"><span class='ocrx_word' id='word_1_1948' title='bbox 1340 3742 1400 3778; x_wconf 86' lang='lat' dir='ltr'>quit</span> <span class='ocrx_word' id='word_1_1949' title='bbox 1415 3741 1489 3770; x_wconf 90' lang='lat' dir='ltr'>Valla</span> <span class='ocrx_word' id='word_1_1950' title='bbox 1502 3742 1548 3772; x_wconf 90' lang='lat' dir='ltr'>lib.</span> <span class='ocrx_word' id='word_1_1951' title='bbox 1562 3755 1585 3778; x_wconf 82' lang='grc' dir='ltr'>ς.</span> <span class='ocrx_word' id='word_1_1952' title='bbox 1602 3754 1661 3782; x_wconf 87' lang='lat' dir='ltr'>cap.</span> <span class='ocrx_word' id='word_1_1953' title='bbox 1673 3755 1717 3779; x_wconf 87' lang='grc'>91.</span> <span class='ocrx_word' id='word_1_1954' title='bbox 1733 3745 1771 3774; x_wconf 88' lang='lat' dir='ltr'>est</span> <span class='ocrx_word' id='word_1_1955' title='bbox 1781 3747 1925 3783; x_wconf 79' lang='lat' dir='ltr'>corporis:</span> <span class='ocrx_word' id='word_1_1956' title='bbox 1947 3745 2119 3775; x_wconf 77' lang='lat' dir='ltr'>Consternati</span> <span class='ocrx_word' id='word_1_1957' title='bbox 2130 3754 2233 3782; x_wconf 79' lang='lat' dir='ltr'>autem,</span> <span class='ocrx_word' id='word_1_1958' title='bbox 2246 3748 2347 3777; x_wconf 88' lang='lat' dir='ltr'>animi:</span> <span class='ocrx_word' id='word_1_1959' title='bbox 2366 3757 2453 3784; x_wconf 87' lang='lat' dir='ltr'>quum</span> 
     </span>
     <span class='ocr_line' id='line_1_198' title="bbox 1339 3780 2452 3822; baseline 0.006 -15"><span class='ocrx_word' id='word_1_1960' title='bbox 1339 3788 1417 3822; x_wconf 76' lang='lat' dir='ltr'>mens</span> <span class='ocrx_word' id='word_1_1961' title='bbox 1428 3780 1534 3822; x_wconf 75' lang='lat' dir='ltr'>turbata</span> <span class='ocrx_word' id='word_1_1962' title='bbox 1545 3782 1582 3810; x_wconf 87' lang='lat' dir='ltr'>est</span> <span class='ocrx_word' id='word_1_1963' title='bbox 1594 3804 1600 3816; x_wconf 83' lang='lat'><strong>‚</strong></span> <span class='ocrx_word' id='word_1_1964' title='bbox 1620 3784 1645 3812; x_wconf 66' lang='grc' dir='ltr'>ἅ</span> <span class='ocrx_word' id='word_1_1965' title='bbox 1656 3782 1691 3811; x_wconf 89' lang='lat' dir='ltr'>de</span> <span class='ocrx_word' id='word_1_1966' title='bbox 1703 3783 1769 3812; x_wconf 85' lang='lat' dir='ltr'>statu</span> <span class='ocrx_word' id='word_1_1967' title='bbox 1781 3791 1857 3813; x_wconf 87' lang='lat' dir='ltr'>mota</span> <span class='ocrx_word' id='word_1_1968' title='bbox 1868 3806 1875 3818; x_wconf 81' lang='lat'>,</span> <span class='ocrx_word' id='word_1_1969' title='bbox 1898 3785 1923 3813; x_wconf 73' lang='grc' dir='ltr'><strong>ἃ</strong></span> <span class='ocrx_word' id='word_1_1970' title='bbox 1942 3783 2014 3821; x_wconf 87' lang='lat' dir='ltr'>quasi</span> <span class='ocrx_word' id='word_1_1971' title='bbox 2032 3783 2110 3813; x_wconf 82' lang='lat' dir='ltr'>humi</span> <span class='ocrx_word' id='word_1_1972' title='bbox 2125 3785 2220 3814; x_wconf 81' lang='lat' dir='ltr'>strata:</span> <span class='ocrx_word' id='word_1_1973' title='bbox 2242 3785 2362 3822; x_wconf 87' lang='lat' dir='ltr'>ideoque</span> <span class='ocrx_word' id='word_1_1974' title='bbox 2382 3784 2452 3822; x_wconf 75' lang='lat' dir='ltr'>sepe</span> 
     </span>
     <span class='ocr_line' id='line_1_199' title="bbox 1338 3820 2454 3855; baseline 0.005 -9"><span class='ocrx_word' id='word_1_1975' title='bbox 1338 3826 1471 3854; x_wconf 77' lang='lat' dir='ltr'>conjungi</span> <span class='ocrx_word' id='word_1_1976' title='bbox 1488 3820 1613 3848; x_wconf 87' lang='lat' dir='ltr'>animum</span> <span class='ocrx_word' id='word_1_1977' title='bbox 1626 3820 1761 3850; x_wconf 88' lang='lat' dir='ltr'>videmus.</span> <span class='ocrx_word' id='word_1_1978' title='bbox 1785 3830 1832 3855; x_wconf 82' lang='lat' dir='ltr'>ut,</span> <span class='ocrx_word' id='word_1_1979' title='bbox 1854 3821 2048 3851; x_wconf 81' lang='lat' dir='ltr'>Consternatus</span> <span class='ocrx_word' id='word_1_1980' title='bbox 2059 3822 2161 3852; x_wconf 84' lang='lat' dir='ltr'>animo.</span> <span class='ocrx_word' id='word_1_1981' title='bbox 2201 3822 2343 3852; x_wconf 80' lang='lat' dir='ltr'>Sallustius</span> <span class='ocrx_word' id='word_1_1982' title='bbox 2358 3829 2454 3852; x_wconf 83' lang='lat' dir='ltr'>tamen</span> 
     </span>
     <span class='ocr_line' id='line_1_200' title="bbox 1341 3854 2454 3895; baseline 0.006 -12"><span class='ocrx_word' id='word_1_1983' title='bbox 1341 3865 1364 3883; x_wconf 85' lang='lat'>1.</span> <span class='ocrx_word' id='word_1_1984' title='bbox 1382 3854 1477 3883; x_wconf 78' lang='lat' dir='ltr'>l-listor:</span> <span class='ocrx_word' id='word_1_1985' title='bbox 1489 3857 1563 3892; x_wconf 81' lang='lat' dir='ltr'>iipud</span> <span class='ocrx_word' id='word_1_1986' title='bbox 1576 3856 1699 3887; x_wconf 85' lang='lat' dir='ltr'>Priscian.</span> <span class='ocrx_word' id='word_1_1987' title='bbox 1714 3858 1759 3887; x_wconf 91' lang='lat' dir='ltr'>lib.</span> <span class='ocrx_word' id='word_1_1988' title='bbox 1773 3870 1799 3893; x_wconf 86' lang='lat'>4.</span> <span class='ocrx_word' id='word_1_1989' title='bbox 1824 3859 1891 3895; x_wconf 82' lang='lat' dir='ltr'>Equi</span> <span class='ocrx_word' id='word_1_1990' title='bbox 1902 3859 1958 3888; x_wconf 81' lang='lat' dir='ltr'>line</span> <span class='ocrx_word' id='word_1_1991' title='bbox 1971 3860 2125 3889; x_wconf 77' lang='lat' dir='ltr'>rectoribus</span> <span class='ocrx_word' id='word_1_1992' title='bbox 2145 3861 2286 3895; x_wconf 77' lang='lat' dir='ltr'>exterriti,</span> <span class='ocrx_word' id='word_1_1993' title='bbox 2308 3867 2354 3889; x_wconf 88' lang='lat' dir='ltr'>aut</span> <span class='ocrx_word' id='word_1_1994' title='bbox 2370 3859 2454 3889; x_wconf 81' lang='lat' dir='ltr'>sancii</span> 
     </span>
     <span class='ocr_line' id='line_1_201' title="bbox 1339 3893 2451 3934; baseline 0.004 -13"><span class='ocrx_word' id='word_1_1995' title='bbox 1339 3893 1557 3934; x_wconf 73' lang='lat' dir='ltr'>consternantur.</span> <span class='ocrx_word' id='word_1_1996' title='bbox 1599 3895 1657 3924; x_wconf 84' lang='lat' dir='ltr'>Liv.</span> <span class='ocrx_word' id='word_1_1997' title='bbox 1671 3899 1696 3924; x_wconf 88' lang='lat'>6.</span> <span class='ocrx_word' id='word_1_1998' title='bbox 1709 3905 1734 3924; x_wconf 86' lang='lat'>2.</span> <span class='ocrx_word' id='word_1_1999' title='bbox 1758 3896 1852 3933; x_wconf 80' lang='lat' dir='ltr'>ltaque</span> <span class='ocrx_word' id='word_1_2000' title='bbox 1863 3907 1919 3926; x_wconf 86' lang='lat' dir='ltr'>non</span> <span class='ocrx_word' id='word_1_2001' title='bbox 1936 3899 2042 3934; x_wconf 72' lang='lat' dir='ltr'>aperuit</span> <span class='ocrx_word' id='word_1_2002' title='bbox 2053 3897 2139 3926; x_wconf 77' lang='lat' dir='ltr'>solum</span> <span class='ocrx_word' id='word_1_2003' title='bbox 2150 3898 2281 3927; x_wconf 87' lang='lat' dir='ltr'>incendio</span> <span class='ocrx_word' id='word_1_2004' title='bbox 2293 3898 2363 3927; x_wconf 84' lang='lat' dir='ltr'>viam</span> <span class='ocrx_word' id='word_1_2005' title='bbox 2373 3919 2380 3931; x_wconf 81' lang='lat'>,</span> <span class='ocrx_word' id='word_1_2006' title='bbox 2403 3897 2451 3926; x_wconf 83' lang='lat' dir='ltr'>sed</span> 
     </span>
     <span class='ocr_line' id='line_1_202' title="bbox 1342 3930 2452 3978; baseline 0.002 -18"><span class='ocrx_word' id='word_1_2007' title='bbox 1342 3930 1460 3960; x_wconf 71' lang='lat' dir='ltr'>flammis</span> <span class='ocrx_word' id='word_1_2008' title='bbox 1470 3930 1500 3961; x_wconf 80' lang='lat' dir='ltr'>in</span> <span class='ocrx_word' id='word_1_2009' title='bbox 1511 3932 1594 3962; x_wconf 80' lang='lat' dir='ltr'>castra</span> <span class='ocrx_word' id='word_1_2010' title='bbox 1604 3933 1784 3965; x_wconf 66' lang='lat' dir='ltr'>teiidenubus</span> <span class='ocrx_word' id='word_1_2011' title='bbox 1793 3956 1801 3972; x_wconf 82' lang='lat'>,</span> <span class='ocrx_word' id='word_1_2012' title='bbox 1822 3944 1924 3974; x_wconf 78' lang='lat' dir='ltr'>vapore</span> <span class='ocrx_word' id='word_1_2013' title='bbox 1936 3936 2020 3967; x_wconf 84' lang='lat' dir='ltr'>etiam</span> <span class='ocrx_word' id='word_1_2014' title='bbox 2033 3944 2065 3965; x_wconf 81' lang='lat' dir='ltr'>ac</span> <span class='ocrx_word' id='word_1_2015' title='bbox 2076 3935 2165 3972; x_wconf 73' lang='lat' dir='ltr'>sunio,</span> <span class='ocrx_word' id='word_1_2016' title='bbox 2186 3936 2348 3974; x_wconf 80' lang='lat' dir='ltr'>crepituque</span> <span class='ocrx_word' id='word_1_2017' title='bbox 2359 3935 2452 3978; x_wconf 66' lang='lat' dir='ltr'>viridis</span> 
     </span>
    </p>

    <p class='ocr_par' dir='ltr' id='par_1_75' title="bbox 2331 3980 2452 4003">
     <span class='ocr_line' id='line_1_203' title="bbox 2331 3980 2452 4003; baseline -0.008 -1"><span class='ocrx_word' id='word_1_2018' title='bbox 2331 3980 2452 4003; x_wconf 67' lang='lat' dir='ltr'>materia</span> 
     </span>
    </p>
   </div>
   <div class='ocr_carea' id='block_1_17' title="bbox 2567 2106 2604 4020">
    <p class='ocr_par' dir='ltr' id='par_1_76' title="bbox 2567 2106 2604 4020">
     <span class='ocr_line' id='line_1_204' title="bbox 2567 2106 2604 4020; baseline 0 0"><span class='ocrx_word' id='word_1_2019' title='bbox 2567 2106 2604 4020; x_wconf 95' lang='lat' dir='ltr'> </span> 
     </span>
    </p>
   </div>
  </div>
 </body>
</html>
