2600 4177
467 138 496 172 C
592 137 619 171 E
720 137 746 171 L

46 225 200 257 Incendere
210 222 333 252 cedrum.
376 221 433 250 Cic.
449 229 474 256 3.
487 218 570 249 Tusc.
585 229 629 254 4ς.
661 218 841 248 Colloccmus
860 218 887 247 in
908 218 1023 248 culcitra
1037 217 1149 255 plumea
1164 238 1173 249 2

71 262 207 300 pfflrriam
220 260 389 288 adducamus
401 280 408 292 ,
424 257 544 292 «cedrum
560 257 761 291 incendamus,
782 258 833 285 ἃς.
885 257 915 286 ln
937 256 1175 285 emendatioribus

27 322 29 330 ,
72 300 215 329 codicibus
225 297 325 333 legitur
335 295 514 332 Hedychrum
525 294 717 323 incendamus.
758 294 789 322 V.
813 303 832 322 Η
843 304 856 322 a
870 305 886 322 n
897 305 914 322 γ
925 304 939 323 c
952 304 970 323 11
981 304 996 322 a
1009 304 1025 322 υ
1035 304 1064 322 M.

0 362 3 371 .
27 334 42 368 l>
54 338 145 368 Cedro
158 337 241 372 digna
254 335 384 362 dicuntur
394 355 401 367 ,
424 333 494 369 Quae
507 338 701 369 promerentur
713 331 948 361 immortalitatem
960 353 968 366 ,
991 333 1016 361 δι
1038 329 1177 367 ejusmodi

40 407 44 410 .
69 375 249 411 judicantur,
270 379 300 400 ut
309 371 462 408 posteritati
478 369 629 399 consecrari
647 369 775 398 debeant.
799 369 867 398 Pers.
885 380 905 398 1.
925 370 980 398 Sar.
996 378 1041 403 42.

0 437 1 442 ,
207 425 244 429 —-
258 410 283 438 8<
294 409 378 437 cedro
389 408 472 443 digna
483 407 603 436 locutus.
685 408 835 444 Sumptum
848 418 863 436 a
877 407 959 436 Cedri
970 414 1076 441 natura,
1097 405 1178 441 cujus

0 466 5 483 ,
73 448 154 479 suc'co
168 447 255 481 illita,
279 456 335 474 non
348 446 470 475 sentiunt
481 446 592 474 cariem.
615 445 681 474 Hor.
694 446 724 474 in
735 446 798 474 Arte
812 445 887 474 Poct.
903 454 967 482 33¹-

27 490 29 539 Ι
228 483 416 521 —speremus
429 483 551 512 carmina
562 482 628 518 fingi

137 522 212 552 Posl‘e
224 522 338 551 linenda
346 522 431 551 cedro
448 543 455 556 ,
479 522 503 550 8(
515 520 567 549 levi
580 520 710 549 servanda
720 520 855 557 cuprcsl'u.

4 567 6 570 '
57 560 166 599 Effigies
176 570 209 589 ex
220 560 333 597 antiqua
344 559 445 588 cedro:
468 559 538 595 quc
549 559 650 587 cariem
663 567 719 586 non
734 557 864 586 sentiunt.
892 557 962 596 Virg.
976 566 1001 594 7.
1023 556 1085 587 ffin.
1099 560 1160 592 178.

135 599 211 635 Quin
220 599 305 627 etiam
315 604 439 626 veterum
452 597 555 634 effigies
567 606 601 625 cx
613 596 712 625 ordine
722 605 837 624 avorum

136 636 253 673 Antiqua
267 644 301 664 ex
321 635 414 664 cedro.
722 638 728 643 '

59 674 138 704 Liber
149 673 236 703 flavus
248 673 341 702 cedro.
365 671 449 702 Ovid.
465 681 488 708 3.
502 671 582 701 Trist.
602 682 625 701 1.
646 680 687 708 13.

53 723 93 742 an
104 715 221 741 Rarus
232 733 241 747 ,
262 721 277 740 a
288 733 295 745 ,
318 720 375 740 um.
399 711 459 746 Adj.
482 710 550 739 Plin.
565 709 612 739 lib.
628 718 668 745 ¹3·
689 718 749 746 cap.
767 716 809 744 13.
833 707 867 736 Et
881 708 966 737 libros
984 707 1110 737 ccdratos
1121 704 1184 735 fuis-

7 776 11 782 .
57 750 102 784 se,
124 756 270 787 propterea
282 748 436 778 arbitrarier
446 748 535 777 tineas
546 757 604 776 non
615 746 740 783 tetigisse.
772 746 789 774 i.
803 755 827 774 e.
849 746 931 774 Cedri
951 745 1033 774 succo
1044 767 1052 781 ,
1073 744 1118 774 vel
1139 753 1184 772 cc-

8 795 23 818 .·
58 788 139 817 drino
149 794 292 824 unguento
306 786 402 815 illitos.
444 785 603 816 Harduinus
614 795 647 814 ex
657 785 734 814 MSS.
759 784 876 812 Citratos
890 783 965 821 legit.

0 839 2 859 ι
53 834 240 856 snRaATrs
253 847 261 859 ,
283 825 315 853 is.
338 824 357 853 f.
379 823 546 860 [stpzoe'm]
568 823 657 852 Diana
676 822 711 850 ab
731 821 929 851 Orchomeniis
946 821 1010 850 ideo
1031 819 1067 848 sic
1085 824 1185 848 vocata

8 867 11 894 1
57 862 132 931 linit,-
151 863 226 929 qgod
236 863 295 929 gius
305 862 481 892 simulacrum
491 862 520 891 in
532 861 639 899 ingenti
657 859 724 889 esset
743 859 828 889 cedro
848 861 981 889 erecTum.
1005 859 1106 888 Auctor
1118 857 1185 886 Pau-

70 911 110 930 an.
124 910 153 929 in
189 910 232 929 rca
257 924 263 930 .

54 939 272 972 miramon,
294 938 313 967 i.
334 948 362 967 n.
392 935 570 974 [κεὴέλοαον]
598 935 663 965 Olei
685 935 784 964 factitii
803 934 926 972 species,
955 944 990 963 ex
1010 932 1089 963 malis
1106 931 1185 961 cedri

8 973 23 1006 ',
59 976 200 1010 confecta,
224 976 259 1005 de
270 985 324 1013 qua
336 975 403 1005 Plin.
421 975 468 1014 lib.
484 985 527 1009 ις.
539 984 600 1011 cap.
614 983 639 1010 7.
662 973 722 1002 Hac
730 979 823 1002 autem
835 974 968 1010 pcrunffita
980 972 1120 1004 materies,
1131 979 1185 998 nec

59 1015 178 1049 tineam,
199 1014 363 1043 neccariem
372 1013 471 1049 sentit,
491 1018 523 1043 ut
540 1012 617 1041 idem
634 1012 672 1041 ait
688 1010 737 1040 lib.
755 1016 796 1040 16.
815 1020 875 1049 cap.
891 1020 935 1047 39.
956 1010 1012 1040 Sed
1029 1008 1092 1039 Mss‘.
1105 1007 1186 1037 Piffe-

7 1067 15 1091 j
59 1052 130 1082 lacon
140 1074 148 1087 ,
171 1052 238 1081 teste
254 1052 337 1081 Hard.
362 1061 387 1089 q.
412 1051 443 1079 V.

0 1096 20 1121 s,
56 1100 69 1121 a
79 1100 95 1119 o
105 1100 121 1119 a
130 1099 170 1118 ar.
179 1093 195 1118 Ᾰ
207 1099 226 1118 T
235 1099 248 1118 a
259 1112 267 1125 ‚
287 1099 325 1119 es.
348 1089 367 1118 f.
391 1087 568 1125 [κεδὶελοὲπι]
589 1087 683 1117 Genus
693 1086 779 1116 cedri.
808 1085 877 1116 Plin.
891 1086 939 1116 lib.
950 1095 995 1120 24.
1012 1094 1072 1122 cap.
1088 1095 1111 1120 ς.
1135 1082 1186 1112 Ce-

43 1129 124 1165 ,drus
135 1137 234 1165 magna
244 1149 252 1162 ,
273 1137 355 1165 quam
366 1127 527 1157 cedrelaten
538 1132 658 1161 vocant,
679 1125 727 1154 dat
747 1126 858 1162 picem,
880 1134 942 1162 quae
953 1123 1046 1154 cedria
1062 1128 1186 1156 vocatur,

39 1195 44 1202 ,
59 1166 187 1196 dentium
199 1165 344 1195 doloribus
357 1164 539 1195 utilissimam.

38 1221 42 1226 ·
57 1214 139 1235 soar
151 1213 170 1232 A
182 1225 190 1239 ,
212 1213 242 1233 ae.
264 1204 283 1233 f.
306 1200 445 1240 [κεδφίσι]
462 1202 581 1237 Cedria,
603 1200 695 1237 inquit
704 1199 795 1230 Ruell.
809 1200 858 1229 lib.
875 1210 969 1238 r.cap.
982 1202 1025 1228 62.
1047 1198 1134 1227 modo
1143 1207 1188 1227 ce-

10 1255 15 1258 ⁴
59 1243 101 1273 dri
110 1242 168 1280 pix,
181 1242 267 1271 modo
277 1242 352 1271 cedri
360 1241 447 1270 resina
457 1241 636 1273 nominatur,
658 1248 673 1267 e
686 1238 772 1268 cedro
787 1248 896 1275 magna,
918 1248 979 1275 quae
992 1237 1132 1266 cedrelate
1145 1236 1186 1264 di-

59 1280 131 1319 citur
140 1289 288 1309 emanans:
312 1281 350 1314 ita
359 1285 390 1309 ut
403 1279 419 1308 si
429 1279 542 1317 proprie
551 1278 581 1307 sit
591 1278 766 1314 loquendum
774 1298 782 1312 ,
804 1276 874 1305 nihil
885 1276 962 1305 aliud
972 1276 1001 1304 sit
1011 1285 1092 1312 quarn
1103 1273 1189 1304 cruda

12 1354 13 1357 Ἰ
44 1318 137 1348 cedri
146 1317 276 1355 lacryma.
318 1318 350 1346 V.
370 1318 436 1346 dict.
458 1316 592 1354 superior.
641 1314 710 1344 Plin.
728 1314 775 1343 lib.
789 1324 834 1350 29.
847 1324 908 1352 cap.
923 1323 948 1351 3.
981 1313 1110 1343 Scabiem
1129 1321 1190 1341 cor-

30 1387 33 1391 ,
60 1365 159 1396 porum
168 1365 201 1385 ac
212 1355 349 1393 pruritum
362 1355 425 1384 oleo
438 1356 464 1385 &
475 1354 567 1384 cedria
579 1353 665 1383 mistis
675 1352 788 1383 tollunt.

4 1394 71 1426 '⁴0ss
80 1404 97 1423 n
106 1394 169 1423 R‘l‘N
180 1403 198 1422 u
207 1403 229 1428 s,
241 1403 265 1427 a,
276 1403 333 1422 um.
357 1392 516 1429 [κὲὃςινῶ]
537 1392 614 1421 aliud
628 1391 687 1427 adj,
699 1391 785 1427 Quod
798 1390 837 1420 est
853 1400 888 1419 ex
899 1389 992 1419 cedro.
1005 1387 1074 1418 Prin.
1087 1386 1188 1424 lib.13.

60 1439 93 1463 ca
116 1454 121 1461 .
136 1442 160 1468 5.
179 1431 316 1461 Cedrinus
324 1432 361 1460 est
374 1431 468 1460 Romae
479 1433 509 1460 in
519 1429 637 1460 delubro
648 1429 749 1467 Apollo
759 1428 896 1463 Sofianus,
909 1427 1036 1458 Seleucia
1045 1426 1186 1455 advectus.

30 1441 168 1509 „cisum
177 1470 334 1499 cedrinum.
357 1469 427 1500 Plin.
442 1477 485 1503 32.
499 1478 523 1504 7.

30 1508 183 1539 Cannis.
205 1507 268 1537 rdis.
290 1507 308 1537 f.
332 1505 453 1544 [κεᾶὶϊκ]
475 1507 590 1536 Fructus
600 1505 687 1535 cedri.
708 1504 777 1534 Plin.
789 1503 837 1533 lib.
852 1513 897 1540 24·
911 1512 972 1541 cap.
990 1513 1015 1539 5.
1036 1501 1189 1538 Cedrides,

64 1546 118 1576 hoc
128 1546 166 1575 est
174 1545 279 1575 fruetus
287 1546 363 1575 cedri
373 1545 466 1575 tussim
476 1544 575 1574 sanant
583 1566 591 1579 ,
613 1544 721 1573 urinam
732 1543 812 1572 ciunt
825 1564 833 1576 ,
845 1543 896 1572 διε.
1054 1543 1056 1545 ’

30 1582 97 1615 Can
108 1594 169 1613 aru
179 1595 200 1613 M
212 1605 221 1617 ,
242 1584 260 1612 i.
281 1593 309 1612 n.
333 1583 461 1620 [m’dprov]
483 1583 531 1612 Pix
541 1582 665 1620 liquida,
687 1583 713 1611 δι
725 1581 855 1619 primaria
866 1602 874 1615 ,
897 1589 956 1617 qure
971 1588 1006 1608 ex
1021 1578 1094 1608 taeda
1108 1587 1192 1607 exco-

64 1623 165 1661 quitur.
205 1620 273 1650 Plin.
283 1621 333 1652 lib.
349 1625 389 1652 16.
404 1631 466 1659 cap.
481 1631 523 1651 11.
545 1621 593 1650 Pix
606 1619 749 1656 liquidain
759 1619 869 1656 Europa
887 1628 902 1647 e
916 1617 988 1646 taeda
1004 1617 1133 1653 coquitur
1144 1625 1191 1645 na-

62 1660 170 1690 'valibus
182 1660 364 1696 muniendis,
385 1659 541 1696 multosque
558 1659 594 1688 ad
609 1657 677 1687 alios
695 1657 765 1687 usus.
806 1657 926 1693 Lignum
949 1656 1009 1690 ejus
1030 1653 1189 1688 concisum,

13 1715 16 1722 n
62 1693 150 1729 furnis
160 1699 285 1736 undique
296 1698 354 1736 igni
367 1704 444 1727 extra
455 1697 629 1727 circumdato
642 1718 649 1731 ,
670 1696 776 1725 fervet:
798 1695 903 1732 primus
916 1692 998 1722 sudor
1014 1702 1090 1729 aquae
1102 1692 1190 1721 modo

63 1737 132 1768 fluat
140 1737 170 1766 in
178 1736 284 1766 canali:
307 1737 406 1765 hocin
422 1735 499 1773 Syria
510 1734 641 1765 Cedrium
656 1737 789 1763 vocatur:
812 1733 857 1762 cui
879 1738 955 1761 tanta
974 1731 1016 1760 vis
1035 1731 1089 1766 est,
1111 1736 1142 1759 ut
1162 1730 1191 1758 in

63 1775 184 1813 AEgypto
194 1784 311 1812 corpora
318 1774 468 1804 hominum
477 1773 673 1803 defunctorum
685 1782 718 1800 eo
731 1771 839 1809 perfusa
852 1770 1002 1799 serventur.

63 1812 197 1844 Scribitur
207 1813 291 1842 etiam
304 1812 452 1847 Cedreum,
463 1813 490 1842 ἃ
501 1818 561 1841 tum
572 1810 676 1840 Oleum
686 1809 858 1839 subauditur.
883 1807 987 1836 Vitruv.
999 1815 1023 1835 2.
1036 1816 1061 1841 9.
1085 1805 1126 1836 Ex
1140 1805 1195 1834 Ce-

85 1852 136 1881 dro
150 1851 263 1887 oleum,
286 1851 364 1888 quod
374 1849 508 1880 cedreum
518 1849 639 1880 dicitur,
659 1847 787 1878 nascitur.
831 1846 863 1876 V.
885 1845 970 1875 Henr.
987 1844 1085 1883 Steph.
1101 1843 1191 1884 Indic.

84 1890 115 1919 in
125 1889 207 1920 Thes.
219 1889 265 1919 Gr.
288 1898 314 1919 v.
332 1887 436 1926 reneca

466 1960 495 1995 C
594 1958 623 1994 E
712 1956 740 1993 L

5 2006 8 2019 ¹
32 2006 125 2042 ‘cart
134 2020 152 2040 n
163 2019 210 2040 οΝ
223 2030 231 2041 ‚
250 2012 334 2041 ontis.
357 2001 519 2047 [maan]
539 1994 685 2046 Propriuni
698 2007 748 2036 viri
759 2015 794 2036 ex
807 2005 872 2041 illis,
895 2004 941 2043 qui
952 2004 981 2034 in
994 2001 1082 2033 Persei
1101 2003 1126 2032 Sc
1141 2001 1195 2031 An-

67 2048 215 2079 drome'dcs
225 2050 331 2087 nuptiis
340 2047 479 2087 perempti
490 2047 611 2076 fuerunt.
649 2045 747 2075 Dictus
767 2044 893 2075 Celadon
912 2042 984 2080 quasi
1001 2040 1121 2070 multum
1140 2039 1196 2069 cla-

67 2092 162 2123 mans,
184 2096 199 2116 a
210 2087 295 2117 verbo
315 2084 443 2122 κελοιδῖω,
464 2085 541 2122 quod
551 2084 649 2113 resono
663 2084 869 2121 interpretatur.
892 2081 977 2112 Ovid.
992 2091 1016 2116 5.
1027 2079 1098 2109 Met.
1113 2087 1176 2114 144.

159 2125 276 2155 Occidit
287 2127 313 2155 &
325 2124 452 2154 Celadon
462 2123 623 2153 Mindefius.

67 2160 130 2194 Fuit
139 2163 222 2193 etiam
231 2173 303 2193 unus
314 2173 349 2192 ex
359 2163 490 2200 Lapithis.
513 2161 596 2190 Ovid.
611 2169 653 2189 12.
666 2158 735 2189 Met.
749 2167 812 2194 250.

159 2200 236 2232 lllifit
243 2200 328 2231 fronti
340 2201 465 2239 Lapithae
474 2198 658 2229 Celandontis
666 2219 674 2232 ,
695 2198 748 2226 «Sec.

69 2238 193 2269 Celadon
207 2261 215 2274 ,
236 2240 329 2269 Amnis
338 2239 377 2269 est
386 2237 528 2276 ignobilis,
538 2237 567 2265 in
577 2236 714 2274 Alpheum
725 2234 862 2263 influens:
884 2231 960 2270 apud
971 2231 1098 2275 Strabon.
1111 2230 1190 2265 lib.8.

87 2278 142 2307 Sed
150 2276 300 2307 lectionem
309 2277 425 2307 dubiam
439 2276 557 2306 reddere
568 2281 684 2305 conatur
692 2272 808 2303 Palmer.
832 2271 862 2302 V.
884 2272 945 2307 ejus
956 2270 1051 2300 Exere.
1062 2279 1092 2298 m
1113 2270 1193 2299 Auct.

12 2335 18 2339 -
87 2316 172 2346 Graec.
208 2338 214 2345 .
246 2326 265 2345 0
287 2339 292 2345 .

7 2347 12 2354 ’
34 2326 209 2384 catanups
220 2325 255 2389 2³3,
267 2327 332 2384 4vel
352 2352 374 2382 C
385 2362 425 2382 131,
435 2361 535 2381 Anus
545 2361 602 2386 SA,
624 2360 656 2379 ae.
677 2350 696 2379 f.
727 2344 906 2385 [Κέλοὲὃεπι]
927 2346 1034 2383 Exigua
1051 2345 1088 2375 est
1109 2345 1196 2375 insula

52 2392 150 2422 'maris
160 2392 243 2430 AEgaei
255 2414 263 2428 ,
284 2392 354 2421 Delo
364 2391 509 2429 proxima,
530 2396 587 2418 tam
598 2388 713 2426 angusto
734 2387 805 2416 freto
816 2385 850 2414 ab
870 2395 902 2414 ea
920 2384 1022 2418 divisa,
1049 2391 1082 2413 ut
1098 2391 1197 2413 catena

69 2430 217 2468 aliquando
228 2431 253 2460 ei
264 2430 348 2460 fuerit
359 2439 475 2458 annexa.
518 2427 588 2457 Aliis
598 2426 761 2456 nominibus
773 2424 888 2453 Rhenea
900 2425 925 2453 ἀ
938 2422 1070 2451 Artemite
1082 2422 1193 2451 dicitur.

69 2467 102 2498 In
118 2469 169 2498 hac
184 2468 257 2498 Delii
276 2475 402 2497 mortuos
418 2465 479 2496 suos
496 2465 683 2505 sepeliebant,
704 2463 840 2500 religione
856 2460 961 2490 scilicet
983 2459 1116 2498 prohibiti
1130 2482 1139 2496 ‚
1159 2469 1196 2489 ne

7 2524 8 2528 =
39 2515 43 2521 ’
67 2515 228 2575 v{gp-rentliubam
239 2507 269 2536 in
281 2506 351 2535 Delo
361 2506 517 2534 humarent.
557 2503 588 2533 V.
610 2502 811 2540 Thucydidem
822 2499 887 2530 belli
897 2498 1049 2536 Peloponn.
1062 2497 1112 2527 lib.
1126 2508 1155 2534 4,
1169 2499 1196 2528 &

11 2559 15 2567 ·
101 2554 199 2574 m.1.
232 2553 370 2574 .ca.12.

56 2582 139 2613 -Sunt
148 2554 369 2612 itensCelEdusae
380 2603 388 2615 ,
409 2588 499 2618 parvae
515 2579 623 2616 aliquot
633 2578 714 2607 maris
727 2575 859 2606 Adriatici
872 2573 976 2610 insulae,
999 2573 1137 2603 Liburniae
1149 2574 1200 2603 ad-

13 2619 17 2654 j
88 2621 226 2657 jacentes:
249 2630 365 2658 quarum
376 2619 513 2657 Pompon.
526 2618 602 2647 Mela
612 2616 751 2652 lib.2.7.&
759 2613 1195 2650 Plin.lib.4.cap.20.meminere.

16 2657 211 2700 «Curiana,
232 2658 264 2688 ln
286 2667 400 2689 caten
412 2666 442 2686 A.
483 2656 665 2690 Cumara,
687 2653 719 2684 ln
740 2661 902 2686 CELENAE·
943 2651 1016 2688 [etsi
1031 2650 1132 2680 festius
1147 2660 1198 2688 per

28 2707 29 2711 ¹
55 2699 63 2706 ·’
73 2696 277 2734 diphthongum
289 2696 423 2725 scribitur.

7 2734 13 2766 l
39 2733 82 2764 Gt
91 2745 138 2763 1.AE
147 2744 192 2764 N‘o
204 2732 223 2769 ,”
234 2736 274 2764 sis.
294 2735 312 2763 f.
337 2732 491 2770 [Κελαινὼ]
511 2732 573 2762 Una
585 2740 620 2761 ex
636 2729 764 2767 Harpyis.

64 2772 145 2802 Dira.
165 2773 237 2811 Virg.
253 2782 278 2807 3.
290 2772 352 2802 AEn.
365 2781 429 2801 211.
947 2800 950 2804 ⁴

40 2823 44 2828 ·
73 2810 292 2840 Celaenoinfelix
301 2816 377 2839 vates
389 2832 397 2845 ,
418 2809 436 2838 i.
447 2818 470 2838 e.
494 2807 601 2837 Nuntia
613 2804 796 2836 infelicitatis.
817 2803 891 2841 Virg.
907 2811 931 2839 3.
945 2802 1007 2834 ΕΩ.
1021 2812 1087 2840 24ς.

74 2848 186 2878 Celaeno
197 2850 282 2878 etiam
297 2858 352 2878 una
363 2857 398 2877 ex
411 2846 574 2876 Pleiadibus.
599 2844 684 2874 Ovid.
698 2854 724 2877 4.
742 2843 810 2872 Fast.
826 2850 887 2878 173.

45 2891 60 2896 ”
151 2887 285 2926 Neptuno
297 2886 471 2924 Halcyoncm
480 2906 488 2919 ,
509 2886 573 2914 &te
581 2905 589 2918 ,
610 2881 729 2912 formosa
738 2879 860 2910 Celaeno.

38 2922 273 2960 GELASTRUS,
295 2923 488 2961 Theophrasto
500 2943 508 2957 ,
532 2922 618 2950 Arbor
635 2922 673 2950 est
691 2927 793 2949 aeterna
813 2917 948 2946 frondens
967 2926 1048 2946 coma
1060 2938 1068 2951 ,
1091 2915 1199 2946 cultura

62 2991 63 3000 ,
75 2963 267 2999 degenerans,
289 2963 453 2992 &omnium
463 2959 614 2989 tardissime
625 2959 730 2988 fruetus
741 2956 803 2986 suos
812 2955 968 2993 perficiens.
1004 2955 1071 2984 Usus
1089 2956 1149 2989 ejus
1163 2954 1199 2983 ad

59 3000 188 3030 'baculos
198 3000 372 3038 &scipiones
385 2998 625 3029 accommodatus.
649 2997 678 3026 V.
700 2994 791 3025 Ruell.
807 2993 856 3024 lib.
873 3003 895 3023 1.
910 3003 970 3030 cap.
986 2996 1030 3029 63.
1045 2994 1072 3022 Sc
1084 2998 1145 3029 138.

38 3038 228 3074 >Caena-rm,
249 3039 450 3072 CELATus,
472 3036 504 3066 ln
525 3045 625 3065 ωηο.

11 3094 17 3110 J
41 3076 239 3107 catenum
250 3086 317 3106 ans
328 3098 336 3110 ‚
358 3086 389 3105 ae.
411 3085 449 3104 m.
470 3073 532 3104 Rex
550 3073 668 3103 Muziris
685 3093 693 3107 ,
714 3070 789 3109 quod
801 3070 923 3108 primum
941 3067 980 3097 est
995 3067 1083 3097 lndiae
1103 3077 1200 3106 empo-

11 3118 15 3123 ‘
76 3115 164 3150 rium,
183 3115 252 3144 teste
267 3114 335 3144 Plin.
346 3113 393 3143 lib.
404 3117 429 3143 6.
442 3122 503 3151 cap.
515 3121 560 3148 23.

42 3151 224 3183 catanus
236 3175 244 3187 ,
266 3152 322 3182 bre.
347 3151 391 3181 vel
412 3151 581 3180 Cat-tnta
593 3172 602 3185 ,
622 3148 695 3183 bris,
717 3147 774 3176 bre.

14 3211 16 3215 ψ
75 3196 134 3227 μῶυ
145 3213 153 3226 ,
176 3188 263 3218 κλυτὲς
274 3210 282 3224 ,
301 3189 448 3219 &Cinnae
461 3211 470 3224 ‚
489 3187 671 3222 πολύφημίῲυ]
690 3185 798 3222 semper
808 3183 911 3221 passive
930 3182 1051 3220 positum
1063 3203 1071 3216 ,
1093 3188 1150 3210 tam
1164 3180 1200 3210 ad

13 3251 30 3260 .
51 3258 53 3262 ,
75 3238 134 3259 rem
146 3251 155 3264 ,
176 3238 258 3267 quam
276 3228 312 3258 ad
330 3228 476 3266 personam
493 3225 620 3255 relatum.
667 3224 756 3253 Locus
778 3221 897 3251 celebris
910 3242 918 3255 ,
940 3220 1015 3257 quod
1033 3219 1198 3262 celebratur.

22 3273 25 3287 ³
40 3275 46 3282 ·
62 3266 169 3297 “Hom
179 3267 307 3302 celebris,
326 3266 403 3304 quod
415 3274 480 3294 cum
489 3264 598 3293 honore
609 3262 764 3293 celebratur
775 3262 799 3290 &
811 3259 920 3288 colitur.
943 3258 1011 3301 Haec
1021 3256 1097 3300 Valla
1112 3256 1198 3300 lrb34.

78 3305 162 3343 Quod
176 3304 341 3339 celebratur,
362 3305 392 3333 id
400 3304 610 3340 frequentatur,
631 3308 715 3337 atque
729 3298 837 3328 deserto
848 3303 1010 3334 opponitur.
1033 3295 1102 3339 Plin.
1117 3295 1198 3333 Epist.

80 3353 141 3378 159.
162 3343 293 3373 Deiectus
306 3342 344 3371 est
359 3341 556 3371 celeberrimus
567 3340 647 3369 locus
658 3361 666 3375 ‚
687 3339 717 3367 in
735 3346 790 3374 quo
806 3334 926 3373 legenda
940 3333 1138 3372 praesentrbus‚
1159 3331 1200 3361 le-

78 3382 168 3418 genda
179 3381 277 3411 futuris
287 3380 479 3418 proderentur.

80 3418 174 3449 Circus
188 3429 292 3458 pompa
301 3418 427 3448 celebris
449 3415 534 3446 Ovid.
547 3426 572 3450 4.
586 3414 655 3445 Fast.
670 3423 732 3450 391.
1023 3447 1028 3453 Π
1042 3447 1048 3453 ι
1109 3446 1114 3452 ¹

32 3456 33 3461 ¹
80 3456 181 3487 Civitas
190 3457 306 3487 celebris
317 3456 356 3486 est
364 3478 372 3491 ,
393 3456 463 3492 Quae
473 3465 487 3483 a
495 3454 590 3483 multis
600 3453 799 3489 frequentatur.
839 3448 904 3486 Ulp.
918 3448 948 3477 in
960 3446 979 3476 l.
994 3447 1029 3491 ⁴Si
1041 3457 1069 3476 1n
1079 3446 1200 3483 aliquam

97 3495 137 3525 D.·
150 3496 185 3525 'de
201 3495 303 3525 Officio
317 3492 444 3524 procons.
468 3495 494 3522 Sc
505 3492 559 3530 leg.
581 3492 609 3521 Si
630 3491 658 3520 in
673 3490 795 3526 aliquam
815 3487 959 3529 celebrem⁸
976 3492 1134 3528 cwitatem,
1156 3484 1200 3513 vel

97 3532 246 3563 Provinciae
256 3538 340 3571 caput
350 3532 504 3565 advenerit,
514 3530 571 3568 pati
581 3529 666 3559 debet
675 3526 867 3557 commendari
880 3521 1201 3557 fibic1vitatem‚laudes-

82 3605 85 3608 ,
99 3580 152 3608 que
161 3571 219 3601 suas
229 3581 287 3600 non
298 3576 407 3608 gravate
417 3569 523 3603 audire,
536 3577 622 3604 quum
632 3566 731 3596 honori
744 3564 791 3594 suo
802 3561 987 3601 provinciales
999 3562 1026 3589 id
1039 3561 1200 3604 vendicent.

81 3608 240 3638 conciones
250 3609 438 3638 celeberrimae
449 3608 475 3637 Sc
485 3605 649 3644 gratissimae.
682 3604 741 3633 Cic.
753 3604 783 3631 in
793 3601 879 3632 Pison.
891 3609 934 3636 34.
957 3599 1119 3629 Ceterorum
1128 3608 1202 3636 pnn-

34 3650 35 3654 ’
97 3647 192 3684 cipum
204 3647 391 3676 celeberrimce
403 3653 484 3683 atque
499 3644 654 3681 gratissimae
664 3642 815 3671 conciones
826 3639 948 3668 fuerunt.

82 3683 240 3715 Conventus
251 3684 455 3715 celeberrimus.
495 3683 553 3712 Cic.
567 3686 593 3711 6.
616 3681 690 3710 Verr.
706 3688 768 3716 107.
800 3677 855 3707 Ubi
875 3675 960 3720 usque
976 3674 1011 3719 ³:d
1024 3674 1079 3703 hoc
1091 3680 1202 3719 tempus

93 3722 257 3760 Syracusani
269 3723 350 3752 festos
360 3722 420 3751 dies
429 3719 628 3751 anniversarios
642 3723 728 3755 agunt
737 3739 745 3751 ,
766 3715 950 3757 celeberrimo
965 3722 1089 3742 vlrorum
1104 3713 1203 3743 mulie-

100 3770 216 3798 rumque
229 3767 380 3790 conventu.
402 3759 428 3788 h.
442 3769 467 3788 e.
485 3759 611 3788 Maxima
621 3754 778 3794 frequentia
790 3751 899 3792 populi.

82 3796 191 3828 Forum.
215 3799 272 3828 Cic.
286 3809 311 3833 5.
326 3798 399 3827 Verr.
414 3806 474 3834 133.

82 3835 145 3865 Fori
160 3836 380 3866 celeberrimum.
399 3835 490 3865 Tacit.
505 3845 533 3870 4.
549 3834 617 3863 Ann.
633 3835 680 3869 67.

83 3872 153 3903 Ludi
164 3873 294 3903 celebres.
316 3874 399 3903 Ovid.
415 3884 438 3903 1.
453 3873 489 3902 de
501 3874 564 3902 Arte
577 3873 635 3900 Am.
647 3879 692 3905 97.

84 3911 174 3941 Partes
185 3911 260 3940 urbis
275 3910 471 3941 celeberrimae.
494 3910 551 3939 Cic.
565 3919 616 3947 pro
626 3908 718 3938 Domo
731 3908 793 3941 146.
988 3939 995 3946 ι
1100 3940 1106 3946 ·

83 3948 178 3980 Portus
187 3948 391 3978 celeberrimus.
433 3948 491 3978 Cic.
504 3958 555 3986 pro
568 3947 640 3984 Lege
651 3942 752 3975 Manil.
770 3951 812 3979 33.
848 3939 890 3985 An
907 3949 973 3970 vero
986 3945 1121 3977 ignoratis
1141 3947 1206 3977 por-

103 3993 163 4018 tum
175 3988 275 4024 Caietae
287 3986 501 4017 celeberrimum
510 3992 594 4023 atque
604 3982 793 4022 plenissimum
803 3988 918 4010 navium
929 4001 937 4015 ‚
958 3979 1011 4009 &c.

805 3145 929 3182 [samm
938 3165 947 3180 ‚
969 3140 1083 3179 ἳιέμμξῷυ
1096 3165 1104 3178 ‚
1126 3140 1200 3169 dor'dl.

0 3755 14 4035 -πῃι-τν-νἼ-ῳν
3 3723 5 3725 -
1 3679 3 3687 e

1639 136 1911 172 cet
2320 151 2387 186 471

1270 218 1317 247 Via
1329 220 1455 249 celebris.
1494 219 1563 248 Cato
1574 218 1607 248 R.
1621 218 1655 248 R.
1670 228 1729 256 cap.
1746 227 1771 248 1.
1802 218 1830 247 Si
1843 217 1947 255 poteris
1960 239 1968 252 ,
1990 217 2039 246 sub
2055 218 2148 247 radice
2165 219 2269 248 montis
2287 220 2351 253 siet,
2372 223 2401 250 in

1288 258 1434 286 neridiem
1443 256 1558 294 spetstet,
1580 256 1644 286 loco
1658 256 1769 291 salubri,
1785 256 1975 294 operariorum
1988 257 2069 292 copia
2079 256 2135 289 liet,
2150 256 2311 293 bonumque
2322 268 2402 295 aqua-

1288 295 1371 330 rium,
1386 296 1525 333 oppidum
1538 294 1661 326 validum
1673 304 1761 332 prope
1772 293 1828 325 siet,
1845 301 1892 322 aut
1903 302 1987 327 mare,
2008 303 2054 322 aut
2066 294 2165 327 amnis,
2191 304 2244 330 qua
2254 304 2336 324 naves
2348 306 2404 325 am-

1290 332 1399 365 bulant,
1421 340 1469 361 aut
1481 334 1523 361 vin
1536 333 1619 367 bona,
1629 331 1808 369 celebrisque.
1835 331 1930 367 Quam
1946 331 2160 369 Frequentatam
2173 331 2280 360 barbari
2294 333 2401 363 dicunt.

1272 369 1287 397 l.
1300 369 1344 398 rbs
1357 369 1473 399 celebris
1486 372 1510 399 ἃ
1521 380 1553 399 co
1578 370 1640 398 iosa.
1665 369 1723 399 Cic.
1737 379 1789 408 pro
1801 370 1880 398 Aren.
1894 379 1921 404 4.

1271 407 1341 435 ltem
1355 408 1430 436 idem
1442 408 1479 436 est
1490 417 1522 436 ac
1534 408 1555 436 C
1569 418 1630 436 arus
1641 429 1648 441 ,
1671 407 1743 437 sama
1759 414 1853 436 notus.
1878 415 1908 435 ut

1273 444 1478 474 Celeberrimus
1488 454 1545 474 arte
1557 446 1735 481 grammatica
1745 467 1754 480 ‚
1778 447 1804 475 ὅ(
1818 446 1847 474 in
1865 452 1924 473 arte
1935 443 2115 481 grammatica
2140 444 2403 481 Γπλυφημότατῶ]

1292 482 1369 519 quod
1382 492 1397 511 a
1410 482 1530 511 barbaris
1548 484 1687 511 diceretur
1700 504 1707 518 ,
1730 483 1805 512 Bene
1825 484 2025 511 renominatus.
2048 481 2117 511 Plin.
2130 481 2179 510 lib.
2193 492 2237 517 2⁴·
2248 491 2308 520 cap.
2323 493 2365 520 17.

1275 520 1423 548 Certamen
1437 520 1557 549 celebre.
1582 520 1665 549 Ovid.
1681 523 1704 549 1.
1723 521 1792 550 Met.
1806 524 1871 555 456.

1274 557 1351 601 Deus
1365 557 1482 586 celebris
1494 579 1502 591 ,
1524 558 1541 586 i.
1557 567 1581 586 e.
1607 558 1700 593 Quem
1714 568 1813 587 omnes
1825 558 1931 587 colunt.
1953 556 2048 587 Tibul.
2061 556 2109 586 lib.
2119 566 2145 586 2.
2161 566 2184 586 1.
2198 561 2242 593 83.

1274 594 1342 624 Dies
1356 594 1573 629 celeberrimus,
1594 596 1648 624 i.e.
1670 595 1909 625 Honorarillimus.
1951 595 2008 624 Cic.
2027 595 2062 624 de
2081 595 2190 624 Amicit.
2209 604 2250 624 12.
2282 595 2345 625 Ηοο
2367 602 2407 625 ta-

1295 642 1436 675 menvere
1453 632 1518 661 licet
1534 633 1627 661 dicere
1640 654 1647 667 ,
1670 633 1696 661 P.
1708 634 1833 671 Scipioni
1846 643 1879 662 ex
1890 633 1986 663 multis
1996 632 2094 662 diebus
2105 654 2113 668 ,
2135 642 2205 670 quos
2224 633 2253 661 in
2269 634 2325 662 vita
2335 633 2408 663 cele-

1297 669 1432 699 berrimos
1442 669 1646 706 laetissimosque
1656 670 1756 699 videritv
1767 693 1775 704 ,
1797 672 1850 700 See.

1275 707 1556 774 ijdqlqeleberrinius
1568 730 1576 743 ,
1598 708 1683 744 Cujus
1696 709 1764 738 tides
1779 710 1805 738 ἃ
1825 709 1968 745 integritas
1979 708 2110 737 omnibus
2122 707 2150 736 in
2164 718 2211 737 ore
2223 708 2269 737 est.
2291 709 2360 739 Stat.
2378 718 2406 740 2.

1320 756 1335 774 c
1358 756 1364 773 1
1380 767 1385 774 .
1399 750 1444 774 61.

1276 783 1364 813 Frons
1375 782 1475 811 tumuli
1487 782 1605 811 celebris
1617 782 1734 817 dicitur,
1756 783 1825 818 Qum
1840 784 1912 812 viam
1924 781 2037 819 spuerit.
2060 782 2155 812 Tibul.
2170 782 2216 812 lib.
2233 792 2258 820 3.
2272 793 2298 814 2.
2312 793 2359 820 27.

1370 820 1426 850 Sed
1438 820 1543 850 tristem
1554 821 1650 849 mortis
1662 821 1831 850 demonstret
1847 821 1935 849 littera
1946 820 2054 849 causam
2069 843 2077 856 ,

1409 859 1498 895 Atque
1512 858 1571 887 brec
1581 858 1608 886 in
1620 858 1723 887 celebri
1734 859 1857 887 carmina
1872 859 1962 887 fronte
1972 865 2058 888 notet.

1278 895 1435 925 Gratulatio
1448 896 1747 933 populiceleberrima.
1770 896 1828 925 Cic.
1845 907 1886 931 14.
1906 895 2003 933 Philip.
2023 900 2067 925 16.

1278 932 1339 964 Lux
1352 933 1436 963 alicui
1450 934 1639 963 celeberrima.
1662 933 1746 963 Ovid.
1762 943 1787 970 3.
1802 934 1869 963 Fast.
1883 943 1945 970 713.

1279 972 1491 1002 Monimentum
1504 971 1578 1001 illius
1589 971 1803 1001 celeberrimum
1818 972 1847 1000 in
1857 972 1926 1000 soro.
1951 971 2008 1000 Cic.
2021 981 2072 1009 pro
2084 971 2159 1000 Sext.
2175 981 2235 1007 ¹40·

1279 1010 1403 1040 Nomina
1412 1009 1591 1039 celeberrima
1603 1009 1677 1039 bello
1688 1032 1696 1044 ‚
1717 1010 1735 1038 i.
1752 1019 1776 1038 e.
1799 1009 1928 1046 Quorum
1940 1009 2039 1046 ingens
2053 1008 2091 1038 est
2101 1009 2172 1039 fama
2192 1009 2229 1039 ob
2245 1010 2326 1040 resin
2337 1010 2411 1041 bello

1301 1047 1433 1085 praeclare
1446 1048 1539 1084 gestas.
1562 1047 1609 1077 Sil.
1624 1048 1671 1077 lib.
1686 1058 1712 1081 4·
1730 1053 1792 1084 187.

1280 1085 1395 1116 Nomen
1406 1085 1516 1115 celebre
1531 1085 1669 1122 laudibus.
1693 1085 1753 1114 Liv.
1768 1097 1794 1120 4.
1817 1084 1860 1114 De
1872 1084 2019 1114 Menenio.

1281 1123 1434 1153 Oraculum
1446 1123 1556 1153 celebre
1569 1125 1594 1153 ἃ
1607 1124 1722 1153 clarum.
1746 1123 1806 1152 Cic.
1824 1133 1845 1151 1.
1861 1123 1896 1151 de
1912 1122 2000 1152 Divin.
2015 1131 2059 1158 37.

1279 1161 1388 1191 Rumor
1405 1161 1534 1190 celebris.
1574 1161 1630 1190 Liv.
1647 1171 1689 1198 37.
1706 1167 1752 1196 48.
1768 1171 1808 1197 pr.
1835 1160 1961 1189 Valerius
1974 1160 2066 1189 Antias
2076 1161 2171 1190 audior
2182 1159 2220 1189 est
2232 1183 2239 1192 .
2271 1171 2412 1191 rumorem

1302 1199 1441 1229 celebrem
1465 1199 1560 1228 Romse
1582 1199 1670 1229 fuisse.
1701 1201 1730 1229 h.
1753 1209 1778 1229 e.
1801 1199 1982 1228 Constantem
2003 1198 2105 1227 famam
2116 1220 2124 1234 ,
2146 1199 2173 1228 &
2197 1198 2350 1229 multorum
2361 1200 2414 1229 ser-

1301 1247 1386 1266 mone
1397 1238 1618 1275 comprobatam.

1282 1274 1372 1305 Verba
1385 1275 1567 1305 celeberrima
1578 1275 1666 1313 loqui.
1689 1275 1776 1305 Ovid.
1786 1284 1812 1305 2.
1829 1274 1865 1304 de
1875 1275 1938 1303 Arte
1950 1274 2008 1303 Am.
2024 1282 2088 1310 705.

1282 1313 1330 1342 Vir
1346 1313 1564 1349 celeberrimus,
1587 1324 1637 1351 pro
1659 1313 1815 1343 Multorum
1836 1312 1964 1342 sermone
1984 1311 2177 1349 comprobato.
2215 1312 2415 1350 Hermogenia-

1301 1352 1397 1381 nussin
1414 1351 1432 1380 1.
1455 1352 1483 1381 Si
1505 1362 1546 1381 res
1559 1351 1713 1390 pupillaris.
1736 1351 1768 1381 D.
1786 1351 1821 1380 de
1835 1350 2018 1380 Administrat.
2037 1356 2120 1378 tutor.
2162 1349 2190 1378 Si
2211 1360 2253 1379 res
2271 1351 2415 1388 pupillaris

1303 1385 1414 1419 inc‘ursu
1432 1389 1573 1419 latronum
1585 1396 1697 1427 pereat:
1719 1389 1763 1419 vel
1774 1389 1964 1425 argentarius,
1987 1388 2033 1417 cui
2053 1394 2129 1417 tutor
2149 1389 2299 1425 pecuniam
2311 1383 2413 1425 dedit,

1304 1437 1391 1465 quum
1402 1427 1495 1457 fuiffet
1506 1427 1703 1457 celeberrimus
1713 1450 1721 1464 ,
1742 1427 1863 1456 solidum
1876 1427 1994 1457 reddere
2004 1435 2063 1455 non
2073 1424 2172 1464 possit:
2194 1426 2266 1456 nibil
2279 1436 2313 1456 eo
2325 1428 2415 1457 nomi-

1304 1475 1341 1495 ne
1353 1472 1429 1495 tutor
1437 1466 1562 1504 praestare
1574 1466 1692 1503 cogitur.

1284 1504 1347 1532 Vox
1360 1503 1550 1533 celeberrima.
1573 1504 1659 1533 Ovid.
1676 1514 1699 1533 1.
1716 1503 1752 1533 de
1763 1503 1844 1533 Pont.
1856 1513 1880 1538 9.
1893 1511 1938 1538 25.

1286 1542 1349 1571 Hoc
1356 1549 1414 1571 erat
1425 1542 1640 1571 celeberrimum
1650 1541 1800 1571 Menandri
1813 1548 1904 1579 poetae
1917 1540 2019 1570 comici
2034 1544 2122 1569 aetate.
2146 1538 2217 1568 Plin.
2236 1548 2278 1575 13.
2292 1549 2315 1570 1.

1285 1579 1405 1609 Celebre
1417 1602 1425 1614 ,
1447 1590 1504 1609 non
1520 1580 1607 1610 solum
1620 1580 1759 1617 Frequens
1771 1601 1779 1615 ,
1799 1580 1891 1616 inquit
1902 1579 2021 1613 Nonius,
2037 1577 2085 1607 sed
2101 1577 2185 1607 etiam
2199 1577 2296 1607 Velox.
2320 1579 2419 1609 Accius

1305 1618 1428 1655 AEgistho
1442 1640 1449 1653 ,
1471 1618 1580 1648 Celebri
1596 1618 1680 1656 gradu
1694 1617 1810 1655 gressum
1822 1615 1984 1646 accelerasse
2001 1616 2092 1645 decet.

1249 1655 1272 1686 C
1283 1665 1347 1684 ELE
1358 1658 1445 1685 narr
1456 1666 1475 1685 A
1486 1666 1515 1692 s,
1531 1657 1593 1686 atIs.
1615 1656 1633 1685 f.
1658 1656 1748 1692 [ἑορτὴ
1763 1678 1771 1691 ,
1794 1656 1937 1688 marn‘wess
1952 1654 1966 1689 ]
1988 1660 2047 1684 tum
2066 1653 2223 1683 Hominum
2245 1658 2351 1683 coetum
2369 1654 2418 1684 ho-

1288 1694 1461 1723 notariorum
1473 1694 1613 1730 declarat,
1635 1700 1694 1723 tum
1710 1693 1913 1730 Dignationem
1931 1692 2018 1730 ipsam
2033 1698 2116 1729 atque
2134 1691 2282 1721 honorem.
2324 1692 2382 1721 Cic.
2394 1702 2419 1729 3.

1286 1731 1369 1762 Offic.
1385 1741 1409 1768 3.
1432 1732 1472 1762 Ita
1483 1733 1530 1769 qui
1543 1733 1571 1761 in
1582 1733 1703 1761 maxima
1713 1732 1875 1761 celebritate
1887 1753 1895 1766 ,
1918 1731 1946 1759 in
1967 1729 2056 1759 oculis
2072 1730 2176 1759 civium
2192 1730 2336 1766 quondam
2351 1731 2421 1760 vixi-

1286 1778 1367 1803 mus,
1392 1780 1469 1799 nunc
1488 1770 1628 1808 fugientes
1645 1769 1828 1808 conspectum
1850 1769 2062 1801 sceleratorum,
2086 1767 2187 1805 quibus
2208 1768 2305 1797 omnia
2319 1768 2420 1798 redun-

1287 1808 1358 1837 dant
1369 1830 1377 1843 ,
1399 1808 1528 1838 abdimus
1542 1819 1593 1838 nos
1606 1814 1742 1845 quantum
1754 1807 1821 1836 licet
1831 1829 1838 1843 ,
1861 1809 1886 1837 ἃ
1897 1806 1968 1845 saepe
1983 1806 2031 1835 soli
2041 1806 2142 1835 sumus.

1286 1846 1435 1882 Solitudo,
1459 1848 1484 1876 Sc
1497 1846 1664 1881 celebritas,
1687 1847 1831 1875 contraria.
1874 1846 1931 1875 Cic.
1948 1854 1988 1875 12.
2006 1846 2116 1880 Att.25.
2149 1842 2199 1873 Me
2221 1843 2282 1873 haec
2299 1843 2420 1874 solitudo

1307 1885 1403 1913 minus
1415 1884 1554 1921 stimulat,
1580 1894 1663 1920 quam
1677 1884 1724 1913 ista
1740 1884 1896 1913 celebritas.

1286 1922 1471 1952 Audientium
1488 1922 1649 1952 celebritate
1661 1923 1814 1952 instind‘tus.
1838 1920 1959 1958 Quintil.
1975 1919 2022 1949 lib.
2042 1929 2065 1949 1.
2087 1929 2147 1956 cap.
2161 1928 2188 1948 2.

1287 1959 1355 1990 Loci
1365 1960 1521 1991 celebritas.
1563 1960 1622 1990 Cic.
1636 1970 1679 1996 14.
1695 1960 1770 1990 Fam.
1786 1970 1810 1990 1.
1833 1960 1889 1989 Sed
1903 1959 1921 1988 si
1933 1957 2059 1987 offendet
2069 1967 2114 1987 me
2124 1957 2181 1986 loci
2194 1956 2350 1993 celebritas,
2366 1957 2421 1987 alio

1307 2008 1353 2027 me
1362 1998 1515 2028 conferam.
2428 1993 2430 1996 ⁴

1287 2036 1443 2066 Ludorum.
1467 2037 1526 2066 Cic.
1540 2045 1564 2072 3.
1578 2036 1613 2067 de
1626 2036 1703 2066 Orat.
1719 2045 1780 2071 125.

1288 2075 1444 2109 Theatrum
1460 2074 1665 2105 refertislimum
1677 2074 1848 2104 celebritate.
1883 2071 1943 2101 Cic.
1957 2081 1980 2101 1.
1995 2071 2031 2108 Q.
2045 2071 2107 2101 frat.
2123 2080 2150 2100 2.

1288 2112 1356 2142 Viae.
1379 2113 1473 2148 Cic.3.
1488 2114 1542 2142 Att.
1560 2122 1603 2149 13.
1627 2112 1683 2149 Ego
1697 2120 1810 2150 propter
1825 2111 1875 2139 viae
1889 2109 2081 2139 celebritatem
2093 2132 2100 2142 ,
2123 2111 2149 2139 Sc
2163 2109 2356 2146 quotidianam
2375 2119 2423 2142 ex.

1309 2152 1500 2188 patrationem
1510 2160 1603 2180 rerum
1615 2160 1749 2179 novarum
1760 2172 1768 2184 ,
1790 2159 1849 2178 non
1859 2149 2002 2177 commovi
2016 2157 2062 2176 me
2072 2147 2164 2176 adhuc
2177 2147 2381 2178 Thessalonica.

1289 2188 1420 2219 Virorum
1439 2198 1473 2218 ac
1491 2188 1642 2218 mulierum
1665 2188 1829 2223 celebritas,
1851 2186 1947 2216 Cic.2.
1968 2186 2002 2215 de
2016 2185 2110 2221 Legib.
2124 2190 2169 2220 ός.
2200 2185 2316 2214 Sublata
2336 2187 2423 2217 etiam

1310 2234 1369 2256 erat
1378 2226 1522 2256 celebritas
1532 2227 1654 2256 virorum
1667 2236 1698 2255 ac
1708 2226 1858 2255 mulierum
1871 2247 1879 2260 ,
1901 2234 1956 2261 quo
1968 2223 2131 2253 lamentatio
2144 2223 2325 2253 minueretur.

1290 2264 1385 2296 Floret
1395 2265 1544 2294 hominum
1560 2264 1721 2294 celebritate
1730 2263 1876 2293 locusille.
1919 2262 1976 2291 Cic.
1989 2271 2040 2300 pro
2054 2261 2146 2291 Domo
2157 2271 2199 2297 75.
2225 2261 2338 2291 Constat
2346 2263 2422 2293 enim

1309 2303 1394 2333 nullis
1403 2313 1526 2339 unquam
1537 2303 1660 2332 comitiis
1672 2312 1805 2340 campum
1815 2300 1947 2330 Martium
1959 2306 2035 2329 tanta
2052 2299 2223 2333 celebritate,
2246 2305 2324 2328 tanto
2333 2300 2423 2339 splen.

1311 2342 1379 2370 dore
1392 2342 1484 2371 omnis
1497 2342 1605 2379 generis
1616 2340 1765 2370 hominum
1777 2362 1784 2374 ,
1806 2345 1916 2368 aetatum
1927 2361 1934 2373 ,
1956 2338 2089 2367 ordinum
2099 2360 2107 2373 ‚
2129 2336 2257 2366 floruisse.

1291 2379 1405 2409 Habere
1424 2379 1575 2416 maximam
1586 2379 1778 2408 celebritatem
1790 2378 1892 2407 dicitur
1905 2376 1982 2405 locus
1999 2376 2108 2413 aliquis.
2131 2375 2190 2405 Cic.
2205 2384 2246 2412 13.
2258 2376 2309 2404 Att.
2323 2385 2367 2411 29.

1291 2415 1549 2447 Odicelebritatem
1560 2440 1568 2451 ‚
1591 2417 1678 2454 Fugio
1691 2417 1830 2446 homines.
1854 2414 1913 2444 Cic.
1929 2424 1953 2451 3.
1971 2416 2025 2443 Art.
2038 2423 2065 2449 7.

1290 2455 1446 2485 Celebritas
1455 2457 1481 2486 6²1
1492 2465 1608 2484 nornen.
1651 2455 1710 2484 Cic.
1721 2464 1748 2483 2.
1765 2453 1848 2483 Offic.
1862 2464 1907 2487 44·
1936 2452 2011 2482 Nam
2020 2451 2101 2489 siquis
2112 2450 2146 2480 ab
2158 2450 2274 2480 ineunte
2287 2456 2365 2482 aetate
2377 2452 2423 2482 ha-

1311 2494 1359 2523 bet
1370 2493 1478 2523 causam
1492 2493 1659 2523 celebritatis
1670 2494 1695 2523 &
1712 2492 1835 2521 nominis
1845 2497 1894 2520 aut
1908 2500 1922 2520 a
1934 2499 2013 2528 patre
2025 2496 2171 2527 acceptam
2183 2510 2190 2522 ,
2214 2490 2266 2518 &a

1291 2531 1356 2562 Diei
1368 2531 1488 2569 supremi
1499 2531 1656 2563 celebritas.
1698 2531 1758 2560 Cic.
1776 2539 1827 2567 pro
1849 2529 1949 2558 Milon.
1959 2533 2005 2562 86.
2042 2528 2183 2565 Spoliatus
2204 2527 2278 2556 illius
2301 2526 2422 2565 supremi

1312 2570 1368 2599 diei
1380 2569 1542 2637 οεΙεδςῐῑεὲῑε
1552 2591 1560 2604 ,
1582 2579 1666 2606 quam
1676 2570 1833 2598 concedere
1844 2568 1929 2596 etiam
1940 2566 2049 2596 inimici
2059 2566 2158 2602 solent,
2179 2565 2340 2595 amburetur
2349 2566 2423 2602 abje-

1311 2610 1382 2638 ctus.
1420 2608 1437 2636 i.
1452 2618 1477 2636 e.
1524 2617 1557 2636 xe
1577 2608 1641 2637 uiis.

1292 2645 1383 2676 Famze
1398 2617 1575 2674 celebritas.q
1594 2645 1652 2674 Cic.
1667 2654 1690 2674 1.
1701 2643 1784 2674 Tusc.
1796 2649 1842 2679 28.
1865 2642 2027 2680 Eademque
2038 2641 2119 2671 famae
2137 2640 2300 2671 celebritate
2311 2641 2424 2679 Tynda-

1312 2684 1379 2713 ridae
1387 2684 1482 2713 fratres
1494 2705 1502 2719 ,
1524 2683 1569 2720 qui
1582 2705 1590 2718 ,
1606 2685 1659 2713 Sco.

1291 2722 1469 2758 Judieiorum
1482 2721 1635 2751 multitudo
1646 2722 1672 2750 dr
1682 2719 1837 2750 celebritas.
1876 2719 1934 2748 Cic.
1948 2728 1972 2755 7.
1986 2718 2062 2750 Fam.
2076 2726 2102 2746 2.
2126 2716 2185 2746 Nos
2196 2717 2241 2745 hic
2255 2718 2283 2746 in
2297 2717 2422 2747 multitu.

1313 2760 1380 2789 dine
1391 2761 1416 2789 ἃ
1426 2759 1589 2789 celebritate
1600 2759 1772 2796 judiciorum
1787 2780 1796 2791 ,
1818 2759 1845 2788 δε
1858 2757 1941 2787 novis
1952 2756 2061 2793 legibus
2077 2756 2115 2785 ita
2134 2755 2296 2784 distinemur
2307 2777 2314 2789 ,
2332 2757 2384 2785 dcc.

1292 2797 1425 2828 Nominis
1435 2797 1592 2827 celebritas.
1633 2798 1708 2827 Suet.
1722 2797 1757 2825 de
1770 2796 1854 2826 lllust.
1870 2795 2021 2825 Grammat.
2034 2803 2077 2828 23.
2101 2792 2275 2823 Gloriabatur
2289 2794 2374 2823 etiam
2385 2793 2423 2822 la-

1312 2843 1406 2865 trones
1419 2836 1562 2873 quondam
1580 2835 1627 2864 sibi
1637 2841 1751 2873 propter
1765 2834 1888 2863 nominis
1900 2832 2090 2862 celebritatem
2103 2831 2220 2868 parfiss'e.

1292 2874 1501 2903 Sententiarum
1515 2873 1661 2903 celebritas
1671 2873 1783 2910 pristina
1795 2871 1934 2901 manebat.
1958 2870 2016 2900 Cic.
2032 2870 2067 2899 de
2079 2869 2150 2899 Clar.
2164 2869 2241 2898 Orat.

1293 2912 1438 2942 Sermonis
1448 2912 1596 2941 hominum
1608 2911 1799 2941 celebritatem
1809 2909 1950 2946 consequi.
1992 2909 2050 2938 Cic.
2064 2908 2093 2937 in
2107 2908 2201 2937 Somn.
2214 2907 2286 2944 Scip.
2304 2916 2344 2943 ¹7·
2375 2906 2421 2936 Tu

1313 2951 1390 2979 enim
1408 2958 1493 2987 quam
1514 2949 1706 2980 celebritatem
1729 2948 1863 2978 sermonis
1882 2947 2047 2982 hominum,
2068 2951 2115 2975 aut
2134 2954 2216 2982 quam
2234 2945 2423 2983 expetendam

1316 2988 1433 3025 gloriam
1443 2987 1575 3025 consequi
1586 2995 1667 3026 potes
1676 2988 1690 3017 ‘2

1295 3025 1454 3056 Domestica
1465 3026 1620 3056 celebritas.
1663 3025 1721 3055 Cic.
1733 3025 1761 3054 in
1776 3024 1806 3054 L.
1819 3023 1907 3053 Pison.
1923 3025 1968 3059 64.
1990 3022 2074 3052 Nunc
2087 3020 2168 3050 etiam
2181 3020 2209 3049 in
2220 3019 2271 3049 hac
2285 3020 2422 3056 quotidia-

1315 3074 1351 3093 na
1363 3086 1370 3098 ,
1392 3064 1497 3094 assidua
1507 3086 1515 3100 ,
1537 3064 1696 3101 urbanaque
1708 3064 1764 3093 vita
1774 3062 1951 3100 splendorem
1960 3067 2039 3090 tuum
2051 3082 2058 3095 ,
2080 3059 2204 3095 gratiam,
2228 3058 2419 3088 celebritatem

1316 3102 1496 3130 domesticam
1506 3124 1514 3137 ,
1536 3112 1649 3140 operam
1661 3101 1798 3131 forensem
1812 3123 1820 3136 ,
1842 3099 1989 3129 confilium
1999 3121 2007 3134 ‚
2027 3096 2164 3126 auxilium
2175 3118 2182 3128 ,
2198 3097 2250 3125 ἃς.

1295 3140 1405 3169 Addere
1418 3140 1607 3170 celebritatem
1618 3140 1700 3169 ludis.
1742 3139 1799 3169 Liv.
1814 3148 1858 3172 30.
1873 3143 1915 3175 38.
1929 3143 1996 3166 extr.
2020 3134 2104 3164 Ludis
2112 3133 2301 3163 celebritatem
2311 3134 2421 3164 addidit

1314 3178 1392 3206 sedes
1405 3177 1450 3207 sua
1458 3177 1566 3208 solenni
1579 3177 1736 3216 spectaculo
1748 3177 1865 3206 reddita.
1906 3175 1968 3203 h.e.
1999 3172 2171 3203 Celebriores
2190 3172 2215 3201 St
2229 3172 2421 3202 honoratiores

1314 3215 1566 3282 ³⁰32·Ap⁰¹¹in³‘e⁵
1584 3217 1631 3246 visi
1649 3216 1712 3245 sunt
1729 3238 1737 3251 ,
1759 3222 1873 3253 propter
1892 3212 2034 3250 propriam
2056 3210 2169 3244 sedem,
2192 3209 2270 3239 velut
2286 3209 2423 3240 divinitus

1316 3263 1344 3283 re
1389 3261 1464 3283 itam.

1297 3291 1448 3322 Honestare
1462 3291 1508 3321 sua
1520 3291 1682 3322 celebritate
1699 3291 1819 3327 aliquem
1843 3288 1944 3317 dicitur
1962 3285 2092 3324 populus.
2130 3284 2187 3314 Cic.
2202 3293 2252 3322 pro
2267 3283 2359 3314 Domo
2375 3288 2420 3321 76.

1316 3330 1413 3367 Itaque
1423 3329 1470 3359 ille
1482 3341 1554 3360 unus
1567 3330 1626 3359 dies
1642 3352 1650 3365 ,
1672 3339 1727 3365 quo
1738 3331 1783 3358 die
1796 3336 1839 3355 ine
1858 3325 1979 3363 Populus
1994 3324 2135 3353 chranus
2145 3333 2160 3351 a
2172 3329 2251 3360 porta
2262 3323 2291 3351 in
2311 3324 2421 3361 Capito-

1314 3368 1400 3404 lium,
1425 3376 1507 3406 atque
1522 3368 1588 3397 inde
1600 3368 1716 3396 domum
1728 3367 1773 3396 sua
1783 3364 1943 3394 celebritate
1959 3361 2109 3398 laetitiaque
2121 3361 2286 3390 comitatum
2296 3361 2423 3392 honesta-

1315 3407 1356 3435 vit
1368 3428 1376 3441 ,
1401 3413 1484 3435 tantae
1495 3407 1563 3435 mihi
1576 3428 1584 3439 ,
1600 3408 1651 3434 Sic.
2141 3436 2146 3442 ¹
2195 3436 2200 3442 ,

1295 3443 1471 3474 Hilaritatem
1482 3446 1566 3473 etiam
1580 3442 1720 3480 significat.
1763 3439 1886 3469 Macrob.
1902 3448 1927 3467 2.
1943 3438 2050 3466 Saturn.
2064 3446 2090 3473 7.
2119 3436 2148 3466 Si
2165 3435 2256 3473 aliqua
2275 3436 2422 3467 Laberii&

1316 3482 1407 3512 Publii
1418 3483 1491 3511 dicta
1502 3482 1681 3513 referremus.
1704 3479 1862 3508 videbimur
1876 3479 1901 3506 ἃ
1913 3476 2064 3505 adhibendi
2077 3475 2207 3504 convivio
2218 3475 2318 3504 mimos
2330 3475 2423 3504 vitasse

1315 3520 1455 3550 lasciviam
1468 3542 1476 3554 ,
1495 3522 1520 3550 δι
1535 3527 1627 3548 tamen
1638 3517 1826 3547 celebritatem
1838 3537 1845 3549 ,
1868 3524 1949 3551 quam
1963 3524 2027 3543 cum
2039 3512 2138 3542 adsunt
2148 3511 2189 3540 illi
2199 3534 2207 3548 ‚
2230 3514 2352 3542 excitare
2362 3513 2423 3551 pol-

1315 3558 1454 3593 licentur,
1476 3558 1587 3586 imitari.
1629 3555 1659 3584 V.
1683 3554 1794 3584 Broelrh.
1807 3553 1841 3583 ad
1853 3552 1922 3582 illud
1935 3551 2040 3581 Tibull.
2054 3560 2080 3580 2.
2100 3560 2124 3579 1.
2137 3560 2182 3586 29.

1394 3597 1463 3625 Vina
1477 3596 1552 3624 diem
1564 3593 1715 3623 celebrent.

1260 3635 1430 3665 CiLfissRo
1444 3656 1451 3669 ‚
1472 3628 1627 3669 [kmcpoim'm
1639 3653 1647 3666 ‚
1670 3627 1773 3664 ἑαρτοῖζω
1784 3650 1792 3663 ,
1810 3624 1985 3663 πανκγιφῖζω,
2003 3623 2143 3662 ‘firmasse-1]
2163 3628 2219 3655 51¹8.
2241 3626 2278 3655 est
2290 3625 2428 3664 Frequen-

1299 3681 1368 3702 rare.
1410 3672 1503 3705 Varro,
1524 3670 1579 3699 Cui
1594 3679 1653 3698 non
1668 3676 1723 3697 tam
1734 3676 1799 3696 cura
1810 3672 1880 3701 erat,
1898 3675 1929 3694 ut
1944 3663 2051 3702 templa
2062 3664 2189 3700 deorum,
2210 3674 2292 3702 quam
2306 3671 2335 3693 ut
2347 3665 2427 3703 popi-

1299 3721 1350 3740 nas
1361 3709 1522 3739 celebraret.

1299 3748 1399 3778 Coetus
1417 3746 1558 3776 celebrare
1569 3743 1726 3773 hominum.
1766 3740 1826 3770 Cic.
1842 3750 1865 3769 1.
1883 3739 1940 3769 Off.
1962 3749 2003 3768 12.
2031 3738 2211 3778 Impellitque
2230 3747 2262 3770 ut
2280 3740 2428 3769 hominum

1323 3793 1413 3815 coetus
1425 3807 1433 3819 ‚
1455 3786 1481 3813 ἅ
1491 3781 1625 3812 celebrari
1637 3781 1708 3809 inter
1716 3779 1743 3808 se
1754 3801 1761 3813 ,
1784 3780 1809 3808 &
1820 3778 1867 3807 fibi
1882 3778 1991 3807 obediri
1999 3778 2077 3807 velit.
2115 3778 2148 3809 In
2159 3779 2243 3808 codd.
2260 3778 2372 3808 emend.
2394 3778 2429 3807 Et

1323 3822 1525 3852 celebrationes
1537 3822 1561 3849 ἃ
1573 3818 1626 3848 esse
1638 3819 1662 3848 G:
1677 3816 1725 3846 ase
1736 3817 1806 3846 obiri
1817 3816 1893 3846 velit.

1303 3861 1467 3890 Conventus
1477 3857 1617 3888 celebrare
1631 3857 1656 3885 &a
1668 3855 1776 3884 Facere.
1818 3854 1877 3883 Cic.
1895 3864 1918 3883 1.
1933 3854 1985 3883 Att.
2003 3863 2046 3889 ¹9·
2081 3854 2177 3892 Itaque
2188 3860 2342 3884 conventus
2353 3875 2361 3889 ,
2382 3853 2429 3890 qui

1323 3899 1404 3927 initio
1417 3895 1628 3926 celebrabantur
1639 3916 1646 3929 ,
1667 3894 1773 3929 jamdiu
1785 3891 1844 3921 fieri
1856 3892 2002 3921 desierunt.

1303 3935 1410 3966 Locum
1421 3934 1561 3965 celebrare
1571 3938 1723 3962 conventu.
1760 3930 1820 3960 Cic.
1839 3940 1890 3968 pro
1905 3930 1995 3960 Flacc.
2007 3940 2052 3966 95.
2085 3929 2172 3967 Cujus
2193 3929 2373 3994 damnatiope
2392 3927 2431 3957 se-

2299 3976 2340 4003 pu
2352 3975 2431 3995 crum
