2641 4187
542 1104 674 1175 Qiae
693 1106 889 1178 praefixa
920 1110 987 1162 est
1017 1111 1223 1168 editioni
1254 1112 1588 1182 Londinenfi‚
1624 1124 1766 1176 Anni
1802 1136 1974 1195 1735.

197 1227 269 1295 In
287 1251 412 1316 qua
435 1224 734 1294 differitur
764 1227 842 1296 de
879 1238 1204 1325 praecipuis
1230 1250 1411 1304 Lexicis
1439 1256 1620 1309 Latinis
1646 1269 1989 1333 eorumque
2016 1261 2312 1321 Audioribus:

360 1460 946 1551 JOANNi

1010 1374 1318 1419 Peritiffimo
1375 1379 1504 1423 Viro

1026 1469 2155 1562 HoLLiNGQirn

825 1563 1256 1623 MEDICO
1340 1576 1706 1640 REGlo,

597 1686 682 1740 Ob
700 1686 851 1761 ipfius
873 1690 1124 1758 Singulare
1143 1710 1254 1761 erga
1279 1697 1431 1748 Bonas
1451 1699 1632 1753 Literna
1650 1701 1912 1767 Studium3

1026 1816 1492 1861 INSCRIPTA.

74 1951 210 2024 (ffssssg
231 1952 363 2049 sistis&
379 1975 415 2013 ‘1
522 1953 661 2036 92ξῖΧῖ
683 1983 830 2023 Uamvis
860 1985 932 2032 iam
964 1978 1028 2024 diu
1066 1982 1239 2025 omnibus

149 2042 155 2043 ’
250 2040 261 2052 ·“
373 2044 375 2046 ·
442 2065 449 2078 ,
485 2039 594 2060 '
627 2023 654 2049 ί
706 2034 885 2072 usuvenit
901 2036 964 2084 qui
987 2046 1128 2074 novum
1143 2047 1238 2084 opus

432 2082 446 2092 ²
499 2122 511 2134 ἱ
561 2095 602 2130 g<
619 2085 651 2103 ἦ
705 2080 928 2126 moliuntur,
971 2092 1013 2122 ut
1045 2086 1084 2121 in
1112 2085 1237 2123 limine

494 2130 501 2137 ”
549 2137 558 2145 '
714 2133 892 2182 paulisper
924 2132 1115 2172 Leaorem
1156 2147 1239 2172 mo-

567 2206 585 2229 5
611 2206 659 2237 (4-
711 2190 856 2228 rentur3
893 2183 1121 2221 monendum
1149 2184 1239 2221 scili-

535 2274 545 2285 .
712 2239 769 2269 cet
791 2244 947 2281 quanam
966 2233 1025 2280 spe
1043 2239 1103 2270 aut
1125 2232 1239 2271 confi-

709 2281 760 2318 lio
773 2282 824 2319 uli
837 2310 846 2324 ,
876 2282 1006 2331 quibus
1018 2282 1156 2320 auxiliis
1169 2283 1238 2320 fre-

709 2332 757 2373 ti,
792 2332 910 2369 otium
942 2331 1045 2368 suum
1075 2333 1113 2368 in
1135 2344 1237 2370 com-

540 2401 545 2414 χ
710 2393 862 2417 munem
888 2380 1081 2418 utilitatem
1097 2382 1236 2429 produ—

480 2468 483 2478 ,
523 2427 568 2467 ς]
624 2430 645 2462 “.
707 2430 827 2467 xerint
842 2458 851 2472 ‚
895 2430 931 2467 ὃς
970 2430 1115 2479 qualem
1162 2432 1236 2480 ipse

622 2497 654 2530 ζ.
706 2479 1009 2518 commoditatem
1042 2492 1087 2517 ex
1113 2480 1235 2518 alienis

312 2546 320 2554 ⁴«
359 2544 360 2547 ¹
409 2548 422 2551 --
613 2528 619 2533 ’
702 2528 886 2566 laboribus
901 2531 967 2566 erit
975 2536 1233 2577 percepturus:

63 2579 168 2616 nobis
188 2587 315 2617 contra
339 2578 487 2621 accidit,
522 2585 563 2617 ut
579 2579 644 2616 isto
664 2578 835 2626 praefandi
861 2591 1034 2621 munere,
1059 2579 1145 2617 licet
1174 2580 1235 2616 ali-

89 2628 211 2666 uando
232 2628 445 2670 necessario,
472 2629 615 2677 ingrato
632 2635 754 2664 tamen
779 2634 821 2665 ut
843 2627 1043 2676 plurimum
1062 2629 1099 2665 &
1119 2629 1235 2667 mole-

63 2640 134 2720 30,
164 2676 256 2715 reste
284 2689 403 2715 carere
430 2676 530 2725 posse
548 2677 763 2714 videremur.
814 2677 1031 2715 Communis
1059 2678 1233 2716 nimirum

63 2726 112 2764 est
135 2726 427 2777 &vulgatiffimae
447 2727 703 2775 expettationis
725 2738 854 2764 eorum
878 2738 1007 2775 opera,
1039 2728 1101 2775 qui
1122 2727 1234 2765 THE-

65 2786 247 2814 SAURUM
270 2775 599 2815 LAT1N1TAT18
626 2776 854 2814 meditantur.
905 2776 1027 2814 Nemo
1058 2777 1156 2814 enim
1185 2778 1233 2815 est

64 2826 102 2862 in
128 2825 238 2862 literis
257 2826 488 2863 mediocriter
508 2825 681 2868 versatus,
710 2827 772 2875 qui
797 2837 875 2863 non
890 2827 988 2873 juxta
1013 2837 1098 2863 cum
1115 2826 1233 2864 erudi-

62 2873 197 2911 tissimis
213 2875 460 2923 postulaverit,
489 2882 531 2912 ut
552 2888 612 2918 ea,
640 2887 719 2924 quae
737 2877 776 2912 in
794 2875 971 2913 Veterum
986 2875 1085 2913 libris
1104 2874 1231 2914 Latine

65 2921 101 2961 ἃ
120 2924 300 2974 eleganter
321 2924 490 2963 dicuntur
503 2953 513 2967 ‚
540 2924 600 2962 hic
622 2932 784 2962 accurate
802 2924 839 2961 ἃ
861 2924 1018 2961 distinete
1035 2925 1229 2963 tradantur.

62 2973 190 3011 Evolvi
211 2973 502 3012 Commentarios
529 2986 607 3011 non
632 2974 770 3022 semper
789 2973 1088 3023 exquisitiffimam
1108 2974 1231 3012 lecffio-

62 3024 116 3060 nis
137 3023 399 3070 jucunditatem
425 3024 669 3072 praeferente8‚
696 3036 816 3074 neque
842 3024 999 3061 minimae
1022 3034 1162 3071 operae,
1193 3026 1230 3062 Sc

88 3071 237 3121 uicquid
253 3072 338 3110 inde
357 3072 402 3109 ad
419 3072 609 3122 publicum
625 3072 728 3111 usum
749 3072 903 3121 proferri
914 3071 1034 3120 pOffit‚
1063 3074 1227 3122 excerpi:

62 3085 231 3161 gonferri
252 3120 450 3160 lettionurn
470 3124 673 3164 varietates,
702 3133 884 3172 unamque
907 3134 925 3158 e
947 3123 1072 3159 ceteris
1093 3121 1228 3170 potiffi-

62 3183 165 3210 mum
187 3170 342 3213 desumi,
372 3183 451 3221 quae
471 3170 544 3209 sola
566 3184 621 3208 res
646 3173 771 3220 quanti
786 3171 827 3209 fit
848 3169 1020 3209 stomachi
1045 3171 1081 3208 &
1099 3171 1229 3209 sollici-

62 3219 195 3259 tudinis
221 3226 378 3262 norunt,
416 3222 479 3269 qui
503 3221 542 3257 in
563 3233 603 3257 ea
629 3221 784 3268 palaestra
811 3228 1046 3263 exercentur,
1075 3220 1229 3259 Critico-

63 3281 144 3308 rum
165 3269 246 3315 filii3
281 3268 358 3306 haec
379 3270 503 3307 omnia
517 3281 603 3307 cum
622 3281 698 3307 non
718 3269 786 3307 sint
810 3270 1028 3319 quotidianae
1053 3281 1172 3318 operae
1192 3271 1228 3308 δε

63 3319 194 3357 laboris
208 3345 218 3361 ,
245 3317 336 3356 adeo
355 3325 476 3356 tamen
498 3320 705 3357 communis
726 3319 770 3356 de
788 3320 829 3355 iis
843 3319 994 3357 invaluit
1012 3321 1159 3368 opinio,
1187 3326 1230 3356 ut

64 3367 196 3407 etiamst
221 3373 441 3411 taceremus,
469 3368 507 3405 id
535 3368 651 3406 omne
667 3381 687 3406 a
710 3370 818 3407 nobis
847 3368 1044 3418 perfestum
1072 3367 1138 3406 esse
1159 3368 1228 3406 cla-

64 3425 176 3457 maret
196 3419 314 3465 operis
336 3419 426 3454 ratio
449 3417 484 3454 &
501 3418 658 3455 instituti.
696 3456 697 3461 ,

135 3467 265 3516 Neque
284 3466 464 3504 credimus
483 3467 526 3504 id
542 3467 701 3505 muneris
719 3468 856 3505 anobis
880 3468 996 3517 exigi,
1025 3466 1127 3517 quod
1149 3465 1228 3505 vul-

61 3529 129 3567 gus
148 3516 339 3555 Editorum
366 3515 469 3559 facit,
496 3523 538 3554 ut
555 3515 761 3563 hujusmodi
782 3517 949 3554 laborum
967 3516 1047 3554 usus
1072 3518 1108 3554 δε
1127 3528 1228 3554 com-

64 3566 253 3605 moditates
271 3566 457 3613 praeconio
478 3566 600 3603 nostro
629 3566 942 3603 commendentur.
993 3565 1035 3606 In
1065 3578 1110 3603 eo
1133 3577 1227 3615 pene

65 3617 113 3653 est
131 3628 171 3653 ea
192 3627 257 3657 res,
281 3621 320 3652 ut
342 3615 412 3661 jam
439 3626 518 3652 non
535 3614 645 3656 doceri,
679 3615 817 3652 nedum
839 3618 956 3655 ornari,
984 3615 1224 3662 postulaverit.

65 3665 142 3712 Qui
162 3665 278 3702 literas
304 3670 460 3705 norunt,
489 3663 564 3702 haec
582 3663 766 3702 literarum
790 3664 1004 3702 adminicula
1026 3671 1164 3703 norunt
1190 3665 1227 3701 &

64 3716 216 3753 fatentur
242 3713 350 3751 ultro.
401 3713 545 3758 Quibus
569 3712 724 3751 subsidiis
752 3726 828 3751 nun
856 3725 940 3750 uam
973 3713 1046 3750 fere
1081 3712 1226 3751 caruisse

62 3764 264 3808 Romanam
286 3761 548 3804 eruditionem,
577 3762 615 3799 id
628 3763 791 3811 profet‘co
814 3764 825 3799 i
856 3774 956 3799 arum
974 3762 1158 3800 literarum
1178 3763 1228 3799 se-

61 3811 224 3855 licitatls‚
253 3811 289 3849 &
306 3811 410 3859 hujus
430 3813 482 3848 rei
506 3823 616 3860 quam
638 3812 828 3854 volumus,
867 3810 991 3849 illustri
1011 3818 1227 3861 argumento

94 3899 142 3935 [a]
169 3898 203 3928 In
224 3895 419 3927 Differtatione
441 3897 477 3927 de
501 3896 610 3929 Lexicis
642 3897 768 3933 Latinis,
800 3898 829 3927 in
852 3897 981 3935 append.
1013 3897 1050 3928 ad
1079 3897 1222 3930 Analedta.

98 3937 145 3974 [b]
171 3935 203 3967 In
222 3933 332 3967 Dissert.
357 3936 394 3966 de
416 3935 534 3966 Lexicis.
672 3936 717 3972 [c]
755 3936 788 3966 ln
806 3934 986 3975 Poly-histem.

1290 1988 1358 2047 effe
1382 1990 1496 2040 poffit.
1546 1993 1643 2034 Nam
1664 1998 1817 2036 uticum
1845 1996 2007 2035 nascente
2040 1997 2113 2035 fere
2134 1995 2341 2042 Latinitate,
2371 2001 2454 2037 emi-

1290 2047 1375 2096 cuit⁴
1386 2053 1457 2078 una
1477 2043 1513 2079 Sc
1537 2054 1638 2083 enata
1656 2048 1703 2084 est
1723 2046 1981 2084 Gloffariorum
1998 2046 2147 2092 servium
2173 2049 2220 2084 ita
2237 2060 2320 2085 cum
2337 2051 2454 2097 vigen-

1288 2095 1323 2125 te
1343 2092 1504 2147 vigebat‚
1535 2094 1726 2144 collapsam
1748 2098 1878 2144 pariter
1898 2097 1933 2133 &
1953 2096 2083 2133 deinde
2109 2095 2349 2135 renascentem
2363 2126 2372 2140 ‚
2402 2111 2456 2135 εει-

1290 2138 1375 2176 dem
1400 2147 1569 2191 utrinque
1602 2143 1671 2182 fide
1704 2147 1741 2183 <Sc
1779 2146 1923 2182 fortuna
1955 2147 2132 2183 continuo
2165 2146 2452 2195 prosequebatur.

1290 2186 1423 2226 Graecae
1433 2190 1620 2231 literaturae
1635 2202 1761 2232 contra
1776 2194 1905 2232 accidit
1916 2222 1924 2236 ‚
1948 2202 1989 2232 ut
1999 2223 2007 2237 ‚
2033 2197 2194 2244 quamvis
2211 2195 2321 2233 hodie
2334 2208 2351 2232 a
2365 2208 2455 2233 non-

1287 2237 1417 2280 nullis,
1445 2236 1657 2325 pauciffimis
1682 2244 1785 2286 licet,
1811 2242 2052 2281 studiofiffime
2068 2244 2209 2281 colatur
2233 2246 2268 2282 &
2284 2247 2454 2294 percipia-

1289 2293 1347 2324 tur
1374 2299 1456 2325 exac
1473 2288 1598 2333 iffime‚
1628 2305 1708 2330 eam
1728 2300 1850 2330 tamen
1876 2294 2060 2330 fort-unam
2090 2293 2233 2331 aliunde
2261 2296 2451 2343 acciperet,

1285 2348 1365 2373 non
1391 2349 1435 2374 ex
1453 2340 1660 2379 nostrorum
1680 2343 1875 2379 hominum
1895 2343 1933 2378 in
1954 2342 2138 2379 vocabulis
2165 2343 2381 2392 explicandis
2403 2344 2455 2381 di-

1286 2385 1523 2437 gerendisque
1541 2389 1668 2428 studio.
1718 2392 1805 2429 Sero
1829 2391 1997 2440 quidem,
2027 2399 2201 2440 quantum
2214 2404 2258 2430 ex
2278 2393 2386 2430 literis
2401 2405 2455 2432 ao-

1289 2436 1471 2482 cepimus,
1499 2437 1544 2474 ad
1563 2438 1601 2476 id
1623 2442 1782 2478 muneris
1810 2439 1948 2477 acceffit
1975 2440 2112 2478 G-raecia
2137 2442 2280 2490 antiqua
2296 2471 2305 2485 ‚
2334 2444 2456 2480 animo

1314 2483 1384 2521 uafi
1412 2485 1479 2522 suae
1501 2487 1633 2536 linguae
1659 2490 1821 2528 fortunas
1851 2501 1929 2526 non
1956 2490 2081 2527 stantes
2115 2490 2290 2534 ornandi,
2318 2491 2376 2529 sed
2404 2492 2456 2528 su-

1317 2534 1463 2571 entandi
1488 2535 1734 2576 declinaturas.
1781 2539 1829 2576 At
1856 2539 1919 2576 ubi
1952 2541 1989 2575 in
2012 2551 2092 2576 eam
2118 2541 2237 2587 operis
2262 2548 2401 2589 partem
2422 2540 2456 2577 se

1285 2584 1424 2631 recepit
1441 2584 1542 2620 Schola
1566 2587 1793 2625 Alexandrina,
1822 2588 1858 2624 &
1881 2588 2112 2626 excultiffima
2135 2600 2284 2638 quaeque
2313 2591 2454 2637 ingenia

1286 2632 1324 2668 in
1349 2644 1394 2669 eo
1421 2645 1571 2673 munere
1591 2639 1772 2679 exercuit,
1799 2637 1933 2674 mirum
1967 2639 2016 2674 est
2046 2637 2174 2674 deinde
2203 2638 2248 2675 ad
2281 2636 2452 2688 quantum

1284 2682 1551 2721 incrementum
1572 2686 1768 2724 istiusmodi
1792 2685 1974 2734 disciplina
2003 2693 2076 2724 erat
2101 2687 2278 2734 perducta.
2329 2687 2382 2726 Ex
2407 2699 2452 2725 eo

1283 2730 1386 2768 fonte
1410 2732 1516 2770 rivuli
1545 2734 1622 2771 satis
1651 2735 1741 2785 largi
1770 2734 1814 2772 ad
1834 2735 1952 2772 nostra
1981 2736 2090 2785 usque
2116 2744 2280 2785 tempora
2299 2736 2452 2774 dimana-

1281 2787 1389 2823 runt,
1419 2793 1501 2819 cum
1521 2780 1687 2822 Romana
1704 2785 1850 2823 fortuna
1873 2785 1932 2821 vix
1955 2785 2089 2834 aliquid
2105 2793 2232 2834 praeter
2248 2789 2345 2820 inania
2362 2792 2451 2821 nomi-

1282 2842 1321 2863 na
1346 2830 1453 2868 nobis
1480 2832 1714 2871 reservaverit.
1766 2833 1889 2876 Adeo,
1928 2842 1970 2871 ut
1996 2835 2156 2884 quamvis
2181 2837 2297 2872 neutri
2320 2835 2449 2883 linguae

1282 2878 1393 2916 hodie
1412 2892 1457 2917 ex
1473 2893 1513 2918 ea
1528 2889 1627 2930 parte
1649 2883 1727 2920 satis
1750 2883 1791 2920 fit
1805 2882 2028 2926 consultum,
2057 2891 2196 2921 tantum
2215 2891 2334 2922 tamen
2352 2884 2447 2921 Grae-

1281 2929 1315 2964 ci
1336 2929 1373 2964 in
1396 2932 1661 2979 antiquioribus
1678 2932 1820 2970 Lexicis
1838 2932 2024 2980 praestent,
2054 2940 2227 2983 quantum
2248 2935 2284 2970 in
2304 2932 2447 2970 hodier-

1282 2978 1337 3014 nis
1357 2977 1485 3016 Latini.

1355 3025 1500 3065 Horum
1521 3031 1688 3067 notitiam
1711 3042 1796 3068 cum
1824 3043 1934 3068 nemo
1963 3030 2128 3068 haetenus
2152 3030 2226 3068 satis
2247 3040 2444 3070 accuratam

1280 3076 1428 3124 posteris
1448 3079 1726 3129 commendavit,
1744 3088 1871 3128 praeter
1879 3080 2257 3117 commentatiunculas
2291 3081 2442 3124 uafflam,

1281 3137 1359 3174 quae
1390 3137 1436 3163 ex
1462 3127 1822 3176 BoRR1cu10[a]‚
1862 3129 2110 3168 Bozctmo
2139 3128 2208 3175 [bJ‚
2248 3129 2276 3167 R
2302 3142 2444 3169 onno-

1280 3186 1358 3212 rro
1386 3174 1449 3223 [c]‚
1478 3176 1711 3215 BA1LLET0
1732 3178 1803 3226 [d]‚
1829 3176 2192 3224 &Manrimostl
2219 3179 2440 3223 exciderunt,

1282 3223 1384 3261 satius
1409 3225 1577 3264 duximus
1599 3226 1818 3265 Lexicorum
1836 3226 2048 3265 Latinorum
2067 3227 2247 3264 historiam
2273 3237 2441 3267 contexe-

1280 3285 1338 3315 re,
1369 3286 1477 3323 quam
1498 3274 1680 3314 inutiliora
1701 3276 1904 3325 praefando,
1930 3277 2050 3313 nostro
2075 3276 2154 3311 otio
2183 3276 2219 3312 &
2248 3277 2358 3314 aliena
2380 3288 2441 3326 pa-

1282 3323 1404 3359 tientia
1421 3325 1527 3362 abuti.
1576 3326 1630 3362 Ab
1650 3327 1691 3362 iis
1704 3328 1811 3375 igitur
1831 3325 1972 3362 dicendi
1984 3326 2124 3360 initium
2136 3324 2311 3363 sumemus
2324 3355 2332 3368 ‚
2363 3339 2440 3376 quae

1279 3373 1396 3419 prima
1415 3374 1452 3410 in
1477 3374 1596 3411 lucem
1618 3374 1677 3412 sub
1707 3375 1866 3423 auspiciis
1897 3373 2160 3421 Typographiae
2186 3375 2373 3422 prodiere,
2400 3383 2441 3413 ut

1279 3420 1415 3470 singula
1436 3423 1702 3470 perlustrantes,
1732 3424 1860 3473 quibus
1880 3422 2084 3471 primordiis
2099 3425 2250 3470 coeperit
2265 3436 2319 3460 res
2336 3424 2439 3462 Lexi-

1282 3482 1341 3512 ca,
1372 3473 1500 3519 quibus
1530 3474 1726 3510 rationibus
1761 3472 1977 3512 adoleverit,
2018 3479 2123 3520 atque
2158 3471 2202 3508 ad
2229 3472 2321 3509 hanc
2344 3473 2437 3522 quasi

1279 3522 1521 3558 maturitatem
1545 3524 1763 3569 pervenerit,
1802 3521 1952 3558 aliorum
1983 3519 2173 3558 hominum
2194 3522 2231 3556 in
2250 3522 2303 3557 his
2328 3522 2435 3558 literis

1280 3569 1489 3607 excolendis
1512 3571 1622 3608 studia
1645 3573 1838 3608 excitemus
1856 3597 1865 3610 ,
1902 3581 2051 3618 quarum
2077 3568 2229 3606 sublidiis
2252 3571 2436 3619 invigilare

1280 3629 1358 3654 non
1378 3619 1567 3668 dedignata
1589 3621 1636 3657 est
1651 3622 1875 3667 optimorum
1894 3617 2086 3655 hominum
2109 3618 2292 3655 industria:
2323 3631 2434 3667 pauca

1279 3666 1479 3706 admodum
1499 3669 1543 3705 de
1570 3668 1838 3710 VocabulariiS,
1867 3666 2067 3709 Gloffariis,
2096 3667 2285 3715 ceterisque
2310 3668 2346 3704 id
2374 3680 2435 3716 ge-

1279 3727 1345 3752 nus
1363 3719 1614 3754 intertexentes
1629 3746 1638 3759 ,
1668 3716 1729 3754 nifi
1746 3723 1917 3765 quantum
1930 3716 1974 3753 ad
1995 3717 2140 3753 instituti
2157 3717 2332 3754 rationem
2348 3729 2433 3755 con-

1278 3764 1370 3803 ferre
1390 3767 1556 3804 videatur.

1829 3827 1847 3852 a
2358 3812 2389 3851 C
2398 3824 2433 3849 A·

1407 3909 1520 3939 agament
1541 3903 1580 3929 dvx
1599 3905 1712 3935 Sfavans
1731 3903 1798 3928 Tem.
1819 3911 1844 3931 2.
1870 3898 1989 3938 troififl'me
2004 3904 2072 3935 part.

1317 3901 1364 3976 {53
1384 3899 1421 3970 ᾗ
1433 3939 1537 3970 Praefat.
1550 3940 1586 3970 ad
1596 3939 1690 3970 Lexic.
1705 3938 1843 3979 Philolog-
