2600 4177
145 202 250 234 interea
259 212 389 240 magnum
400 201 436 231 sol
445 200 669 231 circumvolvitur
681 212 783 232 annum
791 222 800 239 ,

148 243 180 271 Et
191 242 311 278 glacialis
325 241 411 269 hiems
423 239 601 275 Aquilonibus
610 237 716 277 asperat
728 241 824 269 undas.

34 276 382 311 Craeumvotfiroa,
404 273 649 313 [ωὲυινλίνδὶμω]
669 278 716 306 ari.
740 277 805 306 Plin.
822 276 870 306 lib.
885 281 911 309 8.
932 286 993 316 cap.
1010 287 1051 312 17.
1081 278 1180 308 Ferant

66 324 131 344 vero
141 315 361 344 circumvolutari
373 325 428 343 non
441 314 526 343 dubie
541 313 728 343 blandientem
741 337 748 350 ,
771 315 823 344 sese
833 316 1039 345 conflictantem
1051 325 1180 352 moerore,

70 354 116 388 qui
129 354 210 382 etiam
221 353 248 381 in
258 353 391 389 panthera
402 352 519 388 intelligi
535 351 632 389 posset.
673 352 714 381 De
725 354 867 390 panthera.

33 384 160 424 Ciacuo,
180 392 229 418 ire.
270 389 298 419 ln
321 399 521 418 CiRCUMEO.

34 426 95 457 Cri<
106 437 148 456 cu
159 437 187 461 s,
203 428 221 455 i.
243 436 279 455 m.
303 427 403 456 dicitur
423 428 432 460 (
447 426 537 463 inquit
547 426 676 461 Nonius)
699 427 799 455 Omnis
812 426 930 456 ambitus
939 426 983 456 vel
998 436 1088 464 cyrus.

69 463 164 494 Circus
192 464 323 500 [nieman
338 461 437 495 ὶππυεέν
455 462 570 499 ἳὲατςον]
590 472 647 493 erat
670 465 756 493 Locus
768 465 947 497 orbicularis,
963 465 1071 499 lonpior
1086 471 1182 493 tamen

87 512 169 538 quam
178 501 268 536 latior,
289 501 414 530 multosh
427 501 503 530 =bens
513 502 622 539 gradus,
644 502 777 541 inquibus
789 502 1026 538 ludosspeclzituri
1041 503 1181 531 sedebant.

86 539 226 570 institutus
241 540 360 576 primum
373 540 425 568 fuit
445 539 624 576 aTarquinio
640 540 725 568 l'rilco
740 541 773 567 ad
786 540 965 568 celebrandos
979 540 1072 575 ludos,
1097 541 1141 576 qui
1155 542 1183 568 in

85 577 207 608 Deorum
221 574 354 605 honorem
365 599 372 610 ,
393 577 577 613 Tcniplorum
591 577 772 614 locorumque
783 577 958 614 publicorum
975 578 1183 607 dedicationem

86 615 197 644 fiebant.
220 613 250 643 ln
269 624 301 643 eo
313 616 383 643 varia
400 615 523 644 exhibita
532 615 643 644 fuerunt
655 616 815 649 certamina,
827 615 883 644 scil.
898 615 1051 652 Equestria,
1067 615 1183 651 curulia,

87 652 257 682 venationes.
286 652 328 681 De
338 653 506 689 equestribus
518 653 600 683 Ovid.
611 664 635 687 4.
650 652 716 682 Fast.
732 661 793 687 39¹-

160 690 255 719 Circus
269 690 321 718 erit
335 700 439 728 pompa
449 691 559 720 celeber
571 713 578 725 ,
601 699 773 726 numeroque
786 689 906 718 Deorum
920 698 926 718 :

196 727 341 764 Primaque
352 728 469 757 ventolis
482 728 571 765 palma
589 735 698 765 petetur
719 727 806 763 equis.
907 727 949 755 De
967 726 1111 756 curulibus
1127 725 1184 763 agit

86 763 156 794 Plin.
169 770 194 798 8.
207 775 252 800 42.
277 766 348 794 Nam
369 767 396 794 in
415 768 489 795 circo
508 766 543 795 ad
562 766 753 800 cun-usjuncti
769 764 831 801 equi
843 774 899 793 non
912 766 996 793 dubie
1009 764 1184 794 intelludium

87 801 286 831 adhortationis
303 804 328 832 ἃ
347 803 439 840 gloria:
455 805 587 833 fatentur.
628 804 792 832 venationes
811 804 838 830 in
861 803 935 831 circo
952 802 1030 831 suiffe
1043 802 1104 831 satis
1123 812 1184 840 pro-

85 839 152 868 bant
162 839 243 869 Gellii
259 840 341 869 verba
356 853 377 877 ς.
393 852 434 876 14.
460 842 490 870 ln
502 841 583 871 Circo
600 841 722 870 maximo
737 840 891 869 venationis
905 840 1075 877 aniplill'ima:
1090 849 1183 877 pugna

87 876 192 914 populo
217 877 342 907 dabatur.
397 879 477 916 [Sed
492 880 598 909 eaedem
620 880 647 908 ἃ
676 879 704 906 in
727 877 936 913 Amphitheatro
956 878 1026 915 sa‘pe
1043 877 1183 907 exhibitae.

84 911 119 944 V.
140 925 157 944 v
169 924 213 944 ΕΝ
224 925 271 944 AT
283 926 325 945 ιο.
367 916 511 954 perperam
529 923 621 946 autem
636 916 681 945 hic
702 915 839 950 Equestria
849 916 999 944 certamina
1015 916 1117 944 Ovidio
1127 924 1186 944 nie-

87 959 208 988 morata,
230 963 245 982 a
261 953 410 983 Curulibus
429 955 580 992 distinguit.
617 954 653 983 de
674 953 834 983 Desultoriis
852 953 947 989 equis,
969 953 1015 990 qui
1033 955 1059 983 &
1079 954 1109 982 in
1128 954 1185 983 Cir-

87 1000 120 1020 co
141 990 287 1021 dabantur.
328 992 358 1020 V.
379 992 396 1020 s
414 992 440 1021 l..
451 993 480 1021 in
494 1002 512 1021 D
524 1000 577 1021 Esl
588 1003 604 1020 ι,
615 1003 624 1020 ι
635 1002 660 1020 ο.
684 993 709 1021 &
726 991 797 1020 infra
812 1000 846 1019 ex
857 990 968 1020 llidoro.

68 1027 163 1058 Circus
179 1028 236 1057 Soli
253 1029 442 1067 principaliter
457 1029 631 1059 consecratus
646 1029 682 1058 est
701 1038 716 1058 a
736 1028 850 1066 Paganis
865 1050 873 1064 ,
896 1029 975 1064 cujus
995 1028 1067 1057 aedes
1087 1028 1182 1057 medio

86 1065 190 1103 spatio,
212 1068 238 1095 ἅτ
256 1067 359 1104 effigies
376 1068 412 1097 de
431 1068 538 1105 fastigio
550 1067 616 1097 aedis
634 1068 755 1101 emicat,
776 1066 852 1103 quod
863 1067 991 1095 nonnulli
1004 1073 1182 1104 putaverunt,

81 1101 133 1134 *sub
149 1104 223 1133 tecto
243 1105 478 1135 consecrandum:
500 1115 582 1141 quem
595 1106 624 1134 in
640 1112 736 1142 aperto
758 1103 871 1133 habent.
912 1104 954 1133 Est
971 1112 1064 1133 autem
1077 1104 1183 1139 Circus,

87 1141 180 1171 Omne
198 1141 267 1171 illud
287 1142 403 1180 spatium
419 1143 494 1181 quod
513 1143 629 1173 circuire
648 1144 711 1179 equi
733 1140 829 1171 solent.
852 1142 927 1171 hunc
943 1142 1062 1171 Romani
1078 1142 1185 1171 dietum

85 1187 185 1218 putant
199 1189 213 1208 a
227 1180 350 1210 Circuitu
368 1191 520 1218 equorum,
541 1191 576 1210 eo
595 1181 671 1219 quod
691 1181 729 1208 ibi
748 1181 855 1209 circum
873 1187 959 1209 metas
976 1180 1039 1217 equi
1054 1185 1183 1209 currant:

86 1218 174 1246 Graeci
190 1227 255 1247 vero
272 1228 287 1247 a
307 1219 385 1247 Circe
408 1219 466 1249 iilia
487 1219 578 1255 Solis,
607 1229 666 1256 quae
687 1219 758 1256 patri
779 1217 826 1247 suo
845 1227 930 1253 genus
947 1218 1002 1247 hoc
1026 1217 1185 1247 certaminis

86 1255 211 1284 instituit.
267 1256 438 1286 Ornanienta
460 1257 553 1291 Circi,
574 1267 648 1291 ova,
669 1262 741 1285 meta
757 1277 764 1289 .
786 1255 939 1290 obeliscus,
964 1265 1065 1285 carcer.
1123 1255 1185 1285 Ova

85 1292 187 1322 honori
206 1292 322 1323 Castoris
343 1296 368 1324 i&
382 1294 501 1325 Pollucis
523 1294 678 1329 ascribunt,
700 1294 747 1331 qui
767 1293 830 1322 illos
850 1303 904 1323 ovo
920 1293 1011 1322 editos
1026 1292 1184 1328 credendo,

87 1330 122 1360 de
136 1340 225 1368 cygno
250 1333 276 1361 Sc
299 1331 368 1366 Jove
396 1342 455 1361 non
477 1332 651 1362 erubescunt.
705 1332 846 1361 Meuium
865 1331 1054 1369 appellatione
1072 1331 1185 1369 proprie

87 1369 235 1398 terminum
259 1379 292 1399 ac
309 1369 395 1401 finem
412 1371 511 1400 mundi
534 1370 674 1408 designare
698 1369 819 1404 volunt,
860 1369 895 1399 ab
919 1379 953 1398 eo
983 1369 1058 1406 quod
1086 1369 1186 1405 aliquis

85 1406 212 1436 emensus
231 1406 295 1436 finis
317 1408 375 1444 est,
406 1408 459 1437 five
480 1408 515 1437 ad
534 1408 723 1438 testimonium
744 1406 858 1436 orientis
878 1407 1086 1443 occidentisque
1111 1406 1184 1436 solis.

86 1443 247 1475 obeliscum
270 1445 403 1475 Mefferes
423 1446 462 1482 (l.
478 1446 635 1484 Mephres)
656 1455 704 1475 rex
728 1445 838 1482 ffigypti
860 1445 965 1482 primus
982 1444 1075 1474 fecilse
1097 1445 1184 1474 fertur

84 1481 133 1511 tali
153 1491 188 1512 ex
207 1482 302 1512 causa:
337 1484 433 1520 Quum
463 1485 585 1521 quodam
605 1490 733 1522 tempore
753 1483 833 1513 Nilus
853 1482 975 1512 violenta
998 1483 1184 1512 inundatione

86 1520 236 1558 AEgyptum
251 1521 374 1552 vastaffet
386 1543 394 1557 ,
413 1521 574 1559 indignatus
592 1531 641 1551 rex
653 1544 661 1556 ,
692 1526 824 1559 tanquam
847 1530 944 1558 poenas
961 1531 975 1550 a
993 1520 1109 1550 flumine
1128 1521 1186 1550 exi-

85 1564 175 1596 geret,
196 1557 321 1595 sagittam
337 1560 365 1588 in
386 1560 474 1590 undas
493 1560 572 1589 misit.
595 1570 653 1589 non
672 1559 761 1589 multo
782 1558 842 1596 post
860 1559 934 1596 gravi
952 1559 1111 1588 valetudine
1127 1568 1186 1588 cor·

86 1603 193 1663 reptos,
215 1596 312 1626 lumen
323 1598 426 1627 amisit:
449 1599 496 1636 qui
515 1598 575 1636 post
593 1598 745 1628 caecitatem
766 1596 823 1626 visu
835 1604 950 1634 recepto
966 1597 1036 1626 duos
1049 1596 1186 1625 obeliscos

85 1634 121 1664 So
135 1634 142 1663 i
157 1634 337 1665 consecravit.
358 1636 496 1666 obeliscus
515 1637 591 1666 enim
618 1635 714 1673 sagitta
734 1635 846 1664 dicitur.
880 1635 926 1672 qui
951 1635 1015 1664 ideo
1036 1635 1064 1663 in
1090 1634 1186 1663 medio

85 1672 161 1702 circo
180 1673 312 1710 ponitur,
334 1674 399 1711 quia
416 1684 465 1712 per
481 1675 607 1704 medium
629 1674 767 1703 mundum
791 1672 831 1702 sol
852 1674 945 1702 currit.
978 1673 1072 1702 medio
1091 1679 1185 1701 autem

87 1708 174 1748 spatio
192 1711 226 1739 ab
247 1718 363 1748 utraque
378 1719 451 1742 meta
463 1713 627 1742 constitutus
652 1711 805 1743 obeliscus.
826 1710 963 1748 fastigium
986 1710 1186 1740 summitatem-

87 1758 140 1784 que
158 1748 218 1778 caeli
239 1749 387 1787 significat,
408 1760 494 1788 quum
515 1750 564 1780 Sol
585 1749 620 1779 ab
640 1758 758 1786 utroque
776 1749 864 1786 spatio
882 1749 976 1778 medio
994 1749 1122 1778 horarum
1146 1749 1187 1777 di-

85 1785 213 1816 scrimine
229 1787 406 1818 transcendit.
437 1788 544 1818 summo
565 1787 685 1817 obelisco
702 1786 904 1825 superpositum
927 1787 965 1815 est
988 1787 1121 1823 quiddam
1139 1796 1185 1815 au-

85 1831 194 1858 ratum,
216 1825 245 1854 in
267 1826 384 1855 modum
401 1826 519 1857 flammae
536 1826 702 1855 formatum:
726 1825 858 1861 quoniam
871 1824 918 1854 Sol
937 1824 1088 1862 plurimum
1113 1824 1187 1853 calo-

86 1862 124 1891 ris
143 1868 225 1899 atque
244 1864 317 1900 ignis
334 1864 427 1894 habet.
466 1864 498 1894 ln
512 1865 602 1899 circo,
622 1864 698 1893 unde
716 1864 882 1892 emittuntur
902 1864 983 1899 equi,
1004 1871 1126 1891 carceres
1145 1862 1185 1891 di-

33 1926 36 1930 .
85 1907 204 1936 xerunt,
226 1911 241 1930 a
253 1911 363 1931 carcere
376 1903 422 1939 qui
443 1902 481 1931 est
498 1903 528 1931 in
547 1903 677 1932 civitate:
700 1901 776 1938 quod
789 1923 796 1935 ,
819 1906 850 1929 ut
868 1900 908 1929 ibi
928 1900 1056 1929 homines
1074 1900 1187 1930 damna-

87 1939 127 1971 ti.
149 1946 232 1976 atque
247 1939 363 1976 inclusi,
384 1941 421 1970 ita
439 1939 488 1970 hic
511 1940 576 1978 equi
590 1946 754 1969 coercentur
768 1960 776 1975 ,
796 1947 832 1968 ne
847 1945 948 1967 exeant
967 1944 1030 1968 ante
1049 1948 1130 1975 quam
1155 1938 1186 1966 si-

85 1985 172 2014 gnum
190 1978 328 2007 emittant.
369 1981 416 2008 Ars
432 1978 526 2014 Circi,
553 1978 663 2015 auriga,
694 1979 719 2007 &
740 1986 855 2011 currus,
876 1977 982 2013 equites
1003 1975 1047 2005 vel
1065 1976 1185 2014 pedites.

85 2015 185 2052 aurigae
207 2023 300 2044 autem
318 2016 427 2046 duobus
447 2017 628 2054 (praecipue)
648 2015 789 2045 coloribus
811 2013 889 2049 sunt,
910 2014 1031 2052 prasinus
1052 2016 1078 2044 δι
1104 2024 1188 2043 vene-

86 2057 137 2081 tus.
160 2053 282 2090 prasinus
297 2059 393 2090 terrae,
423 2061 540 2084 venetus
569 2053 639 2083 caelo
658 2055 683 2084 ἃ
708 2053 776 2083 mari
799 2052 944 2082 dedicatus
965 2052 1004 2081 est
1027 2062 1042 2081 a
1063 2052 1187 2090 Paganis.

85 2089 282 2121 Erichthonius
308 2100 420 2127 autem,
452 2093 499 2129 qui
519 2093 643 2130 regnavit
662 2091 777 2121 Athenis
803 2091 929 2128 primus,
964 2098 1082 2128 quatuor
1101 2099 1189 2128 equos

85 2127 201 2166 junxisse
215 2128 317 2164 fertur,
337 2130 406 2160 sicut
421 2129 549 2168 Virgilius
568 2132 664 2160 auctor
681 2130 737 2165 est,
761 2137 784 2164 3.
797 2129 897 2166 Georg.
913 2137 975 2164 ¹¹3-

159 2166 264 2196 Primus
278 2167 471 2198 Erichthonius
483 2178 579 2198 currus
590 2170 616 2198 o&
627 2174 744 2206 quatuor
755 2166 833 2196 ausus

158 2204 278 2242 Jungere
289 2216 392 2243 equos,
413 2206 569 2244 rapidisque
577 2208 644 2235 rotis
657 2206 777 2235 insistere
787 2205 882 2234 victor.
979 2203 1081 2233 Currus
1093 2208 1188 2233 autem.

87 2251 104 2272 a
118 2241 200 2271 Cursu
212 2244 301 2273 dictus
311 2266 320 2279 ,
341 2245 384 2273 vel
404 2246 469 2282 quia
483 2252 554 2273 rotas
567 2243 668 2274 habere
680 2244 806 2273 videtur:
829 2242 906 2272 unde
919 2242 945 2272 &
962 2241 1076 2271 Carrum
1086 2263 1094 2276 ,
1115 2242 1189 2278 quasi

88 2289 216 2310 currum:
241 2282 433 2320 quadrigarum
444 2292 509 2312 vero
519 2292 614 2312 currus
627 2282 733 2320 duplici
743 2290 856 2311 temone
865 2281 933 2309 olim
944 2286 1031 2315 erant,
1043 2288 1191 2317 perpetuo-

89 2327 151 2355 que,
163 2320 188 2348 ἃ
199 2321 274 2356 quod
288 2322 418 2350 omnibus
431 2322 509 2358 equis
519 2322 689 2356 injiceretur,
705 2320 780 2358 iugo.
803 2319 909 2356 primus
918 2318 1064 2347 Ciriitenes
1086 2317 1126 2353 (l.
1139 2318 1191 2347 Eu·-

88 2356 248 2394 rysthenes)
267 2359 414 2396 Sicyonius
423 2366 533 2388 tantum
544 2359 653 2388 medios
661 2358 776 2395 jugavit,
792 2356 884 2394 eisque
899 2356 1018 2393 singulos
1029 2365 1063 2384 ex
1074 2364 1190 2393 utraque

89 2403 165 2432 parte
183 2394 301 2433 simplici
319 2397 431 2426 vinculo
449 2397 609 2435 applicavit.
658 2396 825 2432 Quadrigae,
848 2395 934 2432 bigae,
955 2395 1030 2431 trigae
1043 2415 1050 2428 ,
1072 2393 1189 2431 sejugae,

79 2437 106 2461 'a
126 2442 242 2462 numero
257 2444 391 2471 equorum
416 2436 442 2464 δι
462 2436 528 2473 jugo
550 2435 640 2464 dietae.
663 2444 698 2464 ex
717 2435 819 2471 quibus
840 2433 987 2470 quadrigas
1007 2431 1085 2466 Soli,
1116 2432 1193 2469 bigas

89 2468 188 2505 Lunae,
215 2472 297 2509 trigas
315 2473 429 2508 inferis,
459 2473 565 2510 sejugas
584 2472 667 2508 Jovi,
699 2471 853 2501 desultores
873 2471 1001 2499 Lucifero
1022 2471 1048 2499 ὃ(
1068 2469 1191 2508 Hespero

87 2507 268 2539 sacraverunt.
309 2511 465 2548 Quadrigas
476 2511 541 2540 ideo
560 2511 618 2540 Soli
641 2511 780 2547 jungunt,
800 2510 863 2546 quia
884 2518 934 2546 per
952 2516 1069 2545 quatuor
1080 2515 1136 2537 tem
1161 2518 1192 2537 o-

70 2555 117 2576 Ἰιἐι
131 2557 218 2576 annus
240 2550 375 2584 vertitur,
396 2559 460 2584 ver,
482 2551 616 2584 aestatem,
638 2556 823 2582 autumnum,
845 2548 870 2576 ἃ
886 2547 1026 2575 hiemem:
1050 2545 1124 2584 bigas
1158 2556 1189 2576 u-

86 2593 144 2621 nae,
165 2588 298 2621 quoniam
313 2588 431 2623 »gemino
458 2587 535 2616 cursu
551 2596 616 2617 cum
632 2586 697 2615 Sole
718 2585 882 2619 contendit,
902 2584 958 2614 five
978 2585 1042 2621 quia
1058 2585 1084 2614 ἃ
1107 2586 1191 2614 noete

87 2623 215 2659 videtur,
238 2627 264 2654 ἅ
284 2625 338 2654 die.
361 2628 481 2662 iungunt
500 2626 579 2654 enim
602 2635 690 2654 unum
708 2633 812 2661 equum
831 2632 958 2660 nigrum,
989 2621 1107 2651 altorum
1127 2632 1194 2652 can-

88 2660 194 2691 didum.
235 2663 333 2700 Trigas
351 2663 403 2693 diis
420 2663 531 2693 inferis:
562 2663 626 2701 quia
653 2662 682 2691 hi
702 2672 751 2699 pet
768 2669 823 2690 tres
843 2668 936 2690 aetates
961 2660 1091 2689 homines
1111 2660 1146 2690 ad
1164 2660 1192 2690 se

88 2700 216 2736 rapiunt,
237 2701 266 2730 id
285 2701 324 2730 est
333 2711 383 2738 per
397 2702 560 2736 infantiam,
580 2701 773 2737 juventutem,
796 2699 980 2728 senestutem:
1003 2699 1119 2736 Sejugae,
1133 2708 1191 2728 ma-

65 2744 67 2749 ’
89 2737 181 2767 ximus
196 2748 291 2768 currus
303 2761 311 2775 ,
332 2739 410 2775 Jovi:
432 2746 581 2778 propterea
598 2739 675 2774 quod
695 2738 848 2767 maximum
867 2737 984 2766 deorum
1004 2735 1115 2766 suorum
1128 2746 1194 2766 eum

89 2774 141 2804 effe
156 2777 282 2806 credunt.
324 2778 437 2815 Septem
464 2777 551 2815 spatia
578 2777 717 2814 quadriga:
742 2781 874 2810 currunt,
901 2775 1052 2804 referentes
1082 2774 1138 2804 hoc
1157 2775 1193 2804 ad

36 2843 40 2854 Ι
89 2812 195 2842 cursum
212 2813 318 2853 septem
338 2815 496 2851 stellarum,
518 2814 617 2853 quibus
635 2814 775 2844 mundum
794 2814 853 2850 regi
870 2813 987 2848 dicunt,
1008 2812 1061 2841 five
1081 2813 1117 2841 ad
1131 2823 1193 2842 cur-

87 2849 146 2880 sum
163 2851 269 2890 septem
287 2853 397 2883 dierum
414 2854 592 2890 potentium,
621 2853 722 2891 quibus
742 2853 860 2890 peractis
883 2852 946 2880 vitae
969 2851 1105 2880 terminus
1126 2861 1194 2880 con-

0 2892 6 2906 ’
48 2911 49 2914 =
69 2887 252 2927 ‚summatur,
273 2897 390 2928 quorum
408 2892 472 2922 finis
491 2892 529 2921 est
551 2898 644 2926 creta,
672 2891 701 2919 id
723 2892 760 2920 eit
775 2890 928 2926 Judicium.
974 2888 1056 2918 Porro
1083 2890 1193 2926 equites

5 2951 8 2961 ,
38 2947 41 2950 ⁴
87 2925 236 2964 fingulares
251 2929 316 2959 ideo
334 2940 443 2960 currere
463 2930 583 2964 dicunt,
605 2930 668 2967 quia
689 2928 860 2966 singulariter
876 2925 1061 2963 unusquisque
1081 2927 1192 2957 cursum

88 2965 149 2994 vitae
170 2965 251 3002 hujus
270 2968 392 3005 peragit,
416 2975 499 3006 atque
518 2967 629 3002 transit,
651 2966 721 2996 alius
736 2965 791 2996 alio
813 2972 938 3003 tempore
961 2964 1076 3001 sequens
1095 2964 1191 3002 aliurn,

27 3018 41 3044 ῃ
76 3011 135 3040 *per
154 3013 238 3034 unam
256 3012 349 3035 tamen
363 3007 436 3036 viam
457 3004 633 3035 mortalitatis
652 3005 736 3042 usque
755 3004 790 3033 ad
809 3003 950 3041 propriam
966 3009 1069 3031 nietam
1084 3004 1190 3034 mortis.

27 3047 31 3058 *
88 3040 247 3073 Desultores
264 3045 420 3080 nominati,
437 3044 513 3081 quod
534 3043 604 3073 olim
616 3065 624 3077 ,
644 3049 729 3081 prout
743 3041 856 3079 quisque
879 3041 914 3070 ad
931 3040 1016 3083 finem
1035 3040 1128 3070 cursus
1146 3051 1192 3070 ve-

89 3085 181 3116 nerat,
204 3081 364 3118 desiliebat,
386 3084 412 3113 Sc
434 3082 579 3117 currebat,
599 3081 652 3111 sive
669 3082 704 3110 de
725 3089 797 3118 equo
816 3080 845 3110 in
866 3087 971 3116 equum
987 3085 1088 3108 iterum
1101 3079 1194 3108 transi-

88 3113 179 3148 liebat.
220 3119 329 3150 Pedites
347 3127 442 3150 autem
460 3120 539 3150 aiunt
560 3126 708 3158 propterea
728 3118 802 3156 pede
823 3126 953 3152 currere,
982 3116 1048 3153 quia
1070 3117 1192 3154 pedibus

90 3157 205 3198 curritur
220 3158 393 3188 mortalitati.
427 3157 463 3187 ob
486 3157 543 3188 hoc
561 3168 577 3187 a
602 3157 742 3196 superiore
758 3162 836 3194 parte
857 3160 970 3184 currunt
984 3154 1019 3183 ad
1039 3155 1171 3184 inferiora
1183 3176 1192 3191 ,

88 3192 118 3222 id
136 3194 174 3223 est
191 3195 225 3224 ab
244 3196 360 3226 Oriente
378 3197 414 3227 ad
432 3196 620 3227 Occidentem
632 3217 640 3230 ,
671 3197 735 3232 quia
751 3193 881 3223 mortales
899 3193 1045 3228 oriuntur,
1074 3194 1099 3222 ἃ
1116 3193 1194 3222 occi-

28 3260 33 3265 ,.
88 3229 166 3261 dunt.
204 3233 281 3263 Nudi
301 3244 436 3270 currunt,
457 3235 522 3272 quia
543 3236 570 3264 &
591 3233 701 3263 homini
722 3233 751 3261 in
772 3231 864 3261 seculo
882 3229 966 3260 nullae
983 3230 1105 3267 reliquiae
1117 3231 1192 3261 sunt.

38 3291 41 3294 .
89 3270 162 3298 recto
175 3269 264 3309 spatio
283 3281 414 3309 currunt,
436 3273 500 3310 quia
515 3272 589 3302 inter
604 3273 689 3302 vitam
709 3272 735 3301 8:
751 3276 870 3299 mortem
887 3267 959 3297 nihil
977 3268 1066 3297 distat.

73 3303 149 3336 Circa
166 3309 269 3339 caussas
281 3320 391 3348 quoque
401 3310 605 3341 elementorum
625 3310 712 3339 iidem
728 3307 854 3338 Gentiles
878 3307 962 3336 etiam
980 3306 1089 3336 colores
1107 3316 1192 3344 equo-

43 3352 48 3370 ἲ
89 3353 149 3375 turn
167 3347 319 3382 junxerunt
343 3349 434 3378 roseos
452 3348 527 3384 Soli,
548 3348 578 3377 id
596 3348 634 3377 est
651 3348 708 3386 igni
722 3369 730 3382 ,
760 3345 838 3376 albos
853 3345 928 3379 aeri,
950 3344 1073 3382 prasinos
1093 3352 1191 3380 terrae,

45 3394 48 3399 ·
90 3390 203 3414 venetos
218 3387 285 3416 mari
304 3386 494 3416 assimilantes.
515 3387 582 3416 item
602 3385 694 3415 roseos
711 3384 795 3415 aestati
813 3393 923 3414 currere
942 3382 1101 3417 voluerunt,
1115 3383 1193 3419 quod

48 3447 51 3450 .
90 3418 163 3458 ignei
179 3423 278 3466 etaloris
295 3424 325 3454 sit
339 3447 347 3459 ,
375 3427 400 3455 ἃ
419 3425 520 3454 cun6ta
538 3431 607 3453 tunc
623 3422 786 3453 flavescant:
826 3421 904 3451 albos
925 3421 1013 3450 hiemi
1024 3442 1038 3463 ,⁵
1062 3422 1139 3458 quod
1160 3421 1193 3450 sit

6 3465 10 3473 ⁴
30 3474 32 3482 ι
91 3459 228 3497 glacialis,
250 3463 275 3491 &
291 3463 439 3500 frigoribus
457 3462 581 3492 universa
598 3461 761 3492 canescant:
785 3461 844 3490 veri
857 3458 977 3497 prasinos
989 3458 1071 3487 viridi
1085 3459 1191 3494 colore,

91 3497 152 3534 quia
165 3505 224 3528 tum
243 3502 393 3539 pampinus
405 3499 542 3530 densatur.
582 3499 654 3530 Item
673 3499 767 3529 roseos
785 3507 895 3528 currere
909 3497 994 3526 Marti
1007 3496 1192 3532 sacraverunt,

36 3571 39 3574 .
66 3565 67 3571 .
91 3543 174 3572 “quo
191 3537 310 3567 Romani
330 3539 512 3574 exoriuntur,
533 3539 559 3568 ἃ
579 3539 644 3576 quia
667 3536 770 3567 vexilla
788 3536 979 3566 Romanorum
1004 3544 1091 3564 cocco
1107 3535 1192 3564 deco-

6 3578 8 3585 ”
48 3592 49 3595 ,
91 3580 200 3610 rantur,
221 3576 274 3605 {ive
289 3577 366 3614 quod
381 3577 457 3607 Mars
477 3576 596 3615 gaudeat
614 3576 757 3613 sanguine.
799 3573 882 3603 Albos
902 3572 1049 3611 zephyris,
1080 3573 1106 3602 ἃ
1123 3571 1193 3602 sere-

6 3611 16 3625 '‘
46 3619 68 3649 ἦ
91 3610 133 3640 nis
152 3614 379 3652 tempestatibus,
400 3615 521 3653 prasinos
531 3614 594 3644 flori
615 3615 640 3643 Sc
658 3621 755 3649 terrae,
768 3618 892 3653 ,venetos
910 3612 986 3653 aquis
1003 3610 1046 3640 vel
1066 3611 1130 3646 aeri,
1143 3611 1191 3648 qui

86 3649 206 3687 Acaeruleo
222 3651 284 3681 sunt
303 3652 420 3683 colore:
442 3652 552 3689 luteos,
574 3651 605 3681 id
617 3652 656 3681 est
672 3660 805 3686 ετοεεοε,
827 3650 882 3687 igni
902 3650 927 3680 62
945 3649 1012 3677 ioli:
1035 3657 1191 3686 purpureos

11 3691 15 3711 ἰ
34 3686 49 3700 “”
91 3683 130 3715 Iri
146 3689 384 3726 sacrificaverunt,
406 3700 489 3729 quem
504 3700 599 3720 arcum
617 3690 737 3719 dicimus
749 3711 757 3724 ,
785 3688 862 3725 quod
882 3687 905 3716 is
927 3686 1064 3724 plurimos
1083 3686 1192 3716 colores

5 3757 18 3763 .,
30 3732 57 3750 ’ω’
92 3722 199 3767 babeat.
212 3727 387 3765 Haec.palsim
397 3730 567 3763 correifta,ex
575 3728 671 3758 Isidori
681 3723 1132 3764 Origin.lib.18-<22p-28‹&seq-ad
1143 3733 1190 3761 42.

6 3784 7 3787 ,
47 3766 55 3785 :⁴
77 3758 154 3791 Circo
174 3766 200 3794 ἃ
215 3764 305 3794 Cavea
320 3788 328 3800 ,
358 3766 417 3796 ludi
437 3767 546 3805 publici
566 3766 653 3796 divifi.
696 3764 754 3794 Cic.
768 3774 794 3794 2.
811 3764 846 3793 de
865 3762 960 3799 Legib.
974 3767 1017 3797 38-
1047 3761 1109 3797 Jam
1132 3762 1193 3792 ludi

34 3806 57 3838 ¹³⁴:
92 3799 216 3836 publici,
238 3804 369 3838 quoniam
387 3804 449 3834 sunt
464 3809 568 3840 cavea,
590 3804 723 3840 circoque
747 3801 825 3832 divisi
839 3823 847 3836 ⁷
869 3800 920 3829 sint
939 3809 1088 3837 corporum
1107 3807 1194 3830 certa-

16 3871 18 3880 :
34 3851 61 3859 ν
94 3837 199 3874 tiones,
220 3840 316 3875 cursu,
341 3843 366 3871 &
381 3842 554 3880 pugilatione
567 3864 575 3878 ,
596 3842 768 3876 luctatione,
790 3837 987 3876 curriculisque
999 3847 1136 3875 equorum
1152 3837 1193 3868 us-

46 3884 54 3894 *
95 3882 146 3912 que
162 3878 197 3907 ad
214 3885 315 3907 certam
333 3880 478 3909 vic‘toriam
493 3881 569 3910 circo
588 3879 764 3910 constitutis:
797 3877 889 3906 Cavea
903 3883 988 3906 cantu
1007 3877 1058 3905 &c.
1082 3875 1194 3906 ubiCa-

2 2034 12 2058 -·-
0 1831 19 2004 οέᾝὙΓ-2Τ
0 1451 15 1820 Ε’ἿΨΡΤνὴῄῐῒῗὛῑωφ
0 1420 6 1438 ““
0 1307 7 1403 ‘'³¹“
0 1282 2 1287 '

1597 122 1625 159 C
1721 121 1737 157 I
1835 118 1865 156 F.

1470 218 1508 227 —--
1520 204 1575 243 ipse
1587 213 1699 234 oni-neni
1713 203 1796 240 longo
1812 203 1949 232 decedere
1965 203 2040 232 circo

1371 240 1492 272 insusum
1505 243 1640 279 populum
1651 265 1657 274 ,
1681 244 1704 271 6.-
1718 251 1832 279 campos
1844 241 1920 273 iubet
1933 241 1985 270 effe
1994 242 2129 278 patentes.

1299 277 1429 307 Serviusl
1452 280 1571 310 Discclsn
1586 279 1683 317 populi
1698 279 1775 315 jubet
1786 278 1843 307 sisri
1855 279 1920 308 circi
1932 288 2046 316 campos
2056 284 2190 316 patentes.

1279 315 1351 346 Lucii
1369 317 1494 346 solennes
1507 319 1582 347 circi.
1605 317 1690 346 Ovid.
1704 328 1727 352 ς.
1742 317 1807 346 Fast.
1822 326 1883 352 <97-

1280 352 1351 383 Ludi
1367 355 1481 383 {tomani
1495 356 1521 384 in
1532 356 1614 384 circo.
1658 355 1716 384 Cic.
1729 364 1754 384 2.
1767 353 1886 391 Philipp.
1903 364 1963 383 iro.
1994 352 2091 382 Nescis
2099 352 2158 382 heri
2171 359 2298 391 quartum
2312 355 2341 383 in
2352 355 2402 384 cir-

1300 401 1333 420 co
1346 392 1421 420 diem
1437 393 1566 421 ludorum
1578 393 1769 423 Romanorum
1782 391 1868 421 fuilsc.

1280 430 1398 464 Anci-ms
1409 431 1517 465 circus,
1538 431 1554 460 i.
1569 440 1593 459 e.
1619 429 1765 467 <panosus
1789 431 1875 459 Ovid.
1893 439 1934 459 12.
1950 429 2017 458 Met.
2037 437 2097 458 τοι.

1280 467 1446 503 Apollinaris
1458 469 1557 496 circus.
1583 468 1770 504 Liv.lib.3.63.
1783 468 1860 497 Idem
1875 477 1908 497 ac
1920 464 2081 503 Flaminius,
2101 472 2133 496 ut
2141 471 2218 504 patet
2227 466 2329 497 collato
2339 476 2398 505 cap.

1303 515 1346 538 5⁴·
1364 511 1434 534 extr.
1457 506 1545 535 eiusd.
1560 506 1631 533 libri.
2197 505 2202 509 ”

1281 541 1374 578 Capax
1389 543 1494 579 populi.
1516 544 1601 571 Ovid.
1617 543 1686 571 1.dc
1698 543 1758 572 llrte
1770 543 1828 573 Am.
1842 545 1904 578 136.

1282 579 1432 609 clamosus.
1457 580 1574 609 Nlartial.
1587 580 1635 608 lib.
1652 591 1692 609 io.
1707 589 1748 613 (3.

1375 616 1424 645 llle
1433 627 1485 651 ego
1496 618 1552 646 snm
1566 619 1684 654 Scor-,ius
1700 617 1810 647 clamosi
1827 617 1912 655 gloria
1934 617 2010 648 circi.
2104 616 2168 647 Fuit
2187 617 2262 647 enim
2283 616 2403 655 Scorpus

1300 655 1393 691 auriga
1405 654 1608 684 celeberrimus.
1637 655 1786 684 Certabant
1799 662 1891 684 autem
1903 656 2003 692 aurigae
2018 655 2047 684 in
2056 655 2140 685 circe.
2163 654 2298 691 Clamosi,
2321 666 2404 694 prop-

1301 698 1343 720 ter
1355 692 1504 721 clamorem
1520 694 1544 722 ἃ
1559 692 1684 729 plausum
1700 693 1796 731 populi
1808 694 1908 730 aurigis
1920 693 2046 723 faventis.

1283 729 1385 759 Fallax.
1408 730 1475 758 Hor.
1489 739 1512 759 1.
1527 731 1613 759 Serni.
1627 734 1652 760 6.
1669 739 1728 763 11³.

1374 767 1512 796 Fallacem
1525 768 1628 797 circum
1641 790 1648 802 ,
1669 767 1910 805 vespertinumque
1928 778 2038 805 pererro

1374 805 1452 842 Szepe
1471 805 1571 834 forum.
1657 805 1770 834 Videtur
1789 806 1939 835 Suburrarn
1963 807 2074 840 dicere,
2096 806 2171 842 quod
2188 806 2246 835 fere
2264 806 2329 836 liora
2348 805 2405 836 sera

1302 841 1415 871 furtivus
1428 852 1469 871 res
1483 843 1572 872 solent
1583 852 1684 871 venum
1698 843 1814 872 deferre.
1839 843 1969 881 Porphyr.
2008 844 2120 879 [lrnmo
2141 842 2233 872 Fallax
2255 846 2345 873 circus
2365 846 2405 874 di-

1302 880 1374 908 citur
1387 901 1394 914 ,
1416 880 1491 917 quod
1504 881 1532 909 in
1544 881 1645 909 eodem
1655 880 1812 916 frequentes
1822 881 1998 910 consisterent
2008 881 2100 910 omnis
2118 882 2224 915 generis
2242 882 2406 919 deceptores

1302 918 1327 946 <St
1341 917 1561 953 Pseudomantae,
1584 918 1629 955 qui
1644 919 1772 947 vaticinia
1784 919 1888 955 quaevis
1905 919 2019 949 credulo
2036 919 2151 958 popello
2171 920 2341 951 vendebant.
2373 920 2405 950 V.

1301 954 1426 990 juvenal.
1439 956 1493 985 Sat.
1508 961 1532 985 6.
1545 966 1569 985 v.
1588 962 1649 988 5532.
1665 958 1690 985 &
1701 956 1753 993 seq.

1288 992 1441 1022 Flaminius
1452 994 1550 1023 circus.
1574 994 1632 1023 Cic.
1650 1003 1672 1022 r.
1685 994 1738 1023 Att.
1756 1003 1797 1029 14.

1281 1029 1441 1061 Maritimus
1454 1032 1544 1061 circus
1554 1031 1629 1069 apud
1643 1031 1786 1061 Hernicos.
1808 1030 1865 1062 Liv.
1880 1042 1906 1068 9.
1919 1041 1963 1068 42.
1976 1036 2047 1061 extr.

1283 1068 1435 1099 Maximus.
1462 1069 1520 1099 Liv.
1539 1079 1561 1098 1.
1579 1079 1623 1103 3<-
1636 1070 1661 1098 ἃ
1674 1078 1716 1106 57.

1281 1105 1415 1144 Rapidus.
1455 1107 1522 1136 Stat.
1535 1116 1558 1142 3.
1573 1107 1638 1136 Silv.
1653 1118 1675 1142 ς.
1692 1117 1735 1144 ις.
1757 1106 1898 1146 Rapidum
1911 1114 1993 1137 vocat
2005 1114 2118 1146 propter
2128 1117 2263 1145 equorum
2273 1108 2377 1141 cursus.

1281 1144 1402 1175 Raucus.
1424 1144 1523 1181 Juven,
1536 1151 1560 1179 8.
1581 1145 1635 1174 Sit.
1653 1154 1695 1180 59.

1375 1183 1574 1212 Siclaudanius
1584 1193 1686 1219 equum
1696 1204 1704 1217 ‚
1725 1182 1800 1212 facili
1809 1183 1853 1212 cui
1870 1182 1989 1221 plurima
2000 1182 2094 1220 palma

1376 1220 1514 1250 Fervet&
1533 1220 1639 1250 exultat
1654 1230 1736 1250 rauco
1748 1221 1864 1250 vietoria
1883 1222 1967 1250 circo.
2065 1221 2178 1259 Rauco,
2212 1222 2229 1251 i.
2242 1232 2264 1251 e.
2299 1223 2407 1253 Sonoro

1301 1264 1415 1296 propter
1428 1259 1580 1288 clamorem
1595 1259 1749 1288 faventium
1762 1259 1977 1288 &incitantium
1987 1266 2129 1288 currentes
2140 1259 2197 1289 illic
2209 1259 2324 1297 aurigas.

1282 1294 1389 1326 Locum
1401 1297 1467 1325 dare
1477 1297 1560 1326 alicui
1574 1297 1600 1325 in
1614 1298 1688 1326 circo
1700 1299 1724 1326 δι
1737 1297 1764 1325 in
1775 1296 1843 1325 soro.
1885 1297 1942 1326 Cic.
1954 1306 2004 1334 pro
2016 1296 2125 1326 Muren.
2143 1307 2187 1334 72.
2212 1298 2246 1327 Ut
2255 1298 2333 1328 locus
2343 1298 2409 1329 &in

1302 1335 1377 1363 circo
1389 1357 1396 1367 .
1418 1335 1484 1364 &in
1497 1335 1558 1364 foro
1569 1335 1678 1364 daretur
1690 1335 1785 1363 amicis
1795 1335 1821 1364 Sc
1833 1334 2001 1364 tribulibus?

1282 1371 1452 1409 Comparare
1471 1373 1598 1402 tabernas
1618 1373 1646 1401 in
1666 1373 1749 1401 circo.
1788 1372 1847 1402 Cic.
1864 1382 1915 1411 pro
1933 1372 2044 1402 Muren.
2068 1380 2113 1408 73.
2146 1372 2223 1409 Quid
2241 1373 2359 1402 statuent
2380 1374 2410 1403 in

1301 1411 1375 1439 viros
1395 1411 1541 1448 primarios
1559 1411 1606 1449 qui
1628 1411 1657 1440 in
1681 1411 1756 1440 circo
1777 1416 1849 1439 totus
1870 1410 1998 1440 tabernas
2024 1409 2169 1440 tribulium
2194 1410 2273 1441 causa
2297 1421 2411 1450 compa-

1305 1450 1421 1477 rarunt‘?

1283 1484 1372 1521 Virgis
1384 1486 1467 1515 caesus
1477 1486 1567 1516 servus
1581 1496 1630 1524 per
1639 1486 1754 1515 circum.
1778 1486 1836 1516 Cic.
1852 1496 1874 1515 1.
1887 1486 1922 1515 de
1938 1485 2030 1515 Divin.
2046 1495 2088 1521 ςς.

1286 1522 1383 1552 Circus
1395 1535 1444 1562 pro
1461 1524 1581 1559 Circulo,
1593 1532 1623 1553 ut
1634 1524 1763 1553 Candens
1774 1525 1875 1558 circus,
1885 1524 1903 1554 i.
1918 1534 1942 1553 e.
1955 1523 2039 1553 Orbis
2048 1523 2257 1553 lat-”teuscicjn
2269 1524 2409 1561 Arat.248.

1284 1561 1405 1591 Elucens
1421 1564 1551 1592 candore.
1594 1563 1650 1591 Cic.
1669 1562 1705 1591 de
1717 1562 1810 1591 Somn.
1828 1563 1902 1600 Scip.
1924 1571 1965 1590 ir.
1989 1562 2054 1598 Quo
2065 1561 2128 1591 loco
2143 1561 2303 1591 Macrobius
2321 1562 2368 1592 lib.
2386 1573 2410 1593 1.

1304 1610 1366 1637 cap.
1383 1610 1423 1634 ις.
1447 1601 1529 1629 Orbis
1542 1601 1588 1629 hic
1604 1623 1610 1635 ,
1633 1601 1725 1636 inquit
1736 1622 1743 1634 ,
1768 1600 1843 1629 idem
1852 1600 1928 1637 quod
1940 1600 2030 1629 circus
2041 1601 2069 1628 in
2080 1599 2171 1629 Lactei
2182 1599 2372 1637 appellatione
2383 1600 2412 1631 fi-

1306 1637 1427 1673 gnificat.
1470 1639 1511 1668 Est
1524 1647 1617 1667 antem
1630 1638 1742 1667 Lacteus
1755 1647 1825 1667 unus
1843 1648 1858 1667 e
1873 1637 1983 1667 circulis
1996 1639 2041 1673 qui
2056 1638 2184 1667 ambiunt
2196 1637 2302 1667 caelum.

1247 1673 1311 1704 Cn<
1321 1686 1338 1704 c
1349 1685 1363 1704 s
1374 1685 1394 1704 N
1405 1686 1416 1705 s
1428 1686 1466 1710 rs,
1478 1687 1502 1706 e.
1510 1677 1568 1711 Adi.
1584 1677 1619 1704 Μ
1630 1677 1734 1705 circum
1746 1677 1900 1713 pertinens,
1911 1675 1956 1705 vel
1968 1675 2055 1712 Quod
2071 1677 2099 1704 in
2113 1677 2187 1705 circo
2198 1675 2282 1705 siebat
2292 1686 2298 1705 :
2310 1682 2351 1711 ut,
2361 1677 2414 1708 Lu.

1285 1713 1312 1742 di
1331 1714 1483 1750 circenses,
1507 1712 1703 1750 [inmo'>=ooe1'oe]
1726 1714 1930 1751 Disponebatur
1949 1722 2042 1742 autem
2067 1714 2157 1743 circus
2180 1715 2208 1742 in
2226 1714 2312 1743 forma
2328 1714 2413 1747 spatii

1283 1751 1414 1788 oblongi:
1447 1754 1471 1781 ἃ
1500 1753 1529 1781 in
1548 1752 1707 1782 summitate
1726 1752 1794 1780 circi
1816 1761 1940 1780 carceres
1968 1758 2046 1780 erant
2057 1774 2063 1785 ,
2095 1752 2171 1781 u'nde
2200 1752 2264 1788 equi
2288 1754 2414 1783 curribus

1285 1790 1374 1826 junt‘li
1390 1790 1424 1819 ad
1437 1790 1546 1820 cursum
1558 1790 1757 1819 movebantur:
1781 1790 1807 1819 δι
1818 1799 1904 1826 quum
1916 1790 1950 1818 ad
1962 1788 2101 1818 summum
2113 1789 2286 1818 devenissent
2295 1812 2303 1825 ,
2325 1790 2415 1821 revol-

1284 1828 1438 1863 vebantur,
1462 1829 1553 1857 donec
1565 1829 1600 1857 ad
1611 1829 1731 1866 priorem
1751 1835 1852 1857 metam
1873 1828 2046 1856 devenirent.
2087 1828 2118 1857 ln
2135 1829 2252 1857 circuitu
2269 1837 2335 1857 vero
2354 1829 2414 1866 spe-

1284 1865 1393 1894 ctacula
1407 1866 1614 1895 aedificabantur
1623 1888 1630 1901 ,
1653 1876 1668 1895 e
1680 1865 1780 1902 quibus
1792 1865 1964 1903 prospec‘tare
1981 1873 2072 1903 patres
2083 1873 2165 1903 atque
2174 1867 2281 1899 equites
2293 1865 2412 1903 possent.

1283 1903 1441 1940 spectacula
1453 1904 1509 1942 ipsa
1521 1926 1529 1939 ,
1551 1904 1602 1933 fori
1615 1903 1835 1941 appellabantur.
1874 1902 1930 1932 Liv.
1948 1913 1969 1932 r.
1987 1913 2029 1937 rc.
2043 1912 2113 1933 extr.
2136 1904 2211 1933 Tum
2228 1905 2347 1940 primum
2362 1906 2416 1934 cir-

1283 1950 1337 1975 co,
1357 1942 1403 1978 qui
1416 1951 1491 1971 nunc
1508 1943 1643 1971 marimus
1659 1942 1769 1976 dicitur,
1792 1941 1949 1978 designatus
1960 1941 2091 1971 estlocus.
2115 1941 2200 1971 divisa
2215 1942 2277 1972 loca
2289 1942 2414 1973 Patribus

1283 1979 1483 2017 Equitibusque
1496 1980 1541 2009 ubi
1555 1980 1710 2018 speetacula
1720 1980 1766 2009 sibi
1778 1979 1892 2017 quisque
1904 1979 2025 2010 faceret:
2047 1980 2100 2010 fori
2118 1980 2261 2018 appellati.
2301 1981 2414 2012 Servius

1283 2017 1313 2046 in
1325 2017 1396 2047 illud
1413 2017 1485 2053 Virg.
1501 2024 1524 2051 8.
1539 2019 1600 2048 OEn.
1613 2022 1674 2051 6³6.

1378 2055 1438 2085 Nec
1452 2057 1549 2089 procul
1560 2057 1626 2085 hinc
1640 2056 1754 2085 Romam
1765 2078 1772 2089 ,
1796 2057 1821 2085 ἃ
1833 2061 1924 2093 raptas
1934 2055 1990 2084 sine
2003 2063 2080 2084 more
2090 2055 2207 2086 Sabinas

1378 2093 1508 2123 Consess'u
1522 2103 1611 2125 cavere
1623 2117 1630 2130 ,
1652 2094 1759 2130 magnis
1771 2093 1946 2122 Circensibus
1958 2094 2026 2122 actis

1378 2131 1538 2161 Addiderat.
1633 2131 1791 2165 Circenses,
1814 2131 1924 2168 inquit,
1947 2131 2002 2159 sine
2017 2130 2159 2160 Ludorum
2171 2132 2329 2168 adJeffione
2343 2155 2350 2167 ,
2372 2134 2416 2164 di.

1285 2168 1322 2198 eti
1340 2168 1383 2198 vel
1400 2179 1415 2198 a
1428 2171 1565 2200 circuitu:
1589 2169 1634 2199 vel
1646 2170 1721 2206 quod
1736 2169 1784 2198 ubi
1799 2179 1875 2198 nunc
1892 2177 1972 2198 metae
1990 2166 2071 2203 sunt,
2093 2169 2160 2198 olim
2173 2170 2256 2207 gladii
2271 2171 2417 2208 poneban-

1284 2213 1328 2236 tur
1344 2217 1412 2244 quos
1423 2208 1617 2237 circumibant.
1640 2207 1751 2237 Similes
1762 2208 1875 2245 ineptiae
1884 2206 2015 2244 leguntur
2026 2207 2099 2245 apud
2113 2207 2202 2236 isidor.
2222 2214 2260 2242 18-
2275 2219 2319 2244 27-
2330 2211 2356 2239 ἃ
2367 2216 2412 2244 28.

1284 2245 1320 2274 iii
1346 2246 1375 2274 in
1396 2245 1534 2275 honorem
1559 2245 1657 2279 Consi,
1680 2245 1727 2274 seu
1756 2245 1878 2283 Neptuni
1907 2243 2056 2282 Equestris,
2077 2244 2296 2276 celebrabantur.
2336 2247 2365 2277 V.
2389 2250 2416 2279 ἅ

1285 2293 1304 2312 c
1314 2293 1361 2349 ostra
1372 2293 1383 2312 s
1394 2294 1412 2312 u
1422 2293 1444 2313 s.
1482 2285 1519 2313 Ac
1530 2284 1565 2313 de
1576 2283 1725 2313 Curulibus
1735 2282 1933 2313 certaminibus
1946 2283 2013 2312 circi
2026 2283 2105 2320 plura
2119 2285 2150 2312 in
2160 2285 2285 2315 diffione
2301 2285 2396 2316 Fastio
2405 2309 2414 2324 ‚

1306 2331 1322 2350 o
1366 2332 1379 2350 r
1391 2331 1409 2350 A
1419 2331 1437 2351 c
1447 2333 1455 2350 i
1465 2331 1491 2351 o.

1283 2331 1452 2426 ἓὲτσεῦῑίὶυτη
1462 2360 1593 2389 ludorum
1605 2358 1709 2397 septem
1722 2364 1800 2388 erant
1811 2358 1947 2388 curricula
1958 2357 2091 2389 solennia.
2113 2359 2183 2389 Gell.
2198 2359 2245 2389 lib.
2262 2369 2286 2398 3.
2302 2371 2413 2400 capro.

1326 2407 1344 2427 x
1382 2406 1487 2427 arrone.

1283 2434 1389 2473 Pompa
1399 2434 1533 2466 Circensis
1543 2435 1613 2471 fuit,
1636 2445 1688 2472 qua
1702 2435 1824 2464 Deorum
1838 2436 1965 2464 oninium
1981 2434 2122 2464 simulacra
2139 2435 2168 2464 iri
2181 2435 2282 2466 thensis
2302 2447 2353 2473 per
2364 2437 2415 2466 cir-

1304 2483 1370 2502 cum
1383 2474 1566 2504 ducebantur.
1590 2474 1667 2503 Suet.
1681 2473 1747 2503 Caes.
1758 2477 1804 2510 76.
1826 2473 1928 2503 Sedem
1940 2473 2089 2503 aureamin
2101 2474 2176 2503 curia
2188 2475 2212 2504 Sc
2225 2484 2276 2512 pro
2291 2474 2415 2505 tribuna-

1304 2510 1340 2547 li,
1362 2511 1485 2541 thensam
1498 2514 1523 2542 &
1533 2511 1670 2541 ferculum
1684 2511 1803 2541 Circensi
1818 2521 1923 2550 pompa
1933 2534 1940 2547 ,
1961 2513 2011 2540 διο.
2045 2511 2075 2540 V.
2098 2521 2166 2540 Pon
2176 2521 2190 2540 i>
2200 2523 2227 2541 A.

1285 2548 1462 2579 Tomentum
1474 2550 1601 2579 Circense
1616 2549 1717 2578 dicitur
1730 2571 1737 2585 ,
1760 2549 1846 2586 Quod
1858 2550 1887 2578 fit
1897 2559 1931 2578 ex
1943 2548 2148 2579 summitatibus
2161 2550 2323 2588 palustrium
2337 2560 2417 2581 arun-

1305 2588 1405 2617 dinum
1419 2587 1551 2617 mollibus
1566 2587 1635 2616 lauae
1646 2587 1799 2616 simillibus.
1825 2587 1944 2617 Martial.
1962 2597 2002 2621 ¹4·
2023 2591 2084 2616 160.

1366 2626 1538 2655 Tomentum
1548 2625 1659 2655 concisa
1674 2626 1754 2663 palus
1766 2624 1893 2655 Circense
1906 2633 2030 2655 vocatur.
2068 2624 2100 2655 V.
2122 2634 2141 2654 'r
2151 2635 2169 2654 c
2181 2636 2201 2654 M
2211 2635 2255 2655 EN
2269 2635 2288 2654 τ
2299 2636 2318 2655 υ
2329 2637 2359 2656 M.

1285 2662 1431 2693 Incurrere
1441 2663 1616 2693 Circensibus
1628 2685 1635 2698 ,
1656 2673 1706 2701 pro
1715 2664 1886 2694 Circensium
1898 2664 2028 2692 ludorum
2039 2663 2094 2693 die.
2134 2663 2166 2693 V.
2188 2675 2198 2692 1
2209 2672 2230 2693 N
2241 2673 2258 2693 c
2270 2674 2312 2693 ua
2321 2675 2338 2693 R
2347 2674 2375 2694 o.

1288 2701 1439 2730 Ludicrum
1449 2701 1583 2731 circense.
1610 2701 1668 2730 Liv.
1682 2701 1730 2730 lib.
1743 2713 1789 2736 4²·
1804 2712 1856 2739 cap
1879 2712 1904 2736 o.

1250 2738 1272 2769 C
1282 2750 1291 2768 r
1302 2749 1316 2767 a
1327 2749 1343 2768 c
1353 2742 1369 2768 ῠ
1379 2751 1395 2768 L
1405 2750 1422 2768 u
1431 2749 1453 2775 s,
1475 2741 1492 2769 i.
1515 2750 1551 2769 m.
1576 2740 1723 2775 [ndnh&]
1745 2740 1861 2769 Planum
1872 2739 2038 2777 peripheria,
2050 2738 2095 2768 seu
2106 2738 2180 2768 linea
2191 2749 2206 2767 a
2216 2745 2313 2769 centro
2326 2749 2413 2775 aequa-

1287 2776 1350 2806 liter
1360 2778 1497 2812 distante,
1517 2777 1760 2815 comprehensum.
1785 2778 1834 2807 Cic
1857 2788 1881 2806 2.
1901 2779 1936 2806 de
1948 2778 2008 2807 Nat.
2029 2779 2108 2806 lleor.
2124 2788 2167 2809 47-
2190 2777 2340 2814 Quumque
2352 2780 2414 2807 duae

1285 2815 1382 2845 formae
1393 2817 1549 2853 praestantes
1560 2816 1610 2844 sint
1621 2837 1629 2851 ,
1650 2825 1684 2844 ex
1699 2814 1794 2845 solidis
1814 2815 1913 2853 globus
1933 2815 1989 2851 (sic
2001 2816 2076 2845 enini
2090 2815 2221 2851 sphaeram
2241 2816 2413 2853 interpretari

1286 2853 1400 2891 placet)
1421 2864 1456 2883 ex
1467 2854 1557 2892 planis
1569 2862 1662 2883 autem
1673 2854 1792 2883 circulus
1801 2863 1850 2883 aut
1863 2854 1938 2883 orbis
1948 2877 1954 2885 ,
1977 2858 2076 2883 m‘mxss'a«
2089 2854 2184 2883 Graece
2197 2853 2306 2882 dicitur.

1288 2891 1424 2921 Circulus.
1447 2893 1569 2929 quinque
1587 2891 1698 2921 circulis
1715 2891 1776 2922 haec
1793 2892 1907 2921 nomina
1919 2891 2061 2929 assignant.
2085 2891 2223 2920 summum
2235 2889 2413 2929 frigidtffimae

1306 2931 1393 2966 partis
1409 2929 1512 2963 finem,
1533 2930 1787 2968 Septentrionalem
1810 2930 1967 2968 appellant:
1991 2930 2143 2958 secundum
2163 2928 2196 2958 ab
2216 2939 2266 2958 eo.
2289 2929 2413 2959 solstitia-

1304 2968 1382 2998 lem:
1407 2968 1442 2997 ab
1466 2967 1520 2997 hoc
1539 2968 1661 3001 deinde,
1682 2969 1728 3005 qui
1747 2969 1871 2998 medium
1894 2968 1992 3006 polum
2019 2968 2139 3002 dividit,
2169 2967 2410 3003 aequinoctialem:

1306 3006 1383 3044 quod
1401 3006 1429 3034 in
1450 3015 1483 3034 eo
1504 3006 1552 3035 Sol
1566 3007 1622 3035 diei
1642 3008 1669 3035 ἃ
1688 3007 1778 3035 noetis
1792 3006 1875 3036 horas
1889 3013 1987 3044 aequet.
2018 3005 2053 3034 ab
2075 3006 2128 3034 hoc
2151 3004 2256 3034 deinde
2270 3027 2278 3039 ,
2308 3005 2353 3041 qui
2373 3005 2412 3034 est

1306 3043 1493 3080 aequinoctiali
1512 3045 1657 3082 proximus
1673 3066 1681 3078 ,
1703 3043 1874 3074 brumalem:
1906 3054 1970 3073 nani
1997 3045 2023 3074 δι
2039 3042 2181 3072 solstitialis
2202 3043 2240 3071 eit
2256 3043 2411 3073 ordinatus.

1305 3081 1513 3118 septentrionali
1535 3082 1638 3112 deinde
1663 3081 1871 3112 sescontrarium
1890 3081 2033 3111 australem
2055 3080 2205 3119 appellant.
2228 3081 2348 3110 circulus
2365 3091 2413 3110 au-

1305 3125 1362 3149 tem
1385 3120 1535 3156 zodiacus,
1557 3121 1635 3155 cujus
1653 3119 1722 3150 sines
1741 3120 1787 3150 Sol
1803 3126 1918 3158 negatur
1930 3120 2066 3149 excedere
2078 3141 2085 3151 ,
2106 3128 2141 3147 ei<
2158 3118 2262 3147 circulo
2279 3118 2412 3148 solstitiali

1305 3158 1341 3187 ad
1361 3157 1517 3187 brumalem
1537 3167 1586 3196 per
1605 3159 1757 3194 diagonum
1776 3159 1946 3191 ostenditur,
1968 3158 2005 3186 ita
2025 3165 2056 3186 ut
2071 3166 2107 3186 ex
2126 3165 2239 3192 utraque
2257 3162 2334 3194 parte
2355 3166 2414 3186 me-

1308 3195 1448 3225 ridianum
1469 3197 1604 3226 circulum
1618 3196 1743 3226 medium
1766 3196 1848 3226 secet.
1872 3206 1921 3234 per
1938 3196 2014 3224 hunc
2026 3194 2073 3224 Sol
2096 3195 2134 3222 ire
2146 3193 2250 3228 fertur,
2274 3196 2299 3224 6<
2314 3194 2412 3224 orbem

1307 3239 1439 3263 terrarum
1459 3235 1560 3272 viginti
1580 3236 1605 3264 ἃ
1626 3241 1746 3263 cuatuor
1765 3235 1841 3264 horis
1852 3236 2009 3264 circumire.
2050 3232 2090 3261 Ex
2108 3232 2219 3269 Hygino
2231 3232 2266 3262 de
2276 3232 2413 3263 limitibus

1308 3272 1519 3302 constituendis.
1542 3282 1604 3310 pag.
1621 3282 1681 3308 172.
1695 3272 1768 3303 Goes.

1288 3309 1406 3339 Circulis
1419 3310 1480 3339 vasa
1493 3311 1614 3348 cingere.
1635 3309 1703 3340 Plin.
1716 3310 1764 3340 lib.
1782 3319 1824 3346 14.
1841 3319 1901 3348 cap.
1915 3317 1960 3338 21.

1287 3346 1405 3377 Lac'teus
1415 3348 1544 3378 circulus.
1586 3348 1613 3377 V.
1640 3358 1720 3377 mic.

1288 3385 1415 3453 Cgrculos
1433 3386 1509 3421 suOS,
1531 3385 1664 3423 orbesque
1685 3385 1840 3416 conficiunt
1863 3383 2005 3414 celeritate
2032 3380 2153 3412 mirabili
2176 3381 2269 3413 stellae.
2298 3383 2358 3414 Cic.
2375 3383 2412 3414 de

1327 3433 1403 3452 omn.
1414 3425 1457 3453 Sci
1483 3448 1488 3453 .
1503 3428 1528 3454 6.

1287 3435 1567 3492 Subnedtereiizirclos
1576 3462 1611 3490 de
1623 3461 1727 3489 vimine
1739 3459 1839 3489 cervici
1850 3457 2010 3488 vitulorum.
2031 3456 2104 3496 Virg.
2120 3467 2145 3494 3.
2158 3458 2258 3497 Georg.
2276 3462 2335 3496 167.

1288 3499 1432 3530 Circulus‚
1454 3509 1503 3537 per
1525 3499 1743 3529 translationem.
1787 3498 1845 3526 Cic.
1864 3508 1887 3532 ς.
1903 3497 1937 3526 de
1949 3498 2006 3526 siri.
2023 3500 2066 3531 ς6.
2099 3497 2264 3533 Quinetiam
2285 3497 2412 3527 inertiffi.

1306 3547 1368 3567 mos
1387 3537 1517 3567 homines
1532 3538 1676 3570 videmus,
1698 3544 1783 3572 quum
1801 3544 1858 3563 non
1877 3535 1995 3563 habeant
2014 3535 2148 3572 ingenuas
2166 3544 2202 3564 ex
2222 3535 2348 3565 doctrina
2362 3536 2413 3564 ob-

1306 3575 1490 3612 lettanones,
1510 3574 1629 3605 circulos
1649 3573 1754 3609 aliquos
1767 3595 1774 3606 ,
1797 3580 1844 3602 aut
1864 3571 2054 3602 semicirculos
2072 3572 2233 3602 consectari.
2284 3572 2412 3603 Circulos

1305 3613 1450 3651 appellat,
1478 3614 1574 3642 Coetus
1598 3612 1742 3640 hominum
1761 3611 1790 3639 in
1807 3611 1903 3639 orbem
1923 3611 2126 3645 collectorum,
2155 3613 2181 3640 δε
2198 3611 2270 3640 inter
2288 3610 2316 3640 se
2332 3611 2412 3641 fabu-

1306 3651 1436 3680 lantium.
1473 3649 1668 3681 Semicirculos
1681 3671 1687 3681 ,
1720 3648 1857 3678 Seffiones
1877 3648 2099 3685 colloquentium
2112 3670 2120 3681 ,
2150 3650 2298 3686 capitaque
2317 3649 2411 3678 confe-

1307 3689 1439 3719 rentium.
1480 3689 1605 3718 Budaeus.
1630 3686 1686 3715 Liv.
1702 3684 1806 3721 li'o.44.
1826 3696 1941 3723 cap.22.
1975 3686 2005 3716 In
2025 3685 2157 3715 omnibus
2178 3687 2307 3721 circulis,
2328 3693 2412 3723 atquc

1308 3727 1392 3756 etiam
1413 3726 1450 3762 (si
1470 3727 1523 3755 diis
1542 3725 1659 3763 placet)
1680 3724 1709 3752 in
1731 3724 1866 3753 conviviis
1886 3722 1964 3759 sunt,
2001 3725 2047 3762 qui
2074 3724 2214 3755 exercitus
2232 3726 2262 3754 in
2280 3725 2413 3754 Macedo-

1308 3766 1383 3793 niarn
1400 3765 1513 3793 ducant.

1287 3801 1321 3833 In
1340 3803 1452 3832 circulis
1472 3801 1541 3831 &in
1560 3799 1697 3829 conviviis
1716 3797 1805 3828 serino
1824 3796 1948 3829 liberior.
1987 3799 2047 3828 Cic.
2061 3808 2088 3830 2.
2109 3800 2165 3829 Att.
2181 3805 2222 3833 153.
2245 3800 2370 3830 Attamen
2383 3800 2413 3829 in

1308 3839 1501 3878 oppressione,
1522 3838 1610 3866 sermo
1637 3838 1667 3866 in
1693 3837 1804 3866 circulis
1826 3837 1975 3872 duntaxat,
1997 3838 2069 3868 &in
2087 3839 2223 3867 conviviis
2245 3839 2283 3868 est
2300 3838 2414 3867 liberior

1308 3887 1392 3915 quam
1408 3877 1480 3906 fuit:
1501 3876 1613 3905 vincere
1632 3875 1735 3914 incipit
1752 3874 1910 3906 sermonem
1931 3875 2032 3913 dolor,
2056 3875 2104 3906 sed
2127 3877 2165 3906 ita
2191 3882 2221 3906 ut
2245 3878 2339 3906 omnia
2362 3875 2414 3904 sint

1308 3914 1465 3954 plenissima
1476 3913 1686 3952 desperationis.

2335 134 2403 171 527

2224 241 2242 270 i.
2258 250 2281 272 e.
2303 243 2354 278 (ut
2363 244 2402 274 ait

2287 3951 2414 3989 lli-ripere
