2604 4222
190 138 262 175 474
667 124 928 161 CEL

231 212 312 250 Opus
321 212 358 241 est
368 210 507 241 celeritate
522 219 530 238 .-
550 218 603 246 qua
613 208 629 236 si
644 206 758 237 essemus
767 205 805 235 usi
818 227 825 241 ‚
846 203 950 233 bellum
963 223 970 237 ,
992 206 1023 230 ut
1039 198 1110 237 saepe
1131 196 1209 232 dixi,
1231 195 1341 224 nullum

252 250 425 278 haberemus.
448 248 506 277 Cic.
522 258 544 282 5.
568 246 685 282 Philipp.
701 253 743 279 52.

233 287 378 324 Suscipere
393 287 490 315 nimias
506 283 670 313 celeritates.
709 282 766 309 Cic.
782 289 803 308 1.
815 278 871 307 Off.
888 286 948 312 132.
971 273 1132 303 Cavendum
1144 271 1181 300 est
1199 278 1292 299 autem
1306 277 1341 298 ne

253 324 481 354 auttarditatibus
491 329 599 350 utamur
611 322 638 348 in
651 318 736 355 gressu
751 315 923 345 mollioribus
933 335 944 356 ,Ι
961 320 991 355 ut
1004 319 1169 354 pomparum
1184 307 1296 351 ferculis
1312 306 1342 335 si-

252 362 332 391 miles
342 362 394 390 esse
402 360 602 389 videamunaut
613 360 640 385 in
652 353 869 385 festinationibus
881 351 1055 392 suscipiaiiiiis
1065 355 1164 376 nimias
1173 345 1340 375 celeritates.

198 398 220 429 C
230 409 243 428 e
253 409 291 428 Ls
300 409 333 427 ιιι
346 402 390 427 τῦ
402 409 418 426 r)
429 407 446 426 0
456 419 463 431 ,
477 397 540 426 inis.
555 396 572 424 f.
596 393 745 430 [ταχύτης]
765 390 842 420 Idem
853 388 927 425 quod
940 387 1080 417 Celeritas.
1091 385 1174 414 Varro
1189 384 1260 426 33de
1270 382 1340 426 RR.

233 446 294 473 cap.
313 445 351 465 ια,
373 435 472 464 Lucius
483 433 569 463 [Elius
582 431 695 469 putabat
707 430 740 459 ab
759 438 793 457 eo
814 428 918 456 dictum
940 425 1065 462 leporem
1079 445 1087 459 ,
1109 433 1124 452 a
1137 421 1321 452 celeritudine
1332 441 1341 455 ,

234 474 308 511 quod
317 473 420 510 levipes
431 471 506 500 esset.
964 500 969 506 ,
1029 499 1035 505 ,
1169 498 1174 503 ,
1263 496 1281 504 ,,

197 511 219 540 C
229 520 243 539 Ε
253 522 267 539 L
276 521 291 539 Ε
300 512 357 539 1³31>
368 520 381 538 ε
391 520 402 538 s
416 531 423 543 ,
446 509 513 538 edis.
537 506 594 539 Adi.
611 504 728 540 [ὠκόπκς
736 525 744 537 ,
760 501 899 536 τάχόης]
914 501 971 537 Qui
983 499 1050 529 leVis
1059 498 1098 528 est
1109 496 1236 536 pedibus.
1250 496 1339 529 Cice.

233 548 286 577 Att.
299 556 324 584 7.
348 547 427 576 Venit
436 553 526 575 autem
537 554 570 572 eo
582 542 638 579 ipso
650 542 694 570 die
708 540 755 569 ille
765 540 915 576 Celeripes,
936 545 1019 575 quem
1031 536 1137 566 Salvius
1149 536 1263 565 dixerat.
1278 533 1341 563 Hoc

230 585 293 614 loco
305 585 445 622 proprium
455 591 557 611 nomen
568 581 613 609 est.
636 579 669 608 Et
684 578 780 607 Auson.
797 577 903 606 Parent.
919 585 964 612 ²7·
977 587 1013 619 4..

286 622 358 651 Loca
372 622 453 650 tacita
465 619 598 656 celeripes
607 617 687 645 adeat
695 616 778 644 erebi.
873 614 950 644 Idem
965 614 1055 651 Epigr.
1068 616 1129 648 138.
1142 618 1187 648 31.

384 674 421 679 ——
430 657 509 686 velox
519 664 617 684 manus
709 652 878 690 Celeripedis
886 650 1058 689 compendii.
1224 684 1229 690 ¹

189 695 239 725 Cr}
249 697 287 724 LE
297 706 312 724 s
322 706 339 724 o
351 717 359 730 ,
381 694 525 730 [ταχύνω]
545 696 598 721 are.
621 690 753 720 Celeriter
766 690 870 727 aliquid
882 690 981 718 facere.
1021 688 1118 717 Cicero
1130 685 1166 715 de
1176 682 1340 714 Univerlita-

228 740 257 762 te
271 742 310 768 32.
336 733 518 762 Deditautem
529 729 628 759 divinis
639 730 694 757 duo
707 738 807 765 genera
821 734 931 756 motus:
952 735 1039 756 unum
1050 734 1136 762 genus
1145 729 1246 755 motus,
1261 721 1338 758 quod

226 770 334 807 semper
344 770 409 799 esset
418 770 445 797 in
457 768 556 798 eodem
567 777 644 803 aeque
655 788 663 802 ,
684 766 795 795 &idem
810 766 840 794 in
850 765 991 799 omnibus,
1009 770 1090 800 atque
1102 771 1157 791 uno
1169 760 1255 790 modo
1266 758 1338 788 cele-

225 817 304 836 raret.
327 808 362 835 de
378 805 618 842 Naturaloquitur.
1002 838 1007 843 .

224 844 335 881 Aliquid
351 844 477 873 celerare.
499 843 515 871 i.
530 852 554 872 e.
577 842 611 871 Ut
622 841 747 871 celeriter
757 841 803 870 fiat
816 840 952 869 meditari.
975 839 1048 875 Virg.
1061 848 1083 867 1.
1098 836 1161 881 AEn.
1178 839 1242 871 656.
1285 871 1290 877 ¹
1324 872 1325 875 Ἴ

306 881 514 915 Haeccelerans,
536 881 587 909 iter
605 881 639 908 ad
657 889 741 909 naves
754 877 887 908 tendebat
900 877 1026 907 Achates.
1108 885 1127 905 ι.
1144 883 1170 904 e.
1202 873 1335 904 Celeriter

241 919 333 948 facere
343 920 466 956 cupiens.
488 918 605 947 Servius.

219 955 319 1023 ssasum
331 957 458 985 celerare.
480 956 496 985 i.
514 965 537 984 e.
564 955 694 984 Celeriter
708 953 813 984 cadere.
835 952 944 982 Lucret.
957 951 1005 980 lib.
1017 959 1042 980 2.
1055 958 1120 988 231.

244 1003 331 1031 ugarn.
357 994 426 1030 Virg.
438 1004 462 1027 9.
481 993 542 1024 AEn.
556 999 617 1029 378.

299 1031 372 1060 Tum
386 1032 504 1060 celerare
518 1031 610 1067 fugam
621 1051 628 1065 ,
649 1029 793 1067 patriaque
809 1027 944 1057 excedere
956 1025 1061 1056 suadet.

218 1067 350 1098 Gradum.
373 1069 444 1106 Virg.
457 1080 482 1104 4.
498 1066 558 1098 [ΕΠ.
570 1073 633 1103 ⁶4¹·

218 1105 450 1144 Iterincoeptum.
475 1106 544 1144 Virg.
557 1111 583 1140 8.
598 1106 659 1136 [En.
675 1115 721 1139 90.

296 1144 366 1180 Ergo
377 1145 428 1173 iter
440 1145 595 1181 incoeptum
607 1142 730 1172 celerant
739 1149 849 1171 rumore
858 1138 990 1169 secundo.

215 1180 367 1211 Itineribus
377 1191 458 1219 quam
469 1182 605 1211 maximis.
627 1180 717 1210 Tacit.
729 1190 755 1214 4.
772 1178 838 1208 Hist.
852 1187 896 1212 ²4·

216 1218 310 1256 Opem
321 1219 441 1248 celerare
451 1241 459 1254 ,
481 1229 532 1257 pro
543 1218 676 1248 Celeriter
688 1217 823 1246 auxilium
835 1215 914 1245 ferre.
937 1213 1027 1243 Valet.
1038 1220 1063 1249 3.
1074 1211 1175 1249 Argon.
1185 1217 1250 1247 251.

215 1255 343 1286 vietoriae
354 1257 505 1286 celerandae
518 1256 659 1285 intentior.
681 1255 770 1284 Tacit.
787 1263 813 1283 2.
827 1254 896 1282 Anu.
912 1264 936 1289 5.
1082 1288 1087 1293 .

179 1293 202 1324 C
210 1303 249 1324 ιιι,
259 1303 274 1324 ι
282 1304 299 1323 ιι
308 1305 326 1323 A
338 1304 358 1323 N
367 1304 379 1323 s
387 1315 395 1329 ‚
417 1295 497 1324 antis.
520 1294 616 1323 Partic.
638 1300 668 1323 ut
679 1292 837 1322 Celerantes
846 1300 926 1320 aurae.
950 1289 1057 1318 Lucret.
1069 1287 1118 1317 lib.
1132 1296 1155 1316 1.
1172 1291 1236 1323 388.

294 1332 321 1362 Is
335 1341 418 1370 porro
432 1354 440 1367 ,
461 1333 586 1369 quamvis
593 1332 697 1361 circum
709 1328 891 1359 celerantibus
901 1328 972 1357 auris
1057 1363 1062 1369 ι
1278 1360 1284 1366 .

295 1370 443 1405 Confluat,
462 1372 514 1400 διο.
601 1370 619 1398 i.
636 1378 660 1398 e.
689 1366 934 1402 Aceeleranfflbus,
954 1361 1136 1403 urgentibus,
1157 1361 1184 1392 &
1202 1359 1329 1391 celeriter

234 1406 405 1444 pellentibus
418 1417 520 1437 aerem.

213 1445 291 1475 Viam
306 1445 436 1475 celerans.
458 1445 530 1482 Virg.
547 1454 570 1479 5.
585 1444 642 1473 AEn.
658 1447 721 1477 609.

293 1482 343 1512 Illa
354 1505 363 1517 ,
384 1483 456 1513 viam
463 1482 583 1512 celerans
595 1490 643 1519 per
654 1480 730 1509 mille
737 1479 878 1509 coloribus
889 1486 983 1507 arcum
995 1498 1003 1513 ‚

292 1520 371 1550 Nulli
383 1520 436 1550 visa
444 1542 452 1556 ,
474 1522 529 1549 cito
540 1519 659 1549 decurrit
670 1518 778 1548 tramite
787 1518 873 1554 virgo.
1253 1549 1259 1555 .
1300 1534 1310 1555 ·.

175 1557 268 1591 Gne
277 1567 293 1586 iz
305 1568 323 1587 A
332 1567 352 1587 N
363 1568 382 1586 T
391 1568 404 1587 R
414 1568 429 1586 R
440 1579 448 1593 ,
470 1554 555 1594 [mni
575 1555 691 1591 mixtae]
712 1556 778 1585 Λᾶν.
794 1564 844 1593 pro
853 1553 995 1584 Celeriter.
1019 1550 1133 1594 Accim,
1147 1549 1203 1580 Sed
1213 1556 1274 1587 quis
1282 1548 1329 1592 hie

212 1595 251 1625 est
267 1596 313 1633 qui
326 1595 499 1663 ίιὶῑπειωῑίηιιῐη
515 1594 623 1625 cursum
643 1593 698 1624 huc
717 1592 870 1623 celeranter
882 1591 974 1629 rapit?
1005 1589 1116 1619 Nonius
1129 1597 1171 1617 11.
1186 1597 1230 1625 32.
1252 1588 1328 1616 Anti.

231 1643 298 1663 uuni
309 1643 324 1663 e
349 1656 356 1663 .

174 1670 197 1700 C
205 1643 244 1700 ξι.
252 1681 290 1700 13ss
300 1682 319 1700 A
330 1681 350 1700 T
359 1681 378 1700 u
387 1681 414 1707 s,
435 1680 450 1700 a
459 1691 468 1706 ,
488 1679 545 1700 um.
568 1669 665 1699 Partic.
678 1674 728 1703 ut,
749 1667 898 1698 Itineribus
913 1665 1044 1696 celeratis.
1068 1662 1202 1693 Ammian.
1213 1671 1256 1706 3.¹·
1273 1672 1283 1691 1
1292 1672 1316 1692 1.

172 1708 196 1738 C
205 1719 219 1738 B
228 1720 243 1737 L
253 1719 267 1738 iz
276 1719 292 1737 R
301 1713 318 1737 Ᾰ
326 1718 345 1737 T
354 1720 363 1737 i
371 1720 392 1738 M
404 1731 411 1742 ,
432 1718 484 1746 pro
506 1707 638 1738 Celeriter
649 1717 656 1737 ε
687 1704 855 1736 Adverbium
880 1703 1182 1747 fimiliternantiquum.
1213 1700 1327 1744 Sisenna

210 1746 277 1776 Hist.
289 1747 338 1776 lib.
352 1757 376 1781 ς.
399 1747 463 1783 Quo
474 1747 560 1783 magis
568 1745 710 1775 celeratim
724 1750 871 1782 poterant,
892 1743 921 1771 in
934 1741 1038 1770 insidiis
1052 1740 1114 1769 suos
1127 1739 1267 1782 disponit.-

168 1783 196 1813 C
204 1794 219 1813 iz
230 1795 246 1812 L
254 1794 268 1813 iz
278 1794 294 1812 s
306 1794 341 1812 ιΝ
351 1795 360 1812 i
372 1806 380 1820 ,
403 1784 542 1813 Citerioris
561 1783 699 1821 Hispaniae
709 1782 808 1820 populi
820 1781 881 1811 sunt
896 1780 975 1817 supra
985 1779 1129 1821 Braccaras
1140 1778 1166 1808 δι
1181 1777 1302 1806 Gronios
1315 1796 1324 1812 ,

207 1831 327 1889 {uorum
337 1831 400 1888 azizebr
411 1823 467 1851 Avo
478 1822 563 1852 fluvio
573 1822 714 1858 irrigatur,
736 1827 766 1850 ut
776 1819 882 1851 indicat
899 1817 1062 1848 Ptolemaeus
1073 1816 1160 1845 libs..
1176 1824 1238 1852 cap.
1254 1818 1280 1844 6.
1298 1814 1325 1844 δε

229 1869 274 1889 om
298 1869 343 1888 on.
370 1870 376 1888 i
400 1884 404 1888 .
436 1882 443 1889 .

170 1870 302 1930 cetri).
324 1898 383 1927 etis.
404 1869 441 1927 ni.
463 1896 578 1933 [nimir]
601 1896 694 1926 Genus
708 1894 810 1931 navigii
821 1894 952 1929 actuarii,
977 1892 1054 1930 quod
1072 1889 1197 1921 &Celox
1215 1889 1325 1934 dicitur.

208 1934 280 1964 Gell.
292 1934 340 1964 lib.
356 1945 397 1964 io.
410 1944 469 1973 cap.
481 1945 525 1971 ²5·
550 1934 665 1964 Celoces
676 1956 683 1970 ,
705 1932 748 1963 vel
767 1940 798 1962 ut
815 1932 902 1962 Graeci
926 1932 1025 1961 dicunt
1035 1952 1043 1965 ,
1065 1930 1168 1957 κᾶληπς.
1211 1928 1325 1957 Dictum

207 1972 326 2002 celetem
344 1979 443 2010 putant
459 1982 508 2011 per
527 1972 718 2010 metaphoram
736 1972 801 2008 equi
817 1969 912 1999 celetis
924 1991 932 2004 ,
952 1969 1027 2006 quod
1046 1967 1130 1997 unico
1150 1971 1258 1995 tantum
1274 1974 1325 2009 per

207 2011 320 2040 transtra
332 2020 408 2040 remo
418 2018 526 2049 agatur:
550 2012 618 2038 κέλης
630 2010 705 2039 enim
716 2017 802 2046 equus
814 2007 916 2036 dicitur
927 2029 936 2042 ,
956 2007 1002 2043 qui
1014 2005 1048 2035 ab
1063 2015 1119 2034 uuo
1132 2003 1230 2033 sessore
1241 2010 1324 2040 agita-

207 2054 253 2078 tur
264 2049 289 2078 ἃ
300 2049 410 2086 regitur.
450 2047 618 2086 Palaephatus
629 2048 664 2076 de
675 2047 820 2076 Centauris
828 2067 836 2080 ,
857 2045 979 2081 Juvenes
990 2043 1102 2081 quidam
1114 2053 1129 2072 e
1141 2042 1234 2071 radice
1245 2050 1325 2070 mon=

207 2086 243 2115 tis
254 2086 370 2123 profeffl
382 2097 396 2116 a
408 2087 472 2116 vico
481 2085 601 2122 quodam
610 2092 708 2114 vocato
720 2083 828 2113 Nebula
838 2105 846 2119 ,
867 2083 1029 2120 excogitant
1044 2090 1130 2117 equos
1143 2079 1246 2109 celetas
1258 2087 1325 2121 cori-

208 2123 389 2159 docefacere,
411 2125 438 2152 iri
450 2123 534 2160 iisque
547 2123 648 2152 sedere.
688 2123 759 2152 Nam
771 2121 872 2150 anteid
887 2128 998 2158 tempus
1018 2118 1179 2149 nesciebant
1199 2118 1227 2146 in
1245 2124 1322 2159 equis

207 2161 320 2196 sedere,
340 2161 387 2190 sed
403 2161 490 2191 solum
502 2160 624 2191 curribus
635 2160 790 2190 utebantur.
830 2158 942 2195 Quibus
960 2158 1050 2186 verbis
1069 2157 1100 2185 fit
1121 2155 1235 2193 planum
1254 2154 1322 2191 quid

208 2199 240 2228 sit
256 2199 321 2227 κέλης
337 2208 440 2236 equus,
461 2208 496 2228 ex
513 2208 568 2236 quo
581 2205 648 2226 κελης
660 2198 767 2230 dietus,
787 2199 864 2233 quod
886 2205 942 2225 uno
962 2205 1057 2228 remo,
1078 2195 1104 2223 Sc
1122 2203 1178 2222 non
1189 2192 1262 2221 binis
1275 2196 1323 2221 aut:

208 2237 293 2266 ternis
306 2246 354 2274 per
364 2236 456 2266 sedilia
467 2244 590 2274 ageretur
599 2257 607 2270 ,
628 2245 711 2271 quum
721 2241 815 2264 tamen
826 2233 918 2271 plures
925 2234 1041 2269 remiges
1051 2232 1171 2274 haberet.
1277 2267 1283 2273 ¹

208 2274 328 2308 Celetes,
351 2274 421 2304 Diffi
433 2274 517 2304 sunta
529 2273 629 2303 Graecis
639 2273 758 2310 Equites,
769 2282 826 2301 non
836 2272 904 2308 bigis
910 2278 957 2300 aut
967 2270 1105 2308 quadrigis
1125 2279 1154 2297 in
1172 2273 1322 2297 certamine

227 2318 356 2348 utentes,
376 2311 420 2341 sed
435 2322 506 2348 equo
523 2320 581 2340 uno
600 2311 766 2339 insidentes:
791 2309 944 2344 cujusmodi
957 2314 1096 2337 certamen
1106 2306 1191 2335 hodie
1209 2314 1322 2342 quoque

225 2349 406 2378 nonnullisin
421 2349 489 2378 locis
499 2348 659 2379 celebratur.
683 2348 748 2377 Haec
757 2347 883 2378 Budaeus.
905 2346 974 2375 Plin.
991 2345 1039 2374 lib.
1055 2353 1097 2380 34.
1110 2354 1169 2381 cap.
1186 2353 1210 2378 5.
1233 2342 1322 2372 Graeei

226 2386 328 2416 celetas
338 2394 444 2416 tantum
455 2387 585 2416 dicabant
602 2387 631 2415 in
649 2385 729 2415 sacris
744 2386 873 2414 victores.
913 2383 993 2421 Apud
1003 2383 1156 2412 Homerum
1167 2386 1231 2410 v'ero
1248 2381 1322 2410 celes

225 2434 312 2463 equus
323 2425 432 2458 dicitur,
442 2425 487 2461 qui
498 2424 570 2454 solus
579 2424 711 2461 agitatur,
732 2423 803 2460 quasi
824 2421 1003 2458 monampix:
1026 2421 1102 2456 quod
1119 2426 1175 2448 tam
1191 2419 1227 2448 de
1239 2419 1322 2454 agita-

225 2468 301 2496 tore.
324 2472 406 2498 quam
419 2463 453 2491 de
464 2471 537 2499 equo
552 2461 609 2498 ipso
618 2461 726 2490 fortasse
736 2470 794 2490 non
808 2460 903 2497 inepte
912 2459 966 2488 dici
976 2459 1074 2496 posset.
1115 2457 1146 2487 V.
1167 2455 1270 2494 Spanh.
1285 2456 1321 2484 de

223 2499 278 2529 Usu
290 2502 314 2529 Sc
326 2501 411 2529 Praest.
424 2510 499 2529 num.
512 2499 571 2528 diff.
587 2509 628 2528 io.
638 2509 666 2536 p.
680 2505 740 2535 ¹32·

168 2539 192 2569 C
202 2549 216 2568 s
225 2548 241 2566 L
249 2547 263 2567 ii
273 2547 292 2567 ἰ’
304 2549 312 2566 ι
323 2547 338 2566 z
346 2548 362 2566 0
371 2547 391 2566 N
399 2547 419 2566 T
429 2547 462 2566 ss
474 2559 481 2572 ,
503 2547 539 2566 m.
556 2536 593 2574 pl.
617 2533 820 2572 [κεληήζονπς]
840 2534 1016 2572 Participiurn
1028 2533 1154 2562 Graecum
1166 2553 1175 2566 ,
1198 2531 1319 2566 Juvenes

206 2576 369 2604 dicebantur
379 2576 423 2612 qui
436 2575 571 2611 frequenti
591 2583 726 2610 equorum
746 2572 921 2610 singularium
937 2572 1087 2600 certamine
1105 2569 1317 2598 delectarentur.

204 2613 273 2643 Plin.
286 2613 335 2642 lib.
349 2622 392 2648 34.
406 2622 466 2650 cap.
478 2618 505 2646 8.
525 2612 620 2649 Hegiae
631 2611 756 2641 Minerva
767 2632 775 2646 ,
796 2610 965 2647 Pyrrhusque
979 2618 1027 2638 rex
1040 2608 1167 2638 laudatur
1179 2628 1188 2642 ,
1209 2608 1234 2636 ἃ
1245 2606 1319 2635 celes

205 2652 326 2681 tizontes
339 2650 426 2688 pueri.

167 2689 334 2722 emm,
355 2687 391 2717 Po
413 2686 604 2721 uliThraciae,
624 2686 743 2723 majores
763 2684 878 2721 Haemo,
895 2684 1016 2714 minores
1032 2683 1179 2720 Rhodopae
1202 2681 1314 2711 subditi.

206 2727 306 2755 Auster
316 2725 383 2755 Plin.
393 2698 440 2754 llb.
450 2735 476 2761 4.
489 2734 550 2762 cap.
564 2733 575 2753 1
583 2733 606 2752 1.

167 2764 312 2831 Gigans
324 2785 331 2798 ,
353 2764 370 2792 i.
392 2772 430 2792 m.
455 2762 539 2792 trium
566 2760 730 2799 syllabarum
742 2781 750 2796 ‚
783 2757 915 2796 [Κελειῖς]
934 2759 990 2788 Viri
1009 2758 1163 2797 proprium.
1201 2756 1273 2794 Virg.
1290 2766 1314 2786 1.

229 2811 277 2831 eor
298 2824 304 2829 .
320 2803 351 2829 i6
374 2823 380 2829 .

279 2811 392 2874 gVi1g5ea
402 2841 532 2875 praeterea
544 2835 620 2864 Celei
631 2857 639 2869 ‚
663 2833 776 2871 vilisque
786 2834 919 2872 supellex.
1001 2833 1055 2863 Ubi
1068 2833 1177 2863 Servius
1188 2854 1196 2865 ,
1216 2831 1316 2868 Virgea

204 2876 280 2906 Celei
291 2875 432 2913 supellex,
453 2875 470 2904 i.
483 2883 506 2903 e.
528 2873 594 2902 Vasa
605 2873 641 2902 de
651 2873 755 2901 vimine
765 2872 836 2902 facta
845 2894 853 2908 ,
877 2871 968 2910 qualia
978 2870 1061 2902 Ceres
1070 2870 1155 2901 Celeo
1165 2870 1314 2907 aliquando

202 2913 379 2947 monstravit,
400 2919 431 2942 ut
441 2911 547 2949 qualos,
567 2910 665 2940 corbes
678 2931 686 2945 ,
700 2911 752 2939 &c

167 2952 190 2982 C
199 2962 215 2981 r
225 2963 240 2980 L
249 2962 262 2980 s
273 2962 288 2980 υ
299 2961 310 2980 s
320 2962 341 2979 M
352 2961 371 2979 A
383 2972 391 2986 ,
412 2950 473 2979 atis.
494 2958 522 2978 n.
545 2948 727 2984 [macoma]
747 2946 792 2976 vel
811 2946 833 2976 C
843 2955 857 2975 rt
867 2957 883 2974 L
892 2956 907 2975 iz
916 2957 962 2975 ΗΜ
972 2957 991 2975 A
1002 2968 1010 2980 ,
1025 2947 1085 2976 atis.
1100 2956 1126 2975 n.
1151 2945 1262 2975 Clamor
1278 2944 1316 2973 est

203 2996 368 3023 nautarum,
390 2997 475 3024 quum
486 2995 543 3015 uno
557 2986 659 3023 aliquid
682 2986 812 3019 jubente,
835 2993 932 3013 omnes
942 2984 1116 3013 uniformiter
1134 2983 1178 3013 res
1195 2983 1312 3017 ondent,

222 3026 272 3055 uasi
283 3026 459 3055 sibiinviceni
470 3024 608 3060 iubentes.
631 3019 675 3049 λ’πέ
696 3020 719 3050 27
733 3019 855 3057 nemim,
876 3022 952 3059 quod
970 3022 1007 3051 est
1020 3020 1126 3057 jubere.
1184 3020 1272 3051 artial.
1286 3029 1311 3057 3.

200 3036 292 3102 {pign
306 3068 350 3100 ⁶7·
371 3062 427 3099 (al.
441 3062 509 3098 25.)
529 3061 564 3090 de
577 3061 661 3097 Pigris
672 3060 780 3094 nautis,

293 3100 404 3130 Cessatis
414 3122 421 3136 ,
441 3099 538 3138 pueri,
559 3097 684 3136 nihilque
695 3097 795 3132 nostis,

291 3138 412 3167 Veterno
421 3160 429 3173 ,
452 3137 591 3173 resinaque
600 3136 734 3174 pigriores
743 3155 752 3170 ,

292 3176 417 3212 Quorum
429 3185 478 3213 per
488 3175 557 3204 vada
569 3175 646 3203 tarda
657 3174 817 3210 navigantes
827 3192 837 3208 ‚

291 3213 392 3242 Lentos
405 3212 485 3249 figitis
500 3212 534 3241 ad
551 3211 688 3241 celeusma
697 3219 796 3239 remos.

291 3250 383 3287 Quem
396 3259 448 3279 nec
455 3260 513 3279 rum
519 3259 582 3287 pere
589 3249 732 3278 nauticum
742 3246 887 3280 celeusma,

290 3288 351 3317 Nec
361 3288 464 3317 clamor
477 3287 550 3316 valet
560 3287 764 3316 helciariorum.
859 3283 1002 3313 Celeusma
1013 3303 1021 3319 ,
1042 3283 1124 3313 etiam
1149 3283 1178 3312 in
1195 3283 1310 3313 navibus

201 3324 337 3354 classiariis
350 3325 402 3354 assa
413 3334 480 3354 voce
495 3325 634 3354 interdum
645 3347 652 3359 ,
674 3323 815 3352 interdum
827 3322 893 3352 tibia
910 3321 1059 3350 canebatur
1069 3343 1076 3356 ,
1099 3322 1135 3349 ita
1145 3328 1175 3349 ut
1194 3322 1309 3357 remiges

201 3372 252 3399 pro
263 3362 438 3391 modulorum
448 3369 529 3399 atque
545 3362 697 3391 harmoniae
710 3361 816 3390 ratione
832 3360 876 3389 vel
895 3360 1067 3388 concitarent
1085 3358 1128 3387 vel
1142 3359 1256 3395 figerent
1270 3369 1309 3388 re-

201 3408 269 3428 mos.
308 3399 441 3429 Pedianus
456 3400 484 3429 in
499 3400 615 3429 Divinat.
629 3400 700 3429 Verr.
716 3402 758 3434 56.
781 3398 848 3427 Cani
860 3396 1010 3434 remigibus
1026 3395 1162 3425 celeusma
1182 3405 1230 3433 per
1241 3396 1309 3434 sym-

200 3436 353 3474 phoniacos
363 3437 483 3472 solebat,
506 3439 590 3474 &per
601 3437 682 3466 alsam
694 3445 811 3472 vocem,
830 3436 860 3465 id
872 3435 910 3465 est
921 3443 969 3463 ore
984 3433 1141 3472 prolatam,
1164 3435 1208 3468 δι,
1230 3440 1260 3463 ut
1277 3435 1306 3463 in

200 3475 271 3510 Argo
285 3475 344 3503 navi
358 3496 365 3508 ,
386 3484 433 3510 per
443 3475 584 3504 citharam.

199 3510 242 3540 De
253 3512 306 3540 hoc
317 3511 509 3549 intelligendus
520 3512 557 3541 cst
568 3511 732 3541 Censorinus
744 3511 778 3540 de
801 3510 853 3540 Die
872 3508 954 3539 natali
976 3517 1036 3546 cap.
1054 3517 1095 3537 η.
1118 3508 1183 3545 Quo
1199 3508 1307 3538 facilius

216 3548 345 3577 sufferant
356 3549 475 3578 laborem
497 3548 581 3579 veliti
594 3551 671 3579 navis
684 3555 762 3579 motu
773 3570 782 3584 ,
801 3558 818 3578 a
836 3549 947 3578 vectore
966 3546 1130 3584 symphonia
1146 3546 1303 3576 adhibetur.

216 3584 302 3615 Rutil.
315 3586 375 3615 ltin.
390 3596 411 3616 1.
426 3591 487 3621 369.

278 3623 330 3652 Hic
344 3632 451 3652 mecum
463 3624 531 3661 pigri
542 3623 644 3653 solabar
654 3624 734 3652 taedia
744 3624 820 3654 venti
832 3645 841 3658 ,

317 3659 385 3688 Dum
395 3661 498 3689 resonat
508 3662 587 3690 variis
596 3661 648 3690 vile
662 3661 796 3690 celeusma
812 3659 912 3690 modis.

198 3696 356 3726 Christianis
367 3707 414 3734 pro
426 3697 587 3727 celeusmate
600 3699 695 3735 hymni
713 3700 737 3728 ἃ
757 3698 851 3735 psalmi
863 3698 987 3726 fuerunt:
1009 3704 1078 3732 quos
1093 3694 1164 3733 saepe
1182 3695 1306 3733 repetitis

216 3734 330 3763 vocibus
341 3733 465 3767 l-liileluia
478 3737 501 3762 ἃ·
513 3737 596 3763 ilmen
610 3745 708 3764 canere
724 3735 857 3766 solebant.
878 3734 1008 3765 i’aulinus
1016 3733 1051 3764 ad
1061 3733 1190 3764 Nicetam
1200 3743 1226 3763 v.
1241 3743 1251 3762 ι
1259 3743 1302 3769 19.

289 3771 393 3800 Navita·
405 3770 458 3799 lacti
476 3771 582 3800 solitum
594 3773 729 3802 celeusma

287 3808 444 3836 Concinent
457 3829 464 3841 ,
486 3811 563 3836 verlis
573 3810 694 3839 modulis
706 3811 733 3838 in
746 3809 864 3847 hymnos

286 3844 320 3875 Et
329 3845 381 3882 piis
393 3846 496 3874 ducent
508 3847 621 3874 comites
631 3847 658 3874 in
667 3857 758 3882 aequor

446 3881 563 3910 Vocibus
575 3892 666 3916 auras.
681 3886 731 3912 ἃς.
825 3884 922 3914 Sidon.
935 3892 962 3914 2.
974 3883 1057 3921 Epist.
1067 3891 1110 3913 10.

287 3919 441 3950 Curvorum
450 3918 516 3948 hinc
528 3918 626 3949 chorus
637 3920 830 3951 helciariorum

889 3208 968 3238 Ideni
977 3218 1003 3245 4.
1016 3207 1108 3247 Epigr.
1120 3211 1166 3245 64.

1905 108 1934 142 C

1491 187 1739 227 ·Responsantibus
1749 188 1851 224 Aleluja
1861 188 1927 226 ripis

1507 227 1548 256 Ad
1561 226 1699 255 Christum
1710 225 1784 255 levat
1794 228 1936 256 amnicum
1949 225 2095 256 celeusma.

1390 265 1412 295 C
1421 275 1434 294 s
1445 276 1460 293 L
1470 274 1484 293 s
1493 274 1511 292 u
1521 275 1532 293 s
1541 274 1559 292 vr
1570 275 1581 292 s
1592 274 1603 293 s
1614 286 1621 298 ,
1644 274 1674 292 az.
1692 273 1728 292 m.
1752 265 1914 300 [nt-zaechs]
1936 265 1991 301 Qui
2002 265 2117 301 remiges
2125 263 2257 298 hortatur,
2279 262 2349 299 quasi
2360 261 2540 299 navigationis

1428 302 1600 331 moderator:
1623 302 1668 335 qui
1680 311 1694 330 a
1707 301 1802 330 Plauto
1813 301 1909 331 Latine
1925 302 2047 331 hortator
2057 301 2212 339 appellatur
2220 323 2227 330 .
2248 301 2322 337 quod
2332 310 2363 329 ea
2372 299 2541 335 hortamenta

1426 340 1509 369 saciat
1521 361 1528 374 ,
1551 348 1611 376 quse
1626 338 1709 367 verbo
1722 339 1817 368 Graeco
1827 339 1963 368 celeusma
1976 340 2106 368 dicuntur
2119 340 2202 368 etiam
2213 348 2227 366 a
2237 337 2346 366 Latinis.
2371 337 2494 366 Budaeus.

1390 378 1413 408 C
1423 388 1435 406 r„
1445 388 1478 405 Li
1491 387 1509 405 A
1523 399 1530 411 ,
1551 387 1582 406 ω.
1605 376 1622 404 f.
1647 376 1727 405 Potus
1738 386 1772 404 ex
1785 377 1908 414 frugibus
1919 378 2062 407 confectus
2071 399 2079 412 ,
2100 377 2147 414 qui
2159 375 2286 414 Hispanis
2297 375 2437 412 praecipue
2454 375 2483 403 in
2493 374 2541 405 usu

1428 421 1499 449 erat,
1524 413 1710 443 sicutcervisia
1721 413 1814 443 Gallis.
1855 414 1924 444 Plin.
1939 415 1987 444 lib.
1999 422 2043 445 22.
2057 424 2117 453 cap.
2131 413 2182 444 ult.
2225 413 2255 442 V.
2277 413 2362 442 etiam
2373 411 2446 443 Flor.
2457 421 2483 441 2.
2498 418 2539 447 18.

1426 454 1452 482 &
1464 453 1522 487 ejus
1533 453 1652 488 interpp.
1668 451 1746 480 Oros.
1762 462 1785 487 5.
1800 461 1825 487 7.

1426 489 1470 519 Est
1486 490 1553 518 item
1562 488 1638 518 Celia
1650 488 1754 526 ilpuliae
1770 488 1926 533 oppidum,
1946 490 1975 518 in
1987 490 2074 519 traetu
2086 489 2296 523 Peucetiorum,
2319 494 2376 516 non
2393 485 2490 525 procul
2505 487 2540 517 ab

1445 527 1576 564 Egnatia,
1601 526 1680 561 cujus
1700 528 1830 556 meminit
1849 527 1946 557 Strabo
1958 527 2007 557 lib.
2018 531 2044 557 6.
2066 528 2092 557 ἃ
2104 526 2221 556 Ptolem.
2234 525 2282 555 lib.
2297 534 2322 562 3.
2334 534 2394 564 cap.
2405 534 2431 554 2.
2452 524 2541 563 Vulgo

1443 565 1514 591 Celia
1527 566 1553 591 in
1564 571 1633 591 terra
1643 564 1672 591 de
1683 567 1764 593 Barn'.

1387 602 1410 632 C
1420 611 1435 630 iz
1445 613 1460 630 L
1470 613 1485 630 L
1496 611 1514 630 A
1524 623 1532 637 ,
1555 612 1585 631 ae.
1608 601 1627 630 f.
1649 602 1767 637 [ταμεῖον
1778 621 1784 631 ‚
1796 599 1923 636 λ’·πῆἦκη]
1945 602 2019 632 dicta
2028 611 2043 631 a
2053 600 2189 637 Celando,
2209 601 2322 630 auctore
2333 599 2426 630 Servio
2438 608 2445 629 :
2465 599 2540 637 quod

1425 640 1455 668 in
1465 649 1496 668 ea
1508 639 1632 668 celentur
1643 649 1703 675 quae
1713 639 1767 668 effe
1776 639 1904 669 volumus
1917 640 2035 669 occulta.
2077 639 2165 668 Graeci
2185 638 2351 676 apothecam
2373 638 2471 667 dicunt
2481 659 2489 673 ,
2510 638 2538 668 in

1425 687 1479 713 qua
1489 687 1531 706 res
1543 676 1688 706 esculentae
1700 678 1725 706 a&
1741 677 1899 715 poculentae
1914 683 2094 716 reponuntur.
2117 676 2243 714 quamvis
2259 676 2372 713 proprie
2387 675 2537 712 apotheca,

1423 714 1494 744 cella
1504 715 1608 744 vinaria
1619 714 1743 752 lit.Capit
1752 723 1844 744 autem
1854 714 1931 745 Cella
1940 726 1998 744 non
2007 725 2091 744 unam
2103 714 2341 752 significationem,
2350 719 2433 752 prout
2443 712 2483 742 illi
2492 713 2539 742 ad-

1421 752 1521 788 jectiva
1532 753 1697 789 junguntur:
1721 753 1750 782 u't
1768 752 1845 782 Cella
1865 753 1983 788 vinaria,
2004 752 2137 790 penaria,
2153 754 2204 783 stc,
2234 751 2289 781 Cic.
2313 751 2348 780 de
2365 751 2474 781 Sene&
2490 753 2532 785 56.

1420 790 1537 827 Semper
1545 791 1620 819 enim
1632 789 1698 819 boni
1709 790 1861 827 assiduique
1873 790 1982 820 domini
1995 791 2092 820 referta
2104 789 2174 819 cella
2187 790 2308 825 vinaria,
2329 788 2430 819 olearia
2443 810 2451 823 ,
2471 788 2537 818 mel-

1420 825 1488 857 laria
1500 849 1507 862 ,
1530 829 1555 856 8(
1566 828 1687 865 penaria.
1727 827 1791 857 Ter.
1804 827 1880 858 Adel.
1891 840 1915 865 4.
1929 838 1954 859 2.
1969 840 2010 864 ¹4·
2033 829 2105 857 Nam
2115 837 2160 857 me
2179 827 2209 856 in
2225 826 2325 857 cellam
2336 826 2458 864 aliquam
2473 835 2536 856 cum

1422 865 1468 894 illa
1481 864 1658 894 concludam.
1698 865 1752 895 Ubi
1764 866 1890 895 Donatus
1901 889 1909 902 ,
1931 867 1963 896 Et
1971 866 2040 896 cella
2053 867 2078 896 δι
2090 865 2233 896 cellarium
2243 886 2251 901 ‚
2273 875 2290 895 a
2301 863 2480 902 reponendis,
2494 867 2537 893 cea

1420 902 1565 940 landisque
1575 902 1657 932 rebus
1667 903 1812 933 esculentis
1823 906 1848 934 ἃ
1856 904 2013 942 poculentis
2023 904 2135 934 dicitur.

1419 940 1525 1007 (ΣὲΠῗη
1537 948 1619 1007 atque
1629 941 1760 971 horreum
1770 942 1905 980 Campani
1916 943 1971 980 agri
1982 965 1990 979 ,
2013 942 2111 972 Cicero
2122 939 2247 980 Capuam
2258 938 2409 978 appellavit
2421 939 2452 969 in
2469 944 2537 970 orat.

1460 988 1475 1007 e
1507 988 1557 1014 ege
1569 985 1575 1007 l
1609 988 1627 1008 r.
1639 988 1663 1008 2.
1677 984 1721 1013 88.

1417 1016 1496 1046 Cella
1506 1016 1564 1045 vini
1576 989 1675 1046 &solet
1718 1015 1816 1047 Paulus
1827 1018 1855 1046 in
1866 1015 1884 1046 l.
1907 1017 1980 1047 Nam
1993 1017 2078 1055 quod.
2100 1017 2121 1053 §-
2140 1016 2168 1046 Si
2180 1016 2226 1045 cui
2241 1025 2308 1054 quae.
2321 1015 2355 1045 D.
2368 1015 2404 1044 de
2412 1014 2535 1045 Penule-
2590 1027 2592 1048 l

1435 1061 1497 1091 gata
1508 1076 1515 1088 ,
1537 1054 1623 1090 Quod
1634 1055 1691 1083 fere
1711 1055 1824 1092 (inquit
1835 1055 1976 1091 Sabinus)
1999 1055 2092 1085 evenit
2103 1055 2131 1083 in
2139 1054 2262 1092 personis
2274 1059 2474 1087 mercatorum,
2489 1059 2535 1084 aut
2588 1050 2604 1085 f·

1437 1093 1545 1128 quoties
1556 1091 1627 1121 cella
1638 1092 1677 1121 est
1688 1091 1743 1121 olei
1754 1094 1781 1123 δι
1791 1094 1850 1123 vini
1861 1115 1870 1128 ,
1891 1103 1951 1131 quae
1960 1094 2054 1123 venire
2064 1092 2190 1122 solebant
2200 1092 2230 1121 in
2242 1092 2403 1121 haereditate
2415 1089 2516 1121 relidta.

1416 1129 1494 1158 Cella
1505 1129 1616 1158 olearia.
1647 1129 1678 1159 In
1699 1139 1715 1158 0
1727 1141 1743 1158 L
1752 1140 1766 1159 Β
1776 1141 1795 1160 A
1804 1141 1820 1160 R
1830 1142 1839 1159 i
1850 1141 1868 1160 υ
1880 1141 1901 1160 s.

1413 1167 1493 1207 Cella
1503 1168 1614 1196 vinaria.
1637 1167 1695 1197 Cic.
1711 1168 1740 1197 in
1748 1168 1848 1207 Topic.
1864 1177 1906 1204 17.
1930 1168 2014 1198 Cellis
2026 1168 2149 1203 vinariis,
2167 1166 2311 1198 &oleariis
2340 1165 2410 1195 lenis
2423 1165 2532 1197 relistis.
2587 1180 2591 1199 ς

1415 1205 1493 1234 Cella
1507 1205 1635 1242 penaria,
1656 1205 1688 1234 In
1700 1215 1753 1243 qua
1763 1216 1851 1244 penus
1862 1207 2014 1244 reponitur.
2056 1206 2114 1236 Cic.
2132 1217 2157 1241 4.
2175 1205 2249 1235 Verr.
2269 1216 2292 1240 ς.
2333 1212 2414 1241 taque
2431 1203 2478 1232 ille
2490 1203 2531 1234 M.
2586 1209 2604 1238 §j

1434 1242 1503 1272 Cato
1512 1243 1619 1281 sapiens
1629 1242 1729 1273 cellam
1736 1245 1878 1281 penariam
1893 1244 2064 1282 Reipublicae
2077 1244 2174 1273 nostrae
2185 1265 2192 1278 ,
2214 1243 2352 1272 nutricem
2373 1241 2463 1280 plebis
2480 1241 2532 1271 Ro.
2585 1243 2601 1270 .”.

1434 1288 1524 1309 manae
1534 1302 1542 1314 ,
1563 1279 1687 1310 Siciliam
1697 1282 1862 1312 nominavit.
1900 1283 1958 1312 Nos
1967 1292 2033 1311 vero
2044 1284 2152 1320 experti
2167 1281 2258 1311 sumus
2277 1280 2374 1310 Italico
2388 1279 2526 1316 maximo,
2597 1308 2604 1313 „

1433 1318 1656 1361 difficillimoque
1669 1319 1742 1348 bello
1757 1319 1882 1350 Siciliam
1892 1320 1974 1349 nobis
1983 1330 2041 1349 non
2053 1330 2104 1358 pro
2116 1320 2228 1358 penaria
2237 1318 2307 1348 cella
2317 1340 2326 1354 ,
2347 1318 2395 1348 sed
2409 1327 2461 1355 pro
2471 1327 2532 1348 aeraa
2585 1320 2604 1350 2¹!

1432 1357 1475 1385 rio
1487 1356 1536 1385 illo
1546 1357 1682 1392 majorum
1696 1359 1789 1387 vetere
1805 1367 1837 1387 ac
1851 1358 1949 1388 referto
1962 1358 2057 1393 fuisse„
2584 1364 2587 1386 l

1412 1393 1519 1423 Cellam
1531 1395 1749 1431 promptuariam
1758 1395 1915 1431 joculariter
1925 1397 2034 1426 vocavit
2044 1396 2155 1426 Plautus
2167 1394 2314 1424 Carcerem
2323 1415 2332 1431 ‚
2358 1402 2394 1424 ex
2405 1402 2461 1432 quo
2469 1401 2531 1432 pro·
2582 1391 2604 1426 ,⁴5

1431 1433 1667 1461 merenturvinifti
1678 1454 1687 1468 ,
1709 1433 1739 1461 in
1750 1434 1850 1472 Amph.
1868 1444 1891 1463 1.
1908 1443 1931 1463 ι.
1943 1445 1970 1469 4.

1411 1504 1414 1510 .
1511 1470 1580 1500 lnde
1594 1480 1652 1500 cras
1667 1480 1682 1499 e
1693 1472 1883 1508 promptuaria
1891 1471 1962 1501 cella
1972 1472 2120 1510 depromar
2126 1470 2161 1500 ad
2170 1470 2296 1508 flagrum.

1412 1506 1497 1536 Cellae
1508 1508 1635 1545 angustae.
1657 1507 1724 1538 Hor.
1738 1518 1760 1538 i.
1770 1511 1856 1539 Serm.
1870 1516 1895 1544 8.
1909 1515 1934 1544 8.

1411 1544 1483 1575 Dare
1493 1547 1521 1575 in
1533 1545 1643 1575 cellam.
1684 1545 1743 1576 Cic.
1756 1557 1780 1583 ς,
1793 1546 1864 1577 Verr.
1875 1557 1939 1577 201.
1961 1545 2166 1585 Magistratibus
2175 1545 2343 1576 tantundem
2354 1543 2469 1575 deturin
2476 1538 2528 1575 cel·
2578 1543 2585 1578 ‘f'
2601 1565 2604 1582 ,

1436 1583 1510 1619 lam,
1531 1590 1665 1621 quantum
1676 1583 1783 1622 semper
1793 1585 1888 1614 datum
1900 1585 1947 1616 est.
2578 1571 2604 1622 ir.-

1410 1619 1509 1651 Emere
1519 1622 1548 1650 in
1563 1622 1662 1651 cellam
1674 1622 1853 1652 frumentum.
1893 1623 1953 1653 Cic.
1966 1633 1990 1658 ς.
2011 1622 2086 1653 Verr.
2105 1630 2169 1652 202.
2200 1620 2271 1651 Data
2286 1620 2337 1650 tibi
2357 1620 2474 1658 pecunia
2491 1619 2528 1650 est

1431 1659 1542 1688 Verres:
1565 1669 1638 1695 una,
1660 1669 1713 1696 qua
1723 1660 1895 1690 frumentum
1913 1661 1965 1691 tibi
1977 1669 2084 1690 emeres
2095 1660 2123 1689 in
2137 1658 2256 1690 cellam:
2277 1658 2363 1688 altera
2376 1679 2384 1695 ,
2406 1668 2461 1697 qua
2475 1658 2527 1688 fru-

1430 1703 1555 1727 mentum
1566 1707 1671 1727 emeres
1681 1708 1696 1726 a
1710 1699 1868 1729 civitatibus
1876 1699 1951 1737 quod
1962 1698 2079 1728 Romam
2089 1698 2221 1727 mitteres.

1409 1733 1441 1764 In
1452 1734 1551 1764 cellam
1567 1737 1701 1773 imperare
1711 1736 1891 1766 frumentum.
1932 1737 1992 1767 Cic.
2005 1746 2028 1766 1.
2043 1736 2117 1766 Verr.
2129 1745 2171 1772 30.
2195 1735 2328 1772 Queritur
2344 1732 2437 1764 Sicilia
2447 1737 2524 1770 tota.
2577 1735 2583 1759 ἶ

1429 1772 1459 1801 C.
1474 1773 1583 1802 Verrem
1598 1773 1632 1802 ab
1643 1774 1812 1810 aratoribus,
1833 1784 1919 1813 quum
1934 1775 2106 1804 frumentum
2115 1774 2163 1803 fibi
2177 1773 2206 1803 in
2217 1772 2315 1804 cellam
2325 1771 2535 1810 imperavisset,
2574 1773 2590 1777 ”

1432 1812 1483 1839 Sic.
1508 1811 1555 1840 ubi
1571 1811 1665 1841 ilscon.
1682 1813 1709 1842 δι
1720 1812 1834 1842 Hotom.
1858 1812 1889 1842 V.
1922 1812 1997 1842 conf.
2020 1822 2037 1842 c
2048 1822 2086 1841 ει.
2095 1823 2111 1840 L
2121 1822 2141 1841 A
2151 1822 2167 1840 R
2178 1822 2187 1840 ι
2198 1821 2255 1841 υΜ.

1409 1847 1440 1878 In
1451 1848 1549 1878 cellam
1561 1848 1666 1879 sumere
1674 1850 1854 1880 frumentum.
1895 1850 1952 1880 Cic.
1966 1861 1990 1887 ς.
2003 1850 2077 1880 Verr.
2095 1855 2156 1885 188.
2178 1847 2325 1879 Nonestin
2336 1846 2390 1877 hoc
2404 1847 2519 1884 crimen,
2572 1858 2581 1886 52¹

1427 1886 1565 1923 Hortensi,
1588 1897 1623 1916 ne
1633 1888 1702 1917 forte
1710 1888 1744 1917 ad
1756 1888 1810 1918 hoc
1820 1888 1964 1924 meditere,
1986 1888 2089 1918 multos
2101 1887 2172 1925 saepe
2180 1888 2252 1917 viros
2261 1886 2351 1915 bonos
2362 1908 2370 1921 ,
2391 1886 2416 1915 &
2428 1885 2521 1920 fortes,

1427 1926 1453 1954 ἃ
1464 1925 1628 1955 innocentes
1640 1935 1703 1955 cum
1713 1926 1866 1956 aratoribus
1876 1948 1883 1961 ,
1906 1928 1933 1956 δι
1952 1936 2017 1956 cum
2030 1926 2187 1955 civitatibus
2199 1925 2386 1959 frumentum,
2409 1923 2482 1960 quod
2494 1924 2523 1954 in
2573 1925 2577 1936 ¹

1429 1962 1527 1991 cellam
1537 1963 1605 1992 sumi
1615 1970 1773 2001 oporteret,
1795 1964 1950 2000 aestimaffe,
1973 1966 1999 1995 ἃ
2008 1965 2159 2002 pecuniam
2168 1973 2219 2001 pro
2230 1963 2370 1992 frumento
2379 1960 2520 1991 abstulisse.
2569 1956 2572 1968 ⁴

1407 2000 1484 2029 Cella
1493 2021 1500 2034 ,
1521 2011 1571 2038 pro
1589 2001 1725 2031 Cuniculo
1746 2001 1839 2039 aliquo
1862 2002 1976 2032 secreto.
2011 2002 2070 2031 Cic.
2086 2011 2128 2037 14.
2144 2002 2197 2031 Att.
2213 2010 2258 2031 22.
2294 2000 2411 2030 Atticam
2432 2006 2521 2028 meam
2568 2031 2573 2040 Ἢ

1426 2040 1523 2104 igratias
1535 2039 1690 2106 mihciiagere
1701 2040 1735 2070 de
1745 2048 1833 2070 matre
1841 2041 1966 2078 gaudeo:
1989 2041 2035 2070 cui
2046 2040 2162 2077 quidem
2172 2048 2224 2077 ego
2236 2044 2325 2068 totam
2338 2037 2432 2069 villam
2441 2058 2450 2074 ,
2470 2036 2523 2066 cel-

1439 2086 1537 2113 amque
1550 2084 1588 2106 tra
1612 2088 1619 2105 i
1643 2088 1662 2107 1.

1407 2113 1489 2143 Strati
1500 2115 1529 2143 in
1540 2115 1616 2144 cellis
1626 2115 1699 2145 lecti.
1725 2114 1783 2145 Cic.
1796 2124 1822 2146 2.
1839 2115 1957 2153 Philipp.
1969 2119 2014 2152 67.

1409 2151 1494 2180 Cellae
1504 2154 1587 2182 etiam
1596 2153 1758 2185 Balnearum
1773 2153 1897 2182 membra
1906 2154 2018 2182 fuerunt
2027 2175 2035 2189 ,
2057 2151 2133 2182 Hinc
2564 2156 2569 2183 ¹,

1407 2189 1484 2219 Cella
1493 2190 1646 2227 frigidaria,
1668 2194 1692 2220 ὅ(
1705 2191 1916 2221 Cellacaldaria.
1956 2191 2024 2220 Plin.
2036 2190 2083 2220 lib.
2093 2199 2120 2220 2.
2132 2189 2214 2227 Epist.
2228 2198 2270 2226 17.
2281 2187 2316 2217 ad
2327 2186 2456 2223 Gallum,
2476 2186 2519 2218 Irl·
2562 2209 2574 2229 y·

1426 2228 1461 2256 de
1474 2228 1574 2257 balinei
1585 2229 1654 2258 cella
1663 2229 1803 2266 frigidaria
1814 2229 1928 2267 spatiosa
1943 2231 1969 2259 ὃς
1989 2228 2084 2258 effusa.
2122 2228 2165 2257 Est
2176 2233 2270 2256 autem
2280 2225 2350 2256 cella
2366 2225 2520 2261 frigidaria,

1425 2265 1473 2295 ubi
1485 2276 1553 2303 aqua
1566 2267 1663 2304 frigida
1673 2289 1681 2301 ,
1702 2268 1719 2296 li
1731 2267 1901 2305 poenituiffet
1912 2267 2017 2305 teporis
2027 2289 2035 2302 ,
2058 2265 2228 2295 lavabantur.
2253 2274 2317 2294 nam
2330 2263 2430 2292 balinei
2445 2262 2518 2293 cellae
2565 2262 2575 2295 1·

1425 2307 1479 2333 tres
1490 2311 1584 2333 erant:
1607 2305 1734 2339 caldaria,
1756 2305 1805 2334 ubi
1816 2305 1922 2334 calida:
1944 2304 2088 2342 tepidaria,
2109 2303 2157 2333 ubi
2169 2303 2263 2340 tepida
2275 2312 2281 2331 :
2303 2301 2456 2339 frigidaria.
2472 2300 2518 2331 ubi
2566 2303 2578 2325 '-

1425 2341 1524 2378 frigida
1537 2342 1698 2373 servabatur.
1721 2343 1780 2372 Hac
1792 2344 1863 2372 dere
1875 2343 1962 2372 multa
1977 2344 2080 2372 Vitruv.
2092 2341 2140 2371 lib.
2155 2351 2178 2377 5.
2191 2351 2251 2378 cap.
2268 2350 2311 2370 10.
2559 2337 2562 2347 '

1405 2378 1483 2408 Cella
1497 2379 1686 2418 suppositoria.
1729 2380 1859 2418 Vopiscus
1874 2381 1904 2410 in
1915 2380 2014 2410 Carino
2026 2402 2035 2415 ,
2057 2389 2116 2416 cap.
2132 2385 2176 2413 18·
2205 2378 2313 2408 Balneis
2327 2399 2335 2412 ,
2355 2375 2461 2414 inquit,
2474 2375 2516 2406 v'ita
2558 2380 2569 2414 li,

1423 2417 1529 2453 frigidis
1541 2418 1602 2447 usus
1613 2418 1650 2447 est
1659 2440 1667 2453 ‚
1688 2424 1719 2447 ut
1731 2418 1819 2448 solent
1832 2418 1885 2448 effe
1898 2418 1976 2448 cellae
1990 2417 2185 2455 suppositoriae,
2206 2416 2352 2453 frigidariis
2363 2414 2469 2452 semper
2478 2414 2517 2444 ni·
2558 2414 2564 2422 ¹*

1423 2456 1540 2485 valibus.
1581 2456 1664 2486 Cellae
1672 2462 1763 2485 autem
1774 2456 1959 2494 suppositoriae
1970 2462 2075 2486 vocatae
2088 2455 2166 2489 sunt,
2188 2454 2258 2490 Quae
2270 2453 2413 2491 suppositae
2429 2452 2491 2481 sunt
2505 2472 2515 2488 ‚
2556 2451 2570 2481 l*

1423 2492 1452 2536 id
1463 2493 1660 2560 eslrsubjeftae:
1682 2494 1745 2523 sunt
1753 2494 1829 2524 enim
1839 2493 2018 2532 frigidissima:
2032 2503 2090 2531 quae
2103 2492 2230 2529 subjeetae
2243 2491 2306 2521 sunt
2315 2489 2398 2520 nivali
2408 2489 2515 2528 frigidas

1422 2538 1472 2559 rio.
1522 2541 1588 2560 urne
1598 2541 1650 2561 ius.

1403 2567 1492 2603 Cella,
1508 2566 1625 2604 [ἀόνην]
1643 2569 1702 2598 Pars
1711 2568 1812 2608 templi
1823 2574 1880 2599 erat
1890 2568 2026 2605 sacratior,
2036 2569 2065 2598 in
2076 2576 2158 2605 quam
2169 2566 2276 2604 ingredi
2288 2565 2402 2595 cuilibet
2413 2566 2450 2595 fas
2458 2574 2513 2596 non
2552 2586 2559 2597 Γ

1421 2606 2169 2645 emelindeapudceii.lib.7.eap.1.1egiturScipionem
2180 2615 2209 2634 in
2221 2603 2391 2642 Capitolium
2405 2603 2510 2634 venisse:
2552 2603 2558 2639 i»

1418 2643 1573 2681 juslilseque
1584 2644 1681 2674 cellam
1694 2645 1769 2680 ,Iovis
1785 2646 1893 2682 aperiri,
1914 2646 2009 2682 ibique
2020 2645 2109 2674 solum
2121 2644 2296 2672 demoratum
2306 2640 2393 2671 fuisse.
2406 2641 2460 2671 Liv.
2470 2651 2480 2678 3
2489 2652 2512 2676 ς.
2556 2644 2557 2666 1

1421 2691 1466 2716 41.
1492 2682 1531 2711 De
1540 2682 1626 2711 multa
1639 2684 1835 2712 damnatorum
1846 2683 1984 2721 quadrigae
1998 2683 2127 2712 inauratae
2136 2682 2165 2710 in
2174 2680 2313 2719 Capitolio
2319 2679 2413 2718 positae
2421 2680 2451 2709 in
2461 2678 2513 2710 cel·
2550 2670 2569 2723 l

1421 2719 1447 2748 la
1458 2718 1535 2754 ‚Iovis
1548 2719 1773 2757 supravfastigium
1785 2719 1916 2750 aediculae.
2550 2727 2555 2755 l

1419 2755 1467 2786 Καὶ
1484 2758 1513 2783 (ἃς
1531 2755 1567 2783 πὲν
1582 2759 1649 2792 νεὼν,
1671 2760 1709 2784 τὸν
1723 2756 1760 2793 ⁷325
1779 2755 1818 2784 Διὶ
1829 2780 1837 2794 ,
1859 2755 2061 2793 σζΣΚσιππ-ωλίνᾳ
2076 2756 2102 2783 e’v
2118 2754 2155 2791 ⁷35
2172 2752 2348 2793 Τυχοάῳῖιπι.
2370 2755 2434 2784 Dio.
2451 2755 2511 2791 316.
2548 2762 2555 2782 :³

1441 2795 1561 2832 rincipio
1572 2817 1580 2829 ,
1602 2795 1649 2824 ubi
1660 2795 1726 2832 Xyl.
1745 2795 1844 2825 cellam
1854 2796 1943 2825 vertit.
1986 2797 2027 2825 An
2037 2795 2104 2825 hinc
2114 2793 2263 2830 Sacellum,
2285 2793 2359 2831 quasi
2371 2793 2450 2823 Sacra
2460 2790 2512 2822 cel·
2547 2788 2554 2830 ll
2566 2807 2567 2810 =

1430 2843 1453 2862 a.
1476 2833 1509 2861 H.
1521 2833 1559 2862 St.
1580 2832 1667 2862 Immo
1682 2834 2034 2863 diminutivumaSacrum.
2546 2839 2553 2864 l(
2567 2847 2574 2854 -·

1399 2870 1563 2899 Concordia:
1574 2871 1651 2900 cella.
1693 2871 1752 2900 Cic.
1765 2881 1789 2901 2.
1804 2871 1921 2909 Philipp.
1937 2882 1977 2906 ιφ.
1999 2871 2070 2900 Cum
2089 2870 2118 2900 in
2136 2869 2188 2899 hac
2203 2868 2273 2899 cella
2292 2866 2471 2904 Concordiae,
2491 2865 2508 2896 ὸ
2545 2865 2551 2892 ²3
2568 2865 2574 2871 ’

1418 2908 1457 2936 dii
1476 2909 1661 2938 immortales!
1684 2909 1761 2938 Adde
1772 2910 1854 2938 etiam
1869 2919 1891 2945 3.
1912 2909 2027 2946 Philipp.
2045 2917 2088 2945 31.

1397 2945 1536 2975 Pastorum
1548 2946 1787 2984 bubulcorumque
1797 2946 1884 2976 cellae.
1906 2946 2043 2977 Columel.
2055 2946 2089 2974 de
2101 2945 2132 2975 R.
2147 2944 2180 2974 R.
2195 2955 2219 2974 1.
2229 2947 2254 2974 6.

1399 2983 1483 3013 Cellae
1494 2984 1606 3013 fuerunt
1618 2985 1798 3014 Meretricum
1806 2985 1933 3014 fornices.
1974 2984 2083 3014 Petron.
2095 2993 2156 3021 cap.
2168 2988 2194 3018 8.
2215 2982 2277 3018 Jam
2285 2980 2413 3020 procella
2423 2988 2506 3011 mere·
2546 2981 2549 3002 Γ

1417 3023 1471 3051 trix
1483 3022 1565 3051 assem
1580 3030 1717 3059 exegerat.
2545 3019 2547 3040 Γ

1397 3059 1529 3099 Inscripta
1540 3060 1617 3089 cella.
1641 3059 1761 3089 illartial.
1774 3069 1785 3088 1
1794 3070 1816 3089 1.
1826 3060 1916 3097 Epigr.
1928 3063 1974 3094 46.
2136 3084 2139 3091 .
2543 3058 2547 3090 ἰ

1476 3098 1580 3127 Intrasti
1595 3099 1702 3133 quoties
1712 3097 1848 3136 inscriptae
1859 3098 1957 3126 limina
1970 3096 2058 3127 cellae.
2539 3095 2545 3137 ¹l
2564 3119 2565 3129 ι

1396 3134 1486 3165 Vacua
1498 3135 1576 3166 cella.
1597 3136 1696 3171 juven.
1709 3140 1734 3165 6.
1748 3136 1803 3165 Sat.
1819 3145 1880 3165 121.
2540 3138 2541 3150 ¹

1476 3173 1593 3203 Intravit
1602 3173 1724 3202 calidum
1735 3174 1820 3202 veteri
1833 3179 1953 3203 centone
1963 3168 2080 3210 lupanar
2089 3193 2098 3208 ‚

1474 3211 1507 3240 Et
1519 3211 1618 3240 cellam
1628 3220 1742 3240 vacuam
1755 3233 1762 3246 ,
1784 3220 1866 3248 arque
1875 3211 1958 3239 suum.

1394 3248 1484 3278 Cellas
1494 3270 1502 3285 ‚
1522 3248 1631 3278 abusive
1646 3249 1777 3277 Favorum
1789 3257 1918 3278 cavernas
1930 3247 2038 3276 vocavit
2048 3246 2121 3284 Virg.
2135 3255 2159 3275 1.
2171 3245 2230 3276 AEn.
2243 3253 2274 3282 43
2282 3249 2306 3283 7.
2540 3270 2541 3275 ,

1588 3302 1625 3306 ——
1637 3287 1799 3315 distendunt
1810 3288 1918 3315 nectare
1930 3285 2024 3315 cellas.
2118 3284 2238 3313 Servius.
2535 3291 2541 3306 ¹⁴
2569 3317 2571 3321 Ι
2585 3300 2587 3305 ·

1396 3323 1593 3354 Columbarum
1604 3323 1688 3352 cellze.
1710 3324 1847 3353 Coluniel.
1859 3330 1884 3356 8.
1899 3329 1924 3355 8.

2032 109 2059 143 E
2155 107 2182 142 L

2595 791 2598 804 l

1356 3363 1548 3395 CELLuLA,
1569 3372 1599 3390 ce.
1622 3362 1639 3391 f.
1663 3362 1760 3390 dimin.
1788 3361 1852 3390 Ter.
1867 3362 1934 3390 Eun.
1948 3365 2066 3395 2.3.1s'.
2533 3368 2539 3395 ‚j
2568 3341 2604 3386 lii

1448 3400 1543 3435 Quum
1554 3400 1580 3427 in
1590 3399 1717 3429 cellulam
1729 3399 1762 3427 ad
1773 3407 1799 3427 te
1812 3400 1895 3436 patris
1908 3407 2010 3434 penum
2020 3406 2105 3426 omne
2116 3393 2301 3434 congerebam
2311 3391 2473 3425 clanculum.
2533 3401 2534 3406 ¹
2565 3382 2604 3426 sliri

1393 3436 1506 3467 Ccllulze
1517 3437 1708 3466 columbarum
1722 3443 1831 3466 cavatae.
1873 3435 2007 3465 Columel.
2027 3435 2110 3468 lib.8.
2131 3444 2191 3471 cap.
2205 3444 2230 3469 9.
2257 3429 2498 3469 Receptaculanon
2536 3454 2537 3458 ,
2583 3427 2604 3463 bil

1411 3481 1540 3511 tanquam
1556 3474 1693 3503 columbis
1703 3474 1889 3503 loculamenta
1898 3495 1905 3508 ,
1929 3473 1971 3501 vel
1983 3472 2090 3501 cellula:
2100 3479 2200 3500 cavatae
2209 3468 2436 3504 efficiuntur‚sed,
2447 3468 2495 3498 &c-

1393 3512 1510 3549 {inplere
1519 3512 1647 3541 cellulam
1660 3511 1710 3541 risu
1727 3511 1883 3549 plausuque.
1908 3511 2013 3540 Petron.
2027 3519 2087 3547 cap.
2101 3519 2143 3538 11.
2315 3543 2321 3551 ·
2386 3543 2392 3550 ·
2530 3535 2531 3542 ,
2599 3535 2601 3540 ,

1353 3549 1376 3579 C
1387 3560 1423 3578 izL
1434 3560 1473 3615 Lsp
1485 3560 1500 3578 L
1510 3553 1527 3578 A
1538 3559 1556 3577 N
1567 3560 1583 3578 υ
1594 3559 1605 3579 s
1617 3572 1625 3585 ,
1645 3550 1663 3579 i.
1685 3559 1722 3579 m.
1746 3549 1919 3584 Monachus,
1941 3549 1987 3585 qui
1999 3549 2027 3577 in
2039 3547 2108 3577 cella
2123 3547 2207 3578 vitam
2215 3544 2344 3581 transigit.
2365 3543 2458 3573 Sidon.
2470 3550 2495 3578 9.
2528 3567 2529 3573 ,
2562 3553 2604 3586 :52

1393 3588 1413 3617 Ε
1424 3589 1442 3615 )1
1470 3610 1475 3616 .
1505 3610 1510 3615 .
2528 3602 2529 3609 1
2591 3596 2594 3607 l

1353 3596 1587 3658 cisti-riuus,
1605 3633 1636 3658 a,
1658 3631 1715 3653 tim.
1737 3624 1796 3659 Adj.
1821 3628 1870 3657 ut,
1894 3623 1994 3661 Sagina
2014 3621 2134 3652 cellaria.
2174 3619 2259 3650 Plaut.
2276 3618 2358 3649 Milit.
2379 3625 2403 3655 3.
2417 3623 2494 3654 231.
2527 3622 2529 3646 1
2579 3625 2583 3646 ¹.

1394 3662 1486 3691 Postea
1497 3661 1587 3698 sagina
1597 3671 1647 3698 ego
1657 3662 1752 3697 ejiciar
1760 3660 1878 3691 cellaria.
2253 3694 2258 3700 ·
2274 3693 2279 3700 ι

1355 3699 1423 3728 CitL
1434 3709 1502 3728 LAR
1514 3710 1520 3726 i
1531 3709 1548 3728 A
1560 3721 1567 3732 ,
1588 3710 1619 3728 rc.
1643 3699 1659 3728 f.
1682 3699 1807 3734 [πιμίοι]
1829 3698 1898 3734 Quae
1914 3695 2100 3734 praeestcellae.
2121 3695 2206 3725 Plaut.
2218 3693 2301 3723 Milic.
2316 3701 2339 3731 3.
2355 3700 2450 3736 unior.
2526 3723 2527 3726 Ἴ

1454 3737 1644 3773 jampridem,
1666 3737 1730 3773 quia
1739 3735 1975 3767 nihilablluleiit,
1996 3733 2136 3764 succenset
2146 3732 2265 3762 cellaria.
2345 3730 2397 3769 ,Alii
2406 3729 2496 3766 legunt
2577 3729 2581 3756 l

1392 3772 1517 3803 Gerziria:
1543 3772 1592 3802 Alii
1604 3781 1696 3803 autem
1708 3774 1825 3804 Cei-aria.
1849 3773 1878 3803 V.
1900 3772 2018 3801 Taubm.
2034 3769 2327 3801 Lambin.&Gronov.
2340 3768 2375 3797 ad
2387 3766 2437 3796 loc.
2524 3778 2525 3787 ¹

1354 3809 1377 3840 C
1388 3820 1401 3840 e
1411 3822 1450 3839 Li.
1461 3821 1479 3839 A
1491 3821 1507 3839 s
1517 3822 1526 3839 1
1537 3820 1553 3840 υ
1563 3822 1574 3840 s
1586 3834 1592 3845 ,
1615 3813 1632 3840 i.
1653 3822 1690 3840 m.
1714 3811 1850 3847 [ταμίαι]
1871 3810 1928 3846 Qui
1945 3809 2038 3847 praeest
2056 3808 2143 3838 cellae.
2167 3807 2252 3836 Plaut.
2271 3806 2350 3844 Capt.
2362 3815 2387 3840 4.
2397 3813 2422 3848 ²:
2435 3810 2492 3838 ης.
2522 3818 2524 3830 s

1390 3849 1494 3883 Sume,
1517 3849 1615 3885 posce,
1637 3858 1735 3886 prome
1755 3849 1822 3886 quid
1841 3849 1896 3882 vis,
1920 3853 1948 3876 te
1964 3847 2035 3875 facio
2056 3847 2206 3876 cellarium.
2241 3842 2375 3873 Coluinel.
2395 3841 2493 3870 lib.11.

2522 3833 2524 3871 l
2558 3794 2604 3874 iiiii&

1388 3894 1450 3922 cap.
1468 3896 1489 3915 i.
1515 3887 1576 3914 Non
1587 3887 1677 3915 minor
1688 3886 1815 3916 habenda
1825 3887 1878 3915 erit
1887 3886 1955 3914 ratio
1965 3906 1973 3920 ,
1995 3890 2026 3913 ut
2034 3884 2112 3914 cibus
2124 3885 2150 3914 ἃ
2159 3881 2306 3921 potiorine
2319 3875 2495 3910 fraudeacel-
2521 3875 2523 3923 j
2560 3859 2604 3921 signu

2573 3907 2604 3959 liiii

2587 3971 2604 4035 v:

2572 3920 2581 3959 l

1387 3922 1460 3954 latiis
1470 3923 1632 3962 praebcatur.
1653 3924 1687 3954 Et
1696 3924 1814 3954 Martias.
1831 3933 1874 3953 ιι.
1888 3923 1978 3961 Epigr.
1990 3930 2033 3958 32.
2423 3950 2494 3981 Hinc
