2600 4177
403 127 433 163 C
529 128 565 163 O
658 127 676 165 1

56 207 211 239 Exarmare.
232 209 321 239 Tacit.
334 217 360 239 2.
380 208 447 238 Hist.
460 211 504 245 75.

55 245 193 281 Expedire
203 248 340 276 cohortes.
363 247 452 276 Tacit.
465 256 489 280 ζ.
502 245 569 276 Hist.
581 254 608 276 2.

54 282 210 321 Explicare.
234 285 305 321 Virg.
318 295 344 313 2.
356 285 454 320 Georg.
471 293 534 319 279.

147 321 184 350 Ut
192 322 261 358 saepe
272 322 378 357 ingenti
391 322 474 354 bello,
485 330 571 357 quum
581 320 662 357 longa
677 321 805 351 cohortes

149 358 290 396 Explicuit
301 361 390 395 legio:
414 361 439 387 ἃ
448 368 547 396 campo
560 359 632 387 stetit
644 368 743 395 agmen
758 364 863 398 aperto.

56 394 184 425 Firmare.
208 397 297 425 Tacit.
315 407 323 425 1
335 407 355 425 ι.
377 398 443 424 Ann.
457 405 499 428 ³1.

54 432 191 462 inducere
201 434 328 462 cohortes
338 435 364 461 in
376 433 509 470 praelium.
551 432 582 461 V.
605 443 614 461 i
623 443 643 461 Ν
652 443 670 461 Ι)
683 443 702 462 υ
711 444 729 462 c
737 443 763 464 ο.

55 470 98 501 Ire
110 471 239 500 vallatum
250 471 421 500 cohortibus.
441 471 507 500 Stat.
524 480 564 499 12.
578 470 668 500 Theb.
686 477 745 503 181.

378 542 381 543 .
444 525 480 529 —-
493 518 544 537 nec
562 508 675 537 alumna
689 507 774 538 nivosi

148 543 266 574 Phasidis
276 546 401 583 innuptis
412 545 511 575 vallata
522 546 683 575 cohortibus
692 547 754 575 iret.

56 581 163 611 Cohors
172 603 179 616 ‚
202 582 387 619 congregatio
399 593 629 621 quorumcunque
641 583 798 612 hominum.
836 583 912 614 Suet.
926 585 953 614 in
965 585 1068 614 Neron.
1079 593 1172 621 caps.

78 619 161 655 Quod
174 628 306 655 quantum
317 628 412 657 potare
426 622 573 657 jubebatur
582 643 590 655 ,
611 621 764 656 recusarat,
785 622 909 652 dimissus
920 633 935 652 e
946 624 1061 652 cohorte
1073 624 1176 652 amico·

76 667 154 691 rum,
177 657 264 686 nihilo
276 659 425 688 modestius
437 660 513 688 vixit.
536 660 602 688 Hor.
619 669 640 687 r.
659 659 740 696 Epist.
752 668 776 695 3.
788 664 815 688 6.

149 695 227 730 Quid
238 696 355 726 studiosa
366 697 470 727 cohors
485 706 600 733 operum
610 697 686 725 struit
694 697 708 725 ‘.>

56 727 171 761 Famula
184 733 284 762 cohors
296 756 303 767 ,
325 735 342 763 i.
356 744 380 763 e.
405 734 577 764 Famularum
589 735 696 763 cohors.
717 734 786 763 Stat.
801 744 841 764 11.
855 734 946 764 Theb.
966 744 1028 770 292.

58 769 184 807 Innuptae
195 772 323 800 cohortes
335 794 342 805 ,
363 773 380 800 i.
394 782 417 801 e.
441 772 577 801 Cohortes
586 772 732 808 virginum.
757 772 823 801 Stat.
838 782 878 801 12.
893 772 983 802 Theb.
1002 782 1031 807 53
1041 782 1064 802 r.

59 806 183 850 Cohors,
205 818 255 846 pro
268 809 407 838 Comitatu
422 812 446 839 St
458 810 596 843 satellitio,
618 812 643 839 ὁὶ
660 809 763 838 familia
775 810 943 846 magistratus
953 811 999 847 qui
1010 811 1066 839 ibat
1077 810 1105 838 in
1114 819 1178 847 pro-

76 845 206 888 vinciam.
248 846 329 876 Unde
341 870 348 881 ,
369 848 475 877 Cohors
487 848 611 876 Praetoria
623 869 630 882 ,
653 857 714 883 quae
726 847 837 875 Consuli
847 855 894 877 aut
905 849 1012 877 Praetori
1026 849 1054 877 in
1066 848 1178 885 provin-

78 892 120 911 cia
133 884 228 920 praesto
237 883 343 922 semper
351 893 407 914 erat
417 907 425 919 ,
447 885 574 922 quasique
585 885 656 914 latus
665 885 724 919 eius
735 886 872 922 cingebat.
912 886 969 915 Cic.
989 897 1010 914 i.
1024 886 1060 922 Q.
1075 886 1135 914 frat..
1154 896 1177 914 i.

79 920 159 956 Quos
167 931 233 951 vero
245 931 291 951 aut
301 932 335 951 ex
345 923 503 952 domesticis
514 922 760 959 conjunctionibus
771 944 778 957 ,
799 930 846 952 aut
860 933 893 952 ex
904 924 1060 953 necessariis
1071 923 1180 961 appari-

76 959 203 988 tionibus
213 966 305 989 tecum
315 960 368 990 effe
377 961 483 990 voluisti
496 983 503 993 ,
526 962 572 998 qui
583 960 656 996 quasi
667 969 702 989 ex
718 960 833 990 cohorte
852 961 974 990 Praetoris
990 960 1124 999 appellari
1140 960 1182 989 so-

76 995 152 1025 lent:
175 998 275 1026 horum
289 1008 345 1027 non
359 999 444 1028 modo
454 999 523 1028 facta
534 1021 542 1030 ,
565 998 611 1027 sed
631 999 715 1026 etiam
728 998 803 1027 diota
824 1000 918 1028 omnia
932 999 1083 1036 praestanda
1100 998 1182 1027 nobis

76 1033 150 1063 sunt.
191 1035 285 1072 Itaque
307 1038 382 1071 quod
401 1037 500 1065 Cicero
518 1036 668 1065 Cohortem
683 1035 836 1065 Przetoriam
850 1037 879 1065 in
891 1045 1007 1073 prfetura
1022 1037 1127 1066 urbana
1142 1036 1184 1064 di»

79 1072 137 1106 xit,
160 1072 291 1102 Asconius
303 1074 465 1104 Consulares
476 1074 593 1103 comites
601 1074 805 1111 interpretatur.
828 1075 955 1105 Budaeus.
996 1075 1087 1104 Locus
1102 1073 1183 1104 Asco-

79 1109 167 1138 niiest
181 1110 210 1139 in
225 1120 247 1147 3.
265 1111 339 1141 Verr.
359 1116 400 1148 36.
428 1122 452 1149 q.
467 1112 498 1141 V.

60 1141 172 1185 {impura
187 1147 277 1178 Verris
288 1151 420 1186 praetoris.
443 1149 502 1179 Cic.
515 1153 539 1178 ⁶.
560 1146 634 1178 Verr.
650 1158 711 1182 ης.

61 1184 188 1214 Praetoria
198 1186 299 1216 cohors
309 1187 494 1216 scortatorum.
535 1186 593 1215 Cic.
610 1187 678 1224 2.·in
689 1186 769 1216 Catil.
781 1197 825 1221 24.
849 1187 875 1217 O
896 1187 1002 1218 bellum
1014 1196 1184 1224 magnopere

77 1223 332 1261 pertimescendum
346 1247 354 1260 ,
376 1235 460 1263 quum
471 1225 543 1254 hanc
553 1225 582 1253 sit
592 1225 734 1254 habiturus
745 1225 865 1255 Catilina
886 1225 1067 1255 scortatorum
1086 1226 1184 1254 cohor-

82 1266 140 1289 tem
153 1260 314 1292 Praetoriam.
357 1263 410 1292 Hic
421 1273 477 1291 nori
491 1262 634 1292 Comitum
646 1285 654 1297 ‚
676 1262 722 1291 sed
736 1263 860 1293 Militum
872 1264 981 1294 cohors.
1007 1263 1038 1294 V.
1057 1272 1182 1293 PRAETOR.

60 1296 207 1328 Laboriosa
221 1300 320 1330 cohors
332 1300 444 1338 Ulyss'ei.
467 1300 534 1329 Hor.
546 1300 635 1338 Epod.
652 1303 694 1330 16.
704 1304 749 1330 60.

61 1335 135 1374 Vaga
146 1337 256 1367 cohors.
278 1338 378 1367 Catull.
390 1344 433 1367 61.
445 1348 490 1373 25.

62 1407 66 1412 .
152 1374 209 1404 Ubi
221 1375 306 1405 suevit
315 1376 363 1405 illa
375 1377 445 1405 divae
455 1375 573 1405 volitare
584 1385 651 1413 vaga
663 1376 772 1406 cohors.

61 1410 170 1479 CCohors
184 1414 219 1442 ad
232 1423 274 1443 res
287 1415 452 1444 inanimatas
464 1413 547 1443 etiam
556 1415 729 1444 transfertur.
753 1420 792 1450 ut,
813 1413 943 1445 Febrium
954 1415 1063 1445 cohors.
1085 1414 1184 1445 Hem.

107 1460 174 1479 arm.
189 1460 213 1487 3.
228 1460 272 1486 30.

27 1484 75 1518 Co
84 1498 128 1517 rio
137 1497 182 1517 ΒΤ
191 1491 250 1518 ιοῠ
261 1500 277 1518 1.
286 1499 304 1518 A
317 1511 325 1523 ,
347 1499 378 1518 ae.
400 1489 419 1519 f.
442 1489 541 1520 dimin.
563 1489 622 1520 Cic·
634 1494 661 1524 8.
673 1488 747 1519 Fam.
760 1493 786 1519 6.
808 1490 922 1520 Bibulus
938 1491 968 1520 in
979 1491 1085 1520 Amano
1093 1489 1186 1520 nescio

65 1526 131 1563 quid
142 1526 375 1556 cohorticularum
383 1528 478 1557 amisit.

27 1563 291 1607 Cortona-Acis,
312 1564 355 1594 vel
376 1565 397 1593 C
409 1574 625 1601 HORTALIS,
643 1575 670 1595 e.
704 1565 764 1601 Adj.
795 1563 1002 1602 [myst-ianam]
1030 1576 1045 1595 a
1064 1566 1188 1595 Cohorte

64 1601 145 1631 villae.
167 1608 198 1631 ut
208 1624 215 1637 ,
241 1602 404 1632 Cohortales
415 1613 478 1633 aves
488 1626 495 1637 ,
518 1603 589 1640 Quae
609 1605 638 1633 in
655 1604 771 1633 cohorte
787 1605 863 1633 domi
883 1603 1003 1633 aluntur.
1044 1603 1184 1633 Columel.

61 1639 113 1668 lib.
128 1649 152 1669 r.
164 1640 192 1668 in
210 1649 329 1678 prooem.
350 1641 385 1670 Et
398 1647 429 1671 ut
447 1652 462 1671 a
474 1642 624 1679 pecoribus
642 1642 789 1677 recedam,
817 1651 937 1679 quorum
950 1642 980 1670 in
999 1649 1078 1680 parte
1094 1642 1188 1672 avium

64 1677 252 1720 cohortalium
264 1701 272 1712 ,
294 1681 320 1708 Sc
330 1680 424 1716 apium
434 1689 498 1709 cura
507 1679 593 1717 posita
606 1680 644 1708 est
657 1701 665 1714 ,
688 1682 739 1709 &o

61 1715 186 1745 Offioma
196 1716 357 1746 cohortalis.
379 1718 396 1746 i.
409 1727 433 1747 e.
455 1716 607 1747 Ornithon.
630 1716 768 1747 Columel.
780 1722 806 1752 8.
819 1726 844 1754 3.
860 1727 884 1747 1.
897 1718 923 1747 ἃ
936 1720 962 1751 8.

62 1752 158 1783 Pullus
168 1754 328 1784 cohortalis.
351 1755 421 1785 Cels.
433 1764 458 1784 2.
471 1760 515 1788 28.

65 1790 146 1820 Ratio
158 1792 310 1822 cohortalis
320 1815 328 1827 ,
349 1803 431 1830 quarn
443 1793 642 1823 Graecivocant
653 1791 832 1826 ὄρυιθυτξοωίιω.
856 1792 994 1822 Columel.
1015 1796 1040 1825 8.
1055 1801 1081 1821 2.
1093 1795 1120 1822 6.

28 1826 53 1858 G
61 1839 77 1858 o
87 1839 108 1858 H
118 1839 135 1858 ο
145 1839 163 1859 R
171 1839 191 1858 'r
199 1840 217 1858 Λ
228 1841 244 1859 L
252 1841 261 1859 1
272 1840 292 1859 Ν
305 1841 322 1859 u
332 1840 355 1866 s,
369 1832 385 1860 i.
398 1840 435 1860 m.
458 1831 561 1860 Ordini
572 1830 677 1860 miiitiae
687 1830 814 1860 Palatinas
823 1830 986 1869 adscriptus.
1000 1829 1186 1861 Cod.Theod.

66 1870 92 1896 6.
107 1877 151 1902 ις.
174 1868 417 1898 Cohortalinorum
430 1868 538 1898 militia.

24 1902 53 1935 C
63 1908 80 1934 ὃ
90 1915 109 1933 H
118 1915 135 1934 ο
143 1915 159 1934 R
167 1915 187 1934 T
195 1915 239 1934 018
249 1928 257 1941 ‚
274 1908 293 1942 .[
303 1904 463 1942 mansuem]
483 1907 531 1936 firi.
553 1905 641 1936 Simul
654 1913 702 1935 aut
712 1905 898 1935 Vehementer
908 1906 1021 1935 hortari.
1043 1906 1101 1935 Cic.
1113 1915 1138 1935 2.
1151 1905 1189 1935 de

63 1943 130 1974 Nat.
143 1943 227 2009 ἓως.
242 1950 303 1980 148.
331 1944 441 1974 Deinde
457 1945 510 1974 hac
524 1945 722 1980 cohortamur,
754 1945 806 1974 hac
821 1944 1026 1982 persuademus.
1067 1942 1110 1973 De
1128 1944 1191 1973 Elo-

66 1990 140 2017 quen
163 1991 172 2009 i
182 1991 218 2011 vr.

59 2018 208 2054 Cohorto,
229 2019 319 2049 active
329 2042 338 2056 ,
360 2020 520 2057 Antiquom.
548 2020 750 2057 Quadrigarius
760 2019 835 2057 apud
852 2019 977 2048 Nonium
988 2041 996 2055 ,
1019 2019 1053 2049 Et
1063 2019 1190 2049 dicerent

84 2057 168 2086 castra
182 2057 253 2087 facta
261 2057 315 2087 eise
327 2080 336 2094 ‚
360 2065 442 2095 atque
454 2059 504 2088 hos
519 2059 697 2088 cohortarent
709 2080 715 2089 .
738 2058 778 2086 uti
791 2063 970 2087 maturarent.

66 2093 212 2126 Deterrere
227 2097 252 2125 ἃ
265 2096 411 2126 Cohortari
423 2119 431 2131 ,
454 2104 647 2135 opponuntur.
688 2096 745 2125 Cic.
760 2106 782 2124 1.
805 2097 841 2125 de
858 2096 934 2124 Orat.
946 2101 1011 2130 258.
1033 2094 1105 2124 lllud
1124 2104 1189 2124 vero

85 2134 139 2163 fuit
149 2133 295 2167 horribile,
315 2135 391 2172 quod
403 2134 563 2165 mehercule
576 2144 672 2165 vereor
684 2144 720 2163 ne
733 2134 868 2170 majorem
879 2134 935 2163 vim
945 2133 979 2163 ad
991 2133 1190 2163 deterrendum

86 2171 232 2207 habuerit,
253 2182 336 2209 quam
349 2173 384 2202 ad
400 2173 615 2203 cohortandum.

64 2207 212 2239 Cohortari
227 2211 261 2239 ad
275 2220 382 2248 pacem.
405 2211 462 2240 Cic..
473 2222 517 2245 ις.
539 2213 592 2241 Att.
611 2221 634 2240 1.

68 2247 109 2283 Ad
123 2247 243 2277 studium
252 2248 365 2278 summae
377 2249 467 2278 laudis
477 2250 597 2286 aliquem
607 2247 754 2278 cohortari.
777 2246 835 2277 Cic.
848 2256 874 2277 2.
887 2246 963 2277 Fam.
976 2255 1002 2283 ς.

68 2286 110 2314 Ad
121 2286 251 2315 virtutem
263 2287 402 2316 cohortari
413 2287 565 2316 ardentius
589 2287 646 2315 Cic.
660 2296 684 2314 2.
695 2286 730 2314 de
739 2285 815 2314 Orat.
829 2294 873 2320 ξς.

0 2348 1 2362 3
67 2323 353 2354 Cohortariinvicem.
391 2325 467 2354 Suet.
481 2326 510 2354 in
521 2326 617 2363 Sergio
627 2324 731 2359 Galba,
744 2333 807 2361 cap.
824 2332 866 2353 ιο.
890 2322 1108 2352 Cohortantibas
1120 2322 1191 2352 invi·-

37 2392 40 2396 ,
83 2371 147 2391 cem
157 2383 166 2397 ,
182 2372 224 2392 -ne
234 2363 406 2392 occasionem
421 2364 593 2393 omitterent.

31 2397 296 2429 COHORTATUS
308 2422 316 2434 ,
336 2411 370 2436 a,
388 2410 449 2431 um.
472 2402 569 2431 Partic.
591 2401 679 2430 forma
701 2398 766 2437 pass.
789 2398 858 2428 Cato
879 2398 956 2435 apud
977 2397 1049 2427 Gell.
1071 2406 1117 2434 ις.
1145 2406 1188 2435 13.

68 2437 226 2468 Exercitum
239 2437 317 2467 suum
327 2438 455 2476 pransum
463 2461 472 2474 ‚
493 2446 618 2477 paratum
629 2460 637 2472 ,
660 2437 836 2467 cohortatum
846 2436 952 2465 eduxit.

31 2474 80 2505 Co
89 2485 108 2504 H
119 2485 135 2504 o
144 2485 188 2505 ΒΤ
198 2485 248 2505 AN
258 2486 275 2504 i>
285 2485 324 2505 us
334 2499 343 2512 ,
364 2485 396 2512 «τ,
419 2486 477 2507 um.
500 2478 595 2507 Partic.
623 2472 857 2512 [παςεψκςέῶι]
881 2474 939 2503 Cic.
957 2483 980 2503 1.
1003 2473 1037 2503 de
1051 2473 1129 2503 Orat.
1144 2482 1188 2510 30.

68 2513 134 2543 Non
144 2513 192 2543 fibi
207 2514 411 2544 cohortandum
420 2515 576 2554 Sulpicium
590 2516 616 2545 δε
627 2514 750 2550 Cottam,
770 2512 819 2542 sed
829 2513 916 2549 magis
928 2517 1077 2550 utrumque
1087 2511 1192 2542 collau·-

64 2551 194 2581 ¹dandum
205 2552 304 2581 videri.

32 2583 306 2626 COHORTAT10‚
327 2590 398 2621 onis.
420 2591 440 2621 s.
462 2591 625 2628 [παξεήὶιὴ]

62 2626 200 2664 >¹-Iudicum
213 2628 370 2657 cohortatio
380 2629 415 2658 ad
426 2629 541 2659 honeste
551 2627 742 2663 iudicandum.
765 2626 824 2656 Cic.
837 2636 888 2664 pro
898 2625 1008 2655 Cluent.
1020 2630 1083 2662 138.

68 2665 161 2695 lnanis
173 2668 198 2695 St
211 2665 266 2695 sine
278 2666 357 2695 causa
367 2667 492 2705 suscepta
501 2667 667 2697 cohortatio.
689 2666 749 2695 Cic.
764 2675 788 2694 1.
807 2665 881 2694 Fam.
890 2669 919 2701 ’7.

69 2702 277 2734 Incredibiliter
288 2714 332 2733 me
345 2711 560 2735 cominovettua
568 2704 735 2734 cohortatio.
757 2702 814 2732 Cic.
830 2706 870 2732 16.
884 2703 938 2732 Att.
952 2711 995 2738 13.

70 2740 249 2771 Concitatum
258 2742 312 2771 else
323 2743 517 2773 cohortatione
528 2743 645 2778 alicujus
656 2742 690 2771 ad
700 2741 814 2778 aliquid.
836 2741 895 2770 Cic.
911 2750 935 2770 1.
944 2741 981 2770 de
996 2740 1073 2770 Orat.
1086 2748 1151 2777 204.

33 2791 44 2799 κ
67 2778 453 2811 Excitaricohortationibus.
484 2782 542 2811 Cic.
557 2781 590 2811 ad
609 2781 682 2810 ssrut.
695 2779 744 2816 Ep.
759 2788 800 2808 ιο.
813 2789 855 2816 pr.

9 2847 11 2850 ,
27 2809 109 2847 (ἴοι-ι
118 2827 134 2846 o
143 2828 186 2847 RT
197 2828 216 2847 A
225 2828 245 2846 τ
255 2829 264 2847 i
274 2828 291 2847 u
302 2828 322 2847 N
331 2828 349 2847 c
360 2829 376 2848 υ
388 2829 432 2848 LA
441 2841 450 2855 ,
471 2829 503 2849 ae.
524 2818 543 2848 f.
566 2819 665 2848 dimin.
689 2816 846 2847 Ambrosius
856 2822 901 2853 84.
915 2826 957 2854 pr.
979 2816 1078 2853 Neque
1092 2815 1193 2845 cohor.

71 2856 235 2886 ratiunculas
246 2857 462 2887 measadhibere
477 2857 680 2894 praesumerem.

34 2891 113 2923 Gor—1
122 2903 156 2923 rv
165 2904 215 2923 uu
227 2916 235 2930 ,
257 2894 345 2931 Calyx
359 2894 423 2924 rosae
439 2895 533 2924 adhuc
545 2895 702 2924 connivens
717 2894 744 2923 Sc
754 2891 871 2922 clausus.
908 2887 997 2921 Verba
1009 2891 1072 2921 sunt
1085 2891 1193 2928 antiqui

70 2930 155 2960 lexici
164 2954 173 2967 ,
192 2931 334 2962 Cohivum
345 2954 353 2968 ,
376 2933 454 2966 νωίλνξ
466 2930 520 2969 ῥέὲε
534 2932 661 2968 μεμηκώς.
701 2931 837 2961 Scribitur
849 2932 874 2959 Sc
885 2929 1024 2959 Conivum
1034 2951 1042 2965 ,
1062 2940 1077 2959 a
1090 2930 1194 2959 Conni-

70 2970 164 2998 vendo
175 2976 206 2999 ut
216 2980 286 3000 reor.
307 2970 466 3001 Turnebus.
505 2971 554 3000 Ed.
566 2970 664 3007 Steph.
687 2969 772 2998 divise
782 2991 791 3003 ,
813 2968 907 3002 ›tom-²,
927 2966 984 3003 ῥόδον
1005 2966 1126 3003 μεμνώ-

33 3005 226 3038 ‘ceno-spa
239 3030 248 3044 ,
270 3009 326 3038 itis.
348 3018 386 3037 m.
412 3008 539 3043 Hospitio
549 3009 670 3043 junctus.
692 3007 767 3045 apud
782 3005 938 3036 Paulinum.

36 3044 84 3075 Co
94 3054 113 3074 H
123 3055 169 3074 um
181 3067 190 3081 ,
210 3047 228 3075 i.
248 3055 276 3075 n.
300 3045 403 3075 Lorum
412 3069 421 3081 ,
442 3044 497 3085 quo
507 3053 584 3076 temo
596 3047 671 3075 buris
680 3055 744 3075 curn
753 3045 820 3082 jugo
832 3043 995 3081 colligatur,
1016 3053 1031 3072 a
1051 3042 1194 3072 Cohiben-

72 3082 110 3112 do
125 3083 242 3113 dietum.
265 3083 443 3115 HaecFestus.
482 3085 568 3114 Varro
577 3092 671 3114 autem
685 3094 711 3119 4-
724 3083 759 3112 de
770 3082 798 3112 L.
817 3081 845 3111 L·
861 3090 903 3115 31-
930 3082 1040 3110 ssohum
1061 3081 1128 3116 [vel
1143 3090 1194 3118 ΡΟ-

67 3121 127 3151 tius
137 3121 266 3157 Covum]
285 3132 337 3159 pro
353 3122 423 3151 Loro
435 3145 443 3158 ,
464 3132 480 3152 a
492 3122 567 3152 Cavo
579 3145 587 3158 ,
610 3122 682 3159 quasi
693 3130 792 3150 cavum
812 3120 919 3149 dictum
934 3120 1089 3148 existimat:
1113 3119 1195 3148 dicit-

73 3168 127 3195 que
137 3159 190 3188 efse
200 3159 285 3195 subju
308 3170 325 3189 o
336 3161 430 3189 medio
441 3169 544 3191 covum
555 3183 563 3196 ,
581 3170 636 3197 quo
649 3159 725 3189 buris
739 3166 863 3188 extrema
871 3158 937 3194 jugo
949 3156 1105 3195 copulatur.
1131 3156 1195 3186 Ver-

67 3195 170 3234 *baipsa
180 3197 255 3227 Varr.
279 3170 308 3228 X}
330 3198 360 3226 in
381 3208 396 3226 n
407 3208 451 3227 ua
461 3208 489 3227 A.

71 3233 185 3264 Cohum
197 3236 281 3265 etiam
291 3242 382 3273 poetae
393 3235 499 3265 Caelum
510 3236 642 3265 dixerunt
654 3257 662 3270 ,
683 3234 751 3264 teste
770 3233 872 3262 eodem
890 3231 986 3267 Festo,
1007 3241 1023 3260 a
1041 3231 1117 3261 Chao
1129 3253 1137 3268 ,
1159 3240 1196 3262 ex

91 3282 146 3308 quo
158 3273 293 3311 putabant
303 3273 402 3303 caelum
411 3273 465 3303 esse
478 3274 636 3303 formatum.
677 3273 708 3302 V.
730 3272 829 3307 Scaug.
842 3270 867 3300 ἃ
879 3267 975 3299 Dacer.
988 3275 1047 3299 not.

36 3305 145 3339 Cone
154 3313 198 3340 ui
205 3321 251 3340 oo
261 3334 270 3348 ‚
289 3315 344 3341 ere.
366 3312 447 3349 Apul.
458 3312 529 3342 Met.
546 3317 573 3346 8.
594 3320 658 3350 pag.
677 3320 742 3347 2ος.
763 3308 951 3339 Coiiumidare
960 3317 1045 3346 genas
1055 3306 1194 3346 lacrymis.

497 3419 527 3453 C
618 3419 653 3454 O
736 3414 752 3453 Ι

37 3493 213 3530 *Cornus
264 3499 297 3530 V.
317 3511 422 3533 cono.
950 3528 953 3529 .

37 3537 63 3567 ‘C
72 3548 106 3567 oi
117 3548 139 3566 M
148 3522 232 3567 aiud
242 3560 250 3573 ‚
267 3540 326 3569 ete.
347 3538 495 3569 Translate
505 3537 606 3567 Arnob.
621 3547 645 3572 ς.
657 3546 686 3575 p.
702 3541 764 3573 178.
793 3535 824 3565 si
838 3540 933 3573 aperte
953 3534 1009 3564 hoc
1022 3534 1114 3565 facere
1132 3545 1199 3565 corre

79 3574 153 3604 fessis
168 3575 413 3607 maledictionibus
427 3575 645 3607 coimbibiffetis.

39 3611 89 3642 G'o
98 3623 108 3641 1
119 3622 140 3640 N
149 3622 166 3641 C
174 3623 183 3640 1
191 3623 209 3641 D
220 3623 234 3642 Ε
242 3623 263 3642 ,τε
273 3624 292 3642 7,-
301 3626 311 3643 1
322 3625 342 3644 A
350 3637 359 3651 9
379 3625 410 3645 ae,
432 3615 451 3644 f,
474 3612 692 3650 [ταξέμπἾωσ-ις]
713 3610 835 3640 Λὶἷεᾶυε
849 3609 995 3640 oculorum
1009 3610 1125 3640 medicis
1144 3610 1199 3647 est,

78 3650 127 3679 ubi
137 3650 166 3678 in
175 3658 297 3681 meatum
309 3675 317 3688 ‚
339 3654 385 3690 qui
397 3663 412 3682 a
425 3652 479 3682 basi
488 3651 594 3681 cerebri
605 3651 721 3680 veniens
732 3671 740 3684 ‚
761 3648 845 3678 oculo
858 3648 973 3677 videndi
982 3647 1143 3678 facultatem
1152 3650 1201 3678 tri-

16 3718 17 3721 ,
78 3687 141 3717 buit
150 3710 158 3722 ‚
178 3687 278 3718 humor
301 3691 433 3725 adaperto
454 3689 498 3720 vel
518 3696 601 3726 rupto
621 3687 681 3717 vase
698 3687 799 3716 incidit
809 3708 817 3721 ,
839 3685 1006 3724 obturatque
1021 3695 1102 3716 eum:
1124 3687 1201 3716 unde

2 3739 5 3742 >
16 3735 18 3765 ᾗ
51 3755 55 3758 ⁴
74 3735 144 3755 cum
156 3725 253 3756 dolore
263 3727 334 3757 visus
344 3727 506 3758 offenditur.
545 3727 610 3756 Haec
621 3735 656 3755 ey,
665 3725 776 3762 isagoge
785 3724 882 3754 Galen.
891 3723 1036 3760 adscripta.

16 3766 18 3782 ²
44 3762 139 3793 Com
148 3774 162 3792 r
171 3773 191 3792 A
200 3773 219 3792 Ν
230 3773 292 3793 ³:10
301 3787 308 3799 ,
329 3769 384 3796 Ere.
408 3766 490 3795 Vetus
502 3765 620 3802 interpr.
642 3763 739 3793 Irenaei
753 3773 780 3799 4.
793 3771 837 3800 75.
858 3761 1080 3792 Coinfantiatum
1095 3761 1134 3791 est
1152 3762 1202 3791 ho-

54 3831 58 3834 ,
80 3802 151 3830 mini
162 3801 277 3831 verbum
289 3803 348 3833 Dei.
386 3805 404 3832 i.
414 3813 440 3834 e.
462 3803 565 3833 Infanti
576 3798 745 3839 impressum.

18 3872 19 3878 ,
44 3837 68 3868 C
76 3848 92 3867 ⁰
100 3849 109 3867 1
117 3848 137 3867 N
146 3849 166 3873 Q
174 3849 192 3868 U
202 3842 214 3867 Ῑ
223 3848 268 3868 No
279 3861 288 3875 ,
305 3842 446 3877 [panum]
466 3845 522 3871 are.
558 3838 638 3870 Idem
649 3839 726 3876 quod
739 3835 855 3875 simplex
865 3835 1023 3873 Inquinare.
1061 3835 1200 3868 Columel.

82 3875 131 3905 lib.
141 3887 167 3913 7.
179 3886 240 3914 cap.
253 3888 278 3913 ς.
306 3878 350 3908 Ne
369 3886 457 3909 totam
476 3879 639 3917 progeniem
660 3876 845 3913 coinquinet:
875 3876 901 3903 &
919 3875 1033 3910 quidem
1056 3874 1181 3905 celeriter
1191 3896 1201 3909 ,

80 3923 167 3959 quum
179 3915 231 3944 alia
241 3925 342 3952 pecora
352 3939 360 3952 ‚
382 3924 442 3946 tum
452 3918 594 3954 praecipue
605 3924 671 3944 oves
683 3914 851 3949 contagione
863 3919 1009 3942 vexentur.

81 3951 282 3991 coinquinare,
301 3964 352 3992 per
369 3954 571 3994 metaphoram.
594 3953 652 3984 Cic.
671 3962 695 3990 3.
712 3952 747 3982 de
757 3952 821 3983 Nat.
834 3950 972 3984 Dect-⁶8.

1344 209 1441 246 Quod,
1458 219 1487 238 re
1498 209 1528 238 in
1539 208 1652 242 summa,
1666 207 1805 237 summum
1816 206 1871 236 esse
1883 207 2001 237 arbitror

1344 248 1499 276 Periculum
1513 269 1520 281 ,
1542 255 1643 275 matres
1656 246 1828 282 coinquinari
1840 245 1936 282 regias:

1347 285 1538 313 Contaminari
1553 284 1663 320 stirpem
1679 294 1686 319 3
1710 283 1852 312 admisceri
1863 292 1960 319 genus.

1266 322 1390 351 Crimine
1400 323 1482 359 stupri
1491 322 1525 351 se.
1568 322 1664 350 Filiam
1677 322 1753 350 enim
1761 320 1845 354 suam,
1866 321 1942 356 quod
1953 330 1985 349 ea
1997 319 2023 349 se
2035 318 2118 355 stupri
2129 317 2248 347 crimine
2260 318 2392 353 coinqui-

1285 367 1413 425 nqverat,
1434 360 1583 388 interemit.
1627 358 1713 388 Valer.
1723 359 1838 388 Maxim.
1850 358 1898 388 lib.
1912 362 1937 387 6.
1950 367 2011 395 cap.
2028 367 2051 386 1.
2066 360 2094 385 6.
2118 355 2173 384 Ubi
2182 356 2217 384 de
2227 355 2320 384 Attilio
2329 355 2394 385 Phi.

1287 398 1307 425 ii
1321 405 1363 426 cc.

1267 434 1419 471 Conquino
1432 436 1457 463 ἃ
1470 434 1525 463 dici
1537 435 1564 463 &
1573 433 1652 462 scribi
1667 433 1727 463 vult
1735 433 1893 462 Victorinus
1904 433 1940 462 de
1954 431 2144 470 Orthograph.
2154 430 2230 468 apud
2242 429 2387 467 Malaspim

1289 473 1324 500 ad
1340 475 1390 500 Att.
1409 483 1450 507 14.
1468 482 1511 500 20.
1526 482 1568 508 pr.

1229 508 1254 539 C
1265 519 1281 538 o
1292 521 1299 538 i
1309 519 1327 537 Ν
1337 519 1382 544 Qu
1396 520 1403 536 1
1417 519 1435 537 Ν
1446 519 1464 537 A
1474 518 1493 536 τ
1505 519 1521 537 u
1532 519 1543 537 s
1553 530 1561 543 ,
1583 518 1614 543 a,
1635 516 1693 538 um.
1715 508 1879 538 Prudentius
1890 507 1996 545 hymno
2012 510 2038 537 6.
2054 513 2118 536 ante
2128 506 2225 536 Somn.
2238 515 2264 536 v.
2281 514 2325 542 53.

1364 548 1395 575 At
1408 547 1455 582 qui
1466 546 1680 582 coinquinatum

1361 584 1442 612 Vitiis
1454 593 1502 612 cor
1519 584 1654 620 impiavit.

1270 620 1399 658 Compar.
1425 621 1525 649 Arnob.
1539 630 1564 656 7.
1581 630 1608 657 p.
1621 630 1685 650 222.
1708 620 1785 657 Quid
1794 620 1850 650 effe
1861 620 1903 650 his
1915 620 2005 659 potest
2016 618 2223 657 coinquinatius
2234 618 2249 647 ‘3

1234 659 1281 689 Co
1294 669 1321 688 rs
1338 680 1346 693 ,
1378 658 1408 687 V.
1431 668 1505 687 coA
1518 681 1526 692 ,
1550 658 1643 687 Vestis.

1234 698 1402 729 Coimus,
1433 696 1465 725 ln
1487 705 1591 724 cono.

1234 734 1301 800 CoSi
1314 744 1353 799 xb,
1374 735 1435 763 Teis.
1457 742 1494 762 m.
1517 732 1619 768 [κόιξ]
1640 733 1734 762 Genus
1743 733 1850 770 stirpis,
1872 734 1952 769 cujus
1964 731 2031 762 folia
2049 731 2085 762 ad
2101 737 2212 762 textum
2229 730 2293 760 sunt
2306 731 2394 762 utilia.

1292 779 1330 800 trii
1354 781 1379 799 0.

1272 809 1316 839 Est
1326 810 1392 838 item
1405 808 1476 837 Coix
1487 830 1495 843 ,
1516 808 1568 837 Vas
1578 809 1736 837 farinarium
1748 829 1755 843 ,
1776 816 1811 836 ex
1823 807 1953 838 arborum
1962 807 2115 838 corticibus
2126 812 2302 843 contextum,
2322 806 2399 844 quod

1293 847 1383 877 Dores
1392 846 1465 876 Coin
1473 846 1626 884 appellant.
1651 845 1750 875 Pollux
1770 854 1812 874 10.
1825 850 1872 881 46.

2313 128 2380 171 565

1671 986 1705 1025 C
1806 990 1843 1024 Ο
1941 990 1970 1026 L

1240 1106 1289 1137 Co
1298 1116 1343 1135 LA
1352 1117 1367 1136 Β
1379 1115 1394 1135 a
1403 1117 1412 1135 1
1421 1116 1433 1136 s
1443 1117 1463 1135 ii
1474 1116 1513 1136 us
1527 1128 1535 1142 ‚
1556 1107 1575 1136 i.
1597 1116 1634 1136 m.
1656 1102 1882 1143 [whxss’ewpao‘s]
1902 1105 2028 1136 Thraciae
2049 1107 2139 1143 gentis
2150 1108 2175 1137 ὅ(
2185 1106 2285 1136 Carum
2295 1105 2403 1136 saltatio

1275 1145 1331 1174 fuit
1343 1167 1351 1179 ,
1372 1144 1419 1174 sed
1430 1151 1548 1174 armata:
1573 1145 1700 1181 forteque
1710 1145 1794 1174 suerit
1806 1154 1838 1173 ea
1850 1166 1857 1178 ‚
1878 1145 1958 1179 cujus
1973 1146 2105 1174 meminit
2121 1144 2271 1179 ιὶωζοὲσιως,
2289 1156 2303 1169 ε
2315 1165 2324 1179 ,
2344 1144 2406 1175 Xe.

1278 1183 1396 1220 nophon
1407 1204 1415 1217 ‚
1437 1183 1505 1212 dum
1516 1183 1554 1212 ita
1563 1183 1691 1212 saltantes
1702 1183 1796 1220 prodit
1806 1204 1814 1217 ,
1835 1181 1862 1211 se
1873 1182 1995 1211 invicem
2008 1183 2124 1217 πχνικῶσ
2142 1183 2295 1212 admodum
2308 1182 2405 1211 solitos

1279 1220 1364 1250 ferire
1373 1242 1381 1255 ‚
1403 1221 1576 1257 demumque
1588 1222 1634 1258 qui
1653 1221 1771 1249 alterum
1790 1218 1907 1249 exuisset
1927 1221 2009 1248 armis
2019 1241 2026 1252 ,
2048 1220 2134 1249 exisse
2151 1220 2260 1250 Sidalca
2280 1220 2407 1248 incinen-

1279 1264 1338 1287 tem
1349 1280 1357 1293 ,
1378 1258 1427 1286 illo
1436 1259 1551 1296 perinde
1568 1268 1599 1288 ac
1609 1257 1721 1288 mortuo
1733 1258 1815 1296 plane
1824 1257 1907 1287 elato.
1930 1257 1968 1287 Ex
1981 1257 2045 1287 Caei.
2065 1258 2184 1294 Rhodig.
2203 1257 2252 1287 lib.
2267 1269 2290 1292 ς.
2304 1267 2365 1295 cap.
2376 1268 2405 1293 4,

1279 1296 1313 1326 V.
1336 1296 1436 1326 Pollux
1452 1297 1595 1326 Onomast.
1613 1296 1662 1325 lib.
1673 1308 1698 1331 4.
1713 1306 1774 1334 cap.
1789 1305 1832 1330 14.
1855 1295 1931 1324 Alex.
1950 1295 2058 1324 Genial.
2072 1296 2146 1325 Dier.
2160 1296 2209 1324 lib.
2222 1305 2247 1324 2.
2264 1305 2326 1332 cap.
2339 1303 2385 1330 2ς.

1237 1333 1267 1364 ‘C
1278 1344 1294 1363 o
1306 1345 1322 1363 L
1330 1344 1350 1363 A
1359 1344 1376 1363 c
1387 1344 1404 1363 A
1415 1339 1444 1363 εἰ
1454 1344 1474 1363 ἰ·
1482 1345 1490 1362 ι
1499 1344 1512 1363 s
1523 1356 1532 1370 ,
1554 1335 1586 1364 is.
1607 1334 1627 1364 s.
1650 1334 1741 1364 Insula
1752 1336 1783 1363 in
1795 1334 1853 1363 sinu
1864 1332 2067 1371 Troglodytico
2080 1356 2089 1369 ‚
2110 1333 2146 1363 ad
2162 1333 2298 1362 Azanium
2310 1342 2386 1362 marc
2396 1355 2407 1368 ,

1282 1372 1318 1402 de
1332 1382 1385 1409 qua
1396 1371 1466 1402 Plin.
1478 1371 1527 1401 lib.
1540 1376 1566 1401 6.
1576 1382 1638 1410 cap.
1648 1382 1694 1408 29.

1243 1409 1267 1439 C
1276 1413 1293 1439 ὃ
1302 1421 1318 1438 L
1328 1420 1348 1438 A
1357 1420 1375 1439 c
1385 1420 1401 1438 a
1411 1420 1425 1438 a
1433 1419 1453 1438 ‘r
1462 1422 1495 1446 aa,
1518 1413 1606 1440 arum.
1629 1420 1665 1440 m.
1688 1408 1892 1446 [κωλακρέτοα]
1921 1408 2052 1438 dicuntur
2068 1409 2125 1446 Qui
2142 1408 2270 1447 pecuniae
2289 1407 2410 1445 praesunt

1282 1458 1344 1485 qua:
1356 1448 1391 1477 ad
1402 1458 1443 1477 res
1455 1449 1561 1477 divinas
1572 1456 1700 1486 erogatur
1712 1458 1718 1477 :
1740 1457 1806 1476 nam
1815 1449 1840 1477 ἃ
1853 1447 2009 1477 Androtion
2019 1447 2132 1479 scribit,
2154 1446 2277 1484 Delphos
2288 1446 2413 1484 petenti-

1283 1485 1335 1515 bus
1348 1486 1452 1515 theosis
1463 1493 1608 1523 argentum
1619 1496 1634 1515 a
1645 1486 1789 1515 colacretis
1801 1486 1938 1514 numerari
1953 1485 2074 1516 solitum..
2122 1484 2322 1514 Custodiebant
2341 1485 2367 1512 ὁὶ
2379 1484 2411 1512 hi

1280 1525 1431 1561 pecuniam
1450 1534 1511 1561 quae
1531 1524 1673 1560 judicibus
1689 1523 1915 1554 contribueretur
1926 1545 1934 1558 ,
1955 1530 1985 1552 ut
2008 1529 2175 1552 annotatum
2191 1532 2206 1551 a
2228 1521 2411 1558 grammatico

1284 1562 1464 1599 Aristophane
1475 1562 1527 1591 est:
1546 1562 1592 1591 sed
1600 1563 1717 1591 omnino
1730 1563 1756 1591 ὃς
1765 1561 1889 1591 civilium
1899 1562 2083 1599 pecuniarum
2093 1561 2239 1598 quaestores
2247 1559 2410 1589 erant.C.0..›1.

1284 1599 1405 1637 Rliodig.
1417 1600 1466 1629 lib.
1479 1605 1505 1634 8.
1518 1609 1579 1638 cap.
1591 1610 1618 1635 9.
1643 1599 1673 1629 V.
1692 1599 1795 1629 Polluc.
1806 1604 1833 1633 8.
1850 1599 1932 1636 segm.
1945 1607 1989 1635 97.
2004 1600 2030 1629 ἃ
2041 1599 2133 1628 Sel-iol.
2143 1600 2170 1627 in
2179 1598 2315 1635 Aristoph.
2328 1596 2412 1634 Vesp-

1246 1637 1270 1667 C
1280 1648 1297 1666 o
1307 1649 1322 1666 L
1332 1648 1351 1666 A
1361 1649 1370 1666 1
1381 1648 1426 1666 cu
1435 1649 1456 1666 M
1468 1659 1476 1672 ,
1496 1638 1514 1667 i.
1537 1648 1566 1667 n.
1589 1638 1763 1676 Taprobanae
1781 1636 1876 1666 insulae
1888 1638 2130 1674 promontorium,
2152 1643 2183 1670 ut
2195 1636 2234 1665 est
2246 1635 2323 1674 apud
2336 1634 2410 1666 Prin,

1284 1677 1314 1704 in
1326 1676 1409 1713 ipsius
1418 1675 1513 1705 insulae
1522 1675 1708 1714 descriptione
1721 1698 1729 1711 ‚
1753 1675 1802 1705 lib.
1813 1679 1839 1705 ⁶.
1853 1685 1915 1712 cap.
1926 1684 1971 1705 22.
2173 1671 2179 1683 ‘

1247 1713 1270 1743 C
1280 1723 1297 1742 o
1307 1724 1322 1741 L
1332 1724 1349 1741 A
1361 1723 1381 1742 Ν
1392 1736 1400 1749 ,
1422 1720 1612 1750 cognomento
1625 1713 1716 1749 Piscis,
1736 1713 1866 1743 Urinator
1875 1712 1988 1750 inlignis
1996 1734 2004 1748 ‚
2024 1718 2055 1742 ut
2065 1711 2112 1749 qui
2122 1710 2218 1741 nando
2228 1716 2337 1741 tantum
2347 1720 2414 1748 pro-

1283 1751 1407 1787 fecisset,
1428 1759 1459 1780 ut
1469 1752 1542 1780 haud
1553 1751 1629 1781 secus
1641 1762 1725 1789 quam
1735 1752 1841 1781 marina
1857 1750 1950 1780 bellua
1961 1772 1970 1784 ,
1990 1751 2113 1780 maxima
2128 1749 2219 1787 pelagi
2244 1748 2389 1778 intervalla
2400 1770 2412 1783 „

1282 1789 1426 1827 spatiaque
1437 1789 1572 1819 immensa
1582 1790 1798 1827 quingentorum
1809 1791 1836 1819 &
1848 1788 1921 1818 ultra
1931 1788 2082 1818 stadiorum
2093 1810 2101 1824 ‚
2123 1789 2200 1817 foeda
2210 1787 2373 1827 tempestate
2383 1788 2413 1826 &-

1284 1827 1486 1856 reluctantibus
1500 1828 1578 1864 aquis
1588 1850 1596 1862 ,
1618 1827 1770 1857 excellenti
1781 1827 1808 1856 vi
1820 1828 1846 1857 8:
1856 1826 2006 1856 velocitate
2020 1832 2131 1855 natatus
2148 1833 2312 1863 peragraret.
2353 1824 2414 1853 Sed

1285 1875 1373 1902 quum
1383 1866 1519 1895 audacius
1532 1866 1616 1903 paulo
1628 1867 1697 1895 mari
1707 1865 1734 1895 se
1744 1865 1887 1899 crederet,
1904 1865 1977 1894 ‘festo
1997 1864 2120 1902 quodam
2132 1873 2226 1893 annuo
2248 1862 2414 1897 solennique

1284 1904 1332 1932 die
1342 1905 1370 1932 in
1380 1904 1474 1933 Siculo
1489 1904 1561 1932 freto
1570 1903 1657 1933 'effusa
1664 1903 1846 1933 multitudine
1855 1903 1891 1932 ad
1900 1902 2090 1940 spectaculum
2101 1923 2110 1936 ,
2131 1902 2161 1930 in
2172 1907 2253 1938 portu
2269 1900 2414 1935 Messanae,

1285 1947 1318 1970 ut
1328 1942 1421 1976 aiunt,
1443 1942 1561 1979 experiri
1572 1942 1658 1970 credo
1673 1941 1769 1971 volens
1780 1963 1789 1977 ,
1809 1947 1944 1978 quantum
1956 1950 2011 1977 prae
2024 1940 2125 1969 ceteris
2140 1939 2278 1968 urinando
2289 1937 2393 1967 valeret
2402 1958 2414 1973 ,

1286 1979 1355 2008 dum
1369 1986 1492 2016 pateram
1501 1989 1613 2009 auream
1628 1989 1730 2009 munus
1748 1979 1908 2008 natantibus
1923 1985 1991 2008 tunc
2006 1989 2022 2008 a
2034 1987 2098 2015 rege
2120 1977 2258 2013 dejectam
2274 1977 2304 2005 in
2319 1984 2415 2010 mar-e,

1285 2018 1320 2046 ab
1334 2019 1390 2046 imo
1402 2018 1509 2055 eripere
1521 2023 1655 2052 conatur,
1677 2019 1704 2047 ἃ
1721 2016 1749 2047 se
1764 2017 1793 2046 in
1809 2026 1886 2046 mare
1905 2015 2051 2051 mersisset,
2074 2015 2148 2045 illius
2162 2015 2252 2044 studio
2274 2014 2416 2052 profunda

1285 2057 1435 2093 exquirens
1446 2056 1531 2090 vada,
1553 2056 1602 2085 diu
1610 2057 1774 2093 expectatus
1785 2077 1793 2090 ,
1814 2054 1849 2085 ab
1864 2055 1922 2084 imo
1933 2055 2015 2083 maris
2025 2054 2132 2088 fundo,
2154 2054 2184 2082 in
2201 2053 2278 2090 quod
2296 2052 2322 2080 se
2337 2051 2416 2084 deje-

1285 2100 1377 2129 cerat,
1398 2103 1543 2129 nunquam
1554 2094 1663 2123 emersit
1675 2115 1684 2129 ,
1704 2103 1796 2130 neque
1807 2093 1902 2130 postea
1918 2092 2051 2122 inventus
2065 2091 2202 2130 apparuit.
2242 2090 2310 2120 Have
2320 2099 2354 2119 ex
2365 2088 2416 2124 ,lo-

1285 2132 1369 2160 viano
1385 2132 1509 2161 Pontano
1521 2131 1596 2161 Alex.
1606 2131 1640 2160 ab
1651 2131 1790 2167 Alcinlib.
1800 2140 1825 2161 2.
1838 2139 1900 2168 cap.
1911 2140 1958 2160 21.

1247 2168 1271 2198 C
1281 2171 1297 2199 ὃ
1309 2180 1324 2198 r.
1334 2172 1350 2199 ἴ.
1362 2180 1375 2197 1²
1386 2179 1406 2198 H
1417 2180 1434 2198 υ
1446 2179 1458 2198 s
1468 2191 1476 2203 ,
1500 2170 1518 2199 i.
1540 2179 1578 2199 m.
1601 2169 1772 2205 [κόλαφῶ]
1797 2168 1897 2198 Latine
1916 2168 2019 2198 dicitur
2040 2166 2135 2206 Alapa.
2176 2165 2243 2197 Ter.
2255 2164 2334 2195 Adel.
2347 2173 2374 2195 2.
2385 2173 2416 2196 2·

1286 2217 1330 2243 ³7-
1356 2207 1489 2245 Colaphis
1499 2207 1580 2237 tuber
1589 2207 1627 2236 est
1635 2214 1726 2236 toturn
1738 2213 1832 2243 eaput.

1285 2245 1395 2275 Ducere
1406 2245 1559 2282 colaphum
1572 2245 1666 2274 alicui.
1689 2244 1809 2281 Quintil.
1820 2241 1869 2274 lib.
1881 2246 1907 2274 6.
1920 2251 1981 2282 cap.
1994 2251 2023 2281 3.
2051 2242 2075 2273 ii.
2085 2252 2111 2273 e.
2133 2241 2300 2280 Infringerc.

1284 2283 1425 2313 Incutere.
1465 2283 1498 2313 V.
1520 2294 1530 2312 r
1539 2293 1560 2312 N
1570 2293 1588 2312 c
1599 2293 1617 2312 υ
1628 2292 1647 2311 τ
1657 2293 1666 2311 i
1677 2293 1704 2312 o.

1284 2321 1424 2359 infligere.
1451 2321 1483 2351 V.
1508 2332 1517 2350 1
1527 2327 1547 2350 Ν
1557 2332 1571 2350 r
1579 2332 1595 2350 L
1605 2332 1614 2349 1
1623 2331 1674 2350 eo.

1285 2359 1440 2396 Infringere
1449 2359 1594 2397 colaphos.
1615 2358 1681 2388 Ter.
1694 2357 1772 2389 Adel.
1786 2367 1813 2388 2.
1828 2367 1851 2388 ῐ.
1864 2359 1911 2394 46.

1364 2397 1483 2426 *Homini
1494 2396 1593 2427 misero
1603 2397 1665 2436 plus
1676 2397 1843 2434 quingentos
1852 2394 1987 2432 colaphos
1998 2394 2112 2431 infregit
2121 2393 2200 2423 mihi.
2437 2416 2440 2419 .

1248 2434 1271 2464 C
1280 2445 1297 2464 o
1308 2446 1324 2464 L
1333 2444 1352 2464 A
1360 2445 1375 2464 P
1384 2445 1403 2464 H
1411 2439 1424 2464 ῑ
1432 2443 1477 2464 zo
1487 2457 1496 2471 ,
1518 2433 1689 2471 [υλοιφίζω]
1709 2438 1765 2464 are.
1784 2435 1879 2472 Pugno
1890 2432 1983 2463 clauso
1994 2432 2110 2462 verbero
2119 2454 2127 2466 ,
2149 2431 2209 2461 coia
2231 2430 2301 2460 hum
2309 2431 2419 2469 impin-

1286 2483 1332 2510 g0.
1370 2473 1498 2502 Graecum
1509 2473 1625 2502 verbum
1637 2472 1692 2508 est,
1713 2472 1790 2508 quod
1800 2472 1876 2510 apud
1889 2471 2002 2501 Latinos
2019 2477 2098 2500 extra
2112 2470 2200 2500 sacras
2227 2469 2322 2499 ‘tteras
2338 2467 2417 2499 hauc!

1285 2518 1392 2540 temere
1403 2512 1532 2549 reperias.
1575 2510 1606 2540 V.
1627 2509 1745 2540 Tertull.
1757 2510 1818 2540 adv.
1837 2509 1925 2539 Marc.
1941 2519 1964 2545 ς.
1981 2517 2024 2539 12.

1248 2548 1272 2578 C
1283 2558 1300 2578 o
1311 2560 1327 2577 r.
1336 2558 1356 2577 A
1367 2556 1399 2577 1⁷²1
1411 2558 1423 2578 s
1434 2570 1442 2583 ,
1464 2547 1596 2585 [mrim-r
1608 2548 1698 2578 Strab.
1715 2546 1802 2581 κόλοψ
1819 2547 1928 2582 Dioni]
1950 2546 2098 2576 Pannoniae
2110 2546 2200 2575 amnis
2208 2567 2216 2580 ‚
2237 2545 2268 2574 in
2279 2544 2362 2574 Saum
2372 2545 2416 2573 in-

1286 2587 1377 2616 fluens
1390 2587 1470 2623 juxta
1480 2586 1592 2616 Sisciam
1600 2608 1609 2621 ,
1630 2586 1744 2624 gemino
1755 2586 1835 2615 alveo
1845 2584 1963 2615 insuram
1971 2584 2013 2614 ibi
2021 2583 2124 2619 efficit,
2147 2593 2208 2621 quae
2218 2582 2355 2620 Segestica
2366 2593 2417 2620 ap»

1283 2624 1415 2662 pellatur.
1437 2625 1504 2654 Haec
1515 2624 1582 2653 Plin.
1595 2624 1643 2654 lib.
1656 2633 1680 2660 3.
1698 2633 1759 2662 cap.
1770 2634 1815 2658 25.
1839 2624 1913 2654 Hinc

1246 2663 1299 2692 'Co
1310 2674 1325 2691 L
1336 2673 1350 2690 A
1362 2673 1376 2691 P
1386 2674 1395 2691 1
1406 2673 1425 2691 A
1434 2672 1456 2691 Ν
1466 2673 1474 2690 ι
1483 2684 1491 2698 ,
1512 2666 1603 2692 orum.
1624 2672 1664 2691 τη.
1688 2662 1836 2692 Pannoniae
1846 2660 1964 2699 populi,
1985 2669 2035 2697 per
2046 2668 2116 2696 quos
2130 2657 2198 2689 Saiis
2212 2658 2314 2689 fluvius
2320 2658 2351 2688 in
2361 2657 2418 2688 Da-

1287 2701 1406 2730 nubium
1417 2700 1524 2730 defiuit.
1565 2700 1695 2737 Quorum
1705 2700 1834 2729 meminit
1844 2699 1914 2730 Plin.
1924 2698 2030 2728 eodem
2039 2697 2115 2728 loco.

1249 2737 1750 2774 COLATus‚V.coi.o,colas.
1994 2771 1998 2774 q

1248 2777 1298 2806 Co
1309 2788 1325 2806 L
1334 2787 1355 2805 A
1364 2786 1383 2806 x
1392 2799 1400 2813 ‚
1418 2777 1486 2806 acis.
1509 2785 1546 2806 m.
1568 2775 1690 2812 [κόλαξ]
1711 2775 1808 2805 Latine
1820 2773 1974 2804 Assentator
1991 2773 2102 2803 dicitur.
2138 2772 2184 2802 Est
2197 2778 2292 2803 autern
2306 2779 2416 2801 nomen

1287 2815 1393 2852 parasiti
1404 2815 1439 2844 ab
1451 2813 1623 2844 assentando.
1644 2813 1708 2844 Ter.
1719 2813 1787 2843 Eun.
1798 2812 1870 2851 prol.
1882 2823 1926 2850 30.
1956 2812 1988 2842 V.
2006 2810 2126 2841 Locum.

1285 2852 1376 2883 Colax
1390 2853 1456 2882 inde
1468 2861 1575 2882 nomen
1590 2852 1638 2881 sibi
1652 2852 1802 2886 vendicat,
1823 2851 1956 2888 quoniam
1975 2849 2073 2879 cibum
2084 2849 2170 2877 etiam
2189 2846 2280 2876 colon
2298 2853 2414 2877 vocant.

1307 2891 1372 2920 Cibi
1382 2891 1458 2920 enini
1473 2892 1499 2920 ἀ
1509 2890 1612 2920 ventris
1623 2891 1708 2928 gratia
1716 2889 1881 2928 plerumque
1895 2888 2045 2918 adulantur
2056 2885 2171 2924 parasiti.
2212 2883 2393 2914 Psomocolax
2403 2906 2415 2919 ,

1305 2930 1352 2966 qui
1364 2929 1445 2966 panis
1458 2930 1483 2958 ἃ
1497 2927 1631 2958 buccellae
1640 2928 1736 2965 gratia,
1757 2937 1842 2965 quarn
1853 2926 1970 2956 Psomen
1981 2924 2070 2955 Graeci
2084 2924 2193 2957 dicunt,
2207 2922 2320 2966 abunde
2337 2922 2417 2951 blan..

1304 2968 1389 3034 {ligun
1412 2967 1488 3003 Quin
1504 2966 1594 2996 Coelia
1608 2975 1740 3004 quoque,
1762 2965 1793 2994 id
1810 2965 1848 2994 est
1859 2972 1955 2995 venter
1974 2963 2041 2993 hinc
2063 2962 2200 2999 orig-inem
2218 2959 2306 2989 ducit.
2344 2959 2415 2989 Cael.

1302 3023 1305 3024 ν
1320 3015 1325 3034 1
1349 3027 1355 3034 .
1366 3014 1411 3034 2ο.
1427 3014 1460 3034 ca
1484 3027 1490 3033 .
1537 3026 1545 3034 .

1249 3041 1273 3072 C
1282 3052 1299 3071 o
1310 3054 1325 3071 1.
1334 3053 1353 3071 A
1363 3052 1382 3071 x
1392 3052 1407 3072 a
1416 3052 1428 3072 s
1439 3064 1447 3078 ,
1462 3013 1560 3072 1is.3iri.
1583 3041 1713 3078 [Κολάξης
1723 3041 1738 3077 ]
1757 3041 1772 3077 J
1776 3041 1837 3071 ovis
1848 3041 1874 3070 ἃ
1885 3037 1949 3070 Orae
1960 3038 2047 3068 filius:
2068 3036 2148 3073 eujus
2159 3035 2261 3074 paritet
2278 3036 2305 3064 &
2315 3033 2416 3064 matris

1287 3081 1437 3115 meminit,
1459 3080 1546 3110 Valet.
1558 3079 1648 3110 Flacc.
1658 3083 1685 3109 6.
1702 3080 1802 3117 Argon.
1815 3084 1861 3115 48.

1380 3118 1509 3148 Proxima
1518 3118 1622 3148 Bisaltae
1633 3118 1719 3154 regio,
1738 3118 1894 3154 dustorque
1904 3113 2044 3156 Colaxes,
2365 3147 2371 3153 ¹

1374 3156 1498 3195 Sanguis
1508 3156 1603 3193 &ipse
1613 3156 1707 3186 deum.
1790 3155 1834 3184 De
1851 3153 1909 3183 Ora
1922 3158 2010 3182 matre
2018 3158 2079 3186 ejus
2088 3147 2249 3178 fabulantur
2258 3156 2321 3177 eam
2332 3147 2416 3177 fuisse

1289 3194 1406 3232 ancipiti
1419 3194 1524 3229 forma,
1545 3194 1668 3223 humana
1680 3196 1706 3223 ἀ
1716 3192 1881 3230 serpentina.
2066 3227 2067 3230 Ἴ
2131 3224 2137 3230 ·
2201 3223 2208 3230 ⁸
2394 3223 2400 3229 ¹

1251 3230 1301 3262 Co
1313 3242 1405 3261 tciir
1417 3254 1425 3267 ,
1447 3235 1538 3261 orum.
1560 3242 1596 3261 m.
1618 3233 1634 3268 [
1643 3231 1746 3267 κόλχοι]
1768 3229 1867 3269 Populi
1884 3228 1933 3266 qui
1949 3224 2054 3256 Phasim
2071 3224 2188 3254 fluvium
2200 3222 2331 3253 incolunt
2342 3245 2352 3258 ‚
2368 3222 2415 3252 dl-

1288 3271 1384 3307 ftique
1393 3269 1456 3299 sunt
1464 3269 1598 3300 a·Coleh0
1613 3269 1733 3299 Phaszdis
1743 3268 1810 3298 filio.
2019 3301 2025 3306 ,
2035 3301 2041 3307 ι
2107 3300 2114 3305 Ω
2342 3298 2348 3304 ,

1289 3308 1415 3346 Phryxaei
1423 3307 1523 3337 Colchi
1532 3330 1540 3344 ,
1562 3318 1577 3337 a
1587 3308 1696 3345 Phryxo
1707 3306 1764 3335 filio
1777 3303 1958 3338 Athamantis,
1980 3311 2027 3339 qul
2035 3299 2145 3344 insidias
2154 3307 2281 3341 novercae
2287 3298 2414 3334 fugiens,

1308 3346 1450 3383 navigavit
1465 3346 1587 3375 Colchos
1600 3367 1608 3380 ,
1636 3346 1729 3381 ibique
1748 3341 1835 3373 vellus
1859 3350 1974 3371 aureum
1998 3344 2206 3381 monimentum
2224 3336 2416 3374 periculorum

1305 3384 1403 3418 Marti,
1424 3390 1471 3414 aut
1491 3384 1543 3419 (ut
1553 3383 1600 3413 alii
1610 3382 1755 3417 dixerunt.)
1775 3381 1837 3417 ,lovi
1847 3379 1964 3417 Phryxio
1974 3378 2085 3407 dicavit.
2096 3374 2185 3405 Valer.
2198 3384 2223 3405 1.
2235 3377 2335 3412 Argon.
2347 3383 2379 3411 ᾖς
2389 3385 2414 3405 i.

1383 3420 1430 3451 Tu
1441 3431 1552 3459 quoque
1564 3422 1711 3457 Phryxaeos
1719 3429 1798 3448 remo
1807 3441 1815 3454 ,
1836 3417 1955 3448 Paeantie
1965 3437 1974 3452 ‚
1995 3413 2120 3444 Colchos

1286 3494 1288 3496 ¹
1383 3458 1429 3489 Bis
1439 3459 1577 3489 Lemnum
1587 3459 1674 3488 visure
1685 3458 1766 3495 petis.

1291 3495 1362 3527 Saevi
1373 3497 1481 3527 Colchi.
1503 3496 1593 3526 Valet.
1604 3505 1629 3532 3.
1643 3497 1740 3532 Argon.
1751 3499 1816 3531 698.

1290 3535 1408 3565 Truces.
1431 3535 1516 3564 Valet
1531 3544 1553 3563 1.
1568 3536 1666 3570 Argon.
1679 3541 1743 3571 743.
1776 3569 1781 3573 .

1293 3575 1408 3602 Auratus
1421 3575 1491 3602 aries
1502 3571 1681 3601 Colchorum.
1704 3571 1761 3599 Cic.
1774 3578 1803 3598 in
1812 3565 1890 3598 Orat.
1904 3570 1970 3604 ³163.
2126 3602 2133 3609 ·
2177 3603 2184 3608 ἱ

1254 3610 1449 3645 Cononis,
1469 3611 1541 3644 idis,
1563 3611 1589 3639 St
1610 3609 1804 3641 Gotones,
1829 3607 1847 3635 i.
1870 3606 1889 3634 f.
1911 3603 2044 3641 [κολχές]
2064 3599 2154 3646 Regio
2174 3606 2252 3638 Juxta
2274 3600 2415 3636 Pontum,

1289 3658 1410 3686 regmim
1422 3648 1506 3677 [Eetre
1521 3648 1606 3683 regis:
1624 3647 1657 3674 'in
1669 3655 1721 3674 oua
1741 3645 1854 3673 suerunt
1874 3642 2002 3672 veneficii
2018 3641 2134 3670 maximi
2146 3642 2283 3669 auctores.
2325 3640 2418 3669 Habet

1292 3688 1323 3715 in
1334 3686 1436 3724 sejuga
1446 3685 1557 3714 Caucasi
1568 3706 1576 3719 ,
1597 3677 1683 3720 atque¹
1691 3683 1759 3712 ¹nine
1770 3681 1899 3720 Caspium
1910 3702 1918 3716 ‚
1941 3682 1966 3710 δε
1977 3680 2131 3721 Hircanum
2143 3678 2226 3707 habet
2237 3686 2311 3721 mare
2322 3699 2329 3711 ,
2351 3677 2419 3706 hinc

1292 3724 1429 3754 Maeotim.
1471 3723 1575 3752 Ferunt
1588 3721 1715 3750 iasonem
1729 3719 1889 3750 Thessalum
1907 3727 1970 3747 cum
1987 3717 2149 3754 Argonautis
2161 3726 2196 3746 eo
2212 3714 2365 3751 navigasse,
2387 3721 2419 3743 ut

1293 3762 1383 3791 vellus
1401 3768 1514 3790 aureum
1526 3766 1641 3796 raperet.
1679 3757 1714 3787 ‘in
1731 3768 1764 3787 ea
1784 3757 1886 3787 Sibaris
1907 3755 2078 3785 Colchorum
2098 3755 2171 3791 regia
2188 3754 2242 3796 est..
2277 3753 2344 3781 Haec
2364 3752 2375 3786 (
2387 3758 2418 3780 ut

1294 3799 1459 3829 Ptolemaeus
1471 3797 1531 3832 ait)
1552 3802 1648 3825 monte
1658 3795 1764 3825 Corace
1781 3805 1796 3825 a
1807 3795 2004 3832 Septentrione
2014 3792 2105 3822 clausa
2117 3792 2155 3821 est
2166 3813 2175 3826 ,
2196 3800 2244 3828 qui
2259 3791 2297 3819 est
2306 3788 2419 3819 Caucasi

1293 3847 1374 3875 pars,
1395 3838 1420 3865 oz
1438 3834 1580 3864 Nomades
1594 3833 1736 3863 excludit:
1757 3833 1792 3861 ab
1806 3833 1939 3866 Oriente,
1963 3831 2070 3861 iberia:
2092 3840 2108 3860 a
2123 3829 2261 3872 Meridie,
2285 3827 2396 3870 Phaside
2409 3847 2419 3860 ,

1293 3877 1321 3904 ἃ
1332 3873 1465 3903 Armeniae
1475 3873 1617 3901 montibus
1629 3894 1637 3907 ,
1659 3872 1693 3900 ab
1705 3871 1862 3901 Occidente
1873 3891 1881 3905 ,
1903 3869 2013 3899 Euxino
2026 3876 2126 3906 ponto.
2147 3869 2307 3908 Ammianus
2320 3865 2418 3893 lib.22.

1294 3911 1418 3941 Colchos
1430 3911 1571 3946 antiquam
1582 3910 1778 3947 AEgyptiorum
1791 3907 1918 3937 sobolem
1928 3906 1982 3936 esse
1994 3907 2086 3936 refert.
2109 3906 2181 3935 Nam
2192 3904 2340 3932 linihCium
2349 3902 2419 3930 adeo

1293 3949 1371 3988 apud
1381 3958 1429 3979 eos
1439 3947 1582 3985 vulgatum
1599 3948 1639 3978 est
1651 3969 1660 3983 ‚
1683 3954 1714 3977 ut
1729 3949 1760 3976 in
1774 3946 1922 4015 pgrggrissia
1942 3953 2054 3981 quoquc
2071 3944 2133 3973 loca
2152 3948 2320 3979 exportetur.
2344 3939 2421 4004 rigide

1852 3985 1868 4013 b
1935 3992 1947 4019 3
2306 3986 2351 4014 qui
2377 3985 2421 4005 uin
