2600 4177
3 2229 11 2245 .·
37 2211 39 2224 “
63 2214 285 2249 CLAunico,

0 2481 11 2510 ri

471 126 501 167 C
591 129 623 167 vL
721 129 750 167 A

96 210 264 247 Fivizz‘iii‘n-nt..
285 213 403 250 Quintil.
415 213 463 243 lib.
480 222 505 250 9.
520 221 580 250 cap.
592 223 620 248 ⁴·

95 259 205 286 ,amere
219 252 374 282 clausulam.
416 252 473 281 Cic.
489 261 513 279 2.
525 251 560 279 de
577 251 654 280 Orat.
668 260 732 286 240.
754 251 850 288 Quum
861 249 928 280 esset
939 260 1002 281 cum
1014 259 1048 280 eo
1057 246 1212 281 Tarracinae

116 292 151 320 de
165 291 280 318 micula
292 290 414 319 rixatus:
437 288 518 322 salsa,
540 294 661 316 attamen
678 299 693 318 a
706 296 733 317 te
752 289 810 327 ipso
824 289 884 317 licta
907 296 964 318 tota
980 290 1113 318 narratio:
1136 289 1215 331 addi-

113 329 174 357 dilti
187 326 334 356 clausulam
350 348 358 358 ,
381 333 438 355 tota
448 326 594 355 Tarracina
606 347 613 359 ‚
627 327 678 354 Sec.
722 326 774 355 Hic
787 326 915 356 Clausula
923 326 961 356 est
972 349 980 363 ‚
1001 327 1064 357 Pars
1081 328 1214 357 orationis

117 374 239 394 extrema
251 386 258 397 ,
280 373 295 391 a
307 363 470 392 Claudendo
483 385 489 395 ,
512 364 538 391 id
552 362 589 391 est
603 364 778 392 terminando
791 372 894 393 vocata.

97 401 223 432 clausula
236 401 378 429 numerose
390 402 415 430 ἃ
427 400 546 434 jucunde
558 401 670 429 cadens.
689 400 747 430 Cic.
759 402 786 430 in
797 402 873 430 Orat.
884 411 948 437 2¹5·

97 440 280 474 interpuncta?
291 437 414 467 clausula2
425 439 453 466 in
462 438 643 467 orationibus.
667 439 725 467 Cic.
742 448 764 473 3.
777 439 812 467 de
820 439 896 468 Orat.
910 448 970 473 171.

96 475 236 507 Clausulas
245 483 327 511 atque
340 475 516 513 interpuncta
526 475 672 504 vei-borum
683 498 691 510 ‚
711 477 811 505 anima:
820 476 977 507 interclusio
989 482 1071 513 atque
1085 474 1215 510 angustie-.-

115 515 225 550 spiritus
237 512 398 542 attulerunt.
421 512 479 542 Cic.
497 522 521 548 3.
543 513 577 541 de
594 513 670 542 Orat.
689 523 748 549 179.

97 550 239 584 Clausala,
262 556 343 586 qnam
361 551 447 579 Graeci
463 551 589 584 ’ωλοφῶνσι
603 556 722 585 vocant,
743 550 844 579 abrevi
855 550 1033 580 conclusione
1046 550 1084 579 est
1094 549 1217 587 appella-

115 597 151 619 ta.
173 586 273 617 Festus.
315 587 395 617 Unde
406 587 468 617 satis
481 587 644 625 intelligitur
655 598 712 617 non
723 595 831 617 tantum
841 597 891 625 pro
905 589 1033 618 Membro
1044 610 1052 621 ,
1074 587 1119 616 sed
1132 588 1215 616 etiam

114 636 164 666 pro
176 625 250 654 Toto
260 624 406 654 verborum
417 626 533 660 ambitu,
546 627 593 661 qui
602 636 655 656 una
666 626 809 655 claudatur
820 625 965 660 sententia,
976 625 1125 668 clausulam
1135 625 1212 662 poni.

24 696 25 701 ¹
115 663 281 704 [V.Dacer.]
291 662 677 711 (Qiintil.lib.8,c.§.Vocatur
691 663 796 707 aliquid
808 663 972 729 &plaumlg‘
986 673 1045 700 quae
1058 664 1124 729 118st
1132 662 1216 728 cuihd

25 706 27 760 l
96 700 1217 781 ciffi&23¹3&ss{0¹3¹gggoffiisgfffgzossffifiuggssgss{gf-⁶¹2&{kngssgeffiflgg

25 785 26 790 ¹
115 778 148 807 ba
163 798 171 811 ,
193 776 293 819 quibus
303 775 446 813 epistolam
456 776 620 820 claudimus.
662 776 734 820 Nam
752 785 792 811 13.
808 775 926 828 Philipp.
942 785 986 813 47.
1005 777 1153 842 ‘postquam
1166 775 1216 804 sin-

25 829 27 863 ⁴
113 810 1215 889 {¹:131{fistsssss'OEifflffAssisszazz‚2‘3233353‘0'33205255srssssslefflffffabissiit‘ff

26 864 29 943 i
115 889 264 932 Veniamus
273 888 468 933 aliquandowad
483 889 631 932 clausulam
641 911 649 924 ,
661 891 713 919 &a
729 927 735 933 ⁶

26 944 28 977 l
95 925 392 999 ιὲῧὶιὲἷὲῗῶῗίιῗὲ
400 927 781 1002 πὲζὲἒὲῗὲἓῖἱῗῖἳῖἓᾟιᾷ,
802 964 898 1002 ibique
911 964 954 1001 seq
977 987 984 994 .

96 1002 198 1041 Operis
209 1002 310 1040 peracti
324 1002 453 1031 clausula.
477 1003 613 1032 Columel.
626 1003 654 1031 in
670 1003 785 1031 Perorat.
801 1002 850 1032 lib.
864 1003 898 1031 de
909 1002 941 1032 R.
954 974 989 1032 fl.

28 1053 29 1057 ¹
95 1037 243 1078 imponere
254 1038 402 1069 clausulam
414 1040 603 1078 disputationi.
625 1039 762 1070 Columel.
777 1049 801 1076 3.
817 1050 859 1075 19.

28 1082 29 1123 l
96 1077 222 1108 Clausula
231 1078 326 1111 edicti,
347 1088 397 1115 pro
411 1078 486 1108 Parte
498 1079 593 1108 edicti.
635 1078 693 1108 Cic.
709 1089 733 1112 ς.
746 1076 820 1120 Verr.
833 1087 877 1114 35.
898 1077 947 1107 Illa
958 1087 1023 1107 vero
1039 1077 1169 1122 praeclara
1178 1077 1217 1106 est

27 1125 30 1165 Ι
115 1115 235 1146 clausula
248 1115 331 1144 edicti
343 1139 349 1147 ,
371 1117 446 1153 quod
464 1117 590 1145 omnium
611 1117 856 1145 controverliarum
867 1137 875 1150 ,
890 1118 941 1145 &c
967 1115 1029 1153 Ulp.
1045 1126 1072 1144 in
1085 1116 1103 1144 l.
1121 1115 1176 1145 Sed
1189 1117 1216 1145 ἃ

113 1154 141 1183 si.
163 1154 184 1191 §.
210 1153 274 1182 Haec
290 1153 419 1183 clausula.
444 1153 480 1183 D.
502 1154 542 1183 Ex
553 1154 653 1191 quibus
664 1153 748 1183 caufis
760 1154 895 1189 majores,
917 1154 983 1183 Haec
992 1153 1112 1183 clausula
1121 1154 1155 1182 ad
1167 1163 1216 1183 eos

113 1192 245 1229 pertinet,
257 1200 326 1226 quos
335 1201 411 1221 more
423 1192 558 1227 majorum
570 1192 625 1221 fine
639 1192 736 1221 fraude
748 1192 775 1220 in
786 1192 829 1227 jus
837 1201 935 1220 vocare
946 1191 1080 1221 nonlicet
1090 1213 1098 1226 ‚
1111 1194 1163 1220 dcc.

95 1228 239 1260 Generalis
252 1228 380 1258 clausula.
420 1229 530 1266 Ulpian.
545 1228 602 1259 inl.
624 1229 715 1272 Sed&
730 1229 757 1258 si.
779 1230 811 1259 D.
835 1229 876 1258 Ex
886 1230 1077 1272 quibuscausis
1085 1230 1215 1265 majores,

114 1266 409 1310 Adversus-relegatum
421 1268 623 1297 restitutionem
632 1267 789 1297 faciendam
810 1277 845 1297 ex
865 1268 988 1304 generali
1000 1267 1120 1296 clausula
1137 1267 1218 1296 Poni-

95 1342 118 1373 C
131 1313 222 1372 gilhllzsi
229 1311 341 1376 ffiiulae,
362 1350 412 1380 pro
428 1342 518 1372 Exitu.
558 1342 614 1372 Cic.
625 1352 676 1380 pro
684 1343 754 1372 Coel.
769 1346 812 1377 ⁶5·
836 1342 919 1372 Mimi
930 1353 995 1381 ergo
1007 1342 1112 1379 estjam
1125 1342 1216 1372 exitus

115 1390 172 1410 non
181 1379 279 1409 fabulae
295 1390 301 1409 ε
324 1380 353 1408 in
364 1389 419 1416 quo
430 1390 515 1417 quum
524 1380 644 1410 clausula
654 1391 711 1409 non
724 1381 867 1410 invenitur
880 1403 888 1417 ,
905 1384 958 1411 Sec.

96 1417 232 1462 Difficilis.
273 1417 332 1447 Cic.
345 1420 371 1447 6.
383 1419 435 1462 Attt.
448 1427 471 1454 3.
504 1418 631 1463 Clausala
649 1419 687 1448 est
707 1418 875 1486 difficilishiln
888 1419 1030 1462 'tradenda
1053 1419 1215 1486 P¹⁰V¹¹¹f⁰i³ss

115 1455 742 1532 sssssssffsn‘izsspilz‘ssssff522533300533553
751 1457 1136 1539 {liiingisseessf‘a‘eiinssssiir‘sss’n
1163 1466 1220 1486 ‘¹⁰¹'

59 1532 107 1565 CL
116 1543 133 1562 A
144 1542 162 1561 υ
173 1541 185 1561 s
193 1535 211 1560 ῦ
219 1541 235 1559 x
245 1541 264 1560 A
275 1553 283 1565 ‚
305 1540 335 1560 κ.
360 1531 379 1561 f.
402 1531 524 1561 Castrum
535 1555 543 1567 ,
565 1533 675 1570 burgus.
718 1533 778 1562 Vox
790 1534 876 1562 medii
889 1534 939 1563 aevi
950 1555 959 1569 ,
980 1532 1130 1571 praesertim
1141 1531 1218 1572 apud

98 1571 189 1608 JCtos.
212 1569 241 1599 V.
263 1569 509 1600 PitlioeiSubseciv.
529 1570 603 1600 Lea.
619 1580 697 1606 1.14.
1020 1609 1025 1615 '

31 1618 33 1629 ⁴
62 1609 86 1640 C
94 1621 110 1639 L
118 1619 135 1637 A
147 1618 164 1637 υ
175 1618 193 1636 D
203 1617 221 1636 υ
231 1616 253 1643 s,
274 1604 373 1643 [χωλοὶ
383 1627 392 1644 ,
405 1606 488 1635 κυλλὲς
500 1609 515 1643 ]
537 1609 594 1645 Qui
602 1609 689 1638 altero
699 1608 773 1646 pede
783 1608 908 1639 infirmus
919 1619 951 1638 ac
962 1608 1062 1639 debilis
1071 1610 1116 1638 est.
1130 1608 1215 1639 Plaut.

98 1642 187 1677 Aulul.
203 1655 225 1674 1.
242 1654 265 1674 1.
279 1654 321 1681 34.
344 1645 426 1682 Quasi
436 1646 552 1676 claudus
568 1646 642 1676 sutor
651 1647 728 1676 domi
738 1647 814 1676 sedet
823 1653 896 1677 totos
908 1647 976 1677 dies.
1014 1646 1072 1678 Cic.
1085 1649 1115 1677 in
1125 1647 1215 1678 Pison.

98 1688 144 1720 69.
165 1683 216 1713 Iste
227 1682 341 1712 claudus
361 1686 371 1719 (
383 1684 524 1721 quomodo
534 1685 633 1721 aiunt)
654 1685 740 1722 pilam
751 1685 877 1714 retinere.

95 1722 225 1752 Carmina
233 1720 332 1750 clauda
343 1721 448 1759 Elegias
457 1721 516 1752 suas
531 1729 613 1752 vocat
625 1722 708 1752 Ovid.
721 1722 769 1751 lib.
783 1732 807 1760 3.
821 1723 901 1753 Trist.
919 1734 942 1754 1.
956 1733 1000 1755 11.

188 1759 294 1788 Clauda
305 1760 380 1796 quod
391 1759 499 1789 alterno
513 1760 654 1790 subsidunt
663 1761 783 1790 carmina
794 1761 870 1790 versu
881 1783 890 1798 ‚

228 1796 278 1825 Vel
290 1798 372 1834 pedis
382 1797 436 1827 hoc
443 1799 513 1827 ratio
523 1820 531 1834 ‚
552 1799 595 1828 vel
607 1799 649 1828 via
660 1799 743 1835 longa
752 1799 826 1828 facit.

96 1834 172 1866 Deus
181 1833 298 1864 claudus
312 1857 321 1870 ,
342 1835 491 1866 Vulcanus.
531 1836 590 1866 Cic.
606 1846 628 1866 1.
641 1837 677 1866 de
691 1837 751 1866 Nat.
766 1837 847 1866 Deor.
860 1842 904 1872 84.
927 1836 1066 1867 Claudum
1078 1836 1161 1875 igitur
1170 1835 1219 1866 hae-

116 1873 213 1902 bemus
224 1872 308 1901 deum
317 1895 325 1908 ‚
347 1874 479 1910 quoniam
492 1874 528 1903 de
543 1874 669 1904 Vulcano
682 1874 717 1903 sic
729 1875 899 1912 accepimus.
931 1913 936 1918 Ι
1106 1912 1111 1918 .

95 1910 180 1942 Fides
193 1910 298 1940 clauda.
322 1911 340 1940 i.
353 1921 377 1940 e.
400 1911 465 1941 Non
479 1913 571 1947 recta,
592 1923 650 1941 non
665 1912 742 1941 firma
753 1935 761 1947 ,
782 1913 828 1941 sed
851 1912 938 1942 veluti
955 1913 1002 1950 qui
1020 1912 1113 1943 claudi
1130 1911 1193 1942 sunt
1206 1931 1215 1948 ⁷

35 1950 37 1969 ⁴
115 1949 202 1977 modo
212 1949 241 1976 in
253 1948 300 1978 has
310 1970 318 1984 ,
339 1950 424 1978 modo
433 1950 462 1978 in
471 1950 531 1979 illas
541 1950 679 1980 inclinans
698 1958 796 1988 partes.
819 1951 867 1981 Sil.
884 1951 933 1981 lib.
947 1960 988 1987 13.
1002 1960 1046 1989 33.

783 925 903 962 Quintil.
921 927 950 955 in
968 926 1086 957 Perorat.
1100 925 1150 956 lib.
1171 935 1215 956 11.

0 1994 5 2015 '.
35 1973 37 2011 l
95 1986 214 2023 Navigia
225 1985 570 2024 claudaaplustrisfractis.
592 1988 700 2018 Lucret.
714 2000 739 2025 4.
751 1998 815 2026 437.

97 2024 190 2055 Naves
202 2023 308 2054 claudae
322 2025 489 2063 mutilaeque.
512 2025 571 2056 Liv.
587 2035 630 2062 37.
647 2036 692 2061 24.
1129 2063 1135 2070 .

95 2061 159 2130 Ρῖὲε
174 2062 300 2099 corporis
315 2061 431 2093 vulnere
450 2063 566 2101 clauda,
587 2064 749 2095 Membrum
767 2073 900 2095 mancum
915 2074 948 2095 ac
969 2064 1074 2095 debile.
1102 2064 1176 2103 Virg.
1191 2074 1216 2102 ς.

152 2110 179 2129 n.
192 2105 257 2137 278.

96 2138 147 2168 Pes
156 2137 281 2167 claudus.
304 2137 371 2168 Hor.
384 2147 408 2174 3.
422 2138 513 2169 Carm.
523 2148 548 2169 2.
559 2149 603 2177 32.

98 2176 171 2206 Pede
183 2175 270 2205 altero
281 2175 405 2206 claudus.
428 2177 523 2215 Nepos
536 2186 578 2215 17.
590 2184 617 2212 8.
1087 2215 1090 2217 ¹

307 2215 427 2251 [σκάζω.
441 2213 567 2251 kanaam,
580 2214 745 2252 μεπκλσὶζω]
760 2218 815 2246 are.
837 2214 928 2246 Altero
936 2221 1044 2246 tantum
1058 2214 1132 2255 pede
1143 2216 1218 2246 ince-

101 2253 175 2286 dere,
189 2251 233 2281 vel
246 2251 368 2281 Alterum
379 2252 481 2290 pedem
495 2254 636 2283 infirmum
646 2254 765 2289 trahere,
774 2254 817 2283 vel
826 2254 980 2283 instabilem
997 2260 1044 2284 aut
1053 2263 1161 2284 curtum
1171 2255 1219 2284 ha-

99 2290 208 2325 bere,ac
218 2289 344 2319 vacillare
353 2290 675 2321 inceffu Cic.2.deOrat.
683 2302 743 2327 149.
751 2292 824 2321 Num
834 2292 988 2322 claudicat?
996 2300 1023 2322 at
1030 2293 1076 2322 hic
1085 2293 1217 2323 clodicat.

99 2328 179 2358 Genu
190 2326 316 2365 percusso
331 2328 479 2358 claudicat.
502 2328 586 2359 Ovid.
600 2339 625 2366 3.
647 2330 712 2359 Fast.
726 2336 788 2366 738.
1098 2360 1101 2363 .

98 2365 139 2397 Ex
150 2366 266 2395 vulnere
277 2373 393 2403 accepto
401 2366 566 2397 claudicare.
608 2367 666 2397 Cic.
678 2377 704 2397 2.
716 2369 751 2397 de
763 2369 839 2397 Orat.
851 2377 915 2405 299.
937 2367 1010 2398 Nam
1019 2368 1094 2406 quod
1103 2368 1148 2406 Sp.
1154 2368 1218 2398 Car-

117 2403 186 2470 vili}
195 2404 316 2471 gravitgr
327 2405 496 2435 claudicanti
508 2415 543 2435 ex
554 2405 679 2442 vulnere,
696 2406 733 2436 ob
747 2406 884 2444 Rempub.
897 2414 1014 2444 accepto
1027 2428 1036 2443 ,
1058 2408 1084 2436 ἃ
1101 2408 1138 2436 ob
1154 2415 1217 2437 eam

117 2450 168 2471 cau
182 2451 226 2471 am
241 2462 249 2476 ,
301 2451 326 2471 c.

99 2479 181 2509 Nisus
193 2489 347 2517 pennarum
360 2480 450 2509 inanis
465 2479 613 2510 claudicat.
635 2480 744 2511 Lucret.
761 2481 809 2511 lib.
822 2484 848 2512 6.
860 2487 923 2516 834.
943 2482 979 2512 de
991 2482 1108 2512 Averno.

98 2517 263 2547 Claudjcare
274 2539 283 2552 ,
304 2527 353 2555 per
363 2517 555 2555 metaphoram
565 2518 731 2557 usurpabant
743 2542 750 2554 .
772 2529 822 2558 pro
839 2520 971 2549 Vitiosum
979 2520 1033 2549 effe
1045 2543 1052 2554 ,
1074 2522 1100 2550 δι
1111 2530 1169 2550 non
1178 2529 1220 2550 re-

117 2556 204 2585 (tum.
241 2555 301 2584 Liv.
312 2565 357 2585 22.
373 2565 415 2591 39.
437 2557 465 2586 Si
480 2556 566 2586 altera
576 2564 653 2594 parte
662 2557 801 2588 claudicet
810 2556 987 2597 Respublica,
1009 2558 1089 2588 malis
1098 2558 1220 2589 consiliis

119 2593 195 2622 idem
204 2602 236 2623 ac
248 2593 329 2622 bonis
339 2594 406 2629 juris
421 2595 446 2623 ἃ
458 2594 601 2632 potestatis
609 2596 672 2624 erit.
882 2598 885 2603 '

100 2627 142 2661 Ex
151 2631 241 2668 aliqua
253 2637 339 2669 parte.
380 2631 439 2661 Cic.
454 2643 477 2667 5.
489 2632 570 2661 Tusc.
583 2643 627 2662 22.
650 2633 720 2663 Item
731 2633 841 2662 beatam
851 2635 937 2663 vitam
949 2634 1032 2663 etiam
1045 2634 1063 2664 fi
1077 2644 1112 2664 ex
1128 2635 1220 2672 aliqua

119 2674 196 2707 parte
206 2668 389 2704 claudicaret,
410 2674 504 2699 tamen
516 2680 550 2699 ex
560 2670 650 2701 multo
660 2672 765 2707 majore
779 2678 856 2709 parte
871 2672 996 2701 obtinere
1007 2682 1110 2702 nomen
1127 2672 1216 2704 suum.

44 2728 47 2736 .
101 2706 134 2737 In
144 2716 173 2736 re
183 2706 282 2744 aliqua.
305 2706 363 2736 Cic.
381 2708 416 2736 de
427 2707 497 2737 Clar.
510 2708 588 2737 Orat.
600 2717 664 2746 ²¹4·
687 2709 719 2739 ln
729 2719 894 2747 quacunque
906 2710 981 2740 enim
990 2720 1044 2740 una
1053 2710 1137 2749 piane
1145 2711 1220 2741 clau-

120 2745 242 2780 dicaret,
263 2752 356 2774 orator
371 2745 425 2774 esse
436 2755 492 2774 non
503 2745 600 2783 posset.

102 2782 179 2850 Δξξίο
188 2783 335 2812 claudicat.
357 2782 415 2813 Cic.
429 2783 464 2813 de
476 2783 545 2814 Clar.
559 2784 638 2814 Orat.
651 2793 714 2822 227.
737 2785 756 2815 i.
773 2794 798 2815 e.
818 2784 960 2815 Tenorem
968 2795 1026 2815 non
1036 2785 1218 2825 servataequa-

103 2820 408 2888 Arriigssia.BLC(i{uis.·de
417 2858 506 2888 Finib.
518 2862 562 2895 69.
585 2860 642 2897 Qui
651 2865 788 2892 verentur.
801 2870 838 2891 ne
854 2861 872 2890 fi
887 2861 1039 2892 amicitiam
1049 2867 1162 2900 propter
1172 2873 1222 2894 no-

120 2896 382 2963 itrgmtvoluptatem
394 2897 580 2935 expetendam
590 2905 722 2937 putemus
734 2920 741 2934 ,
765 2903 823 2928 tota
835 2900 957 2929 amicitia
975 2895 1047 2937 quasi
1066 2900 1222 2931 claudicare

48 2994 50 3005 .
101 2942 254 3003 Fiiii‘ffisiu
266 2971 402 3002 Columel.
415 2971 463 3002 lib.
476 2983 503 3010 4.
518 2982 582 3012 cap.
597 2980 624 3003 2.
654 2973 711 3003 Sed
732 2974 761 3002 in
778 2974 903 3012 pluribus
920 2975 1097 3013 pedamentis
1115 2976 1222 3007 frussus

103 3010 267 3086 Iglgielili‘iii‘igt
279 3047 388 3078 Lucret.
399 3047 446 3078 lib.
461 3055 486 3084 3.
500 3059 564 3084 454.
585 3049 621 3078 de
633 3054 712 3079 aetate
724 3049 858 3079 confectis
868 3071 877 3085 ,

181 3086 499 3123 Claudicatingenium‚
521 3086 620 3116 delirat
631 3087 795 3125 linguaque,
816 3087 956 3125 mensque.

102 3121 209 3154 Oratio.
249 3123 309 3153 Cic.
324 3132 348 3161 3.
371 3125 406 3153 de
418 3124 494 3154 Orat.
509 3129 570 3160 196.
593 3125 694 3154 Verum
709 3132 740 3154 ut
752 3126 781 3154 in
793 3125 871 3155 versu
892 3126 991 3163 vulgus
1003 3147 1011 3161 ,
1031 3126 1050 3156 fi
1069 3125 1108 3156 est
1125 3137 1223 3166 pecca-

121 3166 196 3196 tum,
218 3162 314 3191 videt:
337 3161 373 3191 sic
385 3162 472 3200 siquid
481 3163 510 3191 in
521 3162 610 3192 nostra
619 3164 744 3192 oratione
755 3163 913 3200 claudicat,
934 3164 1024 3194 sentit.
1047 3165 1075 3195 h.
1088 3175 1113 3195 e.
1136 3167 1224 3196 Sinu-

54 3229 55 3236 .
121 3209 215 3229 merus
230 3209 288 3228 non
298 3200 405 3229 incedit
415 3202 489 3229 recle
499 3202 524 3230 &
536 3201 646 3230 decore.

54 3244 55 3266 l
103 3236 201 3267 Oratio
212 3236 353 3267 claudicat
363 3239 389 3267 ἃ
401 3238 505 3268 insistit.
545 3238 604 3268 Cic.
619 3240 647 3268 in
658 3238 734 3268 Orat.
754 3246 816 3275 170.
837 3239 885 3269 Sin
896 3238 990 3277 probae
1001 3249 1043 3269 res
1055 3261 1063 3275 ‚
1084 3239 1156 3271 lecta
1165 3250 1224 3271 ver.

54 3270 55 3280 ¹
122 3274 157 3305 ba
167 3297 175 3311 ‚
196 3275 264 3312 quid
281 3275 319 3304 est
329 3285 378 3304 cur
388 3275 544 3305 claudicare
553 3283 602 3305 aut
612 3277 730 3306 insistere
745 3277 901 3306 oraticnem
919 3276 1036 3313 malint,
1058 3288 1139 3315 quam
1156 3289 1222 3310 cum

121 3313 259 3343 sententia
270 3314 372 3350 pariter
384 3314 548 3343 excurrere?
569 3314 610 3343 Al.
622 3314 766 3344 Claudere.
799 3315 831 3344 [ri
853 3315 910 3344 hoc
926 3315 1138 3346 claudicationis
1153 3318 1223 3348 vitio

120 3351 353 3388 frequentissimus
366 3352 404 3380 est
415 3352 521 3381 Seneca
533 3373 541 3386 .
562 3352 642 3388 cuius
655 3355 746 3382 omnis
759 3353 815 3382 fere
825 3354 913 3382 oratio
925 3353 1064 3383 claudicat
1083 3356 1109 3384 ἃ
1118 3355 1221 3386 insistit.

0 3392 31 3454 f
104 3383 158 3419 Res
168 3389 313 3419 vacillat&
326 3388 472 3419 claudicat.
514 3389 573 3419 Cic.
587 3400 611 3419 1.
625 3390 660 3419 de
675 3391 737 3420 Nat.
749 3391 831 3420 Deor.
848 3396 909 3426 198.
942 3392 996 3421 Sed
1020 3394 1046 3421 ἀ
1062 3392 1110 3422 ille
1132 3403 1227 3432 repret.

122 3426 353 3493 hfnsusamultis
372 3428 427 3463 est,
446 3436 501 3457 nec
520 3437 569 3458 vos
588 3428 695 3458 exitum
709 3429 855 3467 reperitis:
878 3433 991 3467 totaque
1012 3439 1055 3459 res
1072 3430 1225 3462 vacillat&

105 3465 307 3532 Οἳεῗέἓὲῗῐὲἰη
320 3502 413 3539 aliquo
423 3502 527 3532 officio.
565 3502 623 3533 Cic.
637 3512 659 3533 1.
673 3502 731 3533 Off.
748 3513 809 3540 119.
830 3503 905 3534 Tum
925 3504 954 3532 iri
972 3509 1032 3534 tota
1051 3505 1107 3534 vita
1124 3506 1225 3536 consti..

124 3542 228 3570 tuenda
238 3540 326 3569 multo
337 3541 375 3569 est
391 3541 479 3576 major
493 3542 531 3570 rei
546 3550 611 3571 cura
627 3541 785 3571 adhibenda
795 3564 802 3576 ,
824 3548 855 3571 ut
870 3542 993 3571 constare
1006 3543 1034 3571 iri
1045 3544 1108 3573 vitae
1125 3553 1225 3583 perpe.

123 3578 221 3607 tuitate
233 3578 364 3616 possimus
374 3579 575 3615 nobismetipsis
586 3601 595 3613 ,
617 3581 709 3609 necin
720 3579 777 3608 ullo
789 3579 882 3609 officio
892 3579 1057 3610 claudicare.

71 3615 95 3646 C
104 3625 120 3644 L
129 3626 148 3645 A
158 3626 176 3644 υ
188 3626 205 3644 o
216 3625 249 3645 ic
257 3626 278 3644 A
287 3626 308 3644 N
316 3626 346 3652 s⁷
367 3617 506 3652 [σκάζων]
530 3617 625 3646 Partic.
647 3624 694 3651 ut,
716 3618 813 3646 Oratio
830 3617 990 3647 claudicans
1000 3640 1008 3652 ,
1030 3619 1056 3647 8(
1066 3618 1204 3650 ῆυέὶυεηε
1213 3638 1223 3657 ,

2 3637 13 3655 ⁵¹
59 3661 62 3679 l
107 3655 151 3683 cui
162 3655 314 3691 opponitur
324 3654 420 3683 Oratio
429 3654 570 3691 aequaliter
579 3655 788 3691 constanterque
798 3655 1064 3693 ingrediens.Cic.in
1076 3657 1223 3693 Orat.214.

10 3543 23 3606 i

11 3610 18 3676 l

2 3684 17 3730 il
73 3689 366 3726 CLAUDmATio,
388 3692 458 3721 onis.
481 3692 499 3721 f.

11 3722 29 3793 l.

195 3725 200 3729 .
521 3693 666 3728 [χωλότης]
696 3693 832 3722 Columel.
855 3692 902 3722 lib.
922 3696 946 3722 6.
959 3703 1076 3731 cap.12.
1107 3695 1224 3732 Sanguis

101 3728 390 3766 ,demiffiisinpedes‚
412 3729 645 3759 claudicationem
657 3730 744 3760 affert.
785 3732 843 3760 Cic.
859 3741 881 3760 1.
903 3731 938 3760 de
955 3732 1018 3761 Nat.
1032 3732 1113 3762 Deor.
1124 3739 1169 3769 84.
1191 3733 1224 3764 In

62 3779 64 3791 =‚
108 3775 161 3803 quo
171 3767 258 3796 stante
268 3775 349 3803 atque
364 3767 459 3796 vestito
470 3790 477 3802 ‚
497 3766 595 3797 leviter
606 3776 721 3806 apparet
733 3767 900 3798 claudicatio
920 3777 978 3798 non
996 3770 1139 3801 deformis.
1162 3771 1220 3802 val.

26 3812 31 3826 ’
64 3822 65 3835 i
108 3801 182 3833 Max.
196 3810 221 3839 8.
238 3815 279 3834 ii.
301 3804 475 3835 Dillimulata
485 3805 652 3835 claudicatio
663 3806 711 3835 sub
723 3806 804 3836 veste.

64 3838 144 3881 let».
152 3852 171 3871 u
179 3852 198 3870 D
208 3845 246 3871 ῑτ
256 3852 274 3871 A
284 3850 306 3877 s,
327 3844 387 3886 atis.
409 3842 427 3871 f.
450 3844 596 3879 [χωλή-ης]
617 3844 705 3873 Idem.
729 3843 796 3873 Plin.
809 3843 907 3887 lib.28.
927 3853 1017 3883 cap.4.
1039 3845 1223 3889 Clauditates‚

107 3878 291 3946 ἓῗέὲῗῦῒέἔηῖ
302 3880 1117 3958 3353&ss3e3.3.33155b5.3.0333335Agamana...

12 3959 27 3979 -'
66 3947 67 3980 i
107 3953 292 3986 clauditatem
305 3955 445 3987 demsistis.
466 3956 545 3995 Apul.
558 3956 630 3988 Flor.
645 3966 671 3994 3.

1676 134 1706 169 C
1801 135 1830 170 L
1923 135 1948 171 A

2360 157 2425 193 541

1269 213 1318 243 CL
1329 224 1346 243 A
1358 225 1375 243 u
1386 214 1451 244 uio
1461 224 1478 244 o
1491 237 1498 249 ,
1518 215 1581 245 inis.
1603 216 1621 245 f.
1648 216 1735 246 idem.
1758 215 1852 253 Veget.
1867 216 1987 247 Mulom.
2006 228 2027 248 i.
2039 222 2085 249 26.
2108 220 2304 260 Claudiginem
2318 226 2418 259 facere.

1270 250 1479 287 Cmumsma,
1491 254 1533 283 tri.
1545 263 1582 282 m.
1592 252 1812 290 [ἀρνηα-ἱχωλῶυ]
1823 254 2015 284 ΟΙοίῑῖΟῑ·.ί.ετ.
2023 257 2078 293 Qui
2091 259 2270 291 clauditatem
2281 271 2339 293 arte
2351 267 2432 297 celat.

1274 289 1296 317 C
1308 300 1321 317 i.
1333 300 1348 317 A
1361 300 1376 317 u
1388 300 1405 318 u
1418 300 1475 324 no,
1498 294 1552 320 Cre.
1574 292 1666 321 Caecil.
1689 292 1764 329 apud
1780 292 1906 322 Priscian.
1938 295 1979 322 An
1999 294 2047 323 ubi
2063 305 2112 325 vos
2131 297 2187 326 sitis
2199 320 2207 333 ,
2229 300 2266 329 ibi
2288 303 2435 334 consilium

1309 327 1445 356 claudcat.
1467 329 1541 357 conf.
1558 329 1626 358 Gell.
1640 330 1688 359 lib.
1704 340 1727 359 1.
1743 339 1770 366 7.
1792 337 1862 359 extr.
1885 332 1910 360 &
1933 332 1990 360 Cic.
2015 333 2044 360 in
2066 344 2083 361 c
2095 344 2263 366 LAuoico
2284 338 2319 367 ad
2341 342 2387 368 lin.

1272 363 1850 402 CLAV1CULA,C1.AvicULAT1M,
1871 370 1896 398 ὁὶ
1917 368 2187 402 CLAVieuLus.
2224 375 2257 404 ln
2275 385 2434 407 eLAvus.

1271 401 1490 437 CLAvicaR,
1520 403 1550 432 V.
1574 414 1724 439 CLAVA,
1746 407 1771 434 &
1792 415 1936 435 eLAvis.

1271 438 1294 467 C
1304 450 1319 467 i.
1330 443 1345 467 'A
1356 449 1412 468 vis
1426 460 1434 474 ,
1457 441 1488 469 is.
1510 441 1529 469 f.
1551 442 1664 477 [κλεὶς]
1686 442 1749 476 Qua
1760 443 1826 481 ostia
1838 465 1847 479 ,
1868 444 1968 473 arculae
1978 466 1987 479 ,
2010 446 2074 475 &id
2086 456 2173 484 genus
2189 447 2303 479 claustra
2317 451 2437 481 reserari-

1310 483 1354 505 tur
1372 478 1396 505 δε
1410 479 1578 513 aperiuntur.
1621 480 1711 509 Festus
1723 502 1730 514 ,
1752 480 1842 510 Clavis
1859 491 1894 510 ex
1913 482 2010 511 Graeco
2027 486 2090 511 κλεὶς
2106 485 2260 515 descendit.
2303 489 2440 518 Accusati-

1309 523 1375 542 vuin
1387 515 1453 542 facit
1462 515 1574 545 Clavem
1585 518 1611 546 &
1623 517 1739 546 Clavim.
1781 518 1865 547 Plaut.
1881 519 1962 549 Most.
1981 530 2007 549 2.
2025 531 2047 551 i.
2063 530 2107 559 57.
2140 523 2246 553 Clavim
2257 525 2326 554 milii
2338 526 2440 556 harun-

1311 561 1342 579 ce
1353 552 1454 580 redium
1469 552 1634 583 Laconicam
1647 565 1722 584 nunc
1733 556 1788 591 jam
1799 556 1864 591 jube
1872 558 1964 586 efferri
1977 559 2060 589 intus.
2100 560 2171 591 Cato
2182 562 2218 591 de
2227 561 2260 592 R.
2274 563 2306 593 R.
2317 574 2379 601 cap.
2392 567 2436 595 16.

1310 589 1413 617 Seriam
1426 590 1560 620 vinariam
1577 602 1659 621 unam
1669 614 1677 625 ,
1698 593 1807 622 clavem
1818 595 1959 624 torcularii
1972 606 2065 627 unam.
2266 602 2271 611 “

1309 627 1425 656 Adunca
1436 628 1521 657 clavis
1534 630 1632 658 trochi.
1656 630 1778 667 l'ropert.
1793 631 1841 661 lib.
1857 640 1880 667 3.
1898 642 1939 661 12.
1953 637 1979 663 ό.

1390 664 1554 702 Increpat&
1564 667 1629 696 versi
1643 668 1726 697 clavis
1737 669 1847 699 adunca
1862 670 1963 701 trochi.

1309 700 1447 731 Adultera.
1471 703 1556 733 Ovid.
1572 713 1596 737 ζ.
1611 704 1647 734 de
1658 707 1721 734 Arte
1736 707 1794 735 Am.
1808 711 1872 743 643.

1309 741 1411 776 Aptare
1420 740 1491 769 fores
1506 741 1637 771 clavibus.
1680 742 1710 772 ln
1735 753 1841 773 APTO.

1309 775 1457 813 Imponere
1469 778 1558 808 claves
1570 781 1664 816 portis.
1705 781 1736 810 ln
1758 791 1797 809 ixi
1808 791 1821 810 Ρ
1830 791 1847 810 o
1857 792 1877 810 N
1888 790 1914 812 o.

1309 813 1399 844 Poscit
1409 816 1577 852 magistratus
1586 818 1677 847 claves
1692 825 1842 855 portarum.
1865 820 1921 849 Liv.
1935 830 1979 858 ²7·
1991 830 2036 858 24.
2045 830 2088 860 pr.
2111 822 2144 853 C.
2157 823 2307 856 Terentius
2318 848 2326 862 ,
2347 832 2379 857 ut
2390 828 2434 858 Ar*

1328 853 1428 881 retium
1438 862 1503 882 cum
1514 854 1628 898 legione
1644 857 1731 890 venit,
1752 857 1842 886 claves
1856 865 1998 894 portarum
2010 869 2098 898 quum
2108 862 2280 900 magistratus
2295 865 2434 903 poposcis.

1327 889 1367 919 set
1378 912 1386 924 ,
1407 892 1573 927 negantibus
1588 903 1621 922 iis
1634 903 1796 931 comparere
1806 916 1815 930 ,
1838 897 1889 925 διε.

1308 927 1397 957 Senfit
1408 928 1513 958 clavem
1524 930 1614 965 janua.
1636 931 1731 960 Tibul.
1744 931 1794 961 lib.
1809 941 1835 961 2.
1851 944 1877 967 4.
1894 942 1938 969 3¹·

1307 965 1415 996 Servari
1425 973 1539 996 centuni
1554 968 1685 998 clavibus.
1710 969 1776 998 Hor.
1791 979 1816 998 2.
1829 969 1919 1001 Carm.
1935 981 1977 1008 ¹4·
1988 974 2035 1003 26.

1391 1003 1522 1034 Absumet
1536 1005 1622 1035 haeres
1636 1006 1755 1036 Caecuba
1765 1008 1876 1045 dignior

1389 1041 1503 1071 Servata
1515 1053 1629 1073 centum
1642 1045 1777 1075 clavibus.
1992 1080 1994 1082 ,

1308 1076 1366 1109 Sub
1376 1078 1512 1109 clavielse
1523 1103 1531 1114 ‚
1552 1092 1601 1119 pro
1616 1082 1745 1112 Occludi.
1787 1083 1872 1113 Varro
1893 1093 1916 1113 1.
1931 1084 1966 1114 de
1982 1084 2014 1114 R.
2027 1084 2060 1114 R.
2072 1096 2135 1124 cap.
2147 1097 2191 1118 22.
2215 1088 2285 1126 Quae
2298 1100 2354 1121 non
2372 1090 2435 1131 pos.

1329 1116 1390 1146 sunt
1400 1118 1454 1146 effe
1465 1118 1513 1147 sub
1523 1118 1596 1149 clavi
1608 1142 1617 1154 ,
1638 1122 1845 1157 quammaxime
1856 1122 1947 1152 facere
1958 1129 1989 1152 ut
2002 1123 2052 1152 lint
2062 1125 2091 1152 in
2101 1126 2250 1163 conspectu
2262 1138 2385 1165 oportet.

1307 1154 1432 1185 Tradere
1443 1155 1534 1185 claves
1545 1157 2085 1198 horreorum‚Translate.Cic.proDomo
2097 1165 2258 1195 2<.Scilicet
2268 1174 2295 1195 tu
2307 1168 2434 1199 helluoni

1327 1192 1509 1230 spurcissimo,
1520 1196 1572 1224 &c
1590 1196 1652 1225 Sex.
1665 1196 1767 1226 Clodio
1777 1218 1785 1233 ,
1805 1200 1855 1227 &c
1869 1207 1954 1227 omne
1968 1199 2140 1230 frumentum
2155 1203 2292 1237 privatum
2305 1208 2330 1234 δ’(
2344 1207 2436 1244 publi·-

1327 1240 1393 1260 cum
1405 1253 1413 1266 ‚
1434 1240 1532 1261 omnes
1552 1235 1709 1270 provincias
1720 1235 1912 1266 frumentarias
1923 1256 1931 1272 ,
1954 1246 2053 1266 omnes
2068 1241 2212 1277 mancipes
2223 1263 2231 1276 ,
2252 1252 2352 1273 omnes
2371 1245 2437 1274 hor.

1330 1278 1441 1298 reorum
1453 1269 1543 1300 claves
1553 1272 1614 1309 lege
1628 1279 1675 1302 tua
1684 1273 1827 1303 tradidisti.

1309 1306 1397 1336 Uxori
1407 1307 1514 1337 clavem
1525 1310 1608 1345 dare,
1629 1311 1654 1340 ἃ
1669 1311 1801 1342 adimere.
1843 1312 1907 1342 Erat
1916 1320 1979 1343 mos
1995 1313 2208 1352 institutumque
2225 1316 2436 1356 Romanorum,

1328 1351 1360 1373 ut
1369 1345 1501 1375 uxoribus
1512 1348 1632 1384 primum
1649 1349 1766 1379 domum
1780 1350 2005 1386 ingredientibus
2018 1351 2109 1382 claves
2128 1354 2241 1383 darent:
2265 1366 2320 1392 quo
2338 1357 2439 1394 signifi.

1327 1383 1430 1413 cabant
1443 1383 1514 1421 ipsas
1524 1393 1625 1415 matres
1638 1386 1758 1417 familias
1775 1388 1846 1423 else,
1868 1395 1951 1425 atque
1964 1398 2079 1419 omnem
2098 1392 2138 1419 rei
2152 1392 2270 1428 quaesitae
2286 1403 2301 1422 a
2313 1394 2370 1423 viro
2386 1406 2437 1433 po.

1330 1421 1455 1450 testatem
1466 1422 1577 1452 habere.
1616 1424 1679 1454 Sex.
1701 1425 1850 1463 Pompeius
1859 1426 1941 1456 aliam
1952 1427 2036 1457 tradit
2045 1428 2171 1458 causam:
2194 1430 2311 1465 Clavim,
2334 1433 2437 1470 inquit,

1332 1459 1506 1489 consuetudo
1515 1467 1574 1490 erat
1582 1462 1745 1493 mulieribus
1754 1464 1859 1494 donare
1867 1486 1876 1500 ,
1897 1464 1933 1493 ob
1942 1465 2150 1502 significandam
2158 1475 2251 1505 partus
2259 1469 2435 1501 facilitatem.

1328 1497 1406 1533 Quas
1414 1504 1506 1527 autem
1518 1499 1597 1529 initio
1608 1501 1779 1530 matrimonii
1789 1501 1893 1532 dabant
1905 1502 1997 1533 claves
2005 1525 2013 1539 ,
2039 1514 2085 1534 eas
2097 1505 2219 1534 divortio
2228 1506 2301 1535 facto
2311 1509 2439 1540 adimere

1328 1535 1462 1564 solebant.
1484 1538 1560 1572 quod
1584 1538 1744 1576 significavit
1764 1539 1862 1569 Cicero
1877 1539 1997 1578 Philipp.
2011 1551 2037 1571 2.
2055 1546 2100 1578 69.
2124 1543 2244 1572 Mimam
2262 1544 2338 1574 illam
2360 1546 2435 1577 suam

1328 1572 1388 1615 suas
1398 1583 1441 1602 res
1450 1573 1498 1603 sibi
1511 1575 1611 1605 habere
1622 1577 1695 1612 jussit
1712 1587 1747 1607 ex
1763 1578 1914 1608 duodecim
1932 1578 2049 1609 tabulis:
2071 1581 2166 1611 claves
2183 1582 2306 1612 ademit:
2329 1587 2430 1620 exegit.

1329 1611 1423 1647 Quam
1431 1622 1515 1649 porro
1526 1613 1663 1651 spectatus
1674 1616 1741 1645 civis
1751 1637 1759 1651 ,
1781 1626 1864 1653 quam
1875 1617 2022 1654 probatus,
2043 1619 2122 1654 cujus
2146 1629 2181 1649 ex
2197 1621 2275 1649 omni
2294 1621 2349 1650 vita
2364 1620 2435 1653 nihil

1326 1651 1367 1678 est
1376 1649 1516 1680 honestius
1527 1673 1536 1686 ,
1555 1662 1638 1688 quam
1651 1653 1727 1689 quod
1739 1663 1804 1683 cum
1815 1655 1900 1684 mima
1914 1655 1983 1684 fecit
2001 1655 2168 1686 divortium!
2196 1658 2302 1687 Nonius
2320 1660 2433 1691 verbum

1326 1686 1417 1724 Exigo
1429 1697 1591 1725 exponens,
1608 1690 1740 1728 Exigere,
1752 1691 1853 1728 inquit,
1869 1693 1907 1722 est
1918 1690 2077 1724 excludere.
2098 1695 2184 1724 Marc.
2194 1694 2268 1725 Tull.
2286 1697 2435 1735 r’liilipn.2.

1328 1724 1429 1755 Claves
1442 1726 1557 1762 ademit,
1568 1727 1641 1757 foras
1651 1729 1752 1766 exegit.
1774 1729 1838 1759 Scio
1848 1730 1979 1767 equidem
1991 1731 2085 1761 locum
2094 1732 2173 1762 illum
2188 1733 2329 1763 Ciceronis
2341 1746 2355 1764 a
2366 1745 2439 1765 non-

1330 1763 1415 1792 nullis
1424 1763 1502 1794 aliter
1510 1764 1566 1803 legi
1579 1775 1586 1795 :
1599 1766 1645 1796 sed
1656 1774 1724 1803 puto
1734 1767 1862 1797 standum
1878 1778 1894 1798 a
1906 1768 2002 1798 Nonio
2013 1769 2157 1800 Marcello.
2171 1770 2369 1811 V.lnterpp.ad
2379 1774 2435 1805 loc.

1272 1799 1297 1831 C
1306 1811 1323 1829 L
1332 1810 1350 1830 A
1360 1809 1377 1830 v
1386 1806 1398 1830 ῑ
1408 1811 1426 1830 c
1436 1804 1453 1830 ῠ
1463 1813 1479 1830 L
1489 1812 1507 1830 A
1520 1824 1528 1838 ‚
1552 1813 1583 1833 ae.
1606 1803 1625 1834 f.
1647 1805 1745 1834 dimin.
1762 1805 1891 1835 German.
1913 1806 2000 1836 Caesar
2008 1808 2038 1837 in
2050 1809 2122 1838 Arati
2135 1809 2254 1848 Caffiop.

1404 1839 1502 1876 Qualis
1513 1841 1626 1871 ferratos
1641 1842 1729 1872 obicit
1739 1843 1874 1873 clavicula
1885 1845 1991 1874 dentes.

1309 1876 1382 1907 Item
1396 1878 1548 1914 Capreolus
1563 1880 1591 1908 in
1603 1881 1667 1910 vite.
1708 1881 1768 1912 Cic.
1781 1881 1817 1911 de
1826 1882 1935 1912 Senect.
1948 1892 1991 1918 52.
2011 1882 2082 1913 Vitis
2090 1884 2205 1921 quidem
2216 1895 2275 1922 quae
2286 1893 2381 1916 natura
2392 1898 2438 1918 ca.

1327 1915 1400 1944 duca
1411 1915 1449 1944 est
1462 1937 1470 1948 ,
1492 1918 1518 1946 &
1529 1917 1579 1946 nisi
1589 1917 1659 1947 fulta
1670 1918 1700 1947 sit
1713 1941 1721 1954 ,
1739 1919 1825 1949 fertur
1834 1920 1868 1949 ad
1879 1927 1997 1950 terram:
2020 1923 2119 1951 eadem
2135 1929 2167 1952 ut
2185 1922 2212 1952 se
2227 1924 2313 1961 erigat
2323 1948 2332 1961 ,
2352 1925 2437 1955 clavi.

1327 1952 1399 1982 culis
1412 1953 1484 1989 suis,
1505 1955 1577 1991 quasi
1589 1955 1727 1992 manibus,
1746 1958 1878 1995 quicquid
1891 1959 1929 1988 est
1946 1960 2043 1995 nacta,
2064 1960 2270 1998 comp'lestitur.
2294 1963 2361 1992 Piin.
2381 1964 2434 1994 lib.

1326 1992 1416 2033 2321ss
1426 2002 1546 2029 prooem.
1569 1993 1718 2024 Claviculae
1730 1994 1794 2031 ipsae
1810 1996 1910 2032 quibus
1921 1998 2116 2035 repuntvites‚
2133 2000 2205 2028 tritae
2218 2000 2244 2028 ἃ
2257 2009 2291 2030 ex
2304 2010 2375 2038 aqua
2385 2012 2437 2040 po-

1328 2034 1363 2058 tae
1373 2029 1466 2058 listunt
1478 2031 1666 2062 vomitionum
1676 2033 1920 2065 consuetudinem.

1307 2066 1406 2096 Claves
1419 2089 1427 2102 ,
1448 2068 1501 2098 sive
1511 2068 1662 2099 Claviculae
1674 2092 1682 2106 ,
1704 2068 1965 2109 nonnullisJugula.
2005 2076 2043 2099 La
2065 2072 2184 2102 Fourcelle
2196 2073 2257 2103 d'un
2267 2075 2381 2112 homme,
2403 2087 2438 2106 aa

1326 2107 1441 2142 Frarqcois
1452 2106 1480 2135 t.
1519 2107 1609 2136 Miror
1619 2118 1677 2137 non
1690 2109 1718 2137 in
1738 2118 1750 2143 J
1762 2119 1781 2138 u
1789 2119 1807 2138 G
1818 2120 1834 2139 u
1845 2121 1862 2138 L
1872 2120 1891 2139 A
1913 2109 1972 2139 fieri
1984 2111 2159 2141 mentionem
2170 2113 2251 2148 hujus
2263 2114 2439 2150 significatio.

1326 2143 1379 2171 nis.
1418 2143 1452 2173 H.
1466 2144 1505 2173 St.
1526 2144 1660 2183 Intelligit
1669 2146 1793 2176 Ollicula
1802 2168 1810 2182 ,
1832 2156 1892 2185 quae
1902 2148 2041 2185 utrimque
2053 2149 2163 2179 summo
2173 2152 2436 2188 pectoriinsidentia

1328 2179 1447 2218 scapulis
1457 2182 1653 2213 adneffituntur.
1675 2184 1762 2214 Graeci
1775 2184 1839 2215 sane
1848 2182 1946 2214 κλεῖδας
1957 2186 2101 2223 appellant
2110 2209 2118 2222 ,
2139 2194 2167 2217 at
2180 2188 2274 2219 Celsus
2289 2189 2438 2221 Cornelius

1327 2217 1607 2258 lib.8.cap.1.Jugula
1615 2227 1704 2251 vocat.
1713 2222 1728 2258 J
1731 2223 2299 2259 unioresAntomiciClaviculas,Gallorum
2307 2229 2438 2259 nonnulli

1326 2257 1412 2287 etiam
1422 2257 1465 2285 Les
1474 2269 1498 2285 os
1505 2259 1655 2296 furmlai'res
1667 2268 1810 2290 vocarunt.
1823 2260 2275 2301 InGallicoLatinoSteph.Lexico
2284 2275 2342 2295 non
2350 2273 2437 2297 extat.

1273 2292 1321 2323 CL
1330 2304 1349 2323 A
1359 2302 1376 2323 v
1387 2306 1396 2323 1
1405 2305 1450 2325 cu
1461 2300 1502 2325 LA
1511 2306 1530 2325 T
1540 2307 1549 2325 1
1558 2308 1578 2326 M
1590 2320 1598 2332 ‚
1620 2298 1687 2327 Adv.
1709 2304 1740 2327 ut
1750 2320 1758 2334 ,
1781 2298 1904 2329 Conchae
1916 2299 2103 2331 claviculatim
2118 2302 2238 2333 undatae.
2261 2304 2289 2333 h.
2303 2314 2327 2333 e.
2349 2304 2440 2335 lntor.

1310 2337 1344 2362 tae
1358 2334 1383 2362 δι
1397 2333 1518 2372 crispatae
1530 2335 1565 2363 ad
1577 2335 1787 2366 fimilitudinem
1798 2336 1996 2367 clavicularum
2012 2339 2086 2369 vitis.
2125 2339 2194 2370 Plin.
2208 2341 2256 2371 lib.
2270 2351 2295 2378 9.
2317 2352 2378 2380 cap.
2392 2352 2436 2380 33.

1307 2370 1450 2401 Firmioris
1460 2373 1516 2408 J'am
1526 2372 1600 2402 testae
1616 2374 1752 2408 murices,
1774 2376 1800 2405 δι
1817 2375 1989 2405 concharum
2008 2385 2123 2413 genera:
2147 2379 2175 2407 in
2196 2379 2296 2416 quibus
2313 2380 2440 2411 ludentis

1308 2416 1414 2438 naturae
1431 2411 1556 2440 varietas.
1598 2411 1682 2441 Paulo
1699 2412 1773 2450 post,
1796 2412 1859 2448 Jam
1880 2413 2058 2443 distinctione
2071 2416 2204 2452 virgulata
2213 2438 2221 2452 ‚
2244 2418 2343 2447 crinita
2353 2439 2362 2454 ‚
2385 2420 2439 2449 cri-

1308 2446 1355 2485 spa
1364 2469 1372 2482 ‚
1393 2447 1579 2478 claviculatim
1589 2471 1598 2484 ,
1618 2450 1798 2486 pectinatim,
1822 2450 1907 2481 divisa
1917 2473 1925 2486 ‚
1946 2452 2115 2482 imbricatim
2133 2454 2247 2484 undata.
2288 2455 2341 2485 Alii
2359 2457 2438 2486 codi-

1309 2494 1356 2514 ces
1373 2485 1470 2522 legunt
1488 2486 1699 2517 Canaliculatim
1711 2510 1719 2522 ,
1749 2487 1796 2518 vel
1816 2488 2014 2519 Cuniculatim.
2056 2490 2086 2520 V.
2109 2491 2245 2522 Harduin.
2286 2494 2398 2531 [Quod
2416 2495 2437 2524 fi

1308 2523 1424 2553 codices
1437 2523 1577 2554 firmarent
1588 2525 1781 2556 ClavICulatim
1791 2527 1953 2557 retinuerim
1965 2548 1973 2564 ‚
1995 2528 2042 2557 sed
2053 2528 2089 2558 de
2099 2528 2250 2560 Clavicuiae
2268 2540 2351 2561 aeneae
2367 2533 2436 2563 den,-

1310 2561 1384 2591 tibus
1397 2557 1492 2599 potius
1504 2584 1512 2597 ,
1535 2572 1617 2599 quam
1627 2564 1662 2592 de
1672 2564 1736 2594 vitis
1752 2564 1843 2594 helice
1853 2565 1961 2595 dictum
1971 2573 2078 2603 putem.

1272 2597 1296 2628 C
1306 2610 1323 2628 L
1331 2609 1351 2627 A
1362 2609 1376 2628 v
1389 2610 1398 2628 1
1408 2608 1426 2628 c
1434 2609 1476 2628 UL
1486 2610 1504 2629 A
1512 2610 1528 2628 R
1539 2611 1547 2628 r
1560 2611 1577 2629 υ
1588 2610 1600 2630 s
1609 2623 1617 2636 ,
1638 2602 1658 2631 i.
1679 2611 1716 2631 m.
1739 2602 1849 2632 Firmic.
1865 2603 1914 2632 lib.
1926 2613 1950 2639 3.
1963 2613 2025 2642 cap.
2035 2608 2062 2634 6.
2086 2604 2172 2634 Erunt
2182 2611 2230 2635 aut
2248 2608 2436 2646 cornicularii,

1309 2644 1356 2667 aut
1364 2638 1628 2668 commentarienses
1640 2661 1648 2674 ‚
1669 2640 1769 2677 quibus
1781 2641 1976 2671 damnatorum
1987 2651 2055 2672 cura
2067 2644 2260 2674 committatur
2268 2667 2276 2680 ,
2297 2646 2344 2675 seu
2355 2646 2440 2677 clavi-

1310 2675 1407 2742 culgrii
1416 2697 1424 2710 ‚
1445 2675 1490 2705 vel
1510 2685 1650 2707 carcerum
1666 2678 1795 2708 custodes
1803 2700 1811 2714 ,
1832 2680 1859 2709 δι
1879 2679 1979 2717 quibus
1998 2680 2176 2718 publicarum
2194 2689 2353 2713 catenarum
2373 2694 2440 2715 cura

1310 2723 1356 2743 cre
1379 2719 1447 2743 atur.

1271 2746 1294 2780 ‘C
1304 2762 1320 2780 L
1331 2761 1348 2779 A
1360 2761 1376 2780 v
1384 2753 1395 2780 i
1403 2761 1420 2780 c
1430 2761 1445 2780 a
1455 2761 1482 2787 R,
1495 2751 1551 2786 era,
1562 2752 1650 2783 erum.
1672 2751 1868 2790 [azetizo]
1888 2754 1947 2791 Qui
1959 2754 2065 2785 clavem
2076 2757 2154 2794 gerit.
2174 2757 2220 2787 Sic
2230 2767 2345 2789 vocatur
2351 2760 2438 2795 janus

1310 2789 1344 2818 ab
1357 2789 1441 2819 Ovid.
1457 2800 1480 2819 1.
1492 2790 1559 2820 Fast.
1571 2796 1635 2825 2²8-
1658 2792 1721 2829 quia
1731 2792 1839 2823 clavem
1848 2793 1961 2830 gerebat
1970 2815 1977 2828 ,
1999 2800 2030 2823 ut
2044 2795 2130 2832 paulo
2144 2802 2207 2825 ante
2216 2806 2240 2826 v.
2253 2808 2296 2832 99.
2308 2799 2427 2828 dixerat.

1272 2826 1473 2894 CibAvoLm
1494 2838 1525 2858 ae.
1548 2829 1616 2866 quid
1637 2829 1786 2867 significet,
1814 2829 1937 2861 declarat
1956 2831 2041 2861 Varro
2057 2842 2081 2862 1.
2103 2833 2139 2863 de
2157 2833 2190 2864 R.
2202 2833 2235 2864 R.
2253 2845 2315 2873 cap.
2328 2845 2374 2872 40.
2405 2833 2436 2866 V·

1345 2876 1360 2893 L
1369 2876 1388 2894 A
1398 2876 1413 2894 B
1424 2875 1443 2894 u
1452 2877 1469 2894 L
1477 2875 1507 2895 A.

1273 2902 1592 2970 CLAUSQRAMUS,
1612 2902 1887 2936 CLAusTRi'rm
1898 2915 1956 2943 us,
1984 2906 2239 2945 CLAU'STRUM,
2270 2910 2436 2941 CLAusu.

1312 2952 1328 2969 L
1339 2951 1368 2970 A.
1434 2964 1441 2970 .
1463 2950 1481 2970 c
1490 2952 1506 2970 L
1517 2951 1537 2970 A
1547 2952 1565 2970 υ
1575 2952 1594 2970 i>
1602 2952 1628 2972 o.

1274 2977 1322 3007 CL
1333 2989 1348 3006 A
1363 2988 1381 3007 u
1390 2988 1401 3008 s
1413 2989 1430 3007 u
1439 2988 1451 3007 s
1464 3000 1472 3013 ,
1494 2981 1666 3016 praenomine
1678 2981 1739 3010 Atta
1747 2981 1791 3010 vel
1808 2982 1886 3012 Attus
1894 2981 1938 3012 vel
1947 2982 2044 3018 Attius,
2065 2983 2110 3013 vel
2121 2985 2212 3014 Astius
2224 2990 2254 3014 ut
2266 2985 2321 3021 alii,
2341 2988 2437 3024 postea

1311 3017 1419 3054 Appius
1428 3016 1562 3046 Claudius
1574 3017 1674 3053 dictus,
1685 3019 1852 3049 Sabinorum
1861 3020 1927 3055 dux,
1937 3022 1983 3057 qui
1992 3020 2053 3059 post
2063 3024 2175 3052 exactos
2185 3032 2270 3058 reges,
2283 3033 2347 3053 cum
2359 3026 2441 3061 quiri.

1311 3063 1368 3091 que
1376 3054 1498 3084 millibus
1510 3054 1645 3086 clientum
1665 3058 1690 3086 δι
1705 3058 1860 3087 amicorum
1878 3058 1995 3088 Romam
2007 3060 2100 3088 venit:
2136 3060 2169 3089 Et
2182 3060 2322 3098 susceptus
2332 3084 2340 3095 ,
2362 3063 2441 3092 habi-

1311 3092 1424 3121 tandam
1438 3092 1513 3122 urbis
1524 3100 1632 3130 partem
1648 3096 1775 3133 accepit:
1806 3098 1827 3125 A
1850 3106 1905 3133 quo
1924 3097 2018 3133 postea
2028 3097 2153 3127 &tribus
2165 3100 2191 3128 Sc
2203 3099 2307 3128 familia
2322 3099 2441 3131 Claudia

1311 3136 1409 3160 vocata
1419 3130 1457 3159 est
1466 3152 1474 3166 ‚
1498 3138 1527 3159 ut
1538 3131 1654 3162 liabetur
1663 3133 1739 3171 apud
1749 3134 1912 3163 Serviumin
1924 3135 2081 3170 Maronem,
2090 3140 2118 3172 7.
2130 3135 2193 3166 AEn.
2208 3140 2273 3173 706.

1392 3168 1465 3198 Ecce
1474 3168 1642 3200 Sabinorum
1654 3171 1744 3209 prisco
1753 3171 1788 3201 de
1799 3171 1932 3209 sanguine
1939 3182 2072 3209 magnum

1393 3207 1499 3242 Agmen
1509 3215 1591 3244 agens
1602 3208 1714 3238 Clausus
1723 3229 1731 3244 ,
1754 3211 1903 3246 magnique
1914 3209 1971 3247 ipse
1985 3210 2102 3247 agminis
2113 3210 2195 3240 instar
2205 3233 2214 3247 ‚

1392 3244 1509 3273 Claudia
1519 3253 1595 3275 nunc
1606 3255 1621 3275 a
1632 3256 1687 3284 quo
1698 3246 1866 3276 diffunditur
1877 3249 1903 3277 δε
1913 3247 2000 3276 tribus
2010 3249 2036 3277 &
2045 3257 2122 3284 gen'S.
2205 3249 2233 3279 Si
2243 3249 2321 3287 plura
2331 3252 2439 3283 deside-

1315 3290 1374 3317 ras,
1396 3281 1428 3312 V.
1450 3282 1534 3320 paulo
1545 3290 1609 3313 ante
1631 3294 1648 3313 c
1658 3295 1701 3313 LA
1713 3295 1731 3314 υ
1740 3295 1758 3313 i>
1768 3296 1777 3313 1
1787 3295 1806 3313 A
1826 3295 1903 3321 gens.
1924 3285 1996 3322 Lege
2006 3287 2032 3315 r&
2043 3286 2118 3315 Suet.
2130 3286 2223 3316 Tiber.
2237 3297 2297 3325 cap.
2314 3299 2338 3319 1.

1278 3318 1301 3348 C
1310 3330 1326 3347 L
1336 3323 1352 3348 A
1364 3329 1380 3348 v
1389 3329 1407 3349 u
1416 3329 1428 3349 s
1440 3341 1448 3355 ,
1470 3321 1487 3349 i.
1509 3327 1545 3351 ni.
1567 3320 1659 3357 UA&
1670 3344 1678 3357 ‚
1702 3320 1836 3359 ῇέμφῶυ]
1857 3332 1871 3351 a
1882 3322 2046 3352 Claudendo
2060 3323 2181 3353 dicitur:
2204 3325 2239 3354 ad
2252 3326 2281 3354 id
2294 3328 2372 3357 ‘enim
2382 3328 2443 3366 figi.

1315 3363 1360 3386 tur
1370 3364 1401 3386 ut
1410 3357 1538 3394 claudat,
1558 3359 1612 3389 sive
1622 3361 1766 3389 contineat
1777 3360 1890 3395 aliquid.
1928 3360 1998 3389 Plin.
2012 3361 2059 3389 lib.
2076 3364 2118 3390 16.
2134 3371 2195 3400 cap.
2207 3373 2250 3393 10.
2271 3363 2300 3393 Si
2314 3366 2441 3404 inipsam

1314 3395 1442 3425 arborem
1453 3396 1548 3426 clavus
1557 3407 1642 3427 aereus
1650 3399 1782 3434 adigatur.
1823 3398 1889 3427 Cres.
1903 3406 1927 3432 3.
1942 3397 2008 3426 Bell.
2019 3398 2091 3428 Gall.
2108 3408 2170 3437 cap.
2185 3409 2227 3438 13·
2257 3401 2385 3433 Transtra
2404 3414 2441 3434 ex

1313 3433 1499 3471 pedalibusin
1513 3434 1691 3464 altitudinem
1699 3435 1825 3465 trabibus
1836 3456 1846 3472 ,
1867 3435 1978 3465 confixa
1994 3435 2078 3466 clav-is
2092 3436 2188 3468 ferreis
2197 3460 2206 3475 ‚
2227 3439 2309 3477 digiti
2323 3441 2441 3479 pollicis

1312 3471 1501 3501 crassitudine.

1313 3509 1500 3539 adamantini.
1533 3508 1566 3539 In
1586 3520 1606 3539 A
1615 3520 1633 3539 D
1643 3520 1663 3539 A
1672 3521 1693 3539 M
1703 3520 1722 3539 A
1730 3519 1752 3540 s.

1313 3547 1465 3584 Capitatus.
1502 3548 1537 3577 in
1558 3557 1576 3576 c
1586 3558 1604 3576 A
1614 3557 1629 3576 P
1638 3559 1647 3576 r
1655 3557 1674 3576 τ
1683 3558 1702 3577 A
1711 3558 1730 3576 T
1739 3557 1756 3576 u
1766 3557 1787 3577 s.

1313 3584 1440 3614 Corneus
1450 3606 1459 3620 ,
1479 3584 1520 3614 Ex
1537 3595 1623 3614 corno
1635 3585 1732 3615 arbore
1745 3586 1842 3615 faetus.
1881 3583 1950 3616 Ca'to
1963 3586 1998 3617 de
2012 3585 2046 3617 R.
2058 3586 2163 3626 Καρ.
2179 3595 2222 3625 18.
2239 3596 2310 3622 extr.
2331 3592 2439 3624 Easubi

1332 3623 1482 3652 confixeris
1494 3644 1502 3657 ,
1523 3622 1607 3652 clavis
1617 3624 1725 3652 corneis
1740 3623 1891 3654 occludite.

1314 3660 1463 3698 Cupidinis
1473 3660 1578 3689 clavus.
1608 3660 1692 3689 Plaut.
1704 3661 1774 3689 Asin.
1788 3671 1810 3690 1.
1825 3669 1848 3697 3.
1860 3672 1888 3696 4.

1394 3698 1476 3727 Finis
1486 3698 1533 3727 hic
1542 3697 1616 3735 apud
1626 3707 1676 3727 nos
1687 3698 1724 3726 est
1733 3699 1842 3728 animus
1852 3705 1916 3729 tuus
1927 3699 2006 3730 clavo
2014 3700 2167 3738 cupidinis.

1313 3735 1411 3771 Figere
1421 3735 1539 3765 clavum.
1564 3736 1631 3764 Hor.
1649 3745 1672 3771 3.
1689 3735 1779 3766 Carm.
1790 3746 1834 3771 ²4-
1845 3741 1873 3773 ⁷7.
2186 3772 2197 3777 Α

1314 3773 1414 3803 Clavus
1430 3772 1541 3802 Annalis
1557 3772 1764 3810 appellabatur,
1784 3775 1831 3810 qui
1843 3774 1975 3811 figebatur
1985 3774 2014 3803 in
2025 3775 2177 3812 parietibus
2186 3777 2320 3809 sacrarum
2330 3781 2435 3812 aedium

1332 3821 1384 3849 per
1395 3821 1482 3839 annos
1493 3810 1626 3847 singulos,
1648 3818 1678 3839 ut
1686 3821 1736 3847 per
1753 3821 1800 3840 eos
1817 3820 1949 3841 numerus
1967 3812 2146 3851 colligeretur
2164 3825 2310 3847 annorum.
2333 3819 2434 3848 Festus.

1334 3850 1398 3878 Erat
1415 3849 1490 3878 enim
1502 3848 1546 3877 lex
1557 3848 1651 3884 priscis
1663 3849 1761 3878 litteris
1778 3859 1809 3878 ac
1821 3850 1911 3879 verbis
1925 3850 2025 3888 scripta
2033 3873 2040 3885 ,
2063 3858 2094 3881 ut
2112 3854 2159 3890 qui
2177 3853 2276 3884 Praeror
2295 3857 2436 3885 maximus

1334 3886 1401 3916 effer
1412 3909 1418 3919 ,
1440 3883 1536 3915 Idibus
1548 3886 1717 3922 Septembris
1733 3886 1842 3916 clavum
1857 3897 1998 3925 pangeret.
2022 3889 2053 3918 V.
2068 3888 2155 3927 Liv.7.
2170 3901 2193 3926 3.
2215 3893 2287 3921 Nam
2295 3895 2359 3930 quia
2369 3903 2435 3923 rarae

1335 3934 1385 3960 per
1402 3933 1433 3952 ea
1445 3930 1570 3960 tempora
1584 3923 1681 3953 litterae
1691 3932 1788 3962 erant,
1809 3933 1883 3955 notae
1891 3927 2001 3956 numeri
2008 3937 2146 3959 annorum
2155 3929 2229 3959 clavi
2237 3930 2323 3961 fuere.

1315 3960 1436 3999 Pangere
1446 3960 1565 3992 clavum.
1587 3961 1645 3993 Liv.
1656 3971 1682 4000 7.
1696 3971 1721 4000 3.

1861 3996 1884 4030 ‘Y
1892 4010 1908 4039 y
1918 4010 1935 4039 y
1951 4009 1965 4038 3
2354 4004 2434 4035 elavi
