<?xml version="1.0" encoding="UTF-8"?>
<!DOCTYPE html PUBLIC "-//W3C//DTD XHTML 1.0 Transitional//EN"
    "http://www.w3.org/TR/xhtml1/DTD/xhtml1-transitional.dtd">
<html xmlns="http://www.w3.org/1999/xhtml" xml:lang="en" lang="en">
 <head>
  <title>
</title>
<meta http-equiv="Content-Type" content="text/html;charset=utf-8" />
  <meta name='ocr-system' content='tesseract 3.04.00' />
  <meta name='ocr-capabilities' content='ocr_page ocr_carea ocr_par ocr_line ocrx_word'/>
</head>
<body>
  <div class='ocr_page' id='page_1' title='image "./robertistephanil01esti/robertistephanil01esti_0655.png"; bbox 0 0 2600 4177; ppageno 0'>
   <div class='ocr_carea' id='block_1_1' title="bbox 15 1486 34 2668">
    <p class='ocr_par' dir='ltr' id='par_1_1' title="bbox 15 1486 34 2668">
     <span class='ocr_line' id='line_1_1' title="bbox 15 1486 34 2668; baseline 0 0"><span class='ocrx_word' id='word_1_1' title='bbox 15 1486 34 2668; x_wconf 95' lang='lat' dir='ltr'> </span> 
     </span>
    </p>
   </div>
   <div class='ocr_carea' id='block_1_2' title="bbox 32 2820 49 3536">
    <p class='ocr_par' dir='ltr' id='par_1_2' title="bbox 32 2820 49 3536">
     <span class='ocr_line' id='line_1_2' title="bbox 32 2820 49 3536; baseline 0 0"><span class='ocrx_word' id='word_1_2' title='bbox 32 2820 49 3536; x_wconf 95' lang='lat' dir='ltr'> </span> 
     </span>
    </p>
   </div>
   <div class='ocr_carea' id='block_1_3' title="bbox 495 80 786 118">
    <p class='ocr_par' dir='ltr' id='par_1_3' title="bbox 495 80 786 118">
     <span class='ocr_line' id='line_1_3' title="bbox 495 80 786 118; baseline 0.01 -3"><span class='ocrx_word' id='word_1_3' title='bbox 495 80 524 115; x_wconf 90' lang='lat' dir='ltr'>C</span> <span class='ocrx_word' id='word_1_4' title='bbox 626 82 662 116; x_wconf 90' lang='lat' dir='ltr'>O</span> <span class='ocrx_word' id='word_1_5' title='bbox 757 83 786 118; x_wconf 96' lang='lat' dir='ltr'>L</span> 
     </span>
    </p>
   </div>
   <div class='ocr_carea' id='block_1_4' title="bbox 55 159 1218 205">
    <p class='ocr_par' dir='ltr' id='par_1_4' title="bbox 55 159 1218 205">
     <span class='ocr_line' id='line_1_4' title="bbox 55 159 1218 205; baseline 0.008 -16"><span class='ocrx_word' id='word_1_6' title='bbox 55 159 102 189; x_wconf 90' lang='lat' dir='ltr'>Co</span> <span class='ocrx_word' id='word_1_7' title='bbox 110 171 126 188; x_wconf 80' lang='lat' dir='ltr'>r.</span> <span class='ocrx_word' id='word_1_8' title='bbox 136 170 182 189; x_wconf 85' lang='grc' dir='ltr'>σΜ</span> <span class='ocrx_word' id='word_1_9' title='bbox 193 170 207 189; x_wconf 69' lang='lat' dir='ltr'>iz</span> <span class='ocrx_word' id='word_1_10' title='bbox 217 171 234 189; x_wconf 90' lang='lat' dir='ltr'>o</span> <span class='ocrx_word' id='word_1_11' title='bbox 245 171 260 190; x_wconf 71' lang='lat' dir='ltr'>a</span> <span class='ocrx_word' id='word_1_12' title='bbox 272 184 279 196; x_wconf 76' lang='lat'><strong>‚</strong></span> <span class='ocrx_word' id='word_1_13' title='bbox 299 162 351 192; x_wconf 70' lang='lat' dir='ltr'>’ai-i.</span> <span class='ocrx_word' id='word_1_14' title='bbox 378 161 579 192; x_wconf 87' lang='lat' dir='ltr'>Columbarum</span> <span class='ocrx_word' id='word_1_15' title='bbox 590 172 667 191; x_wconf 90' lang='lat' dir='ltr'>more</span> <span class='ocrx_word' id='word_1_16' title='bbox 678 162 771 193; x_wconf 88' lang='lat' dir='ltr'>oscula</span> <span class='ocrx_word' id='word_1_17' title='bbox 782 173 909 201; x_wconf 79' lang='lat' dir='ltr'>pangere.</span> <span class='ocrx_word' id='word_1_18' title='bbox 933 163 1072 197; x_wconf 83' lang='lat' dir='ltr'>Maecenas</span> <span class='ocrx_word' id='word_1_19' title='bbox 1085 167 1160 205; x_wconf 80' lang='lat' dir='ltr'>apud</span> <span class='ocrx_word' id='word_1_20' title='bbox 1170 166 1218 197; x_wconf 86' lang='lat' dir='ltr'>Se-</span> 
     </span>
    </p>
   </div>
   <div class='ocr_carea' id='block_1_5' title="bbox 96 199 335 236">
    <p class='ocr_par' dir='ltr' id='par_1_5' title="bbox 96 199 335 236">
     <span class='ocr_line' id='line_1_5' title="bbox 96 199 335 236; baseline 0.013 -11"><span class='ocrx_word' id='word_1_21' title='bbox 96 208 155 226; x_wconf 84' lang='lat' dir='ltr'>nec.</span> <span class='ocrx_word' id='word_1_22' title='bbox 175 199 254 236; x_wconf 83' lang='lat' dir='ltr'>Epist.</span> <span class='ocrx_word' id='word_1_23' title='bbox 276 211 335 234; x_wconf 81' lang='lat'><strong>¹¹4-</strong></span> 
     </span>
    </p>
   </div>
   <div class='ocr_carea' id='block_1_6' title="bbox 59 234 1178 276">
    <p class='ocr_par' dir='ltr' id='par_1_6' title="bbox 59 234 1178 276">
     <span class='ocr_line' id='line_1_6' title="bbox 59 234 1178 276; baseline 0.006 -13"><span class='ocrx_word' id='word_1_24' title='bbox 59 234 81 263; x_wconf 95' lang='lat' dir='ltr'>C</span> <span class='ocrx_word' id='word_1_25' title='bbox 91 245 132 263; x_wconf 92' lang='lat' dir='ltr'>0L</span> <span class='ocrx_word' id='word_1_26' title='bbox 142 246 186 264; x_wconf 69' lang='lat' dir='ltr'>um</span> <span class='ocrx_word' id='word_1_27' title='bbox 199 247 212 263; x_wconf 67' lang='grc' dir='ltr'><strong>Β</strong></span> <span class='ocrx_word' id='word_1_28' title='bbox 222 247 240 264; x_wconf 85' lang='lat' dir='ltr'>A</span> <span class='ocrx_word' id='word_1_29' title='bbox 250 247 269 265; x_wconf 61' lang='lat' dir='ltr'>&gt;r</span> <span class='ocrx_word' id='word_1_30' title='bbox 279 248 286 265; x_wconf 86' lang='lat' dir='ltr'>i</span> <span class='ocrx_word' id='word_1_31' title='bbox 296 248 315 265; x_wconf 99' lang='lat' dir='ltr'>M</span> <span class='ocrx_word' id='word_1_32' title='bbox 332 259 340 270; x_wconf 81' lang='grc'>,</span> <span class='ocrx_word' id='word_1_33' title='bbox 363 237 428 266; x_wconf 84' lang='lat' dir='ltr'>Adv.</span> <span class='ocrx_word' id='word_1_34' title='bbox 453 237 652 265; x_wconf 83' lang='lat' dir='ltr'>Columbarum</span> <span class='ocrx_word' id='word_1_35' title='bbox 664 247 751 267; x_wconf 90' lang='lat' dir='ltr'>more.</span> <span class='ocrx_word' id='word_1_36' title='bbox 778 239 893 270; x_wconf 78' lang='lat' dir='ltr'>Mattius</span> <span class='ocrx_word' id='word_1_37' title='bbox 904 242 980 276; x_wconf 83' lang='lat' dir='ltr'>apud</span> <span class='ocrx_word' id='word_1_38' title='bbox 1003 242 1072 270; x_wconf 81' lang='lat' dir='ltr'>Geli.</span> <span class='ocrx_word' id='word_1_39' title='bbox 1088 251 1131 270; x_wconf 92' lang='lat'>20.</span> <span class='ocrx_word' id='word_1_40' title='bbox 1152 247 1178 274; x_wconf 84' lang='lat'>8.</span> 
     </span>
    </p>
   </div>
   <div class='ocr_carea' id='block_1_7' title="bbox 94 274 1219 415">
    <p class='ocr_par' dir='ltr' id='par_1_7' title="bbox 94 274 1219 415">
     <span class='ocr_line' id='line_1_7' title="bbox 189 274 1219 316; baseline 0.007 -14"><span class='ocrx_word' id='word_1_41' title='bbox 189 274 433 308; x_wconf 70' lang='lat' dir='ltr'>Colunibatimaue</span> <span class='ocrx_word' id='word_1_42' title='bbox 444 274 520 303; x_wconf 81' lang='lat' dir='ltr'>labra</span> <span class='ocrx_word' id='word_1_43' title='bbox 533 274 680 304; x_wconf 86' lang='lat' dir='ltr'>conserens</span> <span class='ocrx_word' id='word_1_44' title='bbox 691 275 786 306; x_wconf 75' lang='lat' dir='ltr'>labris.</span> <span class='ocrx_word' id='word_1_45' title='bbox 907 278 1013 308; x_wconf 80' lang='lat' dir='ltr'>Vossius</span> <span class='ocrx_word' id='word_1_46' title='bbox 1026 279 1093 316; x_wconf 85' lang='lat' dir='ltr'>legit</span> <span class='ocrx_word' id='word_1_47' title='bbox 1104 278 1219 308; x_wconf 83' lang='lat' dir='ltr'>Colum·</span> 
     </span>
     <span class='ocr_line' id='line_1_8' title="bbox 96 309 546 348; baseline 0.011 -12"><span class='ocrx_word' id='word_1_48' title='bbox 96 309 211 340; x_wconf 77' lang='lat' dir='ltr'>bulatim</span> <span class='ocrx_word' id='word_1_49' title='bbox 228 324 252 344; x_wconf 76' lang='lat'>4-</span> <span class='ocrx_word' id='word_1_50' title='bbox 272 312 355 340; x_wconf 81' lang='lat' dir='ltr'>lnstit.</span> <span class='ocrx_word' id='word_1_51' title='bbox 370 312 444 341; x_wconf 79' lang='lat' dir='ltr'>Orat.</span> <span class='ocrx_word' id='word_1_52' title='bbox 461 322 486 348; x_wconf 87' lang='lat' dir='ltr'>p.</span> <span class='ocrx_word' id='word_1_53' title='bbox 501 322 546 341; x_wconf 77' lang='lat'>21.</span> 
     </span>
     <span class='ocr_line' id='line_1_9' title="bbox 94 346 1218 415; baseline 0.006 -39"><span class='ocrx_word' id='word_1_54' title='bbox 94 346 329 415; x_wconf 37' lang='lat' dir='ltr'>Dgpgrllssgmubtitlisn</span> <span class='ocrx_word' id='word_1_55' title='bbox 347 350 424 378; x_wconf 85' lang='lat' dir='ltr'>mitia</span> <span class='ocrx_word' id='word_1_56' title='bbox 436 349 515 378; x_wconf 84' lang='lat' dir='ltr'>basia.</span> <span class='ocrx_word' id='word_1_57' title='bbox 555 350 656 378; x_wconf 69' lang='lat' dir='ltr'>Auc&#39;tor</span> <span class='ocrx_word' id='word_1_58' title='bbox 676 349 786 387; x_wconf 88' lang='lat' dir='ltr'>Lyrici,</span> <span class='ocrx_word' id='word_1_59' title='bbox 807 352 883 389; x_wconf 84' lang='lat' dir='ltr'>quod</span> <span class='ocrx_word' id='word_1_60' title='bbox 903 353 986 383; x_wconf 91' lang='lat' dir='ltr'>Corn.</span> <span class='ocrx_word' id='word_1_61' title='bbox 1009 353 1080 383; x_wconf 89' lang='lat' dir='ltr'>Galli</span> <span class='ocrx_word' id='word_1_62' title='bbox 1102 354 1218 383; x_wconf 84' lang='lat' dir='ltr'>nomine</span> 
     </span>
    </p>
   </div>
   <div class='ocr_carea' id='block_1_8' title="bbox 59 420 1219 466">
    <p class='ocr_par' dir='ltr' id='par_1_8' title="bbox 59 420 1219 466">
     <span class='ocr_line' id='line_1_10' title="bbox 59 420 1219 466; baseline 0.006 -15"><span class='ocrx_word' id='word_1_63' title='bbox 59 420 329 458; x_wconf 64' lang='lat' dir='ltr'>COLuMizr‘iLus‚</span> <span class='ocrx_word' id='word_1_64' title='bbox 351 425 368 452; x_wconf 94' lang='lat' dir='ltr'>i.</span> <span class='ocrx_word' id='word_1_65' title='bbox 390 433 426 452; x_wconf 89' lang='lat' dir='ltr'>m.</span> <span class='ocrx_word' id='word_1_66' title='bbox 449 422 653 459; x_wconf 57' lang='grc' dir='ltr'>[ὡπρλῶον]</span> <span class='ocrx_word' id='word_1_67' title='bbox 673 424 771 454; x_wconf 85' lang='lat' dir='ltr'>dimin.</span> <span class='ocrx_word' id='word_1_68' title='bbox 796 426 864 456; x_wconf 92' lang='lat' dir='ltr'>Plin.</span> <span class='ocrx_word' id='word_1_69' title='bbox 879 437 904 462; x_wconf 81' lang='lat'>9.</span> <span class='ocrx_word' id='word_1_70' title='bbox 929 428 1011 466; x_wconf 87' lang='lat' dir='ltr'>Epist.</span> <span class='ocrx_word' id='word_1_71' title='bbox 1027 438 1072 462; x_wconf 80' lang='lat'>25·</span> <span class='ocrx_word' id='word_1_72' title='bbox 1102 427 1147 457; x_wconf 88' lang='lat' dir='ltr'>Tu</span> <span class='ocrx_word' id='word_1_73' title='bbox 1161 428 1219 465; x_wconf 79' lang='lat' dir='ltr'>pas-</span> 
     </span>
    </p>
   </div>
   <div class='ocr_carea' id='block_1_9' title="bbox 96 459 1218 572">
    <p class='ocr_par' dir='ltr' id='par_1_9' title="bbox 96 459 1218 572">
     <span class='ocr_line' id='line_1_11' title="bbox 96 459 1218 503; baseline 0.007 -15"><span class='ocrx_word' id='word_1_74' title='bbox 96 459 207 489; x_wconf 85' lang='lat' dir='ltr'>serculis</span> <span class='ocrx_word' id='word_1_75' title='bbox 217 463 241 490; x_wconf 62' lang='lat' dir='ltr'>&lt;Sa</span> <span class='ocrx_word' id='word_1_76' title='bbox 252 460 420 490; x_wconf 85' lang='lat' dir='ltr'>columbulis</span> <span class='ocrx_word' id='word_1_77' title='bbox 432 462 529 490; x_wconf 84' lang='lat' dir='ltr'>nostris</span> <span class='ocrx_word' id='word_1_78' title='bbox 538 463 608 490; x_wconf 82' lang='lat' dir='ltr'>inter</span> <span class='ocrx_word' id='word_1_79' title='bbox 618 462 721 498; x_wconf 83' lang='lat' dir='ltr'>aquilas</span> <span class='ocrx_word' id='word_1_80' title='bbox 733 464 830 492; x_wconf 84' lang='lat' dir='ltr'>vestras</span> <span class='ocrx_word' id='word_1_81' title='bbox 841 466 919 494; x_wconf 87' lang='lat' dir='ltr'>dabis</span> <span class='ocrx_word' id='word_1_82' title='bbox 931 466 1218 503; x_wconf 84' lang='lat' dir='ltr'>pennas.Catul.27.9.</span> 
     </span>
     <span class='ocr_line' id='line_1_12' title="bbox 178 498 950 540; baseline 0.008 -14"><span class='ocrx_word' id='word_1_83' title='bbox 178 499 213 527; x_wconf 95' lang='lat' dir='ltr'>Ut</span> <span class='ocrx_word' id='word_1_84' title='bbox 226 499 334 528; x_wconf 87' lang='lat' dir='ltr'>albulus</span> <span class='ocrx_word' id='word_1_85' title='bbox 346 498 523 528; x_wconf 89' lang='lat' dir='ltr'>columbulus</span> <span class='ocrx_word' id='word_1_86' title='bbox 536 499 674 529; x_wconf 73' lang='lat' dir='ltr'>Dionaeus.</span> <span class='ocrx_word' id='word_1_87' title='bbox 770 501 822 531; x_wconf 87' lang='lat' dir='ltr'>Alii</span> <span class='ocrx_word' id='word_1_88' title='bbox 835 502 932 540; x_wconf 84' lang='lat' dir='ltr'>legunt</span> <span class='ocrx_word' id='word_1_89' title='bbox 942 525 950 538; x_wconf 87' lang='lat'>‚</span> 
     </span>
     <span class='ocr_line' id='line_1_13' title="bbox 175 536 728 572; baseline 0.005 -8"><span class='ocrx_word' id='word_1_90' title='bbox 175 536 212 564; x_wconf 93' lang='lat' dir='ltr'>Ut</span> <span class='ocrx_word' id='word_1_91' title='bbox 224 536 331 565; x_wconf 85' lang='lat' dir='ltr'>albulus</span> <span class='ocrx_word' id='word_1_92' title='bbox 343 536 490 566; x_wconf 89' lang='lat' dir='ltr'>columbus</span> <span class='ocrx_word' id='word_1_93' title='bbox 502 559 510 572; x_wconf 91' lang='lat'><strong>‚</strong></span> <span class='ocrx_word' id='word_1_94' title='bbox 531 544 578 566; x_wconf 88' lang='lat' dir='ltr'>aut</span> <span class='ocrx_word' id='word_1_95' title='bbox 590 537 728 567; x_wconf 88' lang='lat' dir='ltr'>Adoneus.</span> 
     </span>
    </p>
   </div>
   <div class='ocr_carea' id='block_1_10' title="bbox 58 570 1217 654">
    <p class='ocr_par' dir='ltr' id='par_1_10' title="bbox 58 570 1217 654">
     <span class='ocr_line' id='line_1_14' title="bbox 58 570 929 611; baseline 0.007 -11"><span class='ocrx_word' id='word_1_96' title='bbox 58 570 315 607; x_wconf 72' lang='lat' dir='ltr'>COLuMizLLA.</span> <span class='ocrx_word' id='word_1_97' title='bbox 337 574 652 611; x_wconf 69' lang='lat' dir='ltr'>CoLuMiiLLAxrs‚</span> <span class='ocrx_word' id='word_1_98' title='bbox 676 575 705 604; x_wconf 92' lang='lat' dir='ltr'>V.</span> <span class='ocrx_word' id='word_1_99' title='bbox 728 586 929 607; x_wconf 77' lang='lat' dir='ltr'>COLUMNA.</span> 
     </span>
     <span class='ocr_line' id='line_1_15' title="bbox 59 608 1217 654; baseline 0.007 -16"><span class='ocrx_word' id='word_1_100' title='bbox 59 608 107 638; x_wconf 89' lang='lat' dir='ltr'>Co</span> <span class='ocrx_word' id='word_1_101' title='bbox 119 620 161 638; x_wconf 89' lang='lat' dir='ltr'>Lu</span> <span class='ocrx_word' id='word_1_102' title='bbox 173 622 191 638; x_wconf 85' lang='lat' dir='ltr'>M</span> <span class='ocrx_word' id='word_1_103' title='bbox 203 620 245 639; x_wconf 75' lang='lat' dir='ltr'>EN</span> <span class='ocrx_word' id='word_1_104' title='bbox 260 633 268 643; x_wconf 85' lang='lat'>.</span> <span class='ocrx_word' id='word_1_105' title='bbox 291 611 402 640; x_wconf 81' lang='lat' dir='ltr'>Nomen</span> <span class='ocrx_word' id='word_1_106' title='bbox 419 611 513 641; x_wconf 88' lang='lat' dir='ltr'>lociin</span> <span class='ocrx_word' id='word_1_107' title='bbox 527 613 624 649; x_wconf 81' lang='lat' dir='ltr'>Algido</span> <span class='ocrx_word' id='word_1_108' title='bbox 639 635 646 646; x_wconf 79' lang='lat'>.</span> <span class='ocrx_word' id='word_1_109' title='bbox 669 613 704 641; x_wconf 89' lang='lat' dir='ltr'>ad</span> <span class='ocrx_word' id='word_1_110' title='bbox 721 623 803 650; x_wconf 89' lang='lat' dir='ltr'>quem</span> <span class='ocrx_word' id='word_1_111' title='bbox 820 614 847 644; x_wconf 94' lang='lat' dir='ltr'>L.</span> <span class='ocrx_word' id='word_1_112' title='bbox 861 615 1008 645; x_wconf 86' lang='lat' dir='ltr'>Cornelius</span> <span class='ocrx_word' id='word_1_113' title='bbox 1020 615 1217 654; x_wconf 76' lang='lat' dir='ltr'>Maluginensis</span> 
     </span>
    </p>
   </div>
   <div class='ocr_carea' id='block_1_11' title="bbox 97 647 1217 722">
    <p class='ocr_par' dir='ltr' id='par_1_11' title="bbox 97 647 1217 722">
     <span class='ocr_line' id='line_1_16' title="bbox 97 647 1217 690; baseline 0.007 -14"><span class='ocrx_word' id='word_1_114' title='bbox 97 647 200 676; x_wconf 87' lang='lat' dir='ltr'>Consul</span> <span class='ocrx_word' id='word_1_115' title='bbox 210 670 218 682; x_wconf 79' lang='grc'><em>,</em></span> <span class='ocrx_word' id='word_1_116' title='bbox 240 649 355 678; x_wconf 70' lang='grc' dir='ltr'>νὶέὶογὶῑι</span> <span class='ocrx_word' id='word_1_117' title='bbox 370 650 405 678; x_wconf 90' lang='lat' dir='ltr'>de</span> <span class='ocrx_word' id='word_1_118' title='bbox 416 650 601 679; x_wconf 86' lang='lat' dir='ltr'>Thusculanis</span> <span class='ocrx_word' id='word_1_119' title='bbox 614 657 689 687; x_wconf 87' lang='lat' dir='ltr'>parta</span> <span class='ocrx_word' id='word_1_120' title='bbox 700 651 783 680; x_wconf 88' lang='lat' dir='ltr'>castra</span> <span class='ocrx_word' id='word_1_121' title='bbox 794 652 904 682; x_wconf 80' lang='lat' dir='ltr'>locavit.</span> <span class='ocrx_word' id='word_1_122' title='bbox 948 654 1003 682; x_wconf 83' lang='lat' dir='ltr'>Liv.</span> <span class='ocrx_word' id='word_1_123' title='bbox 1016 663 1040 687; x_wconf 79' lang='lat'>3.</span> <span class='ocrx_word' id='word_1_124' title='bbox 1053 664 1098 690; x_wconf 86' lang='lat'>23.</span> <span class='ocrx_word' id='word_1_125' title='bbox 1124 654 1217 684; x_wconf 73' lang='lat' dir='ltr'>Victor</span> 
     </span>
     <span class='ocr_line' id='line_1_17' title="bbox 97 685 1066 722; baseline 0.007 -9"><span class='ocrx_word' id='word_1_126' title='bbox 97 685 131 712; x_wconf 91' lang='lat' dir='ltr'>ad</span> <span class='ocrx_word' id='word_1_127' title='bbox 142 685 280 715; x_wconf 89' lang='lat' dir='ltr'>Columen</span> <span class='ocrx_word' id='word_1_128' title='bbox 301 688 312 721; x_wconf 95' lang='lat'>(</span> <span class='ocrx_word' id='word_1_129' title='bbox 325 687 352 716; x_wconf 90' lang='lat' dir='ltr'>id</span> <span class='ocrx_word' id='word_1_130' title='bbox 366 687 430 716; x_wconf 89' lang='lat' dir='ltr'>loco</span> <span class='ocrx_word' id='word_1_131' title='bbox 446 698 551 717; x_wconf 84' lang='lat' dir='ltr'>nomen</span> <span class='ocrx_word' id='word_1_132' title='bbox 562 689 599 717; x_wconf 82' lang='lat' dir='ltr'>est</span> <span class='ocrx_word' id='word_1_133' title='bbox 612 689 623 722; x_wconf 91' lang='lat'><em>)</em></span> <span class='ocrx_word' id='word_1_134' title='bbox 645 689 768 718; x_wconf 78' lang='lat' dir='ltr'>exercitu</span> <span class='ocrx_word' id='word_1_135' title='bbox 781 689 876 718; x_wconf 80' lang='lat' dir='ltr'>relicto</span> <span class='ocrx_word' id='word_1_136' title='bbox 891 691 975 720; x_wconf 78' lang='lat' dir='ltr'>castra</span> <span class='ocrx_word' id='word_1_137' title='bbox 983 691 1066 720; x_wconf 87' lang='lat' dir='ltr'>locat.</span> 
     </span>
    </p>
   </div>
   <div class='ocr_carea' id='block_1_12' title="bbox 59 721 1218 766">
    <p class='ocr_par' dir='ltr' id='par_1_12' title="bbox 59 721 1218 766">
     <span class='ocr_line' id='line_1_18' title="bbox 59 721 1218 766; baseline 0.008 -16"><span class='ocrx_word' id='word_1_138' title='bbox 59 721 82 751; x_wconf 93' lang='lat' dir='ltr'>C</span> <span class='ocrx_word' id='word_1_139' title='bbox 92 725 108 751; x_wconf 84' lang='grc' dir='ltr'>ὁ</span> <span class='ocrx_word' id='word_1_140' title='bbox 120 733 134 750; x_wconf 96' lang='lat' dir='ltr'>L</span> <span class='ocrx_word' id='word_1_141' title='bbox 143 725 161 751; x_wconf 78' lang='lat' dir='ltr'>u</span> <span class='ocrx_word' id='word_1_142' title='bbox 172 734 191 752; x_wconf 94' lang='lat' dir='ltr'>M</span> <span class='ocrx_word' id='word_1_143' title='bbox 202 733 215 751; x_wconf 73' lang='lat' dir='ltr'>a</span> <span class='ocrx_word' id='word_1_144' title='bbox 224 733 254 758; x_wconf 85' lang='grc' dir='ltr'>Ν,</span> <span class='ocrx_word' id='word_1_145' title='bbox 275 726 338 754; x_wconf 80' lang='lat' dir='ltr'>inis.</span> <span class='ocrx_word' id='word_1_146' title='bbox 360 735 388 754; x_wconf 93' lang='lat' dir='ltr'>n.</span> <span class='ocrx_word' id='word_1_147' title='bbox 404 736 419 755; x_wconf 93' lang='lat' dir='ltr'>a</span> <span class='ocrx_word' id='word_1_148' title='bbox 433 725 566 755; x_wconf 87' lang='lat' dir='ltr'>Columus</span> <span class='ocrx_word' id='word_1_149' title='bbox 577 748 584 761; x_wconf 84' lang='grc'>,</span> <span class='ocrx_word' id='word_1_150' title='bbox 606 726 634 754; x_wconf 89' lang='lat' dir='ltr'>id</span> <span class='ocrx_word' id='word_1_151' title='bbox 646 726 684 755; x_wconf 87' lang='lat' dir='ltr'>est</span> <span class='ocrx_word' id='word_1_152' title='bbox 693 726 818 761; x_wconf 84' lang='lat' dir='ltr'>culinus,</span> <span class='ocrx_word' id='word_1_153' title='bbox 839 727 988 763; x_wconf 39' lang='lat' dir='ltr'>[ignavam]</span> <span class='ocrx_word' id='word_1_154' title='bbox 1011 729 1143 766; x_wconf 84' lang='lat' dir='ltr'>significat</span> <span class='ocrx_word' id='word_1_155' title='bbox 1155 729 1218 759; x_wconf 91' lang='lat' dir='ltr'>Cul-</span> 
     </span>
    </p>
   </div>
   <div class='ocr_carea' id='block_1_13' title="bbox 92 761 1219 1862">
    <p class='ocr_par' dir='ltr' id='par_1_13' title="bbox 92 761 1219 1862">
     <span class='ocr_line' id='line_1_19' title="bbox 95 761 1217 804; baseline 0.007 -16"><span class='ocrx_word' id='word_1_156' title='bbox 95 770 159 789; x_wconf 90' lang='lat' dir='ltr'>men</span> <span class='ocrx_word' id='word_1_157' title='bbox 172 761 214 789; x_wconf 86' lang='lat' dir='ltr'>vel</span> <span class='ocrx_word' id='word_1_158' title='bbox 225 762 394 792; x_wconf 84' lang='lat' dir='ltr'>Columnam</span> <span class='ocrx_word' id='word_1_159' title='bbox 410 785 418 796; x_wconf 82' lang='lat'>,</span> <span class='ocrx_word' id='word_1_160' title='bbox 441 764 523 799; x_wconf 84' lang='lat' dir='ltr'>idque</span> <span class='ocrx_word' id='word_1_161' title='bbox 535 774 589 799; x_wconf 86' lang='lat' dir='ltr'>quo</span> <span class='ocrx_word' id='word_1_162' title='bbox 600 763 705 800; x_wconf 85' lang='lat' dir='ltr'>aliquid</span> <span class='ocrx_word' id='word_1_163' title='bbox 715 764 829 793; x_wconf 74' lang='lat' dir='ltr'>fulcitur</span> <span class='ocrx_word' id='word_1_164' title='bbox 839 766 866 793; x_wconf 90' lang='lat' dir='ltr'>iri</span> <span class='ocrx_word' id='word_1_165' title='bbox 879 766 1010 795; x_wconf 82' lang='lat' dir='ltr'>aediticiis.</span> <span class='ocrx_word' id='word_1_166' title='bbox 1054 767 1134 796; x_wconf 84' lang='lat' dir='ltr'>Varro</span> <span class='ocrx_word' id='word_1_167' title='bbox 1145 776 1168 804; x_wconf 78' lang='lat'>3.</span> <span class='ocrx_word' id='word_1_168' title='bbox 1181 767 1217 796; x_wconf 88' lang='lat' dir='ltr'>de</span> 
     </span>
     <span class='ocr_line' id='line_1_20' title="bbox 94 798 1049 837; baseline 0.007 -11"><span class='ocrx_word' id='word_1_169' title='bbox 94 798 126 826; x_wconf 89' lang='lat' dir='ltr'>R.</span> <span class='ocrx_word' id='word_1_170' title='bbox 144 798 174 827; x_wconf 85' lang='lat' dir='ltr'>R.</span> <span class='ocrx_word' id='word_1_171' title='bbox 190 808 250 836; x_wconf 82' lang='lat' dir='ltr'>cap.</span> <span class='ocrx_word' id='word_1_172' title='bbox 266 810 291 835; x_wconf 92' lang='lat'>7.</span> <span class='ocrx_word' id='word_1_173' title='bbox 315 801 401 837; x_wconf 82' lang='lat' dir='ltr'>Quod</span> <span class='ocrx_word' id='word_1_174' title='bbox 418 801 535 830; x_wconf 84' lang='lat' dir='ltr'>liabetur</span> <span class='ocrx_word' id='word_1_175' title='bbox 549 803 577 830; x_wconf 89' lang='lat' dir='ltr'>i&#39;ri</span> <span class='ocrx_word' id='word_1_176' title='bbox 588 802 709 831; x_wconf 85' lang='lat' dir='ltr'>turribus</span> <span class='ocrx_word' id='word_1_177' title='bbox 719 811 752 831; x_wconf 87' lang='lat' dir='ltr'>ac</span> <span class='ocrx_word' id='word_1_178' title='bbox 767 803 956 833; x_wconf 85' lang='lat' dir='ltr'>columinibus</span> <span class='ocrx_word' id='word_1_179' title='bbox 968 803 1049 833; x_wconf 69' lang='lat' dir='ltr'>villax.</span> 
     </span>
     <span class='ocr_line' id='line_1_21' title="bbox 94 835 1218 880; baseline 0.007 -16"><span class='ocrx_word' id='word_1_180' title='bbox 94 835 232 865; x_wconf 88' lang='lat' dir='ltr'>Columen</span> <span class='ocrx_word' id='word_1_181' title='bbox 245 837 272 865; x_wconf 92' lang='lat' dir='ltr'>in</span> <span class='ocrx_word' id='word_1_182' title='bbox 282 836 388 867; x_wconf 90' lang='lat' dir='ltr'>summo</span> <span class='ocrx_word' id='word_1_183' title='bbox 402 839 509 875; x_wconf 74' lang='lat' dir='ltr'>fastigio</span> <span class='ocrx_word' id='word_1_184' title='bbox 521 839 650 868; x_wconf 90' lang='lat' dir='ltr'>culminis</span> <span class='ocrx_word' id='word_1_185' title='bbox 664 840 787 877; x_wconf 89' lang='lat' dir='ltr'>ponitur.</span> <span class='ocrx_word' id='word_1_186' title='bbox 828 840 932 871; x_wconf 87' lang='lat' dir='ltr'>Vitruv.</span> <span class='ocrx_word' id='word_1_187' title='bbox 947 841 994 871; x_wconf 89' lang='lat' dir='ltr'>lib.</span> <span class='ocrx_word' id='word_1_188' title='bbox 1009 853 1033 877; x_wconf 82' lang='lat'>4.</span> <span class='ocrx_word' id='word_1_189' title='bbox 1048 852 1108 880; x_wconf 87' lang='lat' dir='ltr'>cap.</span> <span class='ocrx_word' id='word_1_190' title='bbox 1123 851 1149 872; x_wconf 83' lang='lat'>2.</span> <span class='ocrx_word' id='word_1_191' title='bbox 1180 842 1218 872; x_wconf 84' lang='lat' dir='ltr'>Ea</span> 
     </span>
     <span class='ocr_line' id='line_1_22' title="bbox 112 874 829 913; baseline 0.006 -11"><span class='ocrx_word' id='word_1_192' title='bbox 112 874 151 902; x_wconf 88' lang='lat' dir='ltr'>est</span> <span class='ocrx_word' id='word_1_193' title='bbox 160 874 242 909; x_wconf 81' lang='lat' dir='ltr'>trabs,</span> <span class='ocrx_word' id='word_1_194' title='bbox 254 886 314 913; x_wconf 77' lang='lat' dir='ltr'>quae</span> <span class='ocrx_word' id='word_1_195' title='bbox 324 877 390 905; x_wconf 59' lang='lat' dir='ltr'>tecti</span> <span class='ocrx_word' id='word_1_196' title='bbox 404 876 540 912; x_wconf 71' lang='lat' dir='ltr'>fastigium</span> <span class='ocrx_word' id='word_1_197' title='bbox 550 877 669 906; x_wconf 80' lang='lat' dir='ltr'>sustinet.</span> <span class='ocrx_word' id='word_1_198' title='bbox 701 877 829 906; x_wconf 63' lang='lat' dir='ltr'>Budaeus.</span> 
     </span>
     <span class='ocr_line' id='line_1_23' title="bbox 95 911 1198 955; baseline 0.005 -14"><span class='ocrx_word' id='word_1_199' title='bbox 95 911 243 942; x_wconf 86' lang='lat' dir='ltr'>Columina</span> <span class='ocrx_word' id='word_1_200' title='bbox 257 935 264 947; x_wconf 84' lang='lat'>‚</span> <span class='ocrx_word' id='word_1_201' title='bbox 288 914 411 952; x_wconf 83' lang='lat' dir='ltr'>appellat</span> <span class='ocrx_word' id='word_1_202' title='bbox 428 914 543 944; x_wconf 89' lang='lat' dir='ltr'>Arbores</span> <span class='ocrx_word' id='word_1_203' title='bbox 555 914 655 944; x_wconf 82' lang='lat' dir='ltr'>Catull.</span> <span class='ocrx_word' id='word_1_204' title='bbox 677 915 723 944; x_wconf 91' lang='lat' dir='ltr'>Sic</span> <span class='ocrx_word' id='word_1_205' title='bbox 732 916 808 944; x_wconf 83' lang='lat' dir='ltr'>enim</span> <span class='ocrx_word' id='word_1_206' title='bbox 820 916 856 945; x_wconf 90' lang='lat' dir='ltr'>de</span> <span class='ocrx_word' id='word_1_207' title='bbox 872 916 1053 954; x_wconf 87' lang='lat' dir='ltr'>Berecynthia</span> <span class='ocrx_word' id='word_1_208' title='bbox 1066 939 1074 952; x_wconf 79' lang='grc'>,</span> <span class='ocrx_word' id='word_1_209' title='bbox 1096 921 1140 946; x_wconf 88' lang='lat'>61.</span> <span class='ocrx_word' id='word_1_210' title='bbox 1153 927 1198 955; x_wconf 83' lang='lat'>71.</span> 
     </span>
     <span class='ocr_line' id='line_1_24' title="bbox 176 950 1217 988; baseline 0.006 -9"><span class='ocrx_word' id='word_1_211' title='bbox 176 950 233 987; x_wconf 74' lang='lat' dir='ltr'>Ego</span> <span class='ocrx_word' id='word_1_212' title='bbox 250 952 332 981; x_wconf 86' lang='lat' dir='ltr'>vitam</span> <span class='ocrx_word' id='word_1_213' title='bbox 346 962 425 988; x_wconf 79' lang='lat' dir='ltr'>agam</span> <span class='ocrx_word' id='word_1_214' title='bbox 438 952 486 981; x_wconf 89' lang='lat' dir='ltr'>sub</span> <span class='ocrx_word' id='word_1_215' title='bbox 498 952 560 982; x_wconf 81' lang='lat' dir='ltr'>altis</span> <span class='ocrx_word' id='word_1_216' title='bbox 572 952 692 988; x_wconf 71' lang='lat' dir='ltr'>Phrygiae</span> <span class='ocrx_word' id='word_1_217' title='bbox 708 952 907 984; x_wconf 86' lang='lat' dir='ltr'>columinibus.</span> <span class='ocrx_word' id='word_1_218' title='bbox 1004 956 1021 984; x_wconf 87' lang='lat' dir='ltr'>i.</span> <span class='ocrx_word' id='word_1_219' title='bbox 1035 965 1059 984; x_wconf 91' lang='lat' dir='ltr'>e.</span> <span class='ocrx_word' id='word_1_220' title='bbox 1081 955 1139 985; x_wconf 86' lang='lat' dir='ltr'>Sub</span> <span class='ocrx_word' id='word_1_221' title='bbox 1155 955 1217 985; x_wconf 85' lang='lat' dir='ltr'>altis</span> 
     </span>
     <span class='ocr_line' id='line_1_25' title="bbox 113 986 1218 1031; baseline 0.006 -15"><span class='ocrx_word' id='word_1_222' title='bbox 113 986 169 1017; x_wconf 86' lang='lat' dir='ltr'>Idae</span> <span class='ocrx_word' id='word_1_223' title='bbox 179 989 331 1019; x_wconf 87' lang='lat' dir='ltr'>arboribus.</span> <span class='ocrx_word' id='word_1_224' title='bbox 354 990 512 1020; x_wconf 82' lang='lat' dir='ltr'>Turnebus.</span> <span class='ocrx_word' id='word_1_225' title='bbox 552 990 605 1020; x_wconf 88' lang='lat' dir='ltr'>Alii</span> <span class='ocrx_word' id='word_1_226' title='bbox 617 990 741 1020; x_wconf 87' lang='lat' dir='ltr'>Vertices</span> <span class='ocrx_word' id='word_1_227' title='bbox 752 992 894 1021; x_wconf 88' lang='lat' dir='ltr'>montium</span> <span class='ocrx_word' id='word_1_228' title='bbox 914 999 1070 1031; x_wconf 84' lang='lat' dir='ltr'>exponunt.</span> <span class='ocrx_word' id='word_1_229' title='bbox 1110 992 1218 1023; x_wconf 88' lang='lat' dir='ltr'>Turne-</span> 
     </span>
     <span class='ocr_line' id='line_1_26' title="bbox 114 1025 449 1065; baseline 0.009 -11"><span class='ocrx_word' id='word_1_230' title='bbox 114 1025 152 1054; x_wconf 92' lang='lat' dir='ltr'>bo</span> <span class='ocrx_word' id='word_1_231' title='bbox 166 1026 270 1056; x_wconf 81' lang='lat' dir='ltr'>Voffius</span> <span class='ocrx_word' id='word_1_232' title='bbox 281 1028 449 1065; x_wconf 84' lang='lat' dir='ltr'>astipulatur.</span> 
     </span>
     <span class='ocr_line' id='line_1_27' title="bbox 95 1064 501 1095; baseline 0.005 -3"><span class='ocrx_word' id='word_1_233' title='bbox 95 1064 155 1093; x_wconf 85' lang='lat' dir='ltr'>Alta</span> <span class='ocrx_word' id='word_1_234' title='bbox 165 1064 314 1094; x_wconf 89' lang='lat' dir='ltr'>columina.</span> <span class='ocrx_word' id='word_1_235' title='bbox 338 1065 428 1095; x_wconf 86' lang='lat' dir='ltr'>Catul.</span> <span class='ocrx_word' id='word_1_236' title='bbox 445 1065 462 1094; x_wconf 91' lang='lat' dir='ltr'>l.</span> <span class='ocrx_word' id='word_1_237' title='bbox 476 1075 501 1095; x_wconf 91' lang='lat' dir='ltr'>c.</span> 
     </span>
     <span class='ocr_line' id='line_1_28' title="bbox 94 1102 1216 1141; baseline 0.004 -9"><span class='ocrx_word' id='word_1_238' title='bbox 94 1102 218 1132; x_wconf 68' lang='lat' dir='ltr'>Anionis</span> <span class='ocrx_word' id='word_1_239' title='bbox 242 1103 374 1132; x_wconf 75' lang='lat' dir='ltr'>columen</span> <span class='ocrx_word' id='word_1_240' title='bbox 389 1126 396 1138; x_wconf 76' lang='lat'>‚</span> <span class='ocrx_word' id='word_1_241' title='bbox 417 1103 556 1133; x_wconf 80' lang='lat' dir='ltr'>translate.</span> <span class='ocrx_word' id='word_1_242' title='bbox 596 1103 657 1133; x_wconf 88' lang='lat' dir='ltr'>Cic.</span> <span class='ocrx_word' id='word_1_243' title='bbox 682 1113 732 1141; x_wconf 88' lang='lat' dir='ltr'>pro</span> <span class='ocrx_word' id='word_1_244' title='bbox 743 1103 836 1134; x_wconf 72' lang='lat' dir='ltr'>flacc.</span> <span class='ocrx_word' id='word_1_245' title='bbox 854 1115 900 1140; x_wconf 84' lang='lat'>4¹·</span> <span class='ocrx_word' id='word_1_246' title='bbox 933 1107 965 1134; x_wconf 82' lang='lat' dir='ltr'>At</span> <span class='ocrx_word' id='word_1_247' title='bbox 991 1105 1063 1135; x_wconf 89' lang='lat' dir='ltr'>istud</span> <span class='ocrx_word' id='word_1_248' title='bbox 1084 1105 1216 1136; x_wconf 87' lang='lat' dir='ltr'>columen</span> 
     </span>
     <span class='ocr_line' id='line_1_29' title="bbox 115 1140 1217 1179; baseline 0.005 -11"><span class='ocrx_word' id='word_1_249' title='bbox 115 1140 232 1169; x_wconf 64' lang='lat' dir='ltr'>adilonis</span> <span class='ocrx_word' id='word_1_250' title='bbox 242 1142 487 1177; x_wconf 73' lang='lat' dir='ltr'>tuaeMithridates‚</span> <span class='ocrx_word' id='word_1_251' title='bbox 500 1142 678 1179; x_wconf 84' lang='lat' dir='ltr'>posteaquam</span> <span class='ocrx_word' id='word_1_252' title='bbox 688 1141 806 1171; x_wconf 86' lang='lat' dir='ltr'>biduum</span> <span class='ocrx_word' id='word_1_253' title='bbox 821 1149 943 1173; x_wconf 84' lang='lat' dir='ltr'>retentus</span> <span class='ocrx_word' id='word_1_254' title='bbox 954 1144 1027 1173; x_wconf 88' lang='lat' dir='ltr'>testis</span> <span class='ocrx_word' id='word_1_255' title='bbox 1037 1154 1052 1172; x_wconf 92' lang='lat' dir='ltr'>a</span> <span class='ocrx_word' id='word_1_256' title='bbox 1063 1144 1151 1178; x_wconf 76' lang='lat' dir='ltr'>nobiS,</span> <span class='ocrx_word' id='word_1_257' title='bbox 1164 1146 1217 1174; x_wconf 70' lang='grc' dir='ltr'>ἃς.</span> 
     </span>
     <span class='ocr_line' id='line_1_30' title="bbox 93 1177 1219 1222; baseline 0.004 -15"><span class='ocrx_word' id='word_1_258' title='bbox 93 1177 255 1222; x_wconf 71' lang='lat' dir='ltr'>Amicorum</span> <span class='ocrx_word' id='word_1_259' title='bbox 276 1179 393 1216; x_wconf 83' lang='lat' dir='ltr'>alicujus</span> <span class='ocrx_word' id='word_1_260' title='bbox 412 1180 555 1210; x_wconf 86' lang='lat' dir='ltr'>columen.</span> <span class='ocrx_word' id='word_1_261' title='bbox 595 1179 653 1209; x_wconf 85' lang='lat' dir='ltr'>Cic.</span> <span class='ocrx_word' id='word_1_262' title='bbox 667 1188 709 1216; x_wconf 82' lang='lat'>13.</span> <span class='ocrx_word' id='word_1_263' title='bbox 727 1179 848 1219; x_wconf 85' lang='lat' dir='ltr'>Philipp.</span> <span class='ocrx_word' id='word_1_264' title='bbox 862 1185 907 1211; x_wconf 84' lang='lat'>26.</span> <span class='ocrx_word' id='word_1_265' title='bbox 940 1182 967 1212; x_wconf 93' lang='lat' dir='ltr'>h.</span> <span class='ocrx_word' id='word_1_266' title='bbox 980 1192 1004 1212; x_wconf 91' lang='lat' dir='ltr'>e.</span> <span class='ocrx_word' id='word_1_267' title='bbox 1027 1181 1172 1211; x_wconf 86' lang='lat' dir='ltr'>Primarius</span> <span class='ocrx_word' id='word_1_268' title='bbox 1191 1185 1219 1212; x_wconf 86' lang='lat'>&amp;</span> 
     </span>
     <span class='ocr_line' id='line_1_31' title="bbox 115 1225 282 1252; baseline 0.018 -9"><span class='ocrx_word' id='word_1_269' title='bbox 115 1225 282 1252; x_wconf 65' lang='lat' dir='ltr'>praecipuus</span> 
     </span>
     <span class='ocr_line' id='line_1_32' title="bbox 94 1253 683 1292; baseline 0.002 -9"><span class='ocrx_word' id='word_1_270' title='bbox 94 1253 159 1283; x_wconf 74' lang='lat' dir='ltr'>Afiae</span> <span class='ocrx_word' id='word_1_271' title='bbox 175 1254 305 1284; x_wconf 84' lang='lat' dir='ltr'>columen</span> <span class='ocrx_word' id='word_1_272' title='bbox 316 1278 323 1288; x_wconf 80' lang='grc'><em>,</em></span> <span class='ocrx_word' id='word_1_273' title='bbox 345 1254 438 1292; x_wconf 90' lang='lat' dir='ltr'>Troja.</span> <span class='ocrx_word' id='word_1_274' title='bbox 461 1256 526 1284; x_wconf 91' lang='lat' dir='ltr'>Seri.</span> <span class='ocrx_word' id='word_1_275' title='bbox 538 1254 642 1284; x_wconf 89' lang='lat' dir='ltr'>Troad.</span> <span class='ocrx_word' id='word_1_276' title='bbox 658 1265 683 1284; x_wconf 86' lang='lat'>1.</span> 
     </span>
     <span class='ocr_line' id='line_1_33' title="bbox 93 1290 1061 1329; baseline 0.001 -9"><span class='ocrx_word' id='word_1_277' title='bbox 93 1290 232 1320; x_wconf 89' lang='lat' dir='ltr'>Columen</span> <span class='ocrx_word' id='word_1_278' title='bbox 247 1293 367 1322; x_wconf 79' lang='lat' dir='ltr'>familiae.</span> <span class='ocrx_word' id='word_1_279' title='bbox 407 1293 472 1322; x_wconf 85' lang='lat' dir='ltr'>Ter.</span> <span class='ocrx_word' id='word_1_280' title='bbox 485 1293 594 1322; x_wconf 83' lang='lat' dir='ltr'>Phorm.</span> <span class='ocrx_word' id='word_1_281' title='bbox 605 1303 630 1322; x_wconf 83' lang='lat'>2.</span> <span class='ocrx_word' id='word_1_282' title='bbox 647 1303 669 1322; x_wconf 82' lang='lat'>1.</span> <span class='ocrx_word' id='word_1_283' title='bbox 685 1301 727 1329; x_wconf 76' lang='lat'>57.</span> <span class='ocrx_word' id='word_1_284' title='bbox 1058 1301 1061 1302; x_wconf 50' lang='lat'><em>⁷</em></span> 
     </span>
     <span class='ocr_line' id='line_1_34' title="bbox 173 1329 1218 1367; baseline 0.003 -9"><span class='ocrx_word' id='word_1_285' title='bbox 173 1329 251 1359; x_wconf 70' lang='lat' dir='ltr'>Bone</span> <span class='ocrx_word' id='word_1_286' title='bbox 266 1332 355 1360; x_wconf 86' lang='lat' dir='ltr'>custos</span> <span class='ocrx_word' id='word_1_287' title='bbox 375 1331 463 1366; x_wconf 80' lang='lat' dir='ltr'>salve,</span> <span class='ocrx_word' id='word_1_288' title='bbox 485 1331 618 1360; x_wconf 88' lang='lat' dir='ltr'>columen</span> <span class='ocrx_word' id='word_1_289' title='bbox 632 1341 698 1360; x_wconf 92' lang='lat' dir='ltr'>vero</span> <span class='ocrx_word' id='word_1_290' title='bbox 713 1330 831 1360; x_wconf 75' lang='lat' dir='ltr'>familiae.</span> <span class='ocrx_word' id='word_1_291' title='bbox 926 1331 981 1362; x_wconf 91' lang='lat' dir='ltr'>Ubi</span> <span class='ocrx_word' id='word_1_292' title='bbox 999 1332 1141 1367; x_wconf 77' lang='lat' dir='ltr'>Donatus,</span> <span class='ocrx_word' id='word_1_293' title='bbox 1164 1332 1218 1362; x_wconf 88' lang='lat' dir='ltr'>Co-</span> 
     </span>
     <span class='ocr_line' id='line_1_35' title="bbox 111 1367 1218 1408; baseline 0.004 -12"><span class='ocrx_word' id='word_1_294' title='bbox 111 1367 207 1397; x_wconf 84' lang='lat' dir='ltr'>lumen</span> <span class='ocrx_word' id='word_1_295' title='bbox 220 1390 228 1402; x_wconf 72' lang='lat'>,</span> <span class='ocrx_word' id='word_1_296' title='bbox 249 1369 380 1405; x_wconf 68' lang='lat' dir='ltr'>culmem</span> <span class='ocrx_word' id='word_1_297' title='bbox 403 1379 437 1398; x_wconf 90' lang='lat' dir='ltr'>ari</span> <span class='ocrx_word' id='word_1_298' title='bbox 447 1369 578 1398; x_wconf 88' lang='lat' dir='ltr'>columen</span> <span class='ocrx_word' id='word_1_299' title='bbox 589 1391 597 1404; x_wconf 83' lang='lat'>.,</span> <span class='ocrx_word' id='word_1_300' title='bbox 619 1369 752 1398; x_wconf 88' lang='lat' dir='ltr'>columna</span> <span class='ocrx_word' id='word_1_301' title='bbox 763 1370 776 1396; x_wconf 78' lang='lat'>‘?</span> <span class='ocrx_word' id='word_1_302' title='bbox 797 1369 872 1398; x_wconf 88' lang='lat' dir='ltr'>unde</span> <span class='ocrx_word' id='word_1_303' title='bbox 884 1369 1048 1400; x_wconf 81' lang='lat' dir='ltr'>Columellae</span> <span class='ocrx_word' id='word_1_304' title='bbox 1057 1372 1131 1408; x_wconf 87' lang='lat' dir='ltr'>apud</span> <span class='ocrx_word' id='word_1_305' title='bbox 1144 1379 1218 1400; x_wconf 89' lang='lat' dir='ltr'>vete-</span> 
     </span>
     <span class='ocr_line' id='line_1_36' title="bbox 110 1406 1216 1445; baseline 0.004 -11"><span class='ocrx_word' id='word_1_306' title='bbox 110 1415 153 1434; x_wconf 88' lang='lat' dir='ltr'>res</span> <span class='ocrx_word' id='word_1_307' title='bbox 164 1428 172 1439; x_wconf 78' lang='lat'>,</span> <span class='ocrx_word' id='word_1_308' title='bbox 194 1406 262 1436; x_wconf 62' lang='lat' dir='ltr'>dicti</span> <span class='ocrx_word' id='word_1_309' title='bbox 272 1408 348 1436; x_wconf 87' lang='lat' dir='ltr'>Servi</span> <span class='ocrx_word' id='word_1_310' title='bbox 360 1408 478 1442; x_wconf 84' lang='lat' dir='ltr'>majores</span> <span class='ocrx_word' id='word_1_311' title='bbox 489 1407 598 1436; x_wconf 88' lang='lat' dir='ltr'>domus.</span> <span class='ocrx_word' id='word_1_312' title='bbox 610 1406 695 1436; x_wconf 89' lang='lat' dir='ltr'>Lucil.</span> <span class='ocrx_word' id='word_1_313' title='bbox 710 1406 857 1437; x_wconf 80' lang='lat' dir='ltr'>22.Servus</span> <span class='ocrx_word' id='word_1_314' title='bbox 869 1417 959 1445; x_wconf 85' lang='lat' dir='ltr'>neque</span> <span class='ocrx_word' id='word_1_315' title='bbox 972 1409 1074 1438; x_wconf 84' lang='lat' dir='ltr'>infidus</span> <span class='ocrx_word' id='word_1_316' title='bbox 1088 1410 1216 1444; x_wconf 72' lang='lat' dir='ltr'>domim,</span> 
     </span>
     <span class='ocr_line' id='line_1_37' title="bbox 109 1443 1216 1485; baseline 0.005 -14"><span class='ocrx_word' id='word_1_317' title='bbox 109 1453 201 1479; x_wconf 74' lang='lat' dir='ltr'>neque</span> <span class='ocrx_word' id='word_1_318' title='bbox 212 1445 319 1474; x_wconf 89' lang='lat' dir='ltr'>inutilis</span> <span class='ocrx_word' id='word_1_319' title='bbox 330 1446 477 1482; x_wconf 75' lang='lat' dir='ltr'>cuiquam,</span> <span class='ocrx_word' id='word_1_320' title='bbox 499 1444 588 1474; x_wconf 87' lang='lat' dir='ltr'>Lucili</span> <span class='ocrx_word' id='word_1_321' title='bbox 599 1443 748 1474; x_wconf 81' lang='lat' dir='ltr'>columella</span> <span class='ocrx_word' id='word_1_322' title='bbox 762 1467 770 1480; x_wconf 80' lang='lat'>‚</span> <span class='ocrx_word' id='word_1_323' title='bbox 791 1445 910 1476; x_wconf 86' lang='lat' dir='ltr'>hicsitus</span> <span class='ocrx_word' id='word_1_324' title='bbox 926 1447 1133 1485; x_wconf 79' lang='lat' dir='ltr'>Metrophanes.</span> <span class='ocrx_word' id='word_1_325' title='bbox 1155 1447 1216 1477; x_wconf 89' lang='lat' dir='ltr'>Tu-</span> 
     </span>
     <span class='ocr_line' id='line_1_38' title="bbox 111 1481 1219 1517; baseline 0.004 -6"><span class='ocrx_word' id='word_1_326' title='bbox 111 1481 195 1517; x_wconf 85' lang='lat' dir='ltr'>bero,</span> <span class='ocrx_word' id='word_1_327' title='bbox 222 1483 292 1512; x_wconf 91' lang='lat' dir='ltr'>Hinc</span> <span class='ocrx_word' id='word_1_328' title='bbox 313 1484 342 1512; x_wconf 89' lang='lat' dir='ltr'>in</span> <span class='ocrx_word' id='word_1_329' title='bbox 358 1483 535 1512; x_wconf 82' lang='lat' dir='ltr'>millesimum</span> <span class='ocrx_word' id='word_1_330' title='bbox 553 1493 657 1512; x_wconf 92' lang='lat' dir='ltr'>annum</span> <span class='ocrx_word' id='word_1_331' title='bbox 673 1492 768 1511; x_wconf 89' lang='lat' dir='ltr'>eorum</span> <span class='ocrx_word' id='word_1_332' title='bbox 782 1483 926 1513; x_wconf 85' lang='lat' dir='ltr'>columine</span> <span class='ocrx_word' id='word_1_333' title='bbox 950 1485 1045 1514; x_wconf 82' lang='lat' dir='ltr'>civitas</span> <span class='ocrx_word' id='word_1_334' title='bbox 1061 1485 1219 1515; x_wconf 86' lang='lat' dir='ltr'>continebi-</span> 
     </span>
     <span class='ocr_line' id='line_1_39' title="bbox 109 1520 1114 1560; baseline 0.004 -11"><span class='ocrx_word' id='word_1_335' title='bbox 109 1524 163 1549; x_wconf 88' lang='lat' dir='ltr'>tur.</span> <span class='ocrx_word' id='word_1_336' title='bbox 204 1520 297 1549; x_wconf 86' lang='lat' dir='ltr'>Horat.</span> <span class='ocrx_word' id='word_1_337' title='bbox 321 1528 416 1550; x_wconf 85' lang='lat' dir='ltr'>contra</span> <span class='ocrx_word' id='word_1_338' title='bbox 429 1531 479 1558; x_wconf 91' lang='lat' dir='ltr'>pro</span> <span class='ocrx_word' id='word_1_339' title='bbox 493 1521 642 1550; x_wconf 90' lang='lat' dir='ltr'>Columine</span> <span class='ocrx_word' id='word_1_340' title='bbox 655 1520 842 1557; x_wconf 84' lang='lat' dir='ltr'>Columnam,</span> <span class='ocrx_word' id='word_1_341' title='bbox 870 1532 893 1551; x_wconf 91' lang='lat'>1.</span> <span class='ocrx_word' id='word_1_342' title='bbox 908 1522 999 1552; x_wconf 86' lang='lat' dir='ltr'>Carni.</span> <span class='ocrx_word' id='word_1_343' title='bbox 1012 1533 1056 1560; x_wconf 80' lang='lat'>35.</span> <span class='ocrx_word' id='word_1_344' title='bbox 1072 1532 1114 1559; x_wconf 88' lang='lat'>13.</span> 
     </span>
     <span class='ocr_line' id='line_1_40' title="bbox 173 1557 573 1596; baseline 0.005 -10"><span class='ocrx_word' id='word_1_345' title='bbox 173 1557 309 1593; x_wconf 88' lang='lat' dir='ltr'>Injurioso</span> <span class='ocrx_word' id='word_1_346' title='bbox 326 1569 361 1588; x_wconf 88' lang='lat' dir='ltr'>ne</span> <span class='ocrx_word' id='word_1_347' title='bbox 374 1559 446 1596; x_wconf 84' lang='lat' dir='ltr'>pede</span> <span class='ocrx_word' id='word_1_348' title='bbox 458 1569 573 1595; x_wconf 78' lang='lat' dir='ltr'>proruas</span> 
     </span>
     <span class='ocr_line' id='line_1_41' title="bbox 211 1596 1218 1635; baseline 0.002 -10"><span class='ocrx_word' id='word_1_349' title='bbox 211 1596 337 1625; x_wconf 85' lang='lat' dir='ltr'>Stantem</span> <span class='ocrx_word' id='word_1_350' title='bbox 348 1596 519 1625; x_wconf 88' lang='lat' dir='ltr'>columnam.</span> <span class='ocrx_word' id='word_1_351' title='bbox 634 1596 740 1625; x_wconf 90' lang='lat' dir='ltr'>Ennius</span> <span class='ocrx_word' id='word_1_352' title='bbox 752 1596 872 1632; x_wconf 85' lang='lat' dir='ltr'>decimo,</span> <span class='ocrx_word' id='word_1_353' title='bbox 894 1597 984 1635; x_wconf 84' lang='lat' dir='ltr'>Regni</span> <span class='ocrx_word' id='word_1_354' title='bbox 997 1597 1132 1627; x_wconf 89' lang='lat' dir='ltr'>versatum</span> <span class='ocrx_word' id='word_1_355' title='bbox 1146 1598 1218 1628; x_wconf 89' lang='lat' dir='ltr'>sum-</span> 
     </span>
     <span class='ocr_line' id='line_1_42' title="bbox 111 1634 1216 1671; baseline 0.004 -9"><span class='ocrx_word' id='word_1_356' title='bbox 111 1642 221 1662; x_wconf 87' lang='lat' dir='ltr'>mamve</span> <span class='ocrx_word' id='word_1_357' title='bbox 241 1634 411 1664; x_wconf 91' lang='lat' dir='ltr'>columnam.</span> <span class='ocrx_word' id='word_1_358' title='bbox 452 1634 590 1664; x_wconf 90' lang='lat' dir='ltr'>Columen</span> <span class='ocrx_word' id='word_1_359' title='bbox 608 1644 674 1663; x_wconf 91' lang='lat' dir='ltr'>vero</span> <span class='ocrx_word' id='word_1_360' title='bbox 694 1634 822 1669; x_wconf 85' lang='lat' dir='ltr'>familiae,</span> <span class='ocrx_word' id='word_1_361' title='bbox 844 1636 1026 1671; x_wconf 68' lang='lat' dir='ltr'>Sustenrado,</span> <span class='ocrx_word' id='word_1_362' title='bbox 1056 1636 1101 1665; x_wconf 88' lang='lat' dir='ltr'>vel</span> <span class='ocrx_word' id='word_1_363' title='bbox 1121 1637 1216 1666; x_wconf 87' lang='lat' dir='ltr'>decus.</span> 
     </span>
     <span class='ocr_line' id='line_1_43' title="bbox 111 1671 1219 1710; baseline 0.004 -11"><span class='ocrx_word' id='word_1_364' title='bbox 111 1671 193 1700; x_wconf 86' lang='lat' dir='ltr'>Unde</span> <span class='ocrx_word' id='word_1_365' title='bbox 203 1672 343 1702; x_wconf 86' lang='lat' dir='ltr'>columnae</span> <span class='ocrx_word' id='word_1_366' title='bbox 358 1673 448 1701; x_wconf 63' lang='lat' dir='ltr'>dictae.</span> <span class='ocrx_word' id='word_1_367' title='bbox 490 1673 631 1701; x_wconf 56' lang='lat' dir='ltr'>Haeremus</span> <span class='ocrx_word' id='word_1_368' title='bbox 645 1672 778 1701; x_wconf 81' lang='lat' dir='ltr'>Donatus.</span> <span class='ocrx_word' id='word_1_369' title='bbox 819 1673 877 1702; x_wconf 91' lang='lat' dir='ltr'>Cic.</span> <span class='ocrx_word' id='word_1_370' title='bbox 894 1684 918 1708; x_wconf 83' lang='grc' dir='ltr'>ς.</span> <span class='ocrx_word' id='word_1_371' title='bbox 932 1674 1006 1702; x_wconf 87' lang='lat' dir='ltr'>Verr.</span> <span class='ocrx_word' id='word_1_372' title='bbox 1024 1678 1082 1710; x_wconf 86' lang='lat'>176.</span> <span class='ocrx_word' id='word_1_373' title='bbox 1111 1674 1219 1703; x_wconf 90' lang='lat' dir='ltr'>Timar-</span> 
     </span>
     <span class='ocr_line' id='line_1_44' title="bbox 111 1709 1196 1747; baseline 0.003 -9"><span class='ocrx_word' id='word_1_374' title='bbox 111 1709 320 1744; x_wconf 83' lang='lat' dir='ltr'>chidesauteni‚</span> <span class='ocrx_word' id='word_1_375' title='bbox 344 1710 597 1740; x_wconf 77' lang='lat' dir='ltr'>columenfamiliae</span> <span class='ocrx_word' id='word_1_376' title='bbox 608 1710 717 1745; x_wconf 80' lang='lat' dir='ltr'>vestrae‚</span> <span class='ocrx_word' id='word_1_377' title='bbox 739 1711 840 1747; x_wconf 89' lang='lat' dir='ltr'>premit</span> <span class='ocrx_word' id='word_1_378' title='bbox 852 1711 944 1741; x_wconf 78' lang='lat' dir='ltr'>fauces</span> <span class='ocrx_word' id='word_1_379' title='bbox 953 1712 1122 1741; x_wconf 84' lang='lat' dir='ltr'>defensionis</span> <span class='ocrx_word' id='word_1_380' title='bbox 1134 1720 1196 1742; x_wconf 84' lang='lat' dir='ltr'>tuae.</span> 
     </span>
     <span class='ocr_line' id='line_1_45' title="bbox 92 1746 1218 1786; baseline 0.002 -9"><span class='ocrx_word' id='word_1_381' title='bbox 92 1746 280 1785; x_wconf 87' lang='lat' dir='ltr'>Impensarum</span> <span class='ocrx_word' id='word_1_382' title='bbox 302 1755 385 1786; x_wconf 88' lang='lat' dir='ltr'>caput</span> <span class='ocrx_word' id='word_1_383' title='bbox 406 1750 432 1778; x_wconf 66' lang='lat' dir='ltr'>Sc</span> <span class='ocrx_word' id='word_1_384' title='bbox 447 1748 589 1778; x_wconf 84' lang='lat' dir='ltr'>columen.</span> <span class='ocrx_word' id='word_1_385' title='bbox 631 1747 770 1778; x_wconf 89' lang='lat' dir='ltr'>Columel.</span> <span class='ocrx_word' id='word_1_386' title='bbox 782 1748 831 1777; x_wconf 91' lang='lat' dir='ltr'>lib.</span> <span class='ocrx_word' id='word_1_387' title='bbox 849 1758 871 1785; x_wconf 87' lang='lat'>3.</span> <span class='ocrx_word' id='word_1_388' title='bbox 885 1759 945 1786; x_wconf 85' lang='lat' dir='ltr'>cap.</span> <span class='ocrx_word' id='word_1_389' title='bbox 960 1761 985 1785; x_wconf 84' lang='lat'>4.</span> <span class='ocrx_word' id='word_1_390' title='bbox 1008 1749 1039 1780; x_wconf 89' lang='lat' dir='ltr'>ld</span> <span class='ocrx_word' id='word_1_391' title='bbox 1056 1751 1130 1779; x_wconf 89' lang='lat' dir='ltr'>enim</span> <span class='ocrx_word' id='word_1_392' title='bbox 1145 1750 1218 1786; x_wconf 85' lang='lat' dir='ltr'>quasi</span> 
     </span>
     <span class='ocr_line' id='line_1_46' title="bbox 111 1786 1219 1823; baseline 0.005 -10"><span class='ocrx_word' id='word_1_393' title='bbox 111 1793 195 1822; x_wconf 81' lang='lat' dir='ltr'>caput</span> <span class='ocrx_word' id='word_1_394' title='bbox 206 1788 232 1815; x_wconf 67' lang='grc' dir='ltr'>δε</span> <span class='ocrx_word' id='word_1_395' title='bbox 248 1786 379 1815; x_wconf 80' lang='lat' dir='ltr'>columen</span> <span class='ocrx_word' id='word_1_396' title='bbox 394 1786 580 1823; x_wconf 81' lang='lat' dir='ltr'>impensarum</span> <span class='ocrx_word' id='word_1_397' title='bbox 593 1808 600 1821; x_wconf 90' lang='lat'>‚</span> <span class='ocrx_word' id='word_1_398' title='bbox 622 1786 756 1822; x_wconf 90' lang='lat' dir='ltr'>quoniam</span> <span class='ocrx_word' id='word_1_399' title='bbox 770 1786 798 1814; x_wconf 89' lang='lat' dir='ltr'>in</span> <span class='ocrx_word' id='word_1_400' title='bbox 809 1796 842 1815; x_wconf 91' lang='lat' dir='ltr'>eo</span> <span class='ocrx_word' id='word_1_401' title='bbox 860 1787 1000 1823; x_wconf 85' lang='lat' dir='ltr'>consistit,</span> <span class='ocrx_word' id='word_1_402' title='bbox 1021 1788 1122 1818; x_wconf 87' lang='lat' dir='ltr'>melius</span> <span class='ocrx_word' id='word_1_403' title='bbox 1134 1797 1170 1818; x_wconf 88' lang='lat' dir='ltr'>ari</span> <span class='ocrx_word' id='word_1_404' title='bbox 1180 1788 1219 1818; x_wconf 87' lang='lat' dir='ltr'>se-</span> 
     </span>
     <span class='ocr_line' id='line_1_47' title="bbox 113 1824 846 1862; baseline 0.003 -10"><span class='ocrx_word' id='word_1_405' title='bbox 113 1824 195 1858; x_wconf 84' lang='lat' dir='ltr'>quius</span> <span class='ocrx_word' id='word_1_406' title='bbox 206 1831 284 1853; x_wconf 85' lang='lat' dir='ltr'>terrae</span> <span class='ocrx_word' id='word_1_407' title='bbox 301 1824 677 1862; x_wconf 82' lang='lat' dir='ltr'>mandaveritpaterfamilias</span> <span class='ocrx_word' id='word_1_408' title='bbox 686 1825 789 1861; x_wconf 89' lang='lat' dir='ltr'>pecuni</span> <span class='ocrx_word' id='word_1_409' title='bbox 839 1847 846 1854; x_wconf 94' lang='lat'>.</span> 
     </span>
    </p>
   </div>
   <div class='ocr_carea' id='block_1_14' title="bbox 49 1860 932 1897">
    <p class='ocr_par' dir='ltr' id='par_1_14' title="bbox 49 1860 932 1897">
     <span class='ocr_line' id='line_1_48' title="bbox 49 1860 932 1897; baseline 0.003 -8"><span class='ocrx_word' id='word_1_410' title='bbox 49 1869 51 1873; x_wconf 92' lang='lat'>·</span> <span class='ocrx_word' id='word_1_411' title='bbox 91 1860 271 1891; x_wconf 68' lang='lat' dir='ltr'>Macedoniae</span> <span class='ocrx_word' id='word_1_412' title='bbox 281 1862 353 1892; x_wconf 84' lang='lat' dir='ltr'>sidus</span> <span class='ocrx_word' id='word_1_413' title='bbox 363 1872 395 1891; x_wconf 89' lang='lat' dir='ltr'>ac</span> <span class='ocrx_word' id='word_1_414' title='bbox 408 1863 540 1892; x_wconf 87' lang='lat' dir='ltr'>columen</span> <span class='ocrx_word' id='word_1_415' title='bbox 551 1862 714 1891; x_wconf 76' lang='lat' dir='ltr'>Alexander.</span> <span class='ocrx_word' id='word_1_416' title='bbox 735 1862 810 1892; x_wconf 89' lang='lat' dir='ltr'>Curt.</span> <span class='ocrx_word' id='word_1_417' title='bbox 826 1873 851 1897; x_wconf 86' lang='lat'>9.</span> <span class='ocrx_word' id='word_1_418' title='bbox 862 1866 887 1892; x_wconf 91' lang='lat'>6.</span> <span class='ocrx_word' id='word_1_419' title='bbox 905 1868 932 1897; x_wconf 91' lang='lat'>8.</span> 
     </span>
    </p>
   </div>
   <div class='ocr_carea' id='block_1_15' title="bbox 90 1898 1115 2241">
    <p class='ocr_par' dir='ltr' id='par_1_15' title="bbox 90 1898 1115 2087">
     <span class='ocr_line' id='line_1_49' title="bbox 92 1898 1115 1940; baseline 0.004 -12"><span class='ocrx_word' id='word_1_420' title='bbox 92 1898 179 1928; x_wconf 86' lang='lat' dir='ltr'>Navis</span> <span class='ocrx_word' id='word_1_421' title='bbox 191 1900 324 1929; x_wconf 86' lang='lat' dir='ltr'>columen</span> <span class='ocrx_word' id='word_1_422' title='bbox 336 1922 344 1935; x_wconf 84' lang='lat'>,</span> <span class='ocrx_word' id='word_1_423' title='bbox 366 1900 510 1929; x_wconf 87' lang='lat' dir='ltr'>Sociorum</span> <span class='ocrx_word' id='word_1_424' title='bbox 525 1899 617 1929; x_wconf 89' lang='lat' dir='ltr'>cursus</span> <span class='ocrx_word' id='word_1_425' title='bbox 629 1901 770 1938; x_wconf 89' lang='lat' dir='ltr'>princeps.</span> <span class='ocrx_word' id='word_1_426' title='bbox 795 1900 880 1930; x_wconf 88' lang='lat' dir='ltr'>Valer.</span> <span class='ocrx_word' id='word_1_427' title='bbox 898 1910 921 1930; x_wconf 86' lang='lat'>1.</span> <span class='ocrx_word' id='word_1_428' title='bbox 938 1901 1039 1939; x_wconf 83' lang='lat' dir='ltr'>Argon.</span> <span class='ocrx_word' id='word_1_429' title='bbox 1053 1911 1115 1940; x_wconf 84' lang='lat'>117.</span> 
     </span>
     <span class='ocr_line' id='line_1_50' title="bbox 90 1935 841 1975; baseline 0.004 -10"><span class='ocrx_word' id='word_1_430' title='bbox 90 1935 214 1966; x_wconf 76' lang='lat' dir='ltr'>Partium</span> <span class='ocrx_word' id='word_1_431' title='bbox 227 1938 358 1967; x_wconf 84' lang='lat' dir='ltr'>columen</span> <span class='ocrx_word' id='word_1_432' title='bbox 381 1938 542 1975; x_wconf 80' lang='lat' dir='ltr'>Abdageses.</span> <span class='ocrx_word' id='word_1_433' title='bbox 565 1937 655 1967; x_wconf 83' lang='lat' dir='ltr'>Tacit.</span> <span class='ocrx_word' id='word_1_434' title='bbox 669 1941 695 1967; x_wconf 88' lang='lat'>6.</span> <span class='ocrx_word' id='word_1_435' title='bbox 715 1940 784 1968; x_wconf 89' lang='lat' dir='ltr'>Ann.</span> <span class='ocrx_word' id='word_1_436' title='bbox 798 1947 841 1975; x_wconf 86' lang='lat'>37.</span> 
     </span>
     <span class='ocr_line' id='line_1_51' title="bbox 92 1974 703 2014; baseline 0.003 -12"><span class='ocrx_word' id='word_1_437' title='bbox 92 1974 268 2011; x_wconf 64' lang='lat' dir='ltr'>Reipublicae</span> <span class='ocrx_word' id='word_1_438' title='bbox 276 1976 416 2005; x_wconf 90' lang='lat' dir='ltr'>columen.</span> <span class='ocrx_word' id='word_1_439' title='bbox 439 1977 497 2005; x_wconf 88' lang='lat' dir='ltr'>Cic.</span> <span class='ocrx_word' id='word_1_440' title='bbox 510 1986 561 2014; x_wconf 93' lang='lat' dir='ltr'>pro</span> <span class='ocrx_word' id='word_1_441' title='bbox 570 1977 645 2005; x_wconf 80' lang='lat' dir='ltr'>Sext.</span> <span class='ocrx_word' id='word_1_442' title='bbox 661 1985 703 2010; x_wconf 86' lang='grc'>19.</span> 
     </span>
     <span class='ocr_line' id='line_1_52' title="bbox 91 2011 1075 2050; baseline 0.004 -9"><span class='ocrx_word' id='word_1_443' title='bbox 91 2011 197 2042; x_wconf 88' lang='lat' dir='ltr'>Rerum</span> <span class='ocrx_word' id='word_1_444' title='bbox 208 2024 332 2043; x_wconf 86' lang='lat' dir='ltr'>mearum</span> <span class='ocrx_word' id='word_1_445' title='bbox 340 2014 479 2043; x_wconf 83' lang='lat' dir='ltr'>columen.</span> <span class='ocrx_word' id='word_1_446' title='bbox 502 2015 569 2044; x_wconf 87' lang='lat' dir='ltr'>Hor.</span> <span class='ocrx_word' id='word_1_447' title='bbox 580 2023 606 2043; x_wconf 89' lang='lat'>2.</span> <span class='ocrx_word' id='word_1_448' title='bbox 620 2014 711 2044; x_wconf 85' lang='lat' dir='ltr'>Carm.</span> <span class='ocrx_word' id='word_1_449' title='bbox 727 2022 768 2050; x_wconf 86' lang='lat'>¹7-</span> <span class='ocrx_word' id='word_1_450' title='bbox 779 2024 807 2050; x_wconf 90' lang='lat'>4.</span> <span class='ocrx_word' id='word_1_451' title='bbox 827 2013 864 2043; x_wconf 89' lang='lat' dir='ltr'>ad</span> <span class='ocrx_word' id='word_1_452' title='bbox 879 2013 1075 2050; x_wconf 61' lang='lat' dir='ltr'>Maecenatem.</span> 
     </span>
     <span class='ocr_line' id='line_1_53' title="bbox 92 2051 682 2087; baseline 0.002 -8"><span class='ocrx_word' id='word_1_453' title='bbox 92 2051 186 2080; x_wconf 84' lang='lat' dir='ltr'>Senati</span> <span class='ocrx_word' id='word_1_454' title='bbox 202 2051 343 2082; x_wconf 85' lang='lat' dir='ltr'>columen.</span> <span class='ocrx_word' id='word_1_455' title='bbox 371 2052 457 2081; x_wconf 85' lang='lat' dir='ltr'>Plaut.</span> <span class='ocrx_word' id='word_1_456' title='bbox 474 2051 560 2081; x_wconf 85' lang='lat' dir='ltr'>Casiri.</span> <span class='ocrx_word' id='word_1_457' title='bbox 575 2060 599 2087; x_wconf 84' lang='lat'>3.</span> <span class='ocrx_word' id='word_1_458' title='bbox 616 2061 642 2081; x_wconf 86' lang='lat'>2.</span> <span class='ocrx_word' id='word_1_459' title='bbox 656 2056 682 2080; x_wconf 93' lang='lat'>6.</span> 
     </span>
    </p>

    <p class='ocr_par' dir='ltr' id='par_1_16' title="bbox 93 2089 1078 2241">
     <span class='ocr_line' id='line_1_54' title="bbox 174 2089 1043 2129; baseline 0.003 -12"><span class='ocrx_word' id='word_1_460' title='bbox 174 2089 228 2118; x_wconf 87' lang='lat' dir='ltr'>Sed</span> <span class='ocrx_word' id='word_1_461' title='bbox 239 2099 338 2119; x_wconf 89' lang='lat' dir='ltr'>eccum</span> <span class='ocrx_word' id='word_1_462' title='bbox 350 2091 490 2128; x_wconf 85' lang='lat' dir='ltr'>egreditur</span> <span class='ocrx_word' id='word_1_463' title='bbox 499 2090 592 2119; x_wconf 91' lang='lat' dir='ltr'>Senati</span> <span class='ocrx_word' id='word_1_464' title='bbox 606 2089 738 2119; x_wconf 82' lang='lat' dir='ltr'>columen</span> <span class='ocrx_word' id='word_1_465' title='bbox 750 2111 758 2124; x_wconf 88' lang='lat'><strong>‚</strong></span> <span class='ocrx_word' id='word_1_466' title='bbox 780 2089 937 2127; x_wconf 82' lang='lat' dir='ltr'>praefidium</span> <span class='ocrx_word' id='word_1_467' title='bbox 952 2089 1043 2129; x_wconf 85' lang='lat' dir='ltr'>popli.</span> 
     </span>
     <span class='ocr_line' id='line_1_55' title="bbox 93 2126 819 2157; baseline 0.003 -2"><span class='ocrx_word' id='word_1_468' title='bbox 93 2126 240 2157; x_wconf 62' lang='lat' dir='ltr'>Thessaliae</span> <span class='ocrx_word' id='word_1_469' title='bbox 250 2129 380 2157; x_wconf 85' lang='lat' dir='ltr'>columen</span> <span class='ocrx_word' id='word_1_470' title='bbox 392 2128 501 2157; x_wconf 82' lang='lat' dir='ltr'>&#39;r‘eleum</span> <span class='ocrx_word' id='word_1_471' title='bbox 510 2134 590 2157; x_wconf 73' lang='lat' dir='ltr'>vomt</span> <span class='ocrx_word' id='word_1_472' title='bbox 602 2127 703 2157; x_wconf 91' lang='lat' dir='ltr'>Catull.</span> <span class='ocrx_word' id='word_1_473' title='bbox 716 2131 760 2157; x_wconf 84' lang='lat'>62.</span> <span class='ocrx_word' id='word_1_474' title='bbox 775 2131 819 2157; x_wconf 82' lang='lat'>26.</span> 
     </span>
     <span class='ocr_line' id='line_1_56' title="bbox 93 2163 1012 2196; baseline 0.003 -3"><span class='ocrx_word' id='word_1_475' title='bbox 93 2163 222 2194; x_wconf 83' lang='lat' dir='ltr'>Excisum</span> <span class='ocrx_word' id='word_1_476' title='bbox 232 2165 374 2196; x_wconf 86' lang='lat' dir='ltr'>columen.</span> <span class='ocrx_word' id='word_1_477' title='bbox 397 2166 456 2196; x_wconf 88' lang='lat' dir='ltr'>Cic.</span> <span class='ocrx_word' id='word_1_478' title='bbox 472 2176 495 2195; x_wconf 78' lang='lat'>1.</span> <span class='ocrx_word' id='word_1_479' title='bbox 515 2167 550 2196; x_wconf 90' lang='lat' dir='ltr'>de</span> <span class='ocrx_word' id='word_1_480' title='bbox 562 2166 653 2195; x_wconf 88' lang='lat' dir='ltr'>Divin.</span> <span class='ocrx_word' id='word_1_481' title='bbox 668 2176 712 2194; x_wconf 84' lang='lat'>20.</span> <span class='ocrx_word' id='word_1_482' title='bbox 752 2165 808 2195; x_wconf 87' lang='lat' dir='ltr'>Sed</span> <span class='ocrx_word' id='word_1_483' title='bbox 820 2165 904 2195; x_wconf 70' lang='lat' dir='ltr'>leffio</span> <span class='ocrx_word' id='word_1_484' title='bbox 918 2165 1012 2196; x_wconf 89' lang='lat' dir='ltr'>dubia.</span> 
     </span>
     <span class='ocr_line' id='line_1_57' title="bbox 96 2203 1078 2241; baseline 0.004 -10"><span class='ocrx_word' id='word_1_485' title='bbox 96 2203 137 2231; x_wconf 87' lang='lat' dir='ltr'>Ad</span> <span class='ocrx_word' id='word_1_486' title='bbox 153 2213 284 2241; x_wconf 86' lang='lat' dir='ltr'>magnum</span> <span class='ocrx_word' id='word_1_487' title='bbox 299 2205 431 2234; x_wconf 86' lang='lat' dir='ltr'>columen</span> <span class='ocrx_word' id='word_1_488' title='bbox 445 2204 557 2234; x_wconf 81' lang='lat' dir='ltr'>volabat</span> <span class='ocrx_word' id='word_1_489' title='bbox 571 2204 668 2233; x_wconf 76' lang='lat' dir='ltr'>Phoebi</span> <span class='ocrx_word' id='word_1_490' title='bbox 678 2203 732 2232; x_wconf 83' lang='lat' dir='ltr'>fax.</span> <span class='ocrx_word' id='word_1_491' title='bbox 756 2203 813 2232; x_wconf 87' lang='lat' dir='ltr'>Cic.</span> <span class='ocrx_word' id='word_1_492' title='bbox 830 2213 853 2233; x_wconf 89' lang='lat'>1.</span> <span class='ocrx_word' id='word_1_493' title='bbox 866 2203 902 2232; x_wconf 88' lang='lat' dir='ltr'>de</span> <span class='ocrx_word' id='word_1_494' title='bbox 920 2203 1011 2234; x_wconf 91' lang='lat' dir='ltr'>Divin.</span> <span class='ocrx_word' id='word_1_495' title='bbox 1034 2209 1078 2239; x_wconf 78' lang='lat'>18.</span> 
     </span>
    </p>
   </div>
   <div class='ocr_carea' id='block_1_16' title="bbox 58 2237 1098 2279">
    <p class='ocr_par' dir='ltr' id='par_1_17' title="bbox 58 2237 1098 2279">
     <span class='ocr_line' id='line_1_58' title="bbox 58 2237 1098 2279; baseline 0.004 -10"><span class='ocrx_word' id='word_1_496' title='bbox 58 2237 246 2278; x_wconf 65' lang='lat' dir='ltr'>C6L13M1s,</span> <span class='ocrx_word' id='word_1_497' title='bbox 267 2253 292 2272; x_wconf 89' lang='lat' dir='ltr'>e.</span> <span class='ocrx_word' id='word_1_498' title='bbox 316 2241 419 2279; x_wconf 57' lang='grc' dir='ltr'>[ιι-ἑῶυ,</span> <span class='ocrx_word' id='word_1_499' title='bbox 440 2243 508 2277; x_wconf 67' lang='grc' dir='ltr'>σῦς]</span> <span class='ocrx_word' id='word_1_500' title='bbox 529 2242 643 2276; x_wconf 80' lang='lat' dir='ltr'>Salvus,</span> <span class='ocrx_word' id='word_1_501' title='bbox 664 2241 762 2271; x_wconf 75' lang='lat' dir='ltr'>Sanus.</span> <span class='ocrx_word' id='word_1_502' title='bbox 783 2241 869 2272; x_wconf 85' lang='lat' dir='ltr'>Plaut.</span> <span class='ocrx_word' id='word_1_503' title='bbox 886 2241 1002 2279; x_wconf 85' lang='lat' dir='ltr'>Trin.3.</span> <span class='ocrx_word' id='word_1_504' title='bbox 1017 2252 1098 2279; x_wconf 76' lang='lat'>3.15.</span> 
     </span>
    </p>
   </div>
   <div class='ocr_carea' id='block_1_17' title="bbox 94 2280 1222 2433">
    <p class='ocr_par' dir='ltr' id='par_1_18' title="bbox 94 2280 1222 2433">
     <span class='ocr_line' id='line_1_59' title="bbox 332 2280 704 2318; baseline -0.003 -9"><span class='ocrx_word' id='word_1_505' title='bbox 332 2297 369 2301; x_wconf 86' lang='lat'>--</span> <span class='ocrx_word' id='word_1_506' title='bbox 379 2290 470 2318; x_wconf 91' lang='lat' dir='ltr'>neque</span> <span class='ocrx_word' id='word_1_507' title='bbox 481 2282 519 2309; x_wconf 86' lang='lat' dir='ltr'>ita</span> <span class='ocrx_word' id='word_1_508' title='bbox 529 2289 560 2310; x_wconf 91' lang='lat' dir='ltr'>ut</span> <span class='ocrx_word' id='word_1_509' title='bbox 576 2280 607 2309; x_wconf 88' lang='lat' dir='ltr'>sit</span> <span class='ocrx_word' id='word_1_510' title='bbox 621 2280 684 2309; x_wconf 84' lang='lat' dir='ltr'>data</span> <span class='ocrx_word' id='word_1_511' title='bbox 697 2301 704 2314; x_wconf 87' lang='lat'>,</span> 
     </span>
     <span class='ocr_line' id='line_1_60' title="bbox 187 2317 1222 2352; baseline 0.002 -6"><span class='ocrx_word' id='word_1_512' title='bbox 187 2317 335 2348; x_wconf 86' lang='lat' dir='ltr'>Columem</span> <span class='ocrx_word' id='word_1_513' title='bbox 349 2325 376 2348; x_wconf 89' lang='lat' dir='ltr'>te</span> <span class='ocrx_word' id='word_1_514' title='bbox 390 2319 477 2348; x_wconf 88' lang='lat' dir='ltr'>sistere</span> <span class='ocrx_word' id='word_1_515' title='bbox 488 2318 528 2347; x_wconf 92' lang='lat' dir='ltr'>illi</span> <span class='ocrx_word' id='word_1_516' title='bbox 539 2341 547 2352; x_wconf 78' lang='lat'>,</span> <span class='ocrx_word' id='word_1_517' title='bbox 569 2319 595 2348; x_wconf 69' lang='grc' dir='ltr'><strong><em>ἃ</em></strong></span> <span class='ocrx_word' id='word_1_518' title='bbox 612 2318 727 2348; x_wconf 84' lang='lat' dir='ltr'>detraxe</span> <span class='ocrx_word' id='word_1_519' title='bbox 744 2324 899 2347; x_wconf 86' lang='lat' dir='ltr'>autument.</span> <span class='ocrx_word' id='word_1_520' title='bbox 994 2317 1065 2347; x_wconf 87' lang='lat' dir='ltr'>Inde</span> <span class='ocrx_word' id='word_1_521' title='bbox 1078 2340 1087 2352; x_wconf 80' lang='lat'>‚</span> <span class='ocrx_word' id='word_1_522' title='bbox 1107 2318 1222 2348; x_wconf 86' lang='lat' dir='ltr'>Incolu-</span> 
     </span>
     <span class='ocr_line' id='line_1_61' title="bbox 94 2355 1220 2394; baseline 0.003 -11"><span class='ocrx_word' id='word_1_523' title='bbox 94 2355 147 2383; x_wconf 83' lang='lat' dir='ltr'>mis</span> <span class='ocrx_word' id='word_1_524' title='bbox 163 2366 213 2393; x_wconf 89' lang='lat' dir='ltr'>pro</span> <span class='ocrx_word' id='word_1_525' title='bbox 224 2357 342 2385; x_wconf 87' lang='lat' dir='ltr'>eodem:</span> <span class='ocrx_word' id='word_1_526' title='bbox 365 2357 441 2393; x_wconf 87' lang='lat' dir='ltr'>quod</span> <span class='ocrx_word' id='word_1_527' title='bbox 454 2357 492 2386; x_wconf 80' lang='lat' dir='ltr'>est</span> <span class='ocrx_word' id='word_1_528' title='bbox 501 2357 632 2386; x_wconf 73' lang='lat' dir='ltr'>usitatius.</span> <span class='ocrx_word' id='word_1_529' title='bbox 673 2358 762 2393; x_wconf 85' lang='lat' dir='ltr'>Atque</span> <span class='ocrx_word' id='word_1_530' title='bbox 778 2357 815 2385; x_wconf 88' lang='lat' dir='ltr'>ita</span> <span class='ocrx_word' id='word_1_531' title='bbox 825 2357 900 2393; x_wconf 86' lang='lat' dir='ltr'>apud</span> <span class='ocrx_word' id='word_1_532' title='bbox 911 2355 1036 2386; x_wconf 85' lang='lat' dir='ltr'>Plautum</span> <span class='ocrx_word' id='word_1_533' title='bbox 1049 2355 1096 2385; x_wconf 90' lang='lat' dir='ltr'>alii</span> <span class='ocrx_word' id='word_1_534' title='bbox 1113 2356 1220 2394; x_wconf 86' lang='lat' dir='ltr'>legunt,</span> 
     </span>
     <span class='ocr_line' id='line_1_62' title="bbox 96 2394 766 2433; baseline -0.001 -11"><span class='ocrx_word' id='word_1_535' title='bbox 96 2395 198 2430; x_wconf 70' lang='lat' dir='ltr'>rejecta</span> <span class='ocrx_word' id='word_1_536' title='bbox 208 2395 299 2432; x_wconf 87' lang='lat' dir='ltr'>priore</span> <span class='ocrx_word' id='word_1_537' title='bbox 310 2394 412 2433; x_wconf 78' lang='lat' dir='ltr'>syllaba</span> <span class='ocrx_word' id='word_1_538' title='bbox 423 2395 452 2423; x_wconf 93' lang='lat' dir='ltr'>in</span> <span class='ocrx_word' id='word_1_539' title='bbox 468 2395 638 2432; x_wconf 85' lang='lat' dir='ltr'>superiorem</span> <span class='ocrx_word' id='word_1_540' title='bbox 651 2394 766 2423; x_wconf 88' lang='lat' dir='ltr'>versum.</span> 
     </span>
    </p>
   </div>
   <div class='ocr_carea' id='block_1_18' title="bbox 26 2426 1222 2469">
    <p class='ocr_par' dir='ltr' id='par_1_19' title="bbox 26 2426 1222 2469">
     <span class='ocr_line' id='line_1_63' title="bbox 26 2426 1222 2469; baseline 0.003 -10"><span class='ocrx_word' id='word_1_541' title='bbox 26 2426 28 2438; x_wconf 87' lang='lat'><strong>¹</strong></span> <span class='ocrx_word' id='word_1_542' title='bbox 58 2429 220 2460; x_wconf 66' lang='lat' dir='ltr'>CocuMN</span> <span class='ocrx_word' id='word_1_543' title='bbox 233 2442 270 2467; x_wconf 88' lang='lat' dir='ltr'>A,</span> <span class='ocrx_word' id='word_1_544' title='bbox 291 2443 322 2462; x_wconf 70' lang='lat' dir='ltr'>rc.</span> <span class='ocrx_word' id='word_1_545' title='bbox 346 2434 445 2469; x_wconf 58' lang='lat' dir='ltr'>[viam</span> <span class='ocrx_word' id='word_1_546' title='bbox 469 2430 571 2468; x_wconf 56' lang='grc' dir='ltr'>ςόλῶυ]</span> <span class='ocrx_word' id='word_1_547' title='bbox 592 2433 609 2461; x_wconf 92' lang='lat' dir='ltr'>i.</span> <span class='ocrx_word' id='word_1_548' title='bbox 624 2442 649 2461; x_wconf 89' lang='lat' dir='ltr'>e.</span> <span class='ocrx_word' id='word_1_549' title='bbox 672 2432 748 2468; x_wconf 86' lang='lat' dir='ltr'>quod</span> <span class='ocrx_word' id='word_1_550' title='bbox 767 2441 783 2460; x_wconf 88' lang='lat' dir='ltr'>a</span> <span class='ocrx_word' id='word_1_551' title='bbox 801 2430 898 2460; x_wconf 81' lang='lat' dir='ltr'>nostris</span> <span class='ocrx_word' id='word_1_552' title='bbox 918 2430 1005 2460; x_wconf 84' lang='lat' dir='ltr'>Pilare</span> <span class='ocrx_word' id='word_1_553' title='bbox 1025 2431 1136 2461; x_wconf 89' lang='lat' dir='ltr'>dicitur.</span> <span class='ocrx_word' id='word_1_554' title='bbox 1178 2432 1222 2462; x_wconf 90' lang='lat' dir='ltr'>Est</span> 
     </span>
    </p>
   </div>
   <div class='ocr_carea' id='block_1_19' title="bbox 93 2469 1222 2507">
    <p class='ocr_par' dir='ltr' id='par_1_20' title="bbox 93 2469 1222 2507">
     <span class='ocr_line' id='line_1_64' title="bbox 93 2469 1222 2507; baseline 0.002 -9"><span class='ocrx_word' id='word_1_555' title='bbox 93 2477 186 2499; x_wconf 86' lang='lat' dir='ltr'>autem</span> <span class='ocrx_word' id='word_1_556' title='bbox 197 2469 257 2500; x_wconf 76' lang='lat' dir='ltr'>liaec</span> <span class='ocrx_word' id='word_1_557' title='bbox 268 2470 426 2500; x_wconf 78' lang='lat' dir='ltr'>differentia</span> <span class='ocrx_word' id='word_1_558' title='bbox 438 2470 509 2500; x_wconf 87' lang='lat' dir='ltr'>inter</span> <span class='ocrx_word' id='word_1_559' title='bbox 522 2470 673 2500; x_wconf 85' lang='lat' dir='ltr'>Columnas</span> <span class='ocrx_word' id='word_1_560' title='bbox 685 2491 692 2504; x_wconf 81' lang='grc'><em>,</em></span> <span class='ocrx_word' id='word_1_561' title='bbox 715 2479 775 2507; x_wconf 84' lang='lat' dir='ltr'>quae</span> <span class='ocrx_word' id='word_1_562' title='bbox 785 2479 800 2498; x_wconf 87' lang='lat' dir='ltr'>a</span> <span class='ocrx_word' id='word_1_563' title='bbox 814 2469 915 2499; x_wconf 77' lang='lat' dir='ltr'>Graecis</span> <span class='ocrx_word' id='word_1_564' title='bbox 925 2471 1008 2505; x_wconf 65' lang='grc' dir='ltr'>κίενες,</span> <span class='ocrx_word' id='word_1_565' title='bbox 1030 2471 1056 2499; x_wconf 87' lang='lat'>&amp;</span> <span class='ocrx_word' id='word_1_566' title='bbox 1069 2469 1148 2505; x_wconf 86' lang='lat' dir='ltr'>Pilas,</span> <span class='ocrx_word' id='word_1_567' title='bbox 1161 2481 1222 2507; x_wconf 85' lang='lat' dir='ltr'>quae</span> 
     </span>
    </p>
   </div>
   <div class='ocr_carea' id='block_1_20' title="bbox 49 2507 1223 2546">
    <p class='ocr_par' dir='ltr' id='par_1_21' title="bbox 49 2507 1223 2546">
     <span class='ocr_line' id='line_1_65' title="bbox 49 2507 1223 2546; baseline 0.001 -10"><span class='ocrx_word' id='word_1_568' title='bbox 49 2534 52 2543; x_wconf 74' lang='grc'><em>,</em></span> <span class='ocrx_word' id='word_1_569' title='bbox 93 2508 167 2536; x_wconf 59' lang='lat' dir='ltr'>stiam</span> <span class='ocrx_word' id='word_1_570' title='bbox 178 2508 326 2538; x_wconf 88' lang='lat' dir='ltr'>dicuntur:</span> <span class='ocrx_word' id='word_1_571' title='bbox 350 2509 425 2546; x_wconf 87' lang='lat' dir='ltr'>quod</span> <span class='ocrx_word' id='word_1_572' title='bbox 437 2509 582 2538; x_wconf 86' lang='lat' dir='ltr'>Columnae</span> <span class='ocrx_word' id='word_1_573' title='bbox 597 2518 654 2537; x_wconf 90' lang='lat' dir='ltr'>uno</span> <span class='ocrx_word' id='word_1_574' title='bbox 663 2507 745 2545; x_wconf 83' lang='lat' dir='ltr'>scapo</span> <span class='ocrx_word' id='word_1_575' title='bbox 757 2507 899 2541; x_wconf 74' lang='lat' dir='ltr'>constant,</span> <span class='ocrx_word' id='word_1_576' title='bbox 922 2508 950 2536; x_wconf 88' lang='lat' dir='ltr'>id</span> <span class='ocrx_word' id='word_1_577' title='bbox 966 2508 1004 2537; x_wconf 87' lang='lat' dir='ltr'>est</span> <span class='ocrx_word' id='word_1_578' title='bbox 1014 2508 1107 2545; x_wconf 87' lang='lat' dir='ltr'>lapide</span> <span class='ocrx_word' id='word_1_579' title='bbox 1120 2508 1223 2537; x_wconf 88' lang='lat' dir='ltr'>oblon-</span> 
     </span>
    </p>
   </div>
   <div class='ocr_carea' id='block_1_21' title="bbox 91 2545 1223 2813">
    <p class='ocr_par' dir='ltr' id='par_1_22' title="bbox 91 2545 1222 2584">
     <span class='ocr_line' id='line_1_66' title="bbox 91 2545 1222 2584; baseline 0.002 -10"><span class='ocrx_word' id='word_1_580' title='bbox 91 2555 127 2582; x_wconf 86' lang='lat' dir='ltr'>go</span> <span class='ocrx_word' id='word_1_581' title='bbox 139 2554 292 2584; x_wconf 88' lang='lat' dir='ltr'>perpetuo:</span> <span class='ocrx_word' id='word_1_582' title='bbox 315 2547 378 2576; x_wconf 81' lang='lat' dir='ltr'>Pilae</span> <span class='ocrx_word' id='word_1_583' title='bbox 390 2554 483 2576; x_wconf 86' lang='lat' dir='ltr'>autem</span> <span class='ocrx_word' id='word_1_584' title='bbox 494 2547 627 2576; x_wconf 69' lang='lat' dir='ltr'>structura</span> <span class='ocrx_word' id='word_1_585' title='bbox 636 2546 763 2575; x_wconf 80' lang='lat' dir='ltr'>constant</span> <span class='ocrx_word' id='word_1_586' title='bbox 774 2552 820 2575; x_wconf 86' lang='lat' dir='ltr'>aut</span> <span class='ocrx_word' id='word_1_587' title='bbox 829 2545 942 2583; x_wconf 87' lang='lat' dir='ltr'>lapidea</span> <span class='ocrx_word' id='word_1_588' title='bbox 955 2568 963 2581; x_wconf 93' lang='lat'>,</span> <span class='ocrx_word' id='word_1_589' title='bbox 985 2553 1031 2575; x_wconf 89' lang='lat' dir='ltr'>aut</span> <span class='ocrx_word' id='word_1_590' title='bbox 1043 2547 1222 2583; x_wconf 77' lang='lat' dir='ltr'>caementitia,</span> 
     </span>
    </p>

    <p class='ocr_par' dir='ltr' id='par_1_23' title="bbox 94 2583 444 2614">
     <span class='ocr_line' id='line_1_67' title="bbox 94 2583 444 2614; baseline 0.006 -2"><span class='ocrx_word' id='word_1_591' title='bbox 94 2591 143 2612; x_wconf 89' lang='lat' dir='ltr'>aut</span> <span class='ocrx_word' id='word_1_592' title='bbox 160 2583 285 2614; x_wconf 86' lang='lat' dir='ltr'>lateritia.</span> <span class='ocrx_word' id='word_1_593' title='bbox 317 2585 444 2614; x_wconf 75' lang='lat' dir='ltr'>Budaeus.</span> 
     </span>
    </p>

    <p class='ocr_par' dir='ltr' id='par_1_24' title="bbox 93 2620 1223 2738">
     <span class='ocr_line' id='line_1_68' title="bbox 93 2620 1221 2661; baseline 0.003 -11"><span class='ocrx_word' id='word_1_594' title='bbox 93 2620 240 2651; x_wconf 76' lang='lat' dir='ltr'>Columnae</span> <span class='ocrx_word' id='word_1_595' title='bbox 259 2630 351 2661; x_wconf 79' lang='lat' dir='ltr'>partes</span> <span class='ocrx_word' id='word_1_596' title='bbox 367 2623 429 2652; x_wconf 90' lang='lat' dir='ltr'>sunt</span> <span class='ocrx_word' id='word_1_597' title='bbox 441 2645 450 2659; x_wconf 85' lang='lat'>,</span> <span class='ocrx_word' id='word_1_598' title='bbox 471 2623 576 2661; x_wconf 88' lang='lat' dir='ltr'>Scapus</span> <span class='ocrx_word' id='word_1_599' title='bbox 598 2621 673 2660; x_wconf 87' lang='lat' dir='ltr'>quasi</span> <span class='ocrx_word' id='word_1_600' title='bbox 692 2620 832 2651; x_wconf 83' lang='lat' dir='ltr'>columnae</span> <span class='ocrx_word' id='word_1_601' title='bbox 849 2630 969 2659; x_wconf 85' lang='lat' dir='ltr'>eorpus;</span> <span class='ocrx_word' id='word_1_602' title='bbox 991 2620 1071 2659; x_wconf 88' lang='lat' dir='ltr'>supra</span> <span class='ocrx_word' id='word_1_603' title='bbox 1085 2622 1198 2661; x_wconf 87' lang='lat' dir='ltr'>scapum</span> <span class='ocrx_word' id='word_1_604' title='bbox 1210 2644 1221 2659; x_wconf 82' lang='lat'>‚</span> 
     </span>
     <span class='ocr_line' id='line_1_69' title="bbox 112 2659 1223 2699; baseline 0.003 -11"><span class='ocrx_word' id='word_1_605' title='bbox 112 2660 287 2697; x_wconf 88' lang='lat' dir='ltr'>capitulum:</span> <span class='ocrx_word' id='word_1_606' title='bbox 311 2662 380 2690; x_wconf 85' lang='lat' dir='ltr'>infra</span> <span class='ocrx_word' id='word_1_607' title='bbox 388 2661 500 2699; x_wconf 85' lang='lat' dir='ltr'>scapum</span> <span class='ocrx_word' id='word_1_608' title='bbox 515 2682 524 2695; x_wconf 85' lang='lat'>.,</span> <span class='ocrx_word' id='word_1_609' title='bbox 544 2660 614 2698; x_wconf 84' lang='lat' dir='ltr'>spira</span> <span class='ocrx_word' id='word_1_610' title='bbox 627 2683 634 2696; x_wconf 84' lang='lat'><strong>‚</strong></span> <span class='ocrx_word' id='word_1_611' title='bbox 656 2670 716 2698; x_wconf 81' lang='lat' dir='ltr'>quae</span> <span class='ocrx_word' id='word_1_612' title='bbox 725 2659 793 2689; x_wconf 87' lang='lat' dir='ltr'>basis</span> <span class='ocrx_word' id='word_1_613' title='bbox 803 2659 875 2697; x_wconf 82' lang='lat' dir='ltr'>saepe</span> <span class='ocrx_word' id='word_1_614' title='bbox 886 2659 1020 2698; x_wconf 88' lang='lat' dir='ltr'>appellari</span> <span class='ocrx_word' id='word_1_615' title='bbox 1030 2659 1115 2692; x_wconf 89' lang='lat' dir='ltr'>solet:</span> <span class='ocrx_word' id='word_1_616' title='bbox 1139 2661 1223 2691; x_wconf 83' lang='lat' dir='ltr'>infra-</span> 
     </span>
     <span class='ocr_line' id='line_1_70' title="bbox 113 2698 636 2738; baseline 0.002 -12"><span class='ocrx_word' id='word_1_617' title='bbox 113 2707 168 2735; x_wconf 79' lang='lat' dir='ltr'>que</span> <span class='ocrx_word' id='word_1_618' title='bbox 181 2698 290 2736; x_wconf 81' lang='lat' dir='ltr'>spiram,</span> <span class='ocrx_word' id='word_1_619' title='bbox 310 2700 469 2738; x_wconf 83' lang='lat' dir='ltr'>stylobatcs.</span> <span class='ocrx_word' id='word_1_620' title='bbox 509 2699 636 2728; x_wconf 81' lang='lat' dir='ltr'>Budaeus.</span> 
     </span>
    </p>

    <p class='ocr_par' dir='ltr' id='par_1_25' title="bbox 93 2734 874 2773">
     <span class='ocr_line' id='line_1_71' title="bbox 93 2734 874 2773; baseline 0.001 -10"><span class='ocrx_word' id='word_1_621' title='bbox 93 2734 239 2765; x_wconf 65' lang='lat' dir='ltr'>Columnae</span> <span class='ocrx_word' id='word_1_622' title='bbox 250 2737 330 2766; x_wconf 56' lang='lat' dir='ltr'>diflae</span> <span class='ocrx_word' id='word_1_623' title='bbox 341 2760 348 2769; x_wconf 83' lang='lat'>.</span> <span class='ocrx_word' id='word_1_624' title='bbox 371 2737 446 2773; x_wconf 89' lang='lat' dir='ltr'>quod</span> <span class='ocrx_word' id='word_1_625' title='bbox 456 2736 580 2766; x_wconf 85' lang='lat' dir='ltr'>culmina</span> <span class='ocrx_word' id='word_1_626' title='bbox 591 2736 749 2766; x_wconf 86' lang='lat' dir='ltr'>sustineant.</span> <span class='ocrx_word' id='word_1_627' title='bbox 772 2734 874 2765; x_wconf 74' lang='lat' dir='ltr'>Festus.</span> 
     </span>
    </p>

    <p class='ocr_par' dir='ltr' id='par_1_26' title="bbox 93 2773 1219 2813">
     <span class='ocr_line' id='line_1_72' title="bbox 93 2773 1219 2813; baseline 0.002 -11"><span class='ocrx_word' id='word_1_628' title='bbox 93 2773 241 2804; x_wconf 81' lang='lat' dir='ltr'>Columnae</span> <span class='ocrx_word' id='word_1_629' title='bbox 253 2775 379 2805; x_wconf 83' lang='lat' dir='ltr'>Herculis</span> <span class='ocrx_word' id='word_1_630' title='bbox 392 2776 453 2805; x_wconf 83' lang='lat' dir='ltr'>duae</span> <span class='ocrx_word' id='word_1_631' title='bbox 465 2774 518 2804; x_wconf 79' lang='lat' dir='ltr'>esse</span> <span class='ocrx_word' id='word_1_632' title='bbox 534 2775 715 2813; x_wconf 86' lang='lat' dir='ltr'>perhibentur</span> <span class='ocrx_word' id='word_1_633' title='bbox 728 2774 756 2802; x_wconf 87' lang='lat' dir='ltr'>in</span> <span class='ocrx_word' id='word_1_634' title='bbox 768 2773 927 2803; x_wconf 84' lang='lat' dir='ltr'>Occidente</span> <span class='ocrx_word' id='word_1_635' title='bbox 941 2783 948 2803; x_wconf 91' lang='lat'><strong>:</strong></span> <span class='ocrx_word' id='word_1_636' title='bbox 970 2775 1035 2810; x_wconf 84' lang='lat' dir='ltr'>quia</span> <span class='ocrx_word' id='word_1_637' title='bbox 1049 2783 1085 2804; x_wconf 85' lang='lat' dir='ltr'>ex</span> <span class='ocrx_word' id='word_1_638' title='bbox 1092 2774 1219 2811; x_wconf 77' lang='lat' dir='ltr'>Oceano,</span> 
     </span>
    </p>
   </div>
   <div class='ocr_carea' id='block_1_22' title="bbox 112 2813 1224 2888">
    <p class='ocr_par' dir='ltr' id='par_1_27' title="bbox 112 2813 1224 2888">
     <span class='ocr_line' id='line_1_73' title="bbox 112 2813 1224 2849; baseline 0.002 -9"><span class='ocrx_word' id='word_1_639' title='bbox 112 2821 190 2841; x_wconf 88' lang='lat' dir='ltr'>mare</span> <span class='ocrx_word' id='word_1_640' title='bbox 204 2813 438 2843; x_wconf 87' lang='lat' dir='ltr'>mediterraneum</span> <span class='ocrx_word' id='word_1_641' title='bbox 447 2813 632 2847; x_wconf 82' lang='lat' dir='ltr'>intrantibus,</span> <span class='ocrx_word' id='word_1_642' title='bbox 654 2813 711 2841; x_wconf 89' lang='lat' dir='ltr'>duo</span> <span class='ocrx_word' id='word_1_643' title='bbox 730 2818 839 2841; x_wconf 86' lang='lat' dir='ltr'>montes</span> <span class='ocrx_word' id='word_1_644' title='bbox 860 2819 1011 2841; x_wconf 89' lang='lat' dir='ltr'>occurrunt</span> <span class='ocrx_word' id='word_1_645' title='bbox 1023 2834 1032 2847; x_wconf 82' lang='lat'><strong>‚</strong></span> <span class='ocrx_word' id='word_1_646' title='bbox 1053 2822 1171 2849; x_wconf 90' lang='lat' dir='ltr'>quorum</span> <span class='ocrx_word' id='word_1_647' title='bbox 1184 2813 1224 2842; x_wconf 88' lang='lat' dir='ltr'>al-</span> 
     </span>
     <span class='ocr_line' id='line_1_74' title="bbox 112 2849 1224 2888; baseline 0.002 -10"><span class='ocrx_word' id='word_1_648' title='bbox 112 2855 202 2879; x_wconf 85' lang='lat' dir='ltr'>terum</span> <span class='ocrx_word' id='word_1_649' title='bbox 213 2852 241 2879; x_wconf 90' lang='lat' dir='ltr'>in</span> <span class='ocrx_word' id='word_1_650' title='bbox 256 2852 343 2881; x_wconf 85' lang='lat' dir='ltr'>Africa</span> <span class='ocrx_word' id='word_1_651' title='bbox 355 2851 470 2888; x_wconf 87' lang='lat' dir='ltr'>Abylam</span> <span class='ocrx_word' id='word_1_652' title='bbox 482 2858 584 2880; x_wconf 87' lang='lat' dir='ltr'>vocant</span> <span class='ocrx_word' id='word_1_653' title='bbox 598 2873 605 2885; x_wconf 83' lang='lat'><strong>‚</strong></span> <span class='ocrx_word' id='word_1_654' title='bbox 627 2850 745 2879; x_wconf 88' lang='lat' dir='ltr'>alterum</span> <span class='ocrx_word' id='word_1_655' title='bbox 755 2850 784 2878; x_wconf 87' lang='lat' dir='ltr'>in</span> <span class='ocrx_word' id='word_1_656' title='bbox 797 2849 906 2887; x_wconf 84' lang='lat' dir='ltr'>Europa</span> <span class='ocrx_word' id='word_1_657' title='bbox 922 2850 1040 2887; x_wconf 82' lang='lat' dir='ltr'>Calpen.</span> <span class='ocrx_word' id='word_1_658' title='bbox 1064 2851 1123 2880; x_wconf 86' lang='lat' dir='ltr'>Hos</span> <span class='ocrx_word' id='word_1_659' title='bbox 1133 2861 1224 2888; x_wconf 89' lang='lat' dir='ltr'>quon-</span> 
     </span>
    </p>
   </div>
   <div class='ocr_carea' id='block_1_23' title="bbox 93 2886 1222 3117">
    <p class='ocr_par' dir='ltr' id='par_1_28' title="bbox 111 2886 1222 3082">
     <span class='ocr_line' id='line_1_75' title="bbox 113 2886 1221 2927; baseline 0.002 -11"><span class='ocrx_word' id='word_1_660' title='bbox 113 2887 176 2916; x_wconf 88' lang='lat' dir='ltr'>dam</span> <span class='ocrx_word' id='word_1_661' title='bbox 193 2889 303 2924; x_wconf 61' lang='lat' dir='ltr'>junctos</span> <span class='ocrx_word' id='word_1_662' title='bbox 321 2897 459 2927; x_wconf 87' lang='lat' dir='ltr'>perpetuo</span> <span class='ocrx_word' id='word_1_663' title='bbox 480 2889 547 2926; x_wconf 77' lang='lat' dir='ltr'>jugo</span> <span class='ocrx_word' id='word_1_664' title='bbox 571 2888 650 2918; x_wconf 77' lang='lat' dir='ltr'>fuisse</span> <span class='ocrx_word' id='word_1_665' title='bbox 670 2888 829 2921; x_wconf 81' lang='lat' dir='ltr'>finxerunt,</span> <span class='ocrx_word' id='word_1_666' title='bbox 851 2886 898 2916; x_wconf 90' lang='lat' dir='ltr'>sed</span> <span class='ocrx_word' id='word_1_667' title='bbox 913 2888 1062 2918; x_wconf 87' lang='lat' dir='ltr'>Herculem</span> <span class='ocrx_word' id='word_1_668' title='bbox 1082 2889 1221 2919; x_wconf 78' lang='lat' dir='ltr'>diremisse</span> 
     </span>
     <span class='ocr_line' id='line_1_76' title="bbox 112 2925 1221 2965; baseline 0.002 -11"><span class='ocrx_word' id='word_1_669' title='bbox 112 2925 209 2955; x_wconf 87' lang='lat' dir='ltr'>colles.</span> <span class='ocrx_word' id='word_1_670' title='bbox 241 2927 326 2964; x_wconf 83' lang='lat' dir='ltr'>Aliqui</span> <span class='ocrx_word' id='word_1_671' title='bbox 340 2936 434 2957; x_wconf 88' lang='lat' dir='ltr'>tamen</span> <span class='ocrx_word' id='word_1_672' title='bbox 445 2926 496 2956; x_wconf 91' lang='lat' dir='ltr'>hos</span> <span class='ocrx_word' id='word_1_673' title='bbox 507 2935 617 2956; x_wconf 86' lang='lat' dir='ltr'>montes</span> <span class='ocrx_word' id='word_1_674' title='bbox 627 2926 726 2965; x_wconf 87' lang='lat' dir='ltr'>procul</span> <span class='ocrx_word' id='word_1_675' title='bbox 738 2925 926 2963; x_wconf 66' lang='lat' dir='ltr'>spectantibus</span> <span class='ocrx_word' id='word_1_676' title='bbox 938 2927 1063 2959; x_wconf 81' lang='lat' dir='ltr'>geminas</span> <span class='ocrx_word' id='word_1_677' title='bbox 1074 2926 1221 2956; x_wconf 89' lang='lat' dir='ltr'>columnas</span> 
     </span>
     <span class='ocr_line' id='line_1_77' title="bbox 111 2963 1220 2996; baseline 0.003 -4"><span class='ocrx_word' id='word_1_678' title='bbox 111 2963 198 2993; x_wconf 87' lang='lat' dir='ltr'>videri</span> <span class='ocrx_word' id='word_1_679' title='bbox 213 2964 319 2996; x_wconf 91' lang='lat' dir='ltr'>dicunt.</span> <span class='ocrx_word' id='word_1_680' title='bbox 363 2965 525 2995; x_wconf 87' lang='lat' dir='ltr'>Aliidicunt</span> <span class='ocrx_word' id='word_1_681' title='bbox 536 2965 688 2994; x_wconf 81' lang='lat' dir='ltr'>Columnas</span> <span class='ocrx_word' id='word_1_682' title='bbox 701 2963 828 2993; x_wconf 87' lang='lat' dir='ltr'>Herculis</span> <span class='ocrx_word' id='word_1_683' title='bbox 844 2964 873 2992; x_wconf 87' lang='lat' dir='ltr'>in</span> <span class='ocrx_word' id='word_1_684' title='bbox 888 2964 1025 2994; x_wconf 87' lang='lat' dir='ltr'>Gaditana</span> <span class='ocrx_word' id='word_1_685' title='bbox 1036 2964 1123 2994; x_wconf 83' lang='lat' dir='ltr'>insula</span> <span class='ocrx_word' id='word_1_686' title='bbox 1140 2965 1220 2995; x_wconf 79' lang='lat' dir='ltr'>fuisse</span> 
     </span>
     <span class='ocr_line' id='line_1_78' title="bbox 112 3001 1222 3041; baseline 0.003 -11"><span class='ocrx_word' id='word_1_687' title='bbox 112 3011 148 3031; x_wconf 83' lang='lat' dir='ltr'>ex</span> <span class='ocrx_word' id='word_1_688' title='bbox 163 3012 215 3031; x_wconf 63' lang='lat' dir='ltr'>{tre</span> <span class='ocrx_word' id='word_1_689' title='bbox 223 3004 286 3032; x_wconf 66' lang='lat' dir='ltr'>octo</span> <span class='ocrx_word' id='word_1_690' title='bbox 297 3003 455 3032; x_wconf 89' lang='lat' dir='ltr'>cubitorum</span> <span class='ocrx_word' id='word_1_691' title='bbox 466 3025 473 3037; x_wconf 85' lang='lat'>,</span> <span class='ocrx_word' id='word_1_692' title='bbox 495 3003 530 3032; x_wconf 91' lang='lat' dir='ltr'>ad</span> <span class='ocrx_word' id='word_1_693' title='bbox 541 3012 607 3039; x_wconf 90' lang='lat' dir='ltr'>quas</span> <span class='ocrx_word' id='word_1_694' title='bbox 620 3001 755 3040; x_wconf 81' lang='lat' dir='ltr'>proficisci</span> <span class='ocrx_word' id='word_1_695' title='bbox 765 3001 889 3031; x_wconf 84' lang='lat' dir='ltr'>solebant</span> <span class='ocrx_word' id='word_1_696' title='bbox 899 3003 946 3041; x_wconf 87' lang='lat' dir='ltr'>qui</span> <span class='ocrx_word' id='word_1_697' title='bbox 957 3003 1164 3040; x_wconf 90' lang='lat' dir='ltr'>navigationem</span> <span class='ocrx_word' id='word_1_698' title='bbox 1175 3003 1222 3033; x_wconf 86' lang='lat' dir='ltr'>ab-</span> 
     </span>
     <span class='ocr_line' id='line_1_79' title="bbox 111 3039 860 3082; baseline -0.001 -14"><span class='ocrx_word' id='word_1_699' title='bbox 111 3039 253 3070; x_wconf 75' lang='lat' dir='ltr'>solvissent</span> <span class='ocrx_word' id='word_1_700' title='bbox 269 3063 276 3075; x_wconf 84' lang='lat'>,</span> <span class='ocrx_word' id='word_1_701' title='bbox 298 3048 431 3078; x_wconf 87' lang='lat' dir='ltr'>tanquam</span> <span class='ocrx_word' id='word_1_702' title='bbox 445 3040 560 3070; x_wconf 86' lang='lat' dir='ltr'>Herculi</span> <span class='ocrx_word' id='word_1_703' title='bbox 572 3040 644 3070; x_wconf 87' lang='lat' dir='ltr'>sacra</span> <span class='ocrx_word' id='word_1_704' title='bbox 659 3040 802 3070; x_wconf 86' lang='lat' dir='ltr'>facientes.</span> <span class='ocrx_word' id='word_1_705' title='bbox 856 3077 860 3082; x_wconf 24' lang='grc' dir='ltr'><strong>Α</strong></span> 
     </span>
    </p>

    <p class='ocr_par' dir='ltr' id='par_1_29' title="bbox 93 3076 1082 3117">
     <span class='ocr_line' id='line_1_80' title="bbox 93 3076 1082 3117; baseline 0.003 -11"><span class='ocrx_word' id='word_1_706' title='bbox 93 3078 206 3107; x_wconf 67' lang='lat' dir='ltr'>Albanae</span> <span class='ocrx_word' id='word_1_707' title='bbox 223 3078 362 3109; x_wconf 80' lang='lat' dir='ltr'>columna:</span> <span class='ocrx_word' id='word_1_708' title='bbox 375 3101 384 3114; x_wconf 71' lang='grc'><em>,</em></span> <span class='ocrx_word' id='word_1_709' title='bbox 408 3079 446 3108; x_wconf 86' lang='lat' dir='ltr'>Ex</span> <span class='ocrx_word' id='word_1_710' title='bbox 461 3079 554 3117; x_wconf 87' lang='lat' dir='ltr'>lapide</span> <span class='ocrx_word' id='word_1_711' title='bbox 568 3078 682 3108; x_wconf 83' lang='lat' dir='ltr'>Albano.</span> <span class='ocrx_word' id='word_1_712' title='bbox 706 3076 827 3114; x_wconf 80' lang='lat' dir='ltr'>Quintil.</span> <span class='ocrx_word' id='word_1_713' title='bbox 842 3076 892 3107; x_wconf 89' lang='lat' dir='ltr'>lib.</span> <span class='ocrx_word' id='word_1_714' title='bbox 910 3087 935 3114; x_wconf 83' lang='grc' dir='ltr'>ς.</span> <span class='ocrx_word' id='word_1_715' title='bbox 957 3087 1019 3116; x_wconf 86' lang='lat' dir='ltr'>cap.</span> <span class='ocrx_word' id='word_1_716' title='bbox 1038 3086 1082 3115; x_wconf 83' lang='lat'>13.</span> 
     </span>
    </p>
   </div>
   <div class='ocr_carea' id='block_1_24' title="bbox 38 3115 554 3155">
    <p class='ocr_par' dir='ltr' id='par_1_30' title="bbox 38 3115 554 3155">
     <span class='ocr_line' id='line_1_81' title="bbox 38 3115 554 3155; baseline 0 -10"><span class='ocrx_word' id='word_1_717' title='bbox 38 3147 40 3155; x_wconf 59' lang='lat'><em>,</em></span> <span class='ocrx_word' id='word_1_718' title='bbox 93 3115 236 3146; x_wconf 81' lang='lat' dir='ltr'>Centenae.</span> <span class='ocrx_word' id='word_1_719' title='bbox 260 3116 379 3146; x_wconf 85' lang='lat' dir='ltr'>Martial.</span> <span class='ocrx_word' id='word_1_720' title='bbox 392 3117 439 3146; x_wconf 87' lang='lat' dir='ltr'>lib.</span> <span class='ocrx_word' id='word_1_721' title='bbox 457 3126 498 3146; x_wconf 87' lang='lat'>12.</span> <span class='ocrx_word' id='word_1_722' title='bbox 512 3127 554 3152; x_wconf 79' lang='lat'>50.</span> 
     </span>
    </p>
   </div>
   <div class='ocr_carea' id='block_1_25' title="bbox 93 3153 951 3267">
    <p class='ocr_par' dir='ltr' id='par_1_31' title="bbox 93 3153 951 3267">
     <span class='ocr_line' id='line_1_82' title="bbox 187 3153 831 3193; baseline -0.002 -9"><span class='ocrx_word' id='word_1_723' title='bbox 187 3154 221 3184; x_wconf 88' lang='lat' dir='ltr'>Et</span> <span class='ocrx_word' id='word_1_724' title='bbox 231 3162 278 3184; x_wconf 91' lang='lat' dir='ltr'>tua</span> <span class='ocrx_word' id='word_1_725' title='bbox 288 3155 413 3185; x_wconf 88' lang='lat' dir='ltr'>centenis</span> <span class='ocrx_word' id='word_1_726' title='bbox 422 3155 472 3184; x_wconf 89' lang='lat' dir='ltr'>stat</span> <span class='ocrx_word' id='word_1_727' title='bbox 483 3155 606 3193; x_wconf 90' lang='lat' dir='ltr'>porticus</span> <span class='ocrx_word' id='word_1_728' title='bbox 616 3154 671 3184; x_wconf 88' lang='lat' dir='ltr'>alta</span> <span class='ocrx_word' id='word_1_729' title='bbox 680 3153 831 3184; x_wconf 87' lang='lat' dir='ltr'>columnis.</span> 
     </span>
     <span class='ocr_line' id='line_1_83' title="bbox 93 3191 552 3222; baseline 0.002 -2"><span class='ocrx_word' id='word_1_730' title='bbox 93 3191 216 3222; x_wconf 85' lang='lat' dir='ltr'>Excelsa.</span> <span class='ocrx_word' id='word_1_731' title='bbox 240 3193 298 3222; x_wconf 88' lang='lat' dir='ltr'>Cic.</span> <span class='ocrx_word' id='word_1_732' title='bbox 314 3203 335 3222; x_wconf 87' lang='lat'>1.</span> <span class='ocrx_word' id='word_1_733' title='bbox 349 3194 384 3222; x_wconf 90' lang='lat' dir='ltr'>de</span> <span class='ocrx_word' id='word_1_734' title='bbox 399 3193 492 3222; x_wconf 88' lang='lat' dir='ltr'>Divin.</span> <span class='ocrx_word' id='word_1_735' title='bbox 507 3202 552 3222; x_wconf 84' lang='lat'>20.</span> 
     </span>
     <span class='ocr_line' id='line_1_84' title="bbox 93 3228 951 3267; baseline 0 -8"><span class='ocrx_word' id='word_1_736' title='bbox 93 3229 232 3259; x_wconf 84' lang='lat' dir='ltr'>Immanes</span> <span class='ocrx_word' id='word_1_737' title='bbox 242 3231 386 3260; x_wconf 88' lang='lat' dir='ltr'>columnas</span> <span class='ocrx_word' id='word_1_738' title='bbox 396 3231 510 3267; x_wconf 90' lang='lat' dir='ltr'>rupibus</span> <span class='ocrx_word' id='word_1_739' title='bbox 522 3230 662 3260; x_wconf 84' lang='lat' dir='ltr'>excidere.</span> <span class='ocrx_word' id='word_1_740' title='bbox 683 3229 757 3267; x_wconf 90' lang='lat' dir='ltr'>Virg.</span> <span class='ocrx_word' id='word_1_741' title='bbox 772 3236 796 3259; x_wconf 84' lang='lat'>1.</span> <span class='ocrx_word' id='word_1_742' title='bbox 808 3228 873 3259; x_wconf 78' lang='lat' dir='ltr'>AEn.</span> <span class='ocrx_word' id='word_1_743' title='bbox 886 3236 951 3265; x_wconf 82' lang='lat'>432.</span> 
     </span>
    </p>
   </div>
   <div class='ocr_carea' id='block_1_26' title="bbox 23 3267 576 3307">
    <p class='ocr_par' dir='ltr' id='par_1_32' title="bbox 23 3267 576 3307">
     <span class='ocr_line' id='line_1_85' title="bbox 23 3267 576 3307; baseline 0.005 -12"><span class='ocrx_word' id='word_1_744' title='bbox 23 3270 27 3280; x_wconf 63' lang='lat'>⁴*</span> <span class='ocrx_word' id='word_1_745' title='bbox 41 3277 43 3295; x_wconf 64' lang='lat' dir='ltr'>v.</span> <span class='ocrx_word' id='word_1_746' title='bbox 93 3267 267 3298; x_wconf 68' lang='lat' dir='ltr'>Marmoreae.</span> <span class='ocrx_word' id='word_1_747' title='bbox 292 3268 349 3299; x_wconf 89' lang='lat' dir='ltr'>Cic.</span> <span class='ocrx_word' id='word_1_748' title='bbox 366 3278 417 3307; x_wconf 91' lang='lat' dir='ltr'>pro</span> <span class='ocrx_word' id='word_1_749' title='bbox 430 3268 521 3298; x_wconf 91' lang='lat' dir='ltr'>Domo</span> <span class='ocrx_word' id='word_1_750' title='bbox 531 3272 576 3298; x_wconf 88' lang='lat'>62.</span> 
     </span>
    </p>
   </div>
   <div class='ocr_carea' id='block_1_27' title="bbox 93 3304 1221 3911">
    <p class='ocr_par' dir='ltr' id='par_1_33' title="bbox 93 3304 1221 3803">
     <span class='ocr_line' id='line_1_86' title="bbox 93 3304 1219 3343; baseline 0 -7"><span class='ocrx_word' id='word_1_751' title='bbox 93 3305 190 3336; x_wconf 77' lang='lat' dir='ltr'>Menia</span> <span class='ocrx_word' id='word_1_752' title='bbox 202 3306 342 3336; x_wconf 89' lang='lat' dir='ltr'>columna.</span> <span class='ocrx_word' id='word_1_753' title='bbox 381 3306 439 3336; x_wconf 88' lang='lat' dir='ltr'>Cic.</span> <span class='ocrx_word' id='word_1_754' title='bbox 455 3316 477 3336; x_wconf 92' lang='lat' dir='ltr'>r.</span> <span class='ocrx_word' id='word_1_755' title='bbox 490 3306 564 3335; x_wconf 88' lang='lat' dir='ltr'>Verr.</span> <span class='ocrx_word' id='word_1_756' title='bbox 580 3316 622 3341; x_wconf 86' lang='grc' dir='ltr'>ςο.</span> <span class='ocrx_word' id='word_1_757' title='bbox 646 3304 733 3334; x_wconf 85' lang='lat' dir='ltr'>Vobis</span> <span class='ocrx_word' id='word_1_758' title='bbox 743 3310 836 3335; x_wconf 85' lang='lat' dir='ltr'>autem</span> <span class='ocrx_word' id='word_1_759' title='bbox 849 3310 924 3334; x_wconf 83' lang='lat' dir='ltr'>tanta</span> <span class='ocrx_word' id='word_1_760' title='bbox 933 3304 1031 3343; x_wconf 85' lang='lat' dir='ltr'>inopia</span> <span class='ocrx_word' id='word_1_761' title='bbox 1039 3313 1150 3336; x_wconf 83' lang='lat' dir='ltr'>reorum</span> <span class='ocrx_word' id='word_1_762' title='bbox 1159 3306 1198 3336; x_wconf 89' lang='lat' dir='ltr'>est</span> <span class='ocrx_word' id='word_1_763' title='bbox 1209 3328 1219 3342; x_wconf 85' lang='lat'>,</span> 
     </span>
     <span class='ocr_line' id='line_1_87' title="bbox 113 3343 1221 3383; baseline 0.003 -11"><span class='ocrx_word' id='word_1_764' title='bbox 113 3351 145 3373; x_wconf 88' lang='lat' dir='ltr'>ut</span> <span class='ocrx_word' id='word_1_765' title='bbox 160 3344 348 3374; x_wconf 85' lang='lat' dir='ltr'>mihicausam</span> <span class='ocrx_word' id='word_1_766' title='bbox 366 3345 512 3383; x_wconf 79' lang='lat' dir='ltr'>praeripere</span> <span class='ocrx_word' id='word_1_767' title='bbox 527 3344 669 3374; x_wconf 87' lang='lat' dir='ltr'>conemini</span> <span class='ocrx_word' id='word_1_768' title='bbox 685 3343 778 3380; x_wconf 87' lang='lat' dir='ltr'>potius</span> <span class='ocrx_word' id='word_1_769' title='bbox 790 3365 797 3378; x_wconf 85' lang='lat'><strong>‚</strong></span> <span class='ocrx_word' id='word_1_770' title='bbox 821 3352 903 3380; x_wconf 88' lang='lat' dir='ltr'>quani</span> <span class='ocrx_word' id='word_1_771' title='bbox 924 3343 1032 3380; x_wconf 85' lang='lat' dir='ltr'>aliquos</span> <span class='ocrx_word' id='word_1_772' title='bbox 1051 3354 1066 3373; x_wconf 91' lang='lat' dir='ltr'>a</span> <span class='ocrx_word' id='word_1_773' title='bbox 1086 3344 1221 3375; x_wconf 87' lang='lat' dir='ltr'>columna</span> 
     </span>
     <span class='ocr_line' id='line_1_88' title="bbox 111 3380 1220 3420; baseline 0.001 -9"><span class='ocrx_word' id='word_1_774' title='bbox 111 3381 210 3412; x_wconf 74' lang='lat' dir='ltr'>Meuia</span> <span class='ocrx_word' id='word_1_775' title='bbox 221 3383 300 3412; x_wconf 86' lang='lat' dir='ltr'>vestri</span> <span class='ocrx_word' id='word_1_776' title='bbox 315 3382 419 3412; x_wconf 88' lang='lat' dir='ltr'>ordinis</span> <span class='ocrx_word' id='word_1_777' title='bbox 430 3392 491 3412; x_wconf 88' lang='lat' dir='ltr'>reos</span> <span class='ocrx_word' id='word_1_778' title='bbox 509 3382 653 3420; x_wconf 89' lang='lat' dir='ltr'>reperiatis</span> <span class='ocrx_word' id='word_1_779' title='bbox 664 3383 677 3410; x_wconf 70' lang='lat' dir='ltr'>i&gt;</span> <span class='ocrx_word' id='word_1_780' title='bbox 705 3381 819 3411; x_wconf 83' lang='lat' dir='ltr'>Meuius</span> <span class='ocrx_word' id='word_1_781' title='bbox 840 3382 896 3417; x_wconf 91' lang='lat' dir='ltr'>(ut</span> <span class='ocrx_word' id='word_1_782' title='bbox 917 3380 955 3409; x_wconf 92' lang='lat' dir='ltr'>ibi</span> <span class='ocrx_word' id='word_1_783' title='bbox 972 3382 1010 3411; x_wconf 90' lang='lat' dir='ltr'>aii:</span> <span class='ocrx_word' id='word_1_784' title='bbox 1026 3381 1157 3411; x_wconf 88' lang='lat' dir='ltr'>Asconius</span> <span class='ocrx_word' id='word_1_785' title='bbox 1173 3383 1220 3412; x_wconf 76' lang='lat' dir='ltr'>l’e-</span> 
     </span>
     <span class='ocr_line' id='line_1_89' title="bbox 113 3418 1218 3458; baseline 0.001 -10"><span class='ocrx_word' id='word_1_786' title='bbox 113 3420 234 3455; x_wconf 84' lang='lat' dir='ltr'>dianus)</span> <span class='ocrx_word' id='word_1_787' title='bbox 256 3430 343 3458; x_wconf 91' lang='lat' dir='ltr'>quum</span> <span class='ocrx_word' id='word_1_788' title='bbox 355 3421 471 3450; x_wconf 88' lang='lat' dir='ltr'>domum</span> <span class='ocrx_word' id='word_1_789' title='bbox 483 3420 558 3450; x_wconf 82' lang='lat' dir='ltr'>suam</span> <span class='ocrx_word' id='word_1_790' title='bbox 570 3420 705 3450; x_wconf 84' lang='lat' dir='ltr'>venderet</span> <span class='ocrx_word' id='word_1_791' title='bbox 726 3419 843 3453; x_wconf 83' lang='lat' dir='ltr'>Catoni,</span> <span class='ocrx_word' id='word_1_792' title='bbox 866 3421 890 3449; x_wconf 72' lang='lat' dir='ltr'>Sc</span> <span class='ocrx_word' id='word_1_793' title='bbox 912 3418 1012 3448; x_wconf 88' lang='lat' dir='ltr'>Flacco</span> <span class='ocrx_word' id='word_1_794' title='bbox 1030 3419 1197 3449; x_wconf 88' lang='lat' dir='ltr'>Censoribus</span> <span class='ocrx_word' id='word_1_795' title='bbox 1210 3442 1218 3456; x_wconf 94' lang='lat'>,</span> 
     </span>
     <span class='ocr_line' id='line_1_90' title="bbox 112 3456 1219 3496; baseline 0.001 -9"><span class='ocrx_word' id='word_1_796' title='bbox 112 3457 194 3487; x_wconf 90' lang='lat' dir='ltr'>utibi</span> <span class='ocrx_word' id='word_1_797' title='bbox 205 3458 315 3488; x_wconf 87' lang='lat' dir='ltr'>basilica</span> <span class='ocrx_word' id='word_1_798' title='bbox 329 3459 526 3494; x_wconf 61' lang='lat' dir='ltr'>aedificaretur,</span> <span class='ocrx_word' id='word_1_799' title='bbox 547 3465 698 3495; x_wconf 83' lang='lat' dir='ltr'>exceperat</span> <span class='ocrx_word' id='word_1_800' title='bbox 717 3458 760 3493; x_wconf 89' lang='lat' dir='ltr'>jus</span> <span class='ocrx_word' id='word_1_801' title='bbox 781 3457 830 3485; x_wconf 86' lang='lat' dir='ltr'>sibi</span> <span class='ocrx_word' id='word_1_802' title='bbox 853 3457 935 3485; x_wconf 86' lang='lat' dir='ltr'>unius</span> <span class='ocrx_word' id='word_1_803' title='bbox 956 3456 1114 3494; x_wconf 69' lang='lat' dir='ltr'>columnae,</span> <span class='ocrx_word' id='word_1_804' title='bbox 1136 3457 1219 3496; x_wconf 88' lang='lat' dir='ltr'>super</span> 
     </span>
     <span class='ocr_line' id='line_1_91' title="bbox 110 3494 1220 3534; baseline -0.002 -10"><span class='ocrx_word' id='word_1_805' title='bbox 110 3505 196 3532; x_wconf 88' lang='lat' dir='ltr'>quarn</span> <span class='ocrx_word' id='word_1_806' title='bbox 206 3498 311 3526; x_wconf 60' lang='lat' dir='ltr'>tedium</span> <span class='ocrx_word' id='word_1_807' title='bbox 322 3498 471 3534; x_wconf 87' lang='lat' dir='ltr'>projiceret</span> <span class='ocrx_word' id='word_1_808' title='bbox 489 3506 524 3526; x_wconf 92' lang='lat' dir='ltr'>ex</span> <span class='ocrx_word' id='word_1_809' title='bbox 538 3495 748 3534; x_wconf 87' lang='lat' dir='ltr'>provolantibus</span> <span class='ocrx_word' id='word_1_810' title='bbox 762 3494 908 3524; x_wconf 85' lang='lat' dir='ltr'>tabulatis:</span> <span class='ocrx_word' id='word_1_811' title='bbox 932 3494 1008 3524; x_wconf 92' lang='lat' dir='ltr'>unde</span> <span class='ocrx_word' id='word_1_812' title='bbox 1027 3495 1085 3531; x_wconf 89' lang='lat' dir='ltr'>ipse</span> <span class='ocrx_word' id='word_1_813' title='bbox 1096 3518 1103 3530; x_wconf 84' lang='lat'><strong>‚</strong></span> <span class='ocrx_word' id='word_1_814' title='bbox 1126 3497 1152 3526; x_wconf 81' lang='lat'>&amp;</span> <span class='ocrx_word' id='word_1_815' title='bbox 1170 3507 1220 3533; x_wconf 87' lang='grc' dir='ltr'>ρο-</span> 
     </span>
     <span class='ocr_line' id='line_1_92' title="bbox 111 3532 1217 3576; baseline -0.002 -12"><span class='ocrx_word' id='word_1_816' title='bbox 111 3534 173 3564; x_wconf 88' lang='lat' dir='ltr'>steri</span> <span class='ocrx_word' id='word_1_817' title='bbox 185 3535 245 3571; x_wconf 90' lang='lat' dir='ltr'>ejus</span> <span class='ocrx_word' id='word_1_818' title='bbox 253 3534 374 3573; x_wconf 70' lang='lat' dir='ltr'>spectare</span> <span class='ocrx_word' id='word_1_819' title='bbox 382 3544 483 3564; x_wconf 89' lang='lat' dir='ltr'>munus</span> <span class='ocrx_word' id='word_1_820' title='bbox 496 3534 691 3572; x_wconf 86' lang='lat' dir='ltr'>gladiatorium</span> <span class='ocrx_word' id='word_1_821' title='bbox 702 3532 813 3571; x_wconf 81' lang='lat' dir='ltr'>possent</span> <span class='ocrx_word' id='word_1_822' title='bbox 828 3554 836 3567; x_wconf 88' lang='lat'>‚</span> <span class='ocrx_word' id='word_1_823' title='bbox 858 3532 934 3569; x_wconf 85' lang='lat' dir='ltr'>quod</span> <span class='ocrx_word' id='word_1_824' title='bbox 945 3534 1032 3576; x_wconf 41' lang='lat' dir='ltr'>etiam·</span> <span class='ocrx_word' id='word_1_825' title='bbox 1042 3541 1101 3562; x_wconf 91' lang='lat' dir='ltr'>tum</span> <span class='ocrx_word' id='word_1_826' title='bbox 1113 3535 1142 3562; x_wconf 89' lang='lat' dir='ltr'>in</span> <span class='ocrx_word' id='word_1_827' title='bbox 1156 3535 1217 3562; x_wconf 89' lang='lat' dir='ltr'>foro</span> 
     </span>
     <span class='ocr_line' id='line_1_93' title="bbox 112 3570 1219 3610; baseline 0.001 -10"><span class='ocrx_word' id='word_1_828' title='bbox 112 3572 236 3602; x_wconf 86' lang='lat' dir='ltr'>dabatur.</span> <span class='ocrx_word' id='word_1_829' title='bbox 258 3582 292 3602; x_wconf 87' lang='lat' dir='ltr'>ex</span> <span class='ocrx_word' id='word_1_830' title='bbox 302 3572 351 3602; x_wconf 91' lang='lat' dir='ltr'>illo</span> <span class='ocrx_word' id='word_1_831' title='bbox 365 3572 586 3610; x_wconf 88' lang='lat' dir='ltr'>igiturcolumna</span> <span class='ocrx_word' id='word_1_832' title='bbox 600 3571 695 3601; x_wconf 90' lang='lat' dir='ltr'>Menia</span> <span class='ocrx_word' id='word_1_833' title='bbox 706 3571 826 3601; x_wconf 84' lang='lat' dir='ltr'>vocitata</span> <span class='ocrx_word' id='word_1_834' title='bbox 836 3570 891 3605; x_wconf 75' lang='lat' dir='ltr'>est,</span> <span class='ocrx_word' id='word_1_835' title='bbox 912 3570 998 3599; x_wconf 89' lang='lat' dir='ltr'>causis</span> <span class='ocrx_word' id='word_1_836' title='bbox 1008 3571 1143 3605; x_wconf 72' lang='lat' dir='ltr'>eiusmodi</span> <span class='ocrx_word' id='word_1_837' title='bbox 1156 3571 1219 3601; x_wconf 85' lang='lat' dir='ltr'>soli·</span> 
     </span>
     <span class='ocr_line' id='line_1_94' title="bbox 111 3608 1217 3650; baseline 0 -11"><span class='ocrx_word' id='word_1_838' title='bbox 111 3611 156 3640; x_wconf 83' lang='lat' dir='ltr'>tis.</span> <span class='ocrx_word' id='word_1_839' title='bbox 195 3611 462 3640; x_wconf 84' lang='lat' dir='ltr'>Aderantautemhis</span> <span class='ocrx_word' id='word_1_840' title='bbox 472 3610 552 3639; x_wconf 85' lang='lat' dir='ltr'>rebus</span> <span class='ocrx_word' id='word_1_841' title='bbox 562 3617 715 3639; x_wconf 83' lang='lat' dir='ltr'>moratores</span> <span class='ocrx_word' id='word_1_842' title='bbox 731 3609 788 3646; x_wconf 91' lang='lat' dir='ltr'>apti</span> <span class='ocrx_word' id='word_1_843' title='bbox 798 3608 900 3637; x_wconf 83' lang='lat' dir='ltr'>talibus</span> <span class='ocrx_word' id='word_1_844' title='bbox 918 3608 1046 3650; x_wconf 77' lang='lat' dir='ltr'>negotiis.</span> <span class='ocrx_word' id='word_1_845' title='bbox 1088 3609 1122 3638; x_wconf 87' lang='lat' dir='ltr'>Et</span> <span class='ocrx_word' id='word_1_846' title='bbox 1134 3609 1217 3647; x_wconf 88' lang='lat' dir='ltr'>paulo</span> 
     </span>
     <span class='ocr_line' id='line_1_95' title="bbox 111 3646 1215 3685; baseline -0.001 -7"><span class='ocrx_word' id='word_1_847' title='bbox 111 3655 177 3678; x_wconf 80' lang='lat' dir='ltr'>ante</span> <span class='ocrx_word' id='word_1_848' title='bbox 188 3648 224 3677; x_wconf 92' lang='lat' dir='ltr'>ad</span> <span class='ocrx_word' id='word_1_849' title='bbox 235 3648 301 3683; x_wconf 81' lang='lat' dir='ltr'>illa,</span> <span class='ocrx_word' id='word_1_850' title='bbox 324 3648 407 3678; x_wconf 86' lang='lat' dir='ltr'>Vestri</span> <span class='ocrx_word' id='word_1_851' title='bbox 423 3648 528 3678; x_wconf 88' lang='lat' dir='ltr'>ordinis</span> <span class='ocrx_word' id='word_1_852' title='bbox 549 3657 627 3681; x_wconf 71' lang='lat' dir='ltr'>reos,</span> <span class='ocrx_word' id='word_1_853' title='bbox 653 3647 728 3676; x_wconf 87' lang='lat' dir='ltr'>Reos</span> <span class='ocrx_word' id='word_1_854' title='bbox 748 3646 835 3675; x_wconf 86' lang='lat' dir='ltr'>vestra</span> <span class='ocrx_word' id='word_1_855' title='bbox 855 3646 1015 3675; x_wconf 72' lang='lat' dir='ltr'>defensione</span> <span class='ocrx_word' id='word_1_856' title='bbox 1036 3648 1215 3685; x_wconf 83' lang='lat' dir='ltr'>condignos,</span> 
     </span>
     <span class='ocr_line' id='line_1_96' title="bbox 112 3684 1217 3727; baseline -0.004 -12"><span class='ocrx_word' id='word_1_857' title='bbox 112 3686 159 3715; x_wconf 89' lang='lat' dir='ltr'>vel</span> <span class='ocrx_word' id='word_1_858' title='bbox 168 3686 241 3716; x_wconf 89' lang='lat' dir='ltr'>fures</span> <span class='ocrx_word' id='word_1_859' title='bbox 252 3708 260 3721; x_wconf 82' lang='lat'><strong>‚</strong></span> <span class='ocrx_word' id='word_1_860' title='bbox 282 3688 307 3716; x_wconf 70' lang='grc' dir='ltr'>ἃ</span> <span class='ocrx_word' id='word_1_861' title='bbox 318 3686 408 3716; x_wconf 87' lang='lat' dir='ltr'>servos</span> <span class='ocrx_word' id='word_1_862' title='bbox 415 3696 537 3723; x_wconf 91' lang='lat' dir='ltr'>nequam</span> <span class='ocrx_word' id='word_1_863' title='bbox 548 3708 555 3721; x_wconf 96' lang='lat'>,</span> <span class='ocrx_word' id='word_1_864' title='bbox 584 3685 632 3723; x_wconf 87' lang='lat' dir='ltr'>qui</span> <span class='ocrx_word' id='word_1_865' title='bbox 642 3685 716 3722; x_wconf 89' lang='lat' dir='ltr'>apud</span> <span class='ocrx_word' id='word_1_866' title='bbox 725 3684 901 3727; x_wconf 73' lang='lat' dir='ltr'>Triumviros</span> <span class='ocrx_word' id='word_1_867' title='bbox 912 3684 1062 3721; x_wconf 80' lang='lat' dir='ltr'>capitales,</span> <span class='ocrx_word' id='word_1_868' title='bbox 1082 3685 1157 3722; x_wconf 89' lang='lat' dir='ltr'>apud</span> <span class='ocrx_word' id='word_1_869' title='bbox 1169 3695 1217 3715; x_wconf 90' lang='lat' dir='ltr'>co.</span> 
     </span>
     <span class='ocr_line' id='line_1_97' title="bbox 111 3722 1216 3761; baseline 0.002 -9"><span class='ocrx_word' id='word_1_870' title='bbox 111 3723 238 3753; x_wconf 81' lang='lat' dir='ltr'>lumnam</span> <span class='ocrx_word' id='word_1_871' title='bbox 252 3724 375 3753; x_wconf 86' lang='lat' dir='ltr'>Meniam</span> <span class='ocrx_word' id='word_1_872' title='bbox 385 3724 480 3761; x_wconf 89' lang='lat' dir='ltr'>puniri</span> <span class='ocrx_word' id='word_1_873' title='bbox 490 3723 589 3754; x_wconf 85' lang='lat' dir='ltr'>solent.</span> <span class='ocrx_word' id='word_1_874' title='bbox 619 3722 651 3752; x_wconf 90' lang='lat' dir='ltr'>V.</span> <span class='ocrx_word' id='word_1_875' title='bbox 673 3722 838 3752; x_wconf 89' lang='lat' dir='ltr'>Colonarius</span> <span class='ocrx_word' id='word_1_876' title='bbox 848 3743 856 3757; x_wconf 93' lang='lat'>,</span> <span class='ocrx_word' id='word_1_877' title='bbox 883 3731 914 3750; x_wconf 84' lang='lat' dir='ltr'>in</span> <span class='ocrx_word' id='word_1_878' title='bbox 935 3731 952 3751; x_wconf 92' lang='lat' dir='ltr'>c</span> <span class='ocrx_word' id='word_1_879' title='bbox 962 3732 979 3750; x_wconf 95' lang='grc' dir='ltr'>ο</span> <span class='ocrx_word' id='word_1_880' title='bbox 989 3732 1032 3751; x_wconf 90' lang='lat' dir='ltr'>Lo</span> <span class='ocrx_word' id='word_1_881' title='bbox 1045 3744 1055 3758; x_wconf 89' lang='lat'>‚</span> <span class='ocrx_word' id='word_1_882' title='bbox 1076 3723 1155 3753; x_wconf 85' lang='lat' dir='ltr'>colis.</span> <span class='ocrx_word' id='word_1_883' title='bbox 1188 3725 1216 3754; x_wconf 79' lang='grc' dir='ltr'>δι</span> 
     </span>
     <span class='ocr_line' id='line_1_98' title="bbox 111 3757 891 3803; baseline 0.003 -13"><span class='ocrx_word' id='word_1_884' title='bbox 111 3771 179 3790; x_wconf 86' lang='lat' dir='ltr'>mox</span> <span class='ocrx_word' id='word_1_885' title='bbox 195 3762 318 3792; x_wconf 88' lang='lat' dir='ltr'>Rostrata</span> <span class='ocrx_word' id='word_1_886' title='bbox 331 3762 385 3792; x_wconf 85' lang='lat' dir='ltr'>col.</span> <span class='ocrx_word' id='word_1_887' title='bbox 770 3757 791 3781; x_wconf 70' lang='lat'>⁸</span> <span class='ocrx_word' id='word_1_888' title='bbox 864 3797 869 3803; x_wconf 91' lang='lat'>.</span> <span class='ocrx_word' id='word_1_889' title='bbox 885 3797 891 3803; x_wconf 46' lang='lat'>·</span> 
     </span>
    </p>

    <p class='ocr_par' dir='ltr' id='par_1_34' title="bbox 94 3797 1148 3841">
     <span class='ocr_line' id='line_1_99' title="bbox 94 3797 1148 3841; baseline 0.002 -13"><span class='ocrx_word' id='word_1_890' title='bbox 94 3797 210 3829; x_wconf 88' lang='lat' dir='ltr'>Nobiles</span> <span class='ocrx_word' id='word_1_891' title='bbox 220 3801 300 3829; x_wconf 83' lang='lat' dir='ltr'>variis</span> <span class='ocrx_word' id='word_1_892' title='bbox 310 3799 427 3829; x_wconf 89' lang='lat' dir='ltr'>maculis</span> <span class='ocrx_word' id='word_1_893' title='bbox 438 3798 576 3828; x_wconf 86' lang='lat' dir='ltr'>columnae</span> <span class='ocrx_word' id='word_1_894' title='bbox 586 3821 595 3834; x_wconf 74' lang='lat'>,</span> <span class='ocrx_word' id='word_1_895' title='bbox 619 3798 641 3828; x_wconf 88' lang='lat' dir='ltr'>E</span> <span class='ocrx_word' id='word_1_896' title='bbox 656 3797 795 3841; x_wconf 76' lang='lat' dir='ltr'>Marmore</span> <span class='ocrx_word' id='word_1_897' title='bbox 804 3797 902 3826; x_wconf 84' lang='lat' dir='ltr'>nobili.</span> <span class='ocrx_word' id='word_1_898' title='bbox 923 3797 988 3827; x_wconf 87' lang='lat' dir='ltr'>Seri.</span> <span class='ocrx_word' id='word_1_899' title='bbox 996 3797 1109 3837; x_wconf 83' lang='lat' dir='ltr'>Thyest.</span> <span class='ocrx_word' id='word_1_900' title='bbox 1121 3804 1148 3834; x_wconf 90' lang='lat'>8.</span> 
     </span>
    </p>

    <p class='ocr_par' dir='ltr' id='par_1_35' title="bbox 93 3834 982 3875">
     <span class='ocr_line' id='line_1_100' title="bbox 93 3834 982 3875; baseline 0.001 -11"><span class='ocrx_word' id='word_1_901' title='bbox 93 3835 238 3873; x_wconf 80' lang='lat' dir='ltr'>Purpureae</span> <span class='ocrx_word' id='word_1_902' title='bbox 246 3860 254 3872; x_wconf 73' lang='lat'>.</span> <span class='ocrx_word' id='word_1_903' title='bbox 277 3838 296 3867; x_wconf 89' lang='lat' dir='ltr'>E</span> <span class='ocrx_word' id='word_1_904' title='bbox 306 3847 442 3866; x_wconf 89' lang='lat' dir='ltr'>marmore</span> <span class='ocrx_word' id='word_1_905' title='bbox 453 3837 622 3875; x_wconf 79' lang='lat' dir='ltr'>Porphyrite.</span> <span class='ocrx_word' id='word_1_906' title='bbox 645 3835 742 3866; x_wconf 87' lang='lat' dir='ltr'>Claud.</span> <span class='ocrx_word' id='word_1_907' title='bbox 753 3844 778 3865; x_wconf 89' lang='lat'>2.</span> <span class='ocrx_word' id='word_1_908' title='bbox 788 3846 817 3864; x_wconf 84' lang='lat' dir='ltr'>in</span> <span class='ocrx_word' id='word_1_909' title='bbox 830 3834 904 3864; x_wconf 85' lang='lat' dir='ltr'>Ruff.</span> <span class='ocrx_word' id='word_1_910' title='bbox 921 3843 948 3871; x_wconf 88' lang='lat'>¹3</span> <span class='ocrx_word' id='word_1_911' title='bbox 958 3846 982 3871; x_wconf 82' lang='lat'>5.</span> 
     </span>
    </p>

    <p class='ocr_par' dir='ltr' id='par_1_36' title="bbox 93 3872 514 3911">
     <span class='ocr_line' id='line_1_101' title="bbox 93 3872 514 3911; baseline 0.005 -9"><span class='ocrx_word' id='word_1_912' title='bbox 93 3872 208 3911; x_wconf 81' lang='lat' dir='ltr'>Rigidae.</span> <span class='ocrx_word' id='word_1_913' title='bbox 230 3876 314 3905; x_wconf 87' lang='lat' dir='ltr'>Ovid.</span> <span class='ocrx_word' id='word_1_914' title='bbox 330 3885 353 3909; x_wconf 64' lang='grc' dir='ltr'>ς.</span> <span class='ocrx_word' id='word_1_915' title='bbox 373 3874 514 3910; x_wconf 77' lang='lat' dir='ltr'>Fast.529.</span> 
     </span>
    </p>
   </div>
   <div class='ocr_carea' id='block_1_28' title="bbox 54 3906 1211 3988">
    <p class='ocr_par' dir='ltr' id='par_1_37' title="bbox 54 3906 1211 3988">
     <span class='ocr_line' id='line_1_102' title="bbox 54 3906 1211 3950; baseline -0.002 -10"><span class='ocrx_word' id='word_1_916' title='bbox 54 3906 55 3934; x_wconf 68' lang='grc' dir='ltr'>Ῐ</span> <span class='ocrx_word' id='word_1_917' title='bbox 91 3909 214 3942; x_wconf 83' lang='lat' dir='ltr'>Rostrata</span> <span class='ocrx_word' id='word_1_918' title='bbox 225 3914 367 3946; x_wconf 76' lang='lat' dir='ltr'>columna,</span> <span class='ocrx_word' id='word_1_919' title='bbox 378 3912 491 3950; x_wconf 89' lang='lat' dir='ltr'>publice</span> <span class='ocrx_word' id='word_1_920' title='bbox 499 3923 515 3941; x_wconf 91' lang='lat' dir='ltr'>a</span> <span class='ocrx_word' id='word_1_921' title='bbox 526 3911 659 3948; x_wconf 50' lang='lat' dir='ltr'>SRQR.</span> <span class='ocrx_word' id='word_1_922' title='bbox 671 3910 829 3940; x_wconf 85' lang='lat' dir='ltr'>consecrata</span> <span class='ocrx_word' id='word_1_923' title='bbox 838 3911 891 3940; x_wconf 92' lang='lat' dir='ltr'>fuit</span> <span class='ocrx_word' id='word_1_924' title='bbox 901 3911 930 3939; x_wconf 90' lang='lat' dir='ltr'>in</span> <span class='ocrx_word' id='word_1_925' title='bbox 943 3910 1077 3940; x_wconf 85' lang='lat' dir='ltr'>honorem</span> <span class='ocrx_word' id='word_1_926' title='bbox 1090 3910 1120 3941; x_wconf 94' lang='lat' dir='ltr'>C.</span> <span class='ocrx_word' id='word_1_927' title='bbox 1133 3911 1211 3941; x_wconf 90' lang='lat' dir='ltr'>Duil.</span> 
     </span>
     <span class='ocr_line' id='line_1_103' title="bbox 55 3949 1211 3988; baseline 0.002 -10"><span class='ocrx_word' id='word_1_928' title='bbox 55 3952 56 3957; x_wconf 62' lang='lat'>¹</span> <span class='ocrx_word' id='word_1_929' title='bbox 109 3949 142 3979; x_wconf 89' lang='lat' dir='ltr'>lii</span> <span class='ocrx_word' id='word_1_930' title='bbox 154 3950 190 3980; x_wconf 87' lang='lat' dir='ltr'>ob</span> <span class='ocrx_word' id='word_1_931' title='bbox 199 3951 328 3982; x_wconf 88' lang='lat' dir='ltr'>navalem</span> <span class='ocrx_word' id='word_1_932' title='bbox 339 3951 374 3980; x_wconf 91' lang='lat' dir='ltr'>de</span> <span class='ocrx_word' id='word_1_933' title='bbox 386 3949 654 3988; x_wconf 82' lang='lat' dir='ltr'>Carthaginiensibus</span> <span class='ocrx_word' id='word_1_934' title='bbox 664 3949 816 3979; x_wconf 69' lang='lat' dir='ltr'>victoriam.</span> <span class='ocrx_word' id='word_1_935' title='bbox 856 3949 927 3979; x_wconf 87' lang='lat' dir='ltr'>Plin.</span> <span class='ocrx_word' id='word_1_936' title='bbox 942 3957 985 3986; x_wconf 85' lang='lat'>34.</span> <span class='ocrx_word' id='word_1_937' title='bbox 998 3959 1023 3985; x_wconf 88' lang='grc' dir='ltr'>ς.</span> <span class='ocrx_word' id='word_1_938' title='bbox 1053 3949 1211 3980; x_wconf 88' lang='lat' dir='ltr'>Celebratio</span> 
     </span>
    </p>
   </div>
   <div class='ocr_carea' id='block_1_29' title="bbox 1683 91 2441 144">
    <p class='ocr_par' dir='ltr' id='par_1_38' title="bbox 1683 91 2441 144">
     <span class='ocr_line' id='line_1_104' title="bbox 1683 91 2441 144; baseline 0.007 -19"><span class='ocrx_word' id='word_1_939' title='bbox 1683 91 1712 125; x_wconf 90' lang='lat' dir='ltr'>C</span> <span class='ocrx_word' id='word_1_940' title='bbox 1810 93 1846 127; x_wconf 90' lang='lat' dir='ltr'>O</span> <span class='ocrx_word' id='word_1_941' title='bbox 1947 96 1974 129; x_wconf 90' lang='lat' dir='ltr'>L</span> <span class='ocrx_word' id='word_1_942' title='bbox 2374 107 2441 144; x_wconf 79' lang='lat'>581</span> 
     </span>
    </p>
   </div>
   <div class='ocr_carea' id='block_1_30' title="bbox 1276 170 2450 3918">
    <p class='ocr_par' dir='ltr' id='par_1_39' title="bbox 1338 170 2446 363">
     <span class='ocr_line' id='line_1_105' title="bbox 1339 170 2444 218; baseline 0.011 -19"><span class='ocrx_word' id='word_1_943' title='bbox 1339 170 1478 207; x_wconf 78' lang='lat' dir='ltr'>antiquior</span> <span class='ocrx_word' id='word_1_944' title='bbox 1488 171 1682 201; x_wconf 87' lang='lat' dir='ltr'>columnarum</span> <span class='ocrx_word' id='word_1_945' title='bbox 1695 194 1702 205; x_wconf 77' lang='grc'>,</span> <span class='ocrx_word' id='word_1_946' title='bbox 1723 172 1790 201; x_wconf 82' lang='lat' dir='ltr'>sicut</span> <span class='ocrx_word' id='word_1_947' title='bbox 1801 173 1831 202; x_wconf 88' lang='lat' dir='ltr'>C.</span> <span class='ocrx_word' id='word_1_948' title='bbox 1849 173 1969 209; x_wconf 80' lang='lat' dir='ltr'>Maenio,</span> <span class='ocrx_word' id='word_1_949' title='bbox 1991 175 2039 209; x_wconf 85' lang='lat' dir='ltr'>qui</span> <span class='ocrx_word' id='word_1_950' title='bbox 2054 176 2196 207; x_wconf 87' lang='lat' dir='ltr'>devicerat</span> <span class='ocrx_word' id='word_1_951' title='bbox 2208 179 2311 215; x_wconf 82' lang='lat' dir='ltr'>priscos</span> <span class='ocrx_word' id='word_1_952' title='bbox 2320 180 2444 218; x_wconf 81' lang='lat' dir='ltr'>Latinos,</span> 
     </span>
     <span class='ocr_line' id='line_1_106' title="bbox 1341 209 2446 253; baseline 0.008 -17"><span class='ocrx_word' id='word_1_953' title='bbox 1341 209 1441 243; x_wconf 87' lang='lat' dir='ltr'>quihus</span> <span class='ocrx_word' id='word_1_954' title='bbox 1462 220 1495 239; x_wconf 81' lang='lat' dir='ltr'>ex</span> <span class='ocrx_word' id='word_1_955' title='bbox 1515 211 1619 239; x_wconf 70' lang='lat' dir='ltr'>sordere</span> <span class='ocrx_word' id='word_1_956' title='bbox 1636 211 1728 239; x_wconf 85' lang='lat' dir='ltr'>tertias</span> <span class='ocrx_word' id='word_1_957' title='bbox 1748 212 1846 247; x_wconf 77' lang='lat' dir='ltr'>praedae</span> <span class='ocrx_word' id='word_1_958' title='bbox 1858 212 1979 248; x_wconf 78' lang='lat' dir='ltr'>populus</span> <span class='ocrx_word' id='word_1_959' title='bbox 1998 213 2139 243; x_wconf 71' lang='lat' dir='ltr'>Romanus</span> <span class='ocrx_word' id='word_1_960' title='bbox 2151 217 2310 253; x_wconf 61' lang='lat' dir='ltr'>praeliabat,</span> <span class='ocrx_word' id='word_1_961' title='bbox 2331 220 2446 248; x_wconf 77' lang='lat' dir='ltr'>eodem-</span> 
     </span>
     <span class='ocr_line' id='line_1_107' title="bbox 1338 247 2445 289; baseline 0.013 -16"><span class='ocrx_word' id='word_1_962' title='bbox 1338 247 1430 280; x_wconf 85' lang='lat' dir='ltr'>quein</span> <span class='ocrx_word' id='word_1_963' title='bbox 1443 248 1590 276; x_wconf 82' lang='lat' dir='ltr'>Consulatu</span> <span class='ocrx_word' id='word_1_964' title='bbox 1604 249 1631 276; x_wconf 92' lang='lat' dir='ltr'>in</span> <span class='ocrx_word' id='word_1_965' title='bbox 1646 247 1769 285; x_wconf 69' lang='lat' dir='ltr'>suggestu</span> <span class='ocrx_word' id='word_1_966' title='bbox 1782 249 1997 283; x_wconf 67' lang='lat' dir='ltr'>rostra‚devit⁴tis</span> <span class='ocrx_word' id='word_1_967' title='bbox 2009 252 2271 289; x_wconf 80' lang='lat' dir='ltr'>Antiatibus‚fixerat</span> <span class='ocrx_word' id='word_1_968' title='bbox 2285 257 2445 287; x_wconf 87' lang='lat' dir='ltr'>annoUrbis</span> 
     </span>
     <span class='ocr_line' id='line_1_108' title="bbox 1339 285 2442 330; baseline 0.012 -19"><span class='ocrx_word' id='word_1_969' title='bbox 1339 287 1402 315; x_wconf 74' lang='lat'><strong>4¹6-</strong></span> <span class='ocrx_word' id='word_1_970' title='bbox 1447 285 1513 313; x_wconf 85' lang='lat' dir='ltr'>ltem</span> <span class='ocrx_word' id='word_1_971' title='bbox 1526 286 1556 314; x_wconf 92' lang='lat' dir='ltr'>C.</span> <span class='ocrx_word' id='word_1_972' title='bbox 1571 286 1674 314; x_wconf 89' lang='lat' dir='ltr'>Duillio</span> <span class='ocrx_word' id='word_1_973' title='bbox 1685 307 1692 319; x_wconf 82' lang='grc'><em>,</em></span> <span class='ocrx_word' id='word_1_974' title='bbox 1714 287 1760 322; x_wconf 91' lang='lat' dir='ltr'>qui</span> <span class='ocrx_word' id='word_1_975' title='bbox 1772 287 1876 323; x_wconf 89' lang='lat' dir='ltr'>primus</span> <span class='ocrx_word' id='word_1_976' title='bbox 1887 287 2013 316; x_wconf 82' lang='lat' dir='ltr'>navalem</span> <span class='ocrx_word' id='word_1_977' title='bbox 2026 289 2199 326; x_wconf 86' lang='lat' dir='ltr'>triumphum</span> <span class='ocrx_word' id='word_1_978' title='bbox 2213 293 2269 328; x_wconf 88' lang='lat' dir='ltr'>egit</span> <span class='ocrx_word' id='word_1_979' title='bbox 2280 295 2316 322; x_wconf 87' lang='lat' dir='ltr'>de</span> <span class='ocrx_word' id='word_1_980' title='bbox 2329 294 2420 324; x_wconf 83' lang='lat' dir='ltr'>Poenis</span> <span class='ocrx_word' id='word_1_981' title='bbox 2431 315 2442 330; x_wconf 86' lang='lat'>,</span> 
     </span>
     <span class='ocr_line' id='line_1_109' title="bbox 1339 322 2347 363; baseline 0.013 -15"><span class='ocrx_word' id='word_1_982' title='bbox 1339 329 1399 353; x_wconf 68' lang='lat' dir='ltr'>qum</span> <span class='ocrx_word' id='word_1_983' title='bbox 1413 322 1449 350; x_wconf 81' lang='lat' dir='ltr'>cst</span> <span class='ocrx_word' id='word_1_984' title='bbox 1465 323 1631 351; x_wconf 83' lang='lat' dir='ltr'>etiamnunc</span> <span class='ocrx_word' id='word_1_985' title='bbox 1642 325 1669 351; x_wconf 89' lang='lat' dir='ltr'>in</span> <span class='ocrx_word' id='word_1_986' title='bbox 1682 323 1760 353; x_wconf 86' lang='lat' dir='ltr'>Foro.</span> <span class='ocrx_word' id='word_1_987' title='bbox 1783 324 1858 353; x_wconf 88' lang='lat' dir='ltr'>conf.</span> <span class='ocrx_word' id='word_1_988' title='bbox 1879 326 1964 362; x_wconf 86' lang='lat' dir='ltr'>paulo</span> <span class='ocrx_word' id='word_1_989' title='bbox 1976 325 2064 363; x_wconf 87' lang='lat' dir='ltr'>supra,</span> <span class='ocrx_word' id='word_1_990' title='bbox 2084 328 2168 358; x_wconf 82' lang='lat' dir='ltr'>etiam</span> <span class='ocrx_word' id='word_1_991' title='bbox 2177 328 2267 359; x_wconf 90' lang='lat' dir='ltr'>Pitisc.</span> <span class='ocrx_word' id='word_1_992' title='bbox 2281 330 2347 361; x_wconf 85' lang='lat' dir='ltr'>Lex.</span> 
     </span>
    </p>

    <p class='ocr_par' dir='ltr' id='par_1_40' title="bbox 1319 356 1734 390">
     <span class='ocr_line' id='line_1_110' title="bbox 1319 356 1734 390; baseline 0.017 -7"><span class='ocrx_word' id='word_1_993' title='bbox 1319 356 1468 388; x_wconf 84' lang='lat' dir='ltr'>Sublimes.</span> <span class='ocrx_word' id='word_1_994' title='bbox 1490 360 1574 389; x_wconf 90' lang='lat' dir='ltr'>Ovid.</span> <span class='ocrx_word' id='word_1_995' title='bbox 1589 371 1613 389; x_wconf 85' lang='lat'>2.</span> <span class='ocrx_word' id='word_1_996' title='bbox 1626 361 1695 390; x_wconf 86' lang='lat' dir='ltr'>Met.</span> <span class='ocrx_word' id='word_1_997' title='bbox 1713 372 1734 390; x_wconf 88' lang='lat'>1.</span> 
     </span>
    </p>

    <p class='ocr_par' dir='ltr' id='par_1_41' title="bbox 1319 393 2256 440">
     <span class='ocr_line' id='line_1_111' title="bbox 1319 393 2256 440; baseline 0.015 -19"><span class='ocrx_word' id='word_1_998' title='bbox 1319 393 1437 424; x_wconf 72' lang='lat' dir='ltr'>Trunca:</span> <span class='ocrx_word' id='word_1_999' title='bbox 1448 398 1519 431; x_wconf 88' lang='lat' dir='ltr'>jovis</span> <span class='ocrx_word' id='word_1_1000' title='bbox 1532 398 1670 427; x_wconf 83' lang='lat' dir='ltr'>simulacra</span> <span class='ocrx_word' id='word_1_1001' title='bbox 1681 398 1828 428; x_wconf 85' lang='lat' dir='ltr'>columnae.</span> <span class='ocrx_word' id='word_1_1002' title='bbox 1851 398 1939 429; x_wconf 87' lang='lat' dir='ltr'>Valer.</span> <span class='ocrx_word' id='word_1_1003' title='bbox 1953 399 2043 430; x_wconf 89' lang='lat' dir='ltr'>Flacc.</span> <span class='ocrx_word' id='word_1_1004' title='bbox 2056 404 2081 430; x_wconf 89' lang='lat'>6.</span> <span class='ocrx_word' id='word_1_1005' title='bbox 2097 402 2197 440; x_wconf 81' lang='lat' dir='ltr'>Argon.</span> <span class='ocrx_word' id='word_1_1006' title='bbox 2209 414 2256 440; x_wconf 86' lang='lat'>91.</span> 
     </span>
    </p>

    <p class='ocr_par' dir='ltr' id='par_1_42' title="bbox 1320 430 2111 473">
     <span class='ocr_line' id='line_1_112' title="bbox 1320 430 2111 473; baseline 0.015 -15"><span class='ocrx_word' id='word_1_1007' title='bbox 1320 430 1404 461; x_wconf 79' lang='lat' dir='ltr'>Vastis</span> <span class='ocrx_word' id='word_1_1008' title='bbox 1417 434 1511 462; x_wconf 84' lang='lat' dir='ltr'>innixa</span> <span class='ocrx_word' id='word_1_1009' title='bbox 1523 435 1663 464; x_wconf 89' lang='lat' dir='ltr'>columnis</span> <span class='ocrx_word' id='word_1_1010' title='bbox 1673 436 1784 473; x_wconf 89' lang='lat' dir='ltr'>templa.</span> <span class='ocrx_word' id='word_1_1011' title='bbox 1811 436 1894 466; x_wconf 87' lang='lat' dir='ltr'>Ovid.</span> <span class='ocrx_word' id='word_1_1012' title='bbox 1908 446 1932 473; x_wconf 60' lang='grc' dir='ltr'>ζ.</span> <span class='ocrx_word' id='word_1_1013' title='bbox 1946 439 1981 466; x_wconf 88' lang='lat' dir='ltr'>de</span> <span class='ocrx_word' id='word_1_1014' title='bbox 1993 438 2072 469; x_wconf 83' lang='lat' dir='ltr'>Pont.</span> <span class='ocrx_word' id='word_1_1015' title='bbox 2084 449 2111 470; x_wconf 82' lang='lat'>2.</span> 
     </span>
    </p>

    <p class='ocr_par' dir='ltr' id='par_1_43' title="bbox 1320 468 2000 510">
     <span class='ocr_line' id='line_1_113' title="bbox 1320 468 2000 510; baseline 0.012 -14"><span class='ocrx_word' id='word_1_1016' title='bbox 1320 468 1465 499; x_wconf 83' lang='lat' dir='ltr'>Columnis</span> <span class='ocrx_word' id='word_1_1017' title='bbox 1478 474 1582 501; x_wconf 76' lang='lat' dir='ltr'>tectum</span> <span class='ocrx_word' id='word_1_1018' title='bbox 1594 473 1720 503; x_wconf 87' lang='lat' dir='ltr'>sublime.</span> <span class='ocrx_word' id='word_1_1019' title='bbox 1745 474 1814 510; x_wconf 82' lang='lat' dir='ltr'>Virg.</span> <span class='ocrx_word' id='word_1_1020' title='bbox 1827 484 1852 510; x_wconf 90' lang='lat'>7.</span> <span class='ocrx_word' id='word_1_1021' title='bbox 1865 475 1926 504; x_wconf 83' lang='lat' dir='ltr'>AEn.</span> <span class='ocrx_word' id='word_1_1022' title='bbox 1943 485 2000 507; x_wconf 83' lang='lat'>170.</span> 
     </span>
    </p>

    <p class='ocr_par' dir='ltr' id='par_1_44' title="bbox 1320 507 2443 576">
     <span class='ocr_line' id='line_1_114' title="bbox 1320 507 2443 574; baseline 0.011 -39"><span class='ocrx_word' id='word_1_1023' title='bbox 1320 507 1510 574; x_wconf 50' lang='lat' dir='ltr'>Adhaeresfere</span> <span class='ocrx_word' id='word_1_1024' title='bbox 1521 511 1556 538; x_wconf 86' lang='lat' dir='ltr'>ad</span> <span class='ocrx_word' id='word_1_1025' title='bbox 1568 511 1737 541; x_wconf 89' lang='lat' dir='ltr'>columnam.</span> <span class='ocrx_word' id='word_1_1026' title='bbox 1779 513 1837 541; x_wconf 87' lang='lat' dir='ltr'>Cic.</span> <span class='ocrx_word' id='word_1_1027' title='bbox 1855 522 1906 549; x_wconf 89' lang='lat' dir='ltr'>pro</span> <span class='ocrx_word' id='word_1_1028' title='bbox 1915 514 1989 543; x_wconf 82' lang='lat' dir='ltr'>Sext.</span> <span class='ocrx_word' id='word_1_1029' title='bbox 2006 519 2047 548; x_wconf 84' lang='lat'>18-</span> <span class='ocrx_word' id='word_1_1030' title='bbox 2087 514 2120 545; x_wconf 88' lang='lat' dir='ltr'>V.</span> <span class='ocrx_word' id='word_1_1031' title='bbox 2141 515 2324 556; x_wconf 83' lang='lat' dir='ltr'>Colonarius,</span> <span class='ocrx_word' id='word_1_1032' title='bbox 2345 519 2374 548; x_wconf 91' lang='lat' dir='ltr'>in</span> <span class='ocrx_word' id='word_1_1033' title='bbox 2394 529 2443 550; x_wconf 67' lang='lat' dir='ltr'>co..</span> 
     </span>
     <span class='ocr_line' id='line_1_115' title="bbox 1339 554 1491 576; baseline 0.033 -5"><span class='ocrx_word' id='word_1_1034' title='bbox 1339 554 1374 572; x_wconf 86' lang='lat' dir='ltr'>Lo</span> <span class='ocrx_word' id='word_1_1035' title='bbox 1413 556 1446 574; x_wconf 90' lang='lat' dir='ltr'>co</span> <span class='ocrx_word' id='word_1_1036' title='bbox 1462 557 1491 576; x_wconf 91' lang='lat' dir='ltr'>is.</span> 
     </span>
    </p>

    <p class='ocr_par' dir='ltr' id='par_1_45' title="bbox 1318 567 2161 626">
     <span class='ocr_line' id='line_1_116' title="bbox 1318 567 2161 626; baseline 0.013 -16"><span class='ocrx_word' id='word_1_1037' title='bbox 1318 567 1465 626; x_wconf 76' lang='lat' dir='ltr'>Collbcare</span> <span class='ocrx_word' id='word_1_1038' title='bbox 1475 586 1562 613; x_wconf 65' lang='lat' dir='ltr'>refftas</span> <span class='ocrx_word' id='word_1_1039' title='bbox 1572 585 1717 615; x_wconf 88' lang='lat' dir='ltr'>columnas</span> <span class='ocrx_word' id='word_1_1040' title='bbox 1729 595 1744 615; x_wconf 91' lang='lat' dir='ltr'>e</span> <span class='ocrx_word' id='word_1_1041' title='bbox 1756 587 1878 624; x_wconf 83' lang='lat' dir='ltr'>regione.</span> <span class='ocrx_word' id='word_1_1042' title='bbox 1902 587 1960 618; x_wconf 87' lang='lat' dir='ltr'>Cic.</span> <span class='ocrx_word' id='word_1_1043' title='bbox 1974 598 1998 625; x_wconf 84' lang='lat'>3.</span> <span class='ocrx_word' id='word_1_1044' title='bbox 2015 589 2051 626; x_wconf 87' lang='lat' dir='ltr'>Q.</span> <span class='ocrx_word' id='word_1_1045' title='bbox 2066 590 2124 620; x_wconf 89' lang='lat' dir='ltr'>frat.</span> <span class='ocrx_word' id='word_1_1046' title='bbox 2139 600 2161 621; x_wconf 84' lang='lat'>1.</span> 
     </span>
    </p>

    <p class='ocr_par' dir='ltr' id='par_1_46' title="bbox 1319 619 1796 653">
     <span class='ocr_line' id='line_1_117' title="bbox 1319 619 1796 653; baseline 0.013 -6"><span class='ocrx_word' id='word_1_1047' title='bbox 1319 619 1483 650; x_wconf 62' lang='lat' dir='ltr'>Commorat.</span> <span class='ocrx_word' id='word_1_1048' title='bbox 1526 622 1556 651; x_wconf 91' lang='lat' dir='ltr'>V.</span> <span class='ocrx_word' id='word_1_1049' title='bbox 1579 632 1595 651; x_wconf 87' lang='lat' dir='ltr'>c</span> <span class='ocrx_word' id='word_1_1050' title='bbox 1605 633 1621 651; x_wconf 90' lang='lat' dir='ltr'>o</span> <span class='ocrx_word' id='word_1_1051' title='bbox 1633 634 1652 651; x_wconf 92' lang='lat' dir='ltr'>M</span> <span class='ocrx_word' id='word_1_1052' title='bbox 1663 634 1681 651; x_wconf 90' lang='lat' dir='ltr'>M</span> <span class='ocrx_word' id='word_1_1053' title='bbox 1694 634 1710 651; x_wconf 92' lang='lat' dir='ltr'>o</span> <span class='ocrx_word' id='word_1_1054' title='bbox 1721 634 1737 652; x_wconf 90' lang='lat' dir='ltr'>v</span> <span class='ocrx_word' id='word_1_1055' title='bbox 1748 634 1761 652; x_wconf 73' lang='lat' dir='ltr'>iz</span> <span class='ocrx_word' id='word_1_1056' title='bbox 1770 635 1796 653; x_wconf 94' lang='lat' dir='ltr'>o.</span> 
     </span>
    </p>

    <p class='ocr_par' dir='ltr' id='par_1_47' title="bbox 1317 656 2381 702">
     <span class='ocr_line' id='line_1_118' title="bbox 1317 656 2381 702; baseline 0.014 -18"><span class='ocrx_word' id='word_1_1057' title='bbox 1317 656 1453 699; x_wconf 81' lang='lat' dir='ltr'>Dealbare</span> <span class='ocrx_word' id='word_1_1058' title='bbox 1465 666 1539 688; x_wconf 88' lang='lat' dir='ltr'>tanta</span> <span class='ocrx_word' id='word_1_1059' title='bbox 1549 661 1667 697; x_wconf 87' lang='lat' dir='ltr'>pecunia</span> <span class='ocrx_word' id='word_1_1060' title='bbox 1678 660 1831 691; x_wconf 85' lang='lat' dir='ltr'>columnas.</span> <span class='ocrx_word' id='word_1_1061' title='bbox 1854 662 1913 692; x_wconf 90' lang='lat' dir='ltr'>Cic.</span> <span class='ocrx_word' id='word_1_1062' title='bbox 1928 672 1951 698; x_wconf 84' lang='lat'>3.</span> <span class='ocrx_word' id='word_1_1063' title='bbox 1968 664 2042 694; x_wconf 91' lang='lat' dir='ltr'>Verr.</span> <span class='ocrx_word' id='word_1_1064' title='bbox 2060 676 2120 700; x_wconf 68' lang='lat'>145.</span> <span class='ocrx_word' id='word_1_1065' title='bbox 2162 667 2193 696; x_wconf 92' lang='lat' dir='ltr'>V.</span> <span class='ocrx_word' id='word_1_1066' title='bbox 2223 678 2242 697; x_wconf 84' lang='grc'>1)</span> <span class='ocrx_word' id='word_1_1067' title='bbox 2251 678 2265 697; x_wconf 73' lang='lat' dir='ltr'>x</span> <span class='ocrx_word' id='word_1_1068' title='bbox 2274 679 2294 698; x_wconf 83' lang='lat' dir='ltr'>A</span> <span class='ocrx_word' id='word_1_1069' title='bbox 2304 680 2320 698; x_wconf 88' lang='lat' dir='ltr'>L</span> <span class='ocrx_word' id='word_1_1070' title='bbox 2329 679 2344 697; x_wconf 79' lang='lat' dir='ltr'>B</span> <span class='ocrx_word' id='word_1_1071' title='bbox 2354 679 2381 702; x_wconf 81' lang='lat' dir='ltr'>o.</span> 
     </span>
    </p>

    <p class='ocr_par' dir='ltr' id='par_1_48' title="bbox 1317 693 2367 745">
     <span class='ocr_line' id='line_1_119' title="bbox 1317 693 2367 745; baseline 0.014 -22"><span class='ocrx_word' id='word_1_1072' title='bbox 1317 693 1440 729; x_wconf 59' lang='lat' dir='ltr'>Dejectae</span> <span class='ocrx_word' id='word_1_1073' title='bbox 1452 718 1459 730; x_wconf 79' lang='grc'>,</span> <span class='ocrx_word' id='word_1_1074' title='bbox 1481 697 1640 734; x_wconf 87' lang='lat' dir='ltr'>eisdemque</span> <span class='ocrx_word' id='word_1_1075' title='bbox 1652 697 1791 735; x_wconf 84' lang='lat' dir='ltr'>lapidibus</span> <span class='ocrx_word' id='word_1_1076' title='bbox 1801 700 1925 737; x_wconf 83' lang='lat' dir='ltr'>repositae</span> <span class='ocrx_word' id='word_1_1077' title='bbox 1934 702 2080 732; x_wconf 82' lang='lat' dir='ltr'>columnae.</span> <span class='ocrx_word' id='word_1_1078' title='bbox 2105 704 2164 734; x_wconf 89' lang='lat' dir='ltr'>Cic.</span> <span class='ocrx_word' id='word_1_1079' title='bbox 2177 714 2202 740; x_wconf 82' lang='lat'>3.</span> <span class='ocrx_word' id='word_1_1080' title='bbox 2215 706 2289 737; x_wconf 84' lang='lat' dir='ltr'>Verr.</span> <span class='ocrx_word' id='word_1_1081' title='bbox 2304 717 2367 745; x_wconf 76' lang='lat'>145.</span> 
     </span>
    </p>

    <p class='ocr_par' dir='ltr' id='par_1_49' title="bbox 1318 731 2200 780">
     <span class='ocr_line' id='line_1_120' title="bbox 1318 731 2200 780; baseline 0.015 -20"><span class='ocrx_word' id='word_1_1082' title='bbox 1318 731 1434 762; x_wconf 87' lang='lat' dir='ltr'>Efficere</span> <span class='ocrx_word' id='word_1_1083' title='bbox 1446 733 1607 764; x_wconf 89' lang='lat' dir='ltr'>columnam</span> <span class='ocrx_word' id='word_1_1084' title='bbox 1620 735 1653 763; x_wconf 83' lang='lat' dir='ltr'>ab</span> <span class='ocrx_word' id='word_1_1085' title='bbox 1666 737 1773 773; x_wconf 80' lang='lat' dir='ltr'>integro</span> <span class='ocrx_word' id='word_1_1086' title='bbox 1785 747 1898 767; x_wconf 90' lang='lat' dir='ltr'>novam.</span> <span class='ocrx_word' id='word_1_1087' title='bbox 1920 739 1979 768; x_wconf 83' lang='lat' dir='ltr'>Cic.</span> <span class='ocrx_word' id='word_1_1088' title='bbox 1997 749 2021 775; x_wconf 81' lang='lat'>3.</span> <span class='ocrx_word' id='word_1_1089' title='bbox 2044 742 2115 772; x_wconf 88' lang='lat' dir='ltr'>Verr.</span> <span class='ocrx_word' id='word_1_1090' title='bbox 2137 752 2200 780; x_wconf 80' lang='lat'>147.</span> 
     </span>
    </p>

    <p class='ocr_par' dir='ltr' id='par_1_50' title="bbox 1316 769 2019 813">
     <span class='ocr_line' id='line_1_121' title="bbox 1316 769 2019 813; baseline 0.011 -15"><span class='ocrx_word' id='word_1_1091' title='bbox 1316 769 1420 799; x_wconf 77' lang='lat' dir='ltr'>Effulta</span> <span class='ocrx_word' id='word_1_1092' title='bbox 1431 771 1570 801; x_wconf 90' lang='lat' dir='ltr'>columnis</span> <span class='ocrx_word' id='word_1_1093' title='bbox 1582 773 1657 801; x_wconf 84' lang='lat' dir='ltr'>atria.</span> <span class='ocrx_word' id='word_1_1094' title='bbox 1680 772 1776 802; x_wconf 81' lang='lat' dir='ltr'>Claud.</span> <span class='ocrx_word' id='word_1_1095' title='bbox 1789 785 1814 803; x_wconf 91' lang='lat'>2.</span> <span class='ocrx_word' id='word_1_1096' title='bbox 1828 775 1856 803; x_wconf 91' lang='lat' dir='ltr'>in</span> <span class='ocrx_word' id='word_1_1097' title='bbox 1867 775 1940 805; x_wconf 82' lang='lat' dir='ltr'>Ruff.</span> <span class='ocrx_word' id='word_1_1098' title='bbox 1959 786 2019 813; x_wconf 78' lang='lat'><em>¹35-</em></span> 
     </span>
    </p>

    <p class='ocr_par' dir='ltr' id='par_1_51' title="bbox 1317 806 2039 847">
     <span class='ocr_line' id='line_1_122' title="bbox 1317 806 2039 847; baseline 0.014 -12"><span class='ocrx_word' id='word_1_1099' title='bbox 1317 806 1428 844; x_wconf 78' lang='lat' dir='ltr'>Erigere</span> <span class='ocrx_word' id='word_1_1100' title='bbox 1439 810 1472 837; x_wconf 87' lang='lat' dir='ltr'>ad</span> <span class='ocrx_word' id='word_1_1101' title='bbox 1484 810 1717 847; x_wconf 84' lang='lat' dir='ltr'>perpendiculum</span> <span class='ocrx_word' id='word_1_1102' title='bbox 1728 812 1884 842; x_wconf 83' lang='lat' dir='ltr'>columnas.</span> <span class='ocrx_word' id='word_1_1103' title='bbox 1927 813 1957 844; x_wconf 89' lang='lat' dir='ltr'>V.</span> <span class='ocrx_word' id='word_1_1104' title='bbox 1979 825 2000 844; x_wconf 86' lang='lat' dir='ltr'>A</span> <span class='ocrx_word' id='word_1_1105' title='bbox 2009 826 2039 846; x_wconf 85' lang='grc'>1).</span> 
     </span>
    </p>

    <p class='ocr_par' dir='ltr' id='par_1_52' title="bbox 1317 845 1911 888">
     <span class='ocr_line' id='line_1_123' title="bbox 1317 845 1911 888; baseline 0.012 -15"><span class='ocrx_word' id='word_1_1106' title='bbox 1317 845 1456 875; x_wconf 60' lang='lat' dir='ltr'>Execratat</span> <span class='ocrx_word' id='word_1_1107' title='bbox 1466 848 1614 876; x_wconf 82' lang='lat' dir='ltr'>columnae.</span> <span class='ocrx_word' id='word_1_1108' title='bbox 1641 848 1699 877; x_wconf 92' lang='lat' dir='ltr'>Cic.</span> <span class='ocrx_word' id='word_1_1109' title='bbox 1715 858 1738 877; x_wconf 93' lang='grc'>1.</span> <span class='ocrx_word' id='word_1_1110' title='bbox 1753 849 1872 888; x_wconf 88' lang='lat' dir='ltr'>Philipp.</span> <span class='ocrx_word' id='word_1_1111' title='bbox 1886 861 1911 887; x_wconf 84' lang='grc' dir='ltr'>ς.</span> 
     </span>
    </p>

    <p class='ocr_par' dir='ltr' id='par_1_53' title="bbox 1317 882 1884 917">
     <span class='ocr_line' id='line_1_124' title="bbox 1317 882 1884 917; baseline 0.011 -6"><span class='ocrx_word' id='word_1_1112' title='bbox 1317 882 1442 912; x_wconf 73' lang='lat' dir='ltr'>inaurata</span> <span class='ocrx_word' id='word_1_1113' title='bbox 1453 885 1631 914; x_wconf 81' lang='lat' dir='ltr'>extrinsecus.</span> <span class='ocrx_word' id='word_1_1114' title='bbox 1672 886 1703 914; x_wconf 96' lang='lat' dir='ltr'>V.</span> <span class='ocrx_word' id='word_1_1115' title='bbox 1727 897 1735 913; x_wconf 89' lang='lat' dir='ltr'>i</span> <span class='ocrx_word' id='word_1_1116' title='bbox 1747 896 1766 915; x_wconf 90' lang='lat' dir='ltr'>N</span> <span class='ocrx_word' id='word_1_1117' title='bbox 1778 898 1796 915; x_wconf 97' lang='lat' dir='ltr'>A</span> <span class='ocrx_word' id='word_1_1118' title='bbox 1805 897 1823 916; x_wconf 87' lang='grc' dir='ltr'><em>υ</em></span> <span class='ocrx_word' id='word_1_1119' title='bbox 1832 897 1848 916; x_wconf 81' lang='lat' dir='ltr'>R</span> <span class='ocrx_word' id='word_1_1120' title='bbox 1858 898 1884 917; x_wconf 91' lang='lat' dir='ltr'>o.</span> 
     </span>
    </p>

    <p class='ocr_par' dir='ltr' id='par_1_54' title="bbox 1316 920 2191 967">
     <span class='ocr_line' id='line_1_125' title="bbox 1316 920 2191 967; baseline 0.013 -17"><span class='ocrx_word' id='word_1_1121' title='bbox 1316 920 1459 951; x_wconf 85' lang='lat' dir='ltr'>Incurrere</span> <span class='ocrx_word' id='word_1_1122' title='bbox 1471 923 1498 950; x_wconf 91' lang='lat' dir='ltr'>in</span> <span class='ocrx_word' id='word_1_1123' title='bbox 1509 923 1654 952; x_wconf 88' lang='lat' dir='ltr'>columnas</span> <span class='ocrx_word' id='word_1_1124' title='bbox 1670 945 1679 959; x_wconf 90' lang='lat'>,</span> <span class='ocrx_word' id='word_1_1125' title='bbox 1699 923 1853 954; x_wconf 78' lang='lat' dir='ltr'>offendere</span> <span class='ocrx_word' id='word_1_1126' title='bbox 1863 926 1906 954; x_wconf 91' lang='lat' dir='ltr'>ad.</span> <span class='ocrx_word' id='word_1_1127' title='bbox 1928 925 1984 957; x_wconf 89' lang='lat' dir='ltr'>Cic.</span> <span class='ocrx_word' id='word_1_1128' title='bbox 1997 928 2026 958; x_wconf 90' lang='lat' dir='ltr'>in</span> <span class='ocrx_word' id='word_1_1129' title='bbox 2037 929 2114 959; x_wconf 82' lang='lat' dir='ltr'>Orat.</span> <span class='ocrx_word' id='word_1_1130' title='bbox 2125 938 2191 967; x_wconf 80' lang='lat'>²24.</span> 
     </span>
    </p>

    <p class='ocr_par' dir='ltr' id='par_1_55' title="bbox 1316 958 1975 996">
     <span class='ocr_line' id='line_1_126' title="bbox 1316 958 1975 996; baseline 0.008 -8"><span class='ocrx_word' id='word_1_1131' title='bbox 1316 958 1492 996; x_wconf 85' lang='lat' dir='ltr'>Insculptum</span> <span class='ocrx_word' id='word_1_1132' title='bbox 1501 962 1529 989; x_wconf 88' lang='lat' dir='ltr'>in</span> <span class='ocrx_word' id='word_1_1133' title='bbox 1538 960 1678 990; x_wconf 90' lang='lat' dir='ltr'>columna.</span> <span class='ocrx_word' id='word_1_1134' title='bbox 1723 961 1753 990; x_wconf 94' lang='lat' dir='ltr'>V.</span> <span class='ocrx_word' id='word_1_1135' title='bbox 1776 973 1784 990; x_wconf 88' lang='lat' dir='ltr'>r</span> <span class='ocrx_word' id='word_1_1136' title='bbox 1795 972 1814 990; x_wconf 93' lang='lat' dir='ltr'>N</span> <span class='ocrx_word' id='word_1_1137' title='bbox 1823 972 1835 991; x_wconf 89' lang='lat' dir='ltr'>s</span> <span class='ocrx_word' id='word_1_1138' title='bbox 1843 972 1861 991; x_wconf 90' lang='lat' dir='ltr'>c</span> <span class='ocrx_word' id='word_1_1139' title='bbox 1871 973 1890 992; x_wconf 86' lang='lat' dir='ltr'>u</span> <span class='ocrx_word' id='word_1_1140' title='bbox 1900 974 1916 992; x_wconf 86' lang='lat' dir='ltr'>L</span> <span class='ocrx_word' id='word_1_1141' title='bbox 1924 973 1938 992; x_wconf 78' lang='grc' dir='ltr'><strong>Ρ</strong></span> <span class='ocrx_word' id='word_1_1142' title='bbox 1949 974 1975 994; x_wconf 95' lang='grc' dir='ltr'>ο.</span> 
     </span>
    </p>

    <p class='ocr_par' dir='ltr' id='par_1_56' title="bbox 1316 995 1872 1036">
     <span class='ocr_line' id='line_1_127' title="bbox 1316 995 1872 1036; baseline 0.007 -11"><span class='ocrx_word' id='word_1_1143' title='bbox 1316 995 1421 1026; x_wconf 87' lang='lat' dir='ltr'>Locare</span> <span class='ocrx_word' id='word_1_1144' title='bbox 1433 999 1588 1027; x_wconf 83' lang='lat' dir='ltr'>columnas.</span> <span class='ocrx_word' id='word_1_1145' title='bbox 1610 998 1669 1028; x_wconf 90' lang='lat' dir='ltr'>Cic.</span> <span class='ocrx_word' id='word_1_1146' title='bbox 1684 1007 1709 1033; x_wconf 64' lang='grc' dir='ltr'>ς.</span> <span class='ocrx_word' id='word_1_1147' title='bbox 1722 998 1797 1029; x_wconf 89' lang='lat' dir='ltr'>Verr.</span> <span class='ocrx_word' id='word_1_1148' title='bbox 1811 1009 1872 1036; x_wconf 84' lang='lat'>130.</span> 
     </span>
    </p>

    <p class='ocr_par' dir='ltr' id='par_1_57' title="bbox 1316 1034 2438 1102">
     <span class='ocr_line' id='line_1_128' title="bbox 1316 1034 2438 1101; baseline 0.012 -38"><span class='ocrx_word' id='word_1_1149' title='bbox 1316 1034 1468 1101; x_wconf 58' lang='lat' dir='ltr'>Occqiltare</span> <span class='ocrx_word' id='word_1_1150' title='bbox 1477 1036 1503 1065; x_wconf 90' lang='lat' dir='ltr'>se</span> <span class='ocrx_word' id='word_1_1151' title='bbox 1512 1036 1747 1066; x_wconf 88' lang='lat' dir='ltr'>circacolumnas.</span> <span class='ocrx_word' id='word_1_1152' title='bbox 1789 1037 1901 1076; x_wconf 89' lang='lat' dir='ltr'>Ulpian.</span> <span class='ocrx_word' id='word_1_1153' title='bbox 1913 1038 1971 1068; x_wconf 91' lang='lat' dir='ltr'>inl.</span> <span class='ocrx_word' id='word_1_1154' title='bbox 1993 1039 2062 1070; x_wconf 83' lang='lat' dir='ltr'>Eum</span> <span class='ocrx_word' id='word_1_1155' title='bbox 2073 1042 2120 1079; x_wconf 91' lang='lat' dir='ltr'>qui</span> <span class='ocrx_word' id='word_1_1156' title='bbox 2136 1043 2217 1073; x_wconf 82' lang='lat' dir='ltr'>circa.</span> <span class='ocrx_word' id='word_1_1157' title='bbox 2239 1043 2273 1074; x_wconf 88' lang='lat' dir='ltr'>D.</span> <span class='ocrx_word' id='word_1_1158' title='bbox 2291 1045 2333 1075; x_wconf 89' lang='lat' dir='ltr'>De</span> <span class='ocrx_word' id='word_1_1159' title='bbox 2343 1047 2438 1085; x_wconf 89' lang='lat' dir='ltr'>privil.</span> 
     </span>
     <span class='ocr_line' id='line_1_129' title="bbox 1337 1082 1414 1102; baseline -0.013 0"><span class='ocrx_word' id='word_1_1160' title='bbox 1337 1082 1384 1102; x_wconf 89' lang='lat' dir='ltr'>cre</span> <span class='ocrx_word' id='word_1_1161' title='bbox 1409 1096 1414 1101; x_wconf 95' lang='lat'>.</span> 
     </span>
    </p>

    <p class='ocr_par' dir='ltr' id='par_1_58' title="bbox 1316 1109 2443 1231">
     <span class='ocr_line' id='line_1_130' title="bbox 1316 1109 2441 1154; baseline 0.011 -16"><span class='ocrx_word' id='word_1_1162' title='bbox 1316 1109 1445 1140; x_wconf 88' lang='lat' dir='ltr'>Pervenit</span> <span class='ocrx_word' id='word_1_1163' title='bbox 1457 1111 1485 1139; x_wconf 91' lang='lat' dir='ltr'>in</span> <span class='ocrx_word' id='word_1_1164' title='bbox 1501 1110 1645 1140; x_wconf 88' lang='lat' dir='ltr'>discordiis</span> <span class='ocrx_word' id='word_1_1165' title='bbox 1663 1112 1785 1142; x_wconf 89' lang='lat' dir='ltr'>civitatis</span> <span class='ocrx_word' id='word_1_1166' title='bbox 1801 1113 1836 1142; x_wconf 91' lang='lat' dir='ltr'>ad</span> <span class='ocrx_word' id='word_1_1167' title='bbox 1856 1123 1918 1143; x_wconf 91' lang='lat' dir='ltr'>eam</span> <span class='ocrx_word' id='word_1_1168' title='bbox 1932 1114 2111 1151; x_wconf 82' lang='lat' dir='ltr'>columnam,</span> <span class='ocrx_word' id='word_1_1169' title='bbox 2131 1117 2166 1146; x_wconf 86' lang='lat' dir='ltr'>ad</span> <span class='ocrx_word' id='word_1_1170' title='bbox 2187 1127 2268 1151; x_wconf 84' lang='lat' dir='ltr'>quam</span> <span class='ocrx_word' id='word_1_1171' title='bbox 2288 1121 2441 1154; x_wconf 86' lang='lat' dir='ltr'>multorum</span> 
     </span>
     <span class='ocr_line' id='line_1_131' title="bbox 1337 1148 2443 1191; baseline 0.011 -14"><span class='ocrx_word' id='word_1_1172' title='bbox 1337 1148 1408 1185; x_wconf 85' lang='lat' dir='ltr'>saepe</span> <span class='ocrx_word' id='word_1_1173' title='bbox 1420 1149 1553 1178; x_wconf 88' lang='lat' dir='ltr'>conviciis</span> <span class='ocrx_word' id='word_1_1174' title='bbox 1562 1150 1710 1186; x_wconf 71' lang='lat' dir='ltr'>perductus</span> <span class='ocrx_word' id='word_1_1175' title='bbox 1720 1158 1785 1180; x_wconf 88' lang='lat' dir='ltr'>erat.</span> <span class='ocrx_word' id='word_1_1176' title='bbox 1825 1150 1884 1180; x_wconf 88' lang='lat' dir='ltr'>Cic.</span> <span class='ocrx_word' id='word_1_1177' title='bbox 1895 1162 1945 1189; x_wconf 91' lang='lat' dir='ltr'>pro</span> <span class='ocrx_word' id='word_1_1178' title='bbox 1954 1152 2066 1183; x_wconf 91' lang='lat' dir='ltr'>Cluent.</span> <span class='ocrx_word' id='word_1_1179' title='bbox 2082 1164 2123 1190; x_wconf 84' lang='lat'>³9·</span> <span class='ocrx_word' id='word_1_1180' title='bbox 2163 1156 2317 1191; x_wconf 85' lang='lat' dir='ltr'>[Judicem</span> <span class='ocrx_word' id='word_1_1181' title='bbox 2338 1159 2443 1190; x_wconf 67' lang='lat' dir='ltr'>factum</span> 
     </span>
     <span class='ocr_line' id='line_1_132' title="bbox 1335 1187 2442 1231; baseline 0.012 -17"><span class='ocrx_word' id='word_1_1182' title='bbox 1335 1193 1416 1223; x_wconf 86' lang='lat' dir='ltr'>putat</span> <span class='ocrx_word' id='word_1_1183' title='bbox 1427 1187 1730 1217; x_wconf 88' lang='lat' dir='ltr'>Manut.Triumvirum</span> <span class='ocrx_word' id='word_1_1184' title='bbox 1741 1189 1891 1227; x_wconf 85' lang='lat' dir='ltr'>capitalem</span> <span class='ocrx_word' id='word_1_1185' title='bbox 1901 1190 2188 1231; x_wconf 89' lang='lat' dir='ltr'>intelligens.V.supra</span> <span class='ocrx_word' id='word_1_1186' title='bbox 2197 1194 2442 1228; x_wconf 85' lang='lat' dir='ltr'>ColumnaMenia.</span> 
     </span>
    </p>

    <p class='ocr_par' dir='ltr' id='par_1_59' title="bbox 1317 1223 1699 1261">
     <span class='ocr_line' id='line_1_133' title="bbox 1317 1223 1699 1261; baseline 0.005 -9"><span class='ocrx_word' id='word_1_1187' title='bbox 1317 1223 1420 1253; x_wconf 81' lang='lat' dir='ltr'>Politae.</span> <span class='ocrx_word' id='word_1_1188' title='bbox 1445 1225 1504 1253; x_wconf 89' lang='lat' dir='ltr'>Cic.</span> <span class='ocrx_word' id='word_1_1189' title='bbox 1518 1234 1545 1261; x_wconf 75' lang='lat'>3:</span> <span class='ocrx_word' id='word_1_1190' title='bbox 1557 1225 1593 1261; x_wconf 95' lang='lat' dir='ltr'>Q.</span> <span class='ocrx_word' id='word_1_1191' title='bbox 1603 1224 1663 1254; x_wconf 88' lang='lat' dir='ltr'>frat.</span> <span class='ocrx_word' id='word_1_1192' title='bbox 1677 1236 1699 1254; x_wconf 90' lang='lat'>1.</span> 
     </span>
    </p>

    <p class='ocr_par' dir='ltr' id='par_1_60' title="bbox 1317 1261 1761 1298">
     <span class='ocr_line' id='line_1_134' title="bbox 1317 1261 1761 1298; baseline 0.005 -7"><span class='ocrx_word' id='word_1_1193' title='bbox 1317 1261 1430 1291; x_wconf 77' lang='lat' dir='ltr'>Recilae.</span> <span class='ocrx_word' id='word_1_1194' title='bbox 1457 1263 1521 1292; x_wconf 89' lang='lat' dir='ltr'>Hor.</span> <span class='ocrx_word' id='word_1_1195' title='bbox 1535 1272 1559 1291; x_wconf 89' lang='lat'>2.</span> <span class='ocrx_word' id='word_1_1196' title='bbox 1572 1263 1662 1292; x_wconf 87' lang='lat' dir='ltr'>Carni.</span> <span class='ocrx_word' id='word_1_1197' title='bbox 1676 1269 1717 1297; x_wconf 85' lang='lat'>¹8·</span> <span class='ocrx_word' id='word_1_1198' title='bbox 1734 1273 1761 1298; x_wconf 78' lang='lat'>4.</span> 
     </span>
    </p>

    <p class='ocr_par' dir='ltr' id='par_1_61' title="bbox 1312 1299 2443 1377">
     <span class='ocr_line' id='line_1_135' title="bbox 1312 1299 2443 1340; baseline 0.011 -12"><span class='ocrx_word' id='word_1_1199' title='bbox 1312 1299 1433 1329; x_wconf 70' lang='lat' dir='ltr'>II&#39;ollere</span> <span class='ocrx_word' id='word_1_1200' title='bbox 1444 1300 1605 1330; x_wconf 86' lang='lat' dir='ltr'>columnam</span> <span class='ocrx_word' id='word_1_1201' title='bbox 1621 1301 1656 1330; x_wconf 91' lang='lat' dir='ltr'>de</span> <span class='ocrx_word' id='word_1_1202' title='bbox 1664 1300 1727 1330; x_wconf 85' lang='lat' dir='ltr'>saxo</span> <span class='ocrx_word' id='word_1_1203' title='bbox 1738 1302 1768 1330; x_wconf 88' lang='lat' dir='ltr'>in</span> <span class='ocrx_word' id='word_1_1204' title='bbox 1776 1311 1899 1333; x_wconf 89' lang='lat' dir='ltr'>crucem.</span> <span class='ocrx_word' id='word_1_1205' title='bbox 1940 1302 1998 1333; x_wconf 91' lang='lat' dir='ltr'>Cic.</span> <span class='ocrx_word' id='word_1_1206' title='bbox 2015 1314 2058 1339; x_wconf 72' lang='lat'>¹⁴·</span> <span class='ocrx_word' id='word_1_1207' title='bbox 2072 1305 2178 1340; x_wconf 75' lang='lat' dir='ltr'>Att.1;.</span> <span class='ocrx_word' id='word_1_1208' title='bbox 2201 1305 2256 1335; x_wconf 90' lang='lat' dir='ltr'>Sed</span> <span class='ocrx_word' id='word_1_1209' title='bbox 2271 1309 2371 1338; x_wconf 61' lang='lat' dir='ltr'>redlius</span> <span class='ocrx_word' id='word_1_1210' title='bbox 2382 1309 2443 1340; x_wconf 79' lang='lat' dir='ltr'>haec</span> 
     </span>
     <span class='ocr_line' id='line_1_136' title="bbox 1336 1337 2260 1377; baseline 0.008 -11"><span class='ocrx_word' id='word_1_1211' title='bbox 1336 1337 1363 1366; x_wconf 86' lang='lat' dir='ltr'>se</span> <span class='ocrx_word' id='word_1_1212' title='bbox 1387 1346 1505 1367; x_wconf 89' lang='lat' dir='ltr'>arantur.</span> <span class='ocrx_word' id='word_1_1213' title='bbox 1548 1338 1589 1367; x_wconf 88' lang='lat' dir='ltr'>De</span> <span class='ocrx_word' id='word_1_1214' title='bbox 1599 1337 1683 1374; x_wconf 79' lang='lat' dir='ltr'>saxo3</span> <span class='ocrx_word' id='word_1_1215' title='bbox 1705 1341 1733 1368; x_wconf 93' lang='lat' dir='ltr'>in</span> <span class='ocrx_word' id='word_1_1216' title='bbox 1745 1349 1877 1376; x_wconf 85' lang='lat' dir='ltr'>crucem·‚</span> <span class='ocrx_word' id='word_1_1217' title='bbox 1899 1340 2059 1370; x_wconf 91' lang='lat' dir='ltr'>columnam</span> <span class='ocrx_word' id='word_1_1218' title='bbox 2069 1342 2189 1377; x_wconf 80' lang='lat' dir='ltr'>toliere.</span> <span class='ocrx_word' id='word_1_1219' title='bbox 2208 1346 2260 1373; x_wconf 70' lang='grc' dir='ltr'>ἃς.</span> 
     </span>
    </p>

    <p class='ocr_par' dir='ltr' id='par_1_62' title="bbox 1316 1348 2444 1455">
     <span class='ocr_line' id='line_1_137' title="bbox 1316 1348 2444 1421; baseline 0.011 -17"><span class='ocrx_word' id='word_1_1220' title='bbox 1316 1348 1464 1405; x_wconf 68' lang='lat' dir='ltr'>Cosiimnae</span> <span class='ocrx_word' id='word_1_1221' title='bbox 1476 1376 1560 1405; x_wconf 88' lang='lat' dir='ltr'>etiam</span> <span class='ocrx_word' id='word_1_1222' title='bbox 1571 1376 1702 1406; x_wconf 85' lang='lat' dir='ltr'>dicuntur</span> <span class='ocrx_word' id='word_1_1223' title='bbox 1714 1376 1799 1412; x_wconf 88' lang='lat' dir='ltr'>llli‚in</span> <span class='ocrx_word' id='word_1_1224' title='bbox 1812 1380 1912 1414; x_wconf 81' lang='lat' dir='ltr'>quibus</span> <span class='ocrx_word' id='word_1_1225' title='bbox 1922 1379 1983 1417; x_wconf 89' lang='lat' dir='ltr'>spes</span> <span class='ocrx_word' id='word_1_1226' title='bbox 1997 1381 2094 1410; x_wconf 78' lang='lat' dir='ltr'>nolirae</span> <span class='ocrx_word' id='word_1_1227' title='bbox 2103 1381 2314 1420; x_wconf 80' lang='lat' dir='ltr'>praesidiumque</span> <span class='ocrx_word' id='word_1_1228' title='bbox 2323 1384 2444 1421; x_wconf 80' lang='lat' dir='ltr'>positum</span> 
     </span>
     <span class='ocr_line' id='line_1_138' title="bbox 1336 1414 1929 1455; baseline 0.007 -12"><span class='ocrx_word' id='word_1_1229' title='bbox 1336 1414 1385 1443; x_wconf 91' lang='lat' dir='ltr'>est.</span> <span class='ocrx_word' id='word_1_1230' title='bbox 1408 1414 1475 1443; x_wconf 91' lang='lat' dir='ltr'>Hor.</span> <span class='ocrx_word' id='word_1_1231' title='bbox 1493 1425 1514 1443; x_wconf 91' lang='lat' dir='ltr'>i.</span> <span class='ocrx_word' id='word_1_1232' title='bbox 1526 1414 1616 1443; x_wconf 91' lang='lat' dir='ltr'>Carm.</span> <span class='ocrx_word' id='word_1_1233' title='bbox 1632 1423 1673 1449; x_wconf 64' lang='grc' dir='ltr'>ις.</span> <span class='ocrx_word' id='word_1_1234' title='bbox 1687 1425 1725 1451; x_wconf 87' lang='lat'>¹3-</span> <span class='ocrx_word' id='word_1_1235' title='bbox 1741 1416 1776 1445; x_wconf 88' lang='lat' dir='ltr'>de</span> <span class='ocrx_word' id='word_1_1236' title='bbox 1785 1416 1850 1446; x_wconf 73' lang='lat' dir='ltr'>Caes.</span> <span class='ocrx_word' id='word_1_1237' title='bbox 1860 1418 1929 1455; x_wconf 87' lang='lat' dir='ltr'>Aug.</span> 
     </span>
    </p>

    <p class='ocr_par' dir='ltr' id='par_1_63' title="bbox 1317 1452 2107 1642">
     <span class='ocr_line' id='line_1_139' title="bbox 1410 1452 1806 1490; baseline 0.01 -10"><span class='ocrx_word' id='word_1_1238' title='bbox 1410 1452 1545 1487; x_wconf 77' lang='lat' dir='ltr'>injurioso</span> <span class='ocrx_word' id='word_1_1239' title='bbox 1558 1462 1592 1481; x_wconf 91' lang='lat' dir='ltr'>ne</span> <span class='ocrx_word' id='word_1_1240' title='bbox 1605 1453 1677 1489; x_wconf 85' lang='lat' dir='ltr'>pede</span> <span class='ocrx_word' id='word_1_1241' title='bbox 1693 1463 1806 1490; x_wconf 85' lang='lat' dir='ltr'>proruas</span> 
     </span>
     <span class='ocr_line' id='line_1_140' title="bbox 1448 1490 1756 1520; baseline 0.003 -1"><span class='ocrx_word' id='word_1_1242' title='bbox 1448 1490 1573 1519; x_wconf 80' lang='lat' dir='ltr'>Stantem</span> <span class='ocrx_word' id='word_1_1243' title='bbox 1585 1490 1756 1520; x_wconf 86' lang='lat' dir='ltr'>columnam.</span> 
     </span>
     <span class='ocr_line' id='line_1_141' title="bbox 1317 1526 2107 1568; baseline 0.008 -12"><span class='ocrx_word' id='word_1_1244' title='bbox 1317 1526 1458 1557; x_wconf 88' lang='lat' dir='ltr'>Columna</span> <span class='ocrx_word' id='word_1_1245' title='bbox 1468 1550 1476 1563; x_wconf 85' lang='lat'><strong>‚</strong></span> <span class='ocrx_word' id='word_1_1246' title='bbox 1499 1537 1549 1565; x_wconf 88' lang='lat' dir='ltr'>pro</span> <span class='ocrx_word' id='word_1_1247' title='bbox 1563 1528 1694 1557; x_wconf 87' lang='lat' dir='ltr'>Membro</span> <span class='ocrx_word' id='word_1_1248' title='bbox 1705 1528 1786 1557; x_wconf 88' lang='lat' dir='ltr'>virili.</span> <span class='ocrx_word' id='word_1_1249' title='bbox 1811 1529 1931 1559; x_wconf 86' lang='lat' dir='ltr'>Martial.</span> <span class='ocrx_word' id='word_1_1250' title='bbox 1943 1529 1991 1560; x_wconf 82' lang='lat' dir='ltr'>lib.</span> <span class='ocrx_word' id='word_1_1251' title='bbox 2006 1540 2049 1562; x_wconf 87' lang='lat'>11.</span> <span class='ocrx_word' id='word_1_1252' title='bbox 2063 1540 2107 1568; x_wconf 77' lang='lat'>5².</span> 
     </span>
     <span class='ocr_line' id='line_1_142' title="bbox 1410 1565 1986 1605; baseline 0.005 -11"><span class='ocrx_word' id='word_1_1253' title='bbox 1410 1565 1501 1594; x_wconf 86' lang='lat' dir='ltr'>Tanta</span> <span class='ocrx_word' id='word_1_1254' title='bbox 1512 1566 1550 1595; x_wconf 82' lang='lat' dir='ltr'>est</span> <span class='ocrx_word' id='word_1_1255' title='bbox 1560 1575 1619 1603; x_wconf 87' lang='lat' dir='ltr'>quae</span> <span class='ocrx_word' id='word_1_1256' title='bbox 1634 1566 1710 1595; x_wconf 85' lang='lat' dir='ltr'>Titio</span> <span class='ocrx_word' id='word_1_1257' title='bbox 1722 1567 1853 1596; x_wconf 88' lang='lat' dir='ltr'>columna</span> <span class='ocrx_word' id='word_1_1258' title='bbox 1862 1568 1968 1605; x_wconf 88' lang='lat' dir='ltr'>pendet</span> <span class='ocrx_word' id='word_1_1259' title='bbox 1977 1590 1986 1604; x_wconf 88' lang='lat'>,</span> 
     </span>
     <span class='ocr_line' id='line_1_143' title="bbox 1413 1603 1969 1642; baseline 0.005 -10"><span class='ocrx_word' id='word_1_1260' title='bbox 1413 1603 1557 1640; x_wconf 87' lang='lat' dir='ltr'>Qiantam</span> <span class='ocrx_word' id='word_1_1261' title='bbox 1572 1604 1736 1642; x_wconf 78' lang='lat' dir='ltr'>Lampsaciae</span> <span class='ocrx_word' id='word_1_1262' title='bbox 1750 1605 1848 1634; x_wconf 86' lang='lat' dir='ltr'>colunt</span> <span class='ocrx_word' id='word_1_1263' title='bbox 1860 1606 1969 1641; x_wconf 84' lang='lat' dir='ltr'>puellae.</span> 
     </span>
    </p>

    <p class='ocr_par' dir='ltr' id='par_1_64' title="bbox 1279 1639 2446 1833">
     <span class='ocr_line' id='line_1_144' title="bbox 1279 1639 2446 1681; baseline 0.008 -12"><span class='ocrx_word' id='word_1_1264' title='bbox 1279 1639 1302 1670; x_wconf 94' lang='lat' dir='ltr'>C</span> <span class='ocrx_word' id='word_1_1265' title='bbox 1311 1650 1328 1669; x_wconf 96' lang='lat' dir='ltr'>o</span> <span class='ocrx_word' id='word_1_1266' title='bbox 1337 1651 1353 1669; x_wconf 87' lang='lat' dir='ltr'>L</span> <span class='ocrx_word' id='word_1_1267' title='bbox 1364 1651 1382 1670; x_wconf 89' lang='grc' dir='ltr'>υ</span> <span class='ocrx_word' id='word_1_1268' title='bbox 1391 1652 1410 1670; x_wconf 89' lang='lat' dir='ltr'>M</span> <span class='ocrx_word' id='word_1_1269' title='bbox 1423 1652 1440 1670; x_wconf 84' lang='lat' dir='ltr'>N</span> <span class='ocrx_word' id='word_1_1270' title='bbox 1453 1651 1473 1670; x_wconf 85' lang='lat' dir='ltr'>A</span> <span class='ocrx_word' id='word_1_1271' title='bbox 1495 1652 1509 1670; x_wconf 72' lang='lat' dir='ltr'>a</span> <span class='ocrx_word' id='word_1_1272' title='bbox 1518 1651 1534 1671; x_wconf 75' lang='lat' dir='ltr'>iz</span> <span class='ocrx_word' id='word_1_1273' title='bbox 1543 1650 1561 1669; x_wconf 82' lang='lat' dir='ltr'>G</span> <span class='ocrx_word' id='word_1_1274' title='bbox 1573 1652 1582 1670; x_wconf 87' lang='lat'><em>1</em></span> <span class='ocrx_word' id='word_1_1275' title='bbox 1593 1652 1613 1670; x_wconf 82' lang='lat' dir='ltr'>A</span> <span class='ocrx_word' id='word_1_1276' title='bbox 1627 1663 1635 1677; x_wconf 89' lang='lat'><strong>‚</strong></span> <span class='ocrx_word' id='word_1_1277' title='bbox 1657 1643 1753 1671; x_wconf 84' lang='lat' dir='ltr'>civitas</span> <span class='ocrx_word' id='word_1_1278' title='bbox 1766 1645 1794 1672; x_wconf 89' lang='lat' dir='ltr'>in</span> <span class='ocrx_word' id='word_1_1279' title='bbox 1807 1643 1921 1672; x_wconf 84' lang='lat' dir='ltr'>Bruttio.</span> <span class='ocrx_word' id='word_1_1280' title='bbox 1946 1644 2040 1681; x_wconf 82' lang='lat' dir='ltr'>Pomp.</span> <span class='ocrx_word' id='word_1_1281' title='bbox 2054 1642 2196 1680; x_wconf 88' lang='lat' dir='ltr'>Mela‚lib.</span> <span class='ocrx_word' id='word_1_1282' title='bbox 2206 1654 2232 1675; x_wconf 69' lang='grc' dir='ltr'>α.</span> <span class='ocrx_word' id='word_1_1283' title='bbox 2247 1656 2274 1681; x_wconf 80' lang='lat'>4.</span> <span class='ocrx_word' id='word_1_1284' title='bbox 2295 1646 2326 1676; x_wconf 79' lang='lat' dir='ltr'>ln</span> <span class='ocrx_word' id='word_1_1285' title='bbox 2336 1646 2446 1679; x_wconf 82' lang='lat' dir='ltr'>Bruttio</span> 
     </span>
     <span class='ocr_line' id='line_1_145' title="bbox 1317 1678 2444 1718; baseline 0.009 -11"><span class='ocrx_word' id='word_1_1286' title='bbox 1317 1678 1380 1708; x_wconf 92' lang='lat' dir='ltr'>sunt</span> <span class='ocrx_word' id='word_1_1287' title='bbox 1390 1680 1529 1709; x_wconf 85' lang='lat' dir='ltr'>Columna</span> <span class='ocrx_word' id='word_1_1288' title='bbox 1540 1680 1614 1716; x_wconf 84' lang='lat' dir='ltr'>regia</span> <span class='ocrx_word' id='word_1_1289' title='bbox 1627 1701 1635 1715; x_wconf 89' lang='lat'>,</span> <span class='ocrx_word' id='word_1_1290' title='bbox 1656 1679 1794 1718; x_wconf 79' lang='lat' dir='ltr'>Rhegium</span> <span class='ocrx_word' id='word_1_1291' title='bbox 1804 1703 1812 1716; x_wconf 83' lang='lat'>‚</span> <span class='ocrx_word' id='word_1_1292' title='bbox 1835 1681 1943 1718; x_wconf 84' lang='lat' dir='ltr'>Scylla,</span> <span class='ocrx_word' id='word_1_1293' title='bbox 1964 1682 2135 1711; x_wconf 76' lang='lat' dir='ltr'>Taurianum</span> <span class='ocrx_word' id='word_1_1294' title='bbox 2145 1684 2170 1713; x_wconf 71' lang='grc' dir='ltr'>ἅ</span> <span class='ocrx_word' id='word_1_1295' title='bbox 2183 1683 2349 1715; x_wconf 80' lang='lat' dir='ltr'>Metaurum.</span> <span class='ocrx_word' id='word_1_1296' title='bbox 2374 1687 2399 1715; x_wconf 86' lang='lat' dir='ltr'>Pl</span> <span class='ocrx_word' id='word_1_1297' title='bbox 2415 1697 2444 1717; x_wconf 82' lang='lat' dir='ltr'>n.</span> 
     </span>
     <span class='ocr_line' id='line_1_146' title="bbox 1317 1716 2444 1758; baseline 0.008 -13"><span class='ocrx_word' id='word_1_1298' title='bbox 1317 1716 1424 1754; x_wconf 80' lang='lat' dir='ltr'>Rhegia</span> <span class='ocrx_word' id='word_1_1299' title='bbox 1436 1740 1444 1751; x_wconf 78' lang='grc'><em>,</em></span> <span class='ocrx_word' id='word_1_1300' title='bbox 1465 1717 1552 1746; x_wconf 87' lang='lat' dir='ltr'>Strab.</span> <span class='ocrx_word' id='word_1_1301' title='bbox 1577 1717 1704 1756; x_wconf 82' lang='lat' dir='ltr'>Rhegina</span> <span class='ocrx_word' id='word_1_1302' title='bbox 1721 1719 1830 1748; x_wconf 88' lang='lat' dir='ltr'>dicitur.</span> <span class='ocrx_word' id='word_1_1303' title='bbox 1875 1720 1956 1749; x_wconf 86' lang='lat' dir='ltr'>Hunc</span> <span class='ocrx_word' id='word_1_1304' title='bbox 1974 1720 2069 1749; x_wconf 87' lang='lat' dir='ltr'>locum</span> <span class='ocrx_word' id='word_1_1305' title='bbox 2090 1720 2176 1750; x_wconf 85' lang='lat' dir='ltr'>Graeci</span> <span class='ocrx_word' id='word_1_1306' title='bbox 2193 1720 2285 1750; x_wconf 59' lang='grc' dir='ltr'>ςηλίὲὶι</span> <span class='ocrx_word' id='word_1_1307' title='bbox 2297 1745 2305 1758; x_wconf 84' lang='grc'><em>,</em></span> <span class='ocrx_word' id='word_1_1308' title='bbox 2326 1732 2444 1754; x_wconf 86' lang='lat' dir='ltr'>vocant:</span> 
     </span>
     <span class='ocr_line' id='line_1_147' title="bbox 1316 1755 2446 1793; baseline 0.008 -10"><span class='ocrx_word' id='word_1_1309' title='bbox 1316 1755 1346 1783; x_wconf 88' lang='lat' dir='ltr'>id</span> <span class='ocrx_word' id='word_1_1310' title='bbox 1358 1758 1395 1784; x_wconf 79' lang='lat' dir='ltr'>eit</span> <span class='ocrx_word' id='word_1_1311' title='bbox 1405 1755 1624 1785; x_wconf 86' lang='lat' dir='ltr'>Columnellam.</span> <span class='ocrx_word' id='word_1_1312' title='bbox 1667 1757 1704 1786; x_wconf 83' lang='lat' dir='ltr'>Ea</span> <span class='ocrx_word' id='word_1_1313' title='bbox 1715 1756 1854 1786; x_wconf 84' lang='lat' dir='ltr'>turriculae</span> <span class='ocrx_word' id='word_1_1314' title='bbox 1865 1757 1950 1786; x_wconf 88' lang='lat' dir='ltr'>modo</span> <span class='ocrx_word' id='word_1_1315' title='bbox 1971 1760 2062 1787; x_wconf 72' lang='lat' dir='ltr'>ereda</span> <span class='ocrx_word' id='word_1_1316' title='bbox 2074 1779 2082 1793; x_wconf 89' lang='lat'>‚</span> <span class='ocrx_word' id='word_1_1317' title='bbox 2104 1768 2138 1787; x_wconf 84' lang='lat' dir='ltr'>ex</span> <span class='ocrx_word' id='word_1_1318' title='bbox 2160 1759 2273 1790; x_wconf 84' lang='lat' dir='ltr'>adverso</span> <span class='ocrx_word' id='word_1_1319' title='bbox 2290 1767 2393 1791; x_wconf 87' lang='lat' dir='ltr'>turrem</span> <span class='ocrx_word' id='word_1_1320' title='bbox 2414 1763 2446 1792; x_wconf 81' lang='lat' dir='ltr'>in</span> 
     </span>
     <span class='ocr_line' id='line_1_148' title="bbox 1317 1793 2240 1833; baseline 0.004 -11"><span class='ocrx_word' id='word_1_1321' title='bbox 1317 1793 1416 1823; x_wconf 87' lang='lat' dir='ltr'>Peloro</span> <span class='ocrx_word' id='word_1_1322' title='bbox 1429 1794 1505 1822; x_wconf 81' lang='lat' dir='ltr'>litam</span> <span class='ocrx_word' id='word_1_1323' title='bbox 1514 1793 1633 1832; x_wconf 85' lang='lat' dir='ltr'>respicit.</span> <span class='ocrx_word' id='word_1_1324' title='bbox 1676 1794 1769 1823; x_wconf 85' lang='lat' dir='ltr'>Hodie</span> <span class='ocrx_word' id='word_1_1325' title='bbox 1785 1805 1799 1823; x_wconf 91' lang='lat' dir='ltr'>a</span> <span class='ocrx_word' id='word_1_1326' title='bbox 1820 1795 1914 1824; x_wconf 88' lang='lat' dir='ltr'>multis</span> <span class='ocrx_word' id='word_1_1327' title='bbox 1928 1795 2085 1833; x_wconf 67' lang='lat' dir='ltr'>appellatur</span> <span class='ocrx_word' id='word_1_1328' title='bbox 2093 1795 2240 1833; x_wconf 85' lang='lat' dir='ltr'>Stylarion.</span> 
     </span>
    </p>

    <p class='ocr_par' dir='ltr' id='par_1_65' title="bbox 1279 1830 2449 1983">
     <span class='ocr_line' id='line_1_149' title="bbox 1279 1830 2449 1870; baseline 0.003 -9"><span class='ocrx_word' id='word_1_1329' title='bbox 1279 1831 1328 1861; x_wconf 91' lang='lat' dir='ltr'>Co</span> <span class='ocrx_word' id='word_1_1330' title='bbox 1339 1843 1354 1859; x_wconf 86' lang='lat' dir='ltr'>L</span> <span class='ocrx_word' id='word_1_1331' title='bbox 1365 1842 1381 1860; x_wconf 90' lang='grc' dir='ltr'><em>υ</em></span> <span class='ocrx_word' id='word_1_1332' title='bbox 1392 1842 1411 1860; x_wconf 94' lang='grc' dir='ltr'><strong><em>Μ</em></strong></span> <span class='ocrx_word' id='word_1_1333' title='bbox 1424 1842 1443 1860; x_wconf 88' lang='grc' dir='ltr'>Ν</span> <span class='ocrx_word' id='word_1_1334' title='bbox 1453 1835 1469 1860; x_wconf 75' lang='lat' dir='ltr'>A</span> <span class='ocrx_word' id='word_1_1335' title='bbox 1486 1841 1548 1860; x_wconf 83' lang='lat' dir='ltr'>ros</span> <span class='ocrx_word' id='word_1_1336' title='bbox 1559 1853 1567 1866; x_wconf 65' lang='lat'>⁷</span> <span class='ocrx_word' id='word_1_1337' title='bbox 1587 1842 1619 1866; x_wconf 75' lang='lat' dir='ltr'>a,</span> <span class='ocrx_word' id='word_1_1338' title='bbox 1642 1842 1699 1861; x_wconf 91' lang='lat' dir='ltr'>um.</span> <span class='ocrx_word' id='word_1_1339' title='bbox 1723 1833 1782 1867; x_wconf 86' lang='lat' dir='ltr'>Adj.</span> <span class='ocrx_word' id='word_1_1340' title='bbox 1804 1830 2005 1870; x_wconf 55' lang='grc' dir='ltr'>[ἒςυλωμὶέὲὶυ]</span> <span class='ocrx_word' id='word_1_1341' title='bbox 2029 1833 2167 1864; x_wconf 90' lang='lat' dir='ltr'>Columna</span> <span class='ocrx_word' id='word_1_1342' title='bbox 2187 1834 2357 1866; x_wconf 78' lang='lat' dir='ltr'>sustentatus,</span> <span class='ocrx_word' id='word_1_1343' title='bbox 2381 1837 2449 1867; x_wconf 84' lang='lat' dir='ltr'>var.</span> 
     </span>
     <span class='ocr_line' id='line_1_150' title="bbox 1318 1869 2447 1907; baseline 0.005 -9"><span class='ocrx_word' id='word_1_1344' title='bbox 1318 1879 1383 1904; x_wconf 64' lang='grc' dir='ltr'>τοι.</span> <span class='ocrx_word' id='word_1_1345' title='bbox 1403 1869 1438 1898; x_wconf 88' lang='lat' dir='ltr'>de</span> <span class='ocrx_word' id='word_1_1346' title='bbox 1449 1869 1482 1899; x_wconf 94' lang='lat' dir='ltr'>R.</span> <span class='ocrx_word' id='word_1_1347' title='bbox 1499 1869 1596 1907; x_wconf 88' lang='lat' dir='ltr'>R.cap.</span> <span class='ocrx_word' id='word_1_1348' title='bbox 1611 1881 1635 1906; x_wconf 81' lang='grc' dir='ltr'>ς.</span> <span class='ocrx_word' id='word_1_1349' title='bbox 1657 1870 1732 1899; x_wconf 77' lang='lat' dir='ltr'>inter</span> <span class='ocrx_word' id='word_1_1350' title='bbox 1754 1880 1798 1899; x_wconf 87' lang='lat' dir='ltr'>cas</span> <span class='ocrx_word' id='word_1_1351' title='bbox 1818 1870 1935 1907; x_wconf 86' lang='lat' dir='ltr'>piscinas</span> <span class='ocrx_word' id='word_1_1352' title='bbox 1954 1872 2151 1901; x_wconf 87' lang='lat' dir='ltr'>tantummodo</span> <span class='ocrx_word' id='word_1_1353' title='bbox 2168 1873 2288 1904; x_wconf 82' lang='lat' dir='ltr'>accessus</span> <span class='ocrx_word' id='word_1_1354' title='bbox 2302 1874 2396 1904; x_wconf 88' lang='lat' dir='ltr'>semita</span> <span class='ocrx_word' id='word_1_1355' title='bbox 2416 1877 2447 1907; x_wconf 84' lang='lat' dir='ltr'>in</span> 
     </span>
     <span class='ocr_line' id='line_1_151' title="bbox 1318 1907 2447 1952; baseline 0.007 -17"><span class='ocrx_word' id='word_1_1356' title='bbox 1318 1907 1428 1936; x_wconf 88' lang='lat' dir='ltr'>tholum</span> <span class='ocrx_word' id='word_1_1357' title='bbox 1440 1929 1448 1943; x_wconf 89' lang='lat'><strong>‚</strong></span> <span class='ocrx_word' id='word_1_1358' title='bbox 1470 1908 1516 1943; x_wconf 89' lang='lat' dir='ltr'>qui</span> <span class='ocrx_word' id='word_1_1359' title='bbox 1526 1908 1563 1936; x_wconf 89' lang='lat' dir='ltr'>est</span> <span class='ocrx_word' id='word_1_1360' title='bbox 1572 1907 1642 1937; x_wconf 88' lang='lat' dir='ltr'>ultra</span> <span class='ocrx_word' id='word_1_1361' title='bbox 1651 1908 1788 1938; x_wconf 88' lang='lat' dir='ltr'>rotundus</span> <span class='ocrx_word' id='word_1_1362' title='bbox 1799 1908 1977 1940; x_wconf 87' lang='lat' dir='ltr'>columnatus</span> <span class='ocrx_word' id='word_1_1363' title='bbox 1986 1932 1994 1946; x_wconf 94' lang='lat'>‚</span> <span class='ocrx_word' id='word_1_1364' title='bbox 2016 1916 2046 1939; x_wconf 89' lang='lat' dir='ltr'>ut</span> <span class='ocrx_word' id='word_1_1365' title='bbox 2059 1910 2097 1939; x_wconf 88' lang='lat' dir='ltr'>est</span> <span class='ocrx_word' id='word_1_1366' title='bbox 2116 1911 2146 1939; x_wconf 89' lang='lat' dir='ltr'>in</span> <span class='ocrx_word' id='word_1_1367' title='bbox 2164 1911 2224 1941; x_wconf 82' lang='lat' dir='ltr'>aede</span> <span class='ocrx_word' id='word_1_1368' title='bbox 2234 1912 2323 1942; x_wconf 88' lang='lat' dir='ltr'>Catuli</span> <span class='ocrx_word' id='word_1_1369' title='bbox 2335 1935 2343 1948; x_wconf 96' lang='lat'>‚</span> <span class='ocrx_word' id='word_1_1370' title='bbox 2365 1913 2382 1942; x_wconf 89' lang='lat' dir='ltr'>si</span> <span class='ocrx_word' id='word_1_1371' title='bbox 2395 1924 2447 1952; x_wconf 88' lang='lat' dir='ltr'>pro</span> 
     </span>
     <span class='ocr_line' id='line_1_152' title="bbox 1317 1945 1753 1983; baseline 0.005 -10"><span class='ocrx_word' id='word_1_1372' title='bbox 1317 1946 1472 1983; x_wconf 80' lang='lat' dir='ltr'>parietibus</span> <span class='ocrx_word' id='word_1_1373' title='bbox 1483 1946 1581 1975; x_wconf 78' lang='lat' dir='ltr'>feceris</span> <span class='ocrx_word' id='word_1_1374' title='bbox 1598 1945 1753 1975; x_wconf 88' lang='lat' dir='ltr'>columnas.</span> 
     </span>
    </p>

    <p class='ocr_par' dir='ltr' id='par_1_66' title="bbox 1319 1983 2449 2051">
     <span class='ocr_line' id='line_1_153' title="bbox 1319 1983 2449 2026; baseline 0.003 -13"><span class='ocrx_word' id='word_1_1375' title='bbox 1319 1983 1361 2013; x_wconf 88' lang='lat' dir='ltr'>Os</span> <span class='ocrx_word' id='word_1_1376' title='bbox 1373 1983 1575 2013; x_wconf 81' lang='lat' dir='ltr'>columnatum.</span> <span class='ocrx_word' id='word_1_1377' title='bbox 1617 1984 1703 2015; x_wconf 88' lang='lat' dir='ltr'>Plaut.</span> <span class='ocrx_word' id='word_1_1378' title='bbox 1717 1983 1779 2014; x_wconf 87' lang='lat' dir='ltr'>Mil.</span> <span class='ocrx_word' id='word_1_1379' title='bbox 1791 1993 1818 2014; x_wconf 89' lang='lat'>2.</span> <span class='ocrx_word' id='word_1_1380' title='bbox 1828 1992 1854 2014; x_wconf 89' lang='lat'>2.</span> <span class='ocrx_word' id='word_1_1381' title='bbox 1866 1987 1910 2020; x_wconf 77' lang='lat'>55.</span> <span class='ocrx_word' id='word_1_1382' title='bbox 1944 1984 1963 2015; x_wconf 82' lang='lat' dir='ltr'>i.</span> <span class='ocrx_word' id='word_1_1383' title='bbox 1976 1995 2001 2016; x_wconf 92' lang='lat' dir='ltr'>e.</span> <span class='ocrx_word' id='word_1_1384' title='bbox 2031 1985 2072 2016; x_wconf 86' lang='lat' dir='ltr'>Os</span> <span class='ocrx_word' id='word_1_1385' title='bbox 2100 1985 2216 2016; x_wconf 86' lang='lat' dir='ltr'>brachio</span> <span class='ocrx_word' id='word_1_1386' title='bbox 2241 1993 2374 2026; x_wconf 86' lang='lat' dir='ltr'>tanquam</span> <span class='ocrx_word' id='word_1_1387' title='bbox 2400 1999 2449 2020; x_wconf 86' lang='lat' dir='ltr'>co.</span> 
     </span>
     <span class='ocr_line' id='line_1_154' title="bbox 1341 2021 1598 2051; baseline 0.004 -1"><span class='ocrx_word' id='word_1_1388' title='bbox 1341 2021 1438 2050; x_wconf 89' lang='lat' dir='ltr'>lunina</span> <span class='ocrx_word' id='word_1_1389' title='bbox 1450 2021 1598 2051; x_wconf 88' lang='lat' dir='ltr'>subnisum.</span> 
     </span>
    </p>

    <p class='ocr_par' dir='ltr' id='par_1_67' title="bbox 1281 2056 2449 2171">
     <span class='ocr_line' id='line_1_155' title="bbox 1281 2056 2448 2102; baseline 0.004 -13"><span class='ocrx_word' id='word_1_1390' title='bbox 1281 2058 1304 2089; x_wconf 82' lang='lat' dir='ltr'>C</span> <span class='ocrx_word' id='word_1_1391' title='bbox 1314 2069 1330 2088; x_wconf 93' lang='lat' dir='ltr'>o</span> <span class='ocrx_word' id='word_1_1392' title='bbox 1340 2070 1356 2087; x_wconf 82' lang='lat' dir='ltr'>L</span> <span class='ocrx_word' id='word_1_1393' title='bbox 1366 2069 1382 2088; x_wconf 85' lang='lat' dir='ltr'>u</span> <span class='ocrx_word' id='word_1_1394' title='bbox 1394 2071 1413 2088; x_wconf 90' lang='lat' dir='ltr'>M</span> <span class='ocrx_word' id='word_1_1395' title='bbox 1423 2069 1442 2088; x_wconf 97' lang='lat' dir='ltr'>N</span> <span class='ocrx_word' id='word_1_1396' title='bbox 1453 2069 1474 2088; x_wconf 81' lang='lat' dir='ltr'>A</span> <span class='ocrx_word' id='word_1_1397' title='bbox 1485 2069 1503 2088; x_wconf 89' lang='grc' dir='ltr'>τ</span> <span class='ocrx_word' id='word_1_1398' title='bbox 1514 2070 1522 2088; x_wconf 90' lang='lat'>1</span> <span class='ocrx_word' id='word_1_1399' title='bbox 1533 2069 1550 2087; x_wconf 94' lang='lat' dir='ltr'>o</span> <span class='ocrx_word' id='word_1_1400' title='bbox 1559 2081 1568 2095; x_wconf 76' lang='grc'>,</span> <span class='ocrx_word' id='word_1_1401' title='bbox 1589 2059 1662 2089; x_wconf 75' lang='lat' dir='ltr'>onis.</span> <span class='ocrx_word' id='word_1_1402' title='bbox 1682 2059 1701 2089; x_wconf 86' lang='lat' dir='ltr'>f.</span> <span class='ocrx_word' id='word_1_1403' title='bbox 1723 2056 1867 2096; x_wconf 70' lang='grc' dir='ltr'>[ςῦλωστς]</span> <span class='ocrx_word' id='word_1_1404' title='bbox 1889 2060 2090 2091; x_wconf 77' lang='lat' dir='ltr'>Columnarum</span> <span class='ocrx_word' id='word_1_1405' title='bbox 2102 2062 2251 2092; x_wconf 69' lang='lat' dir='ltr'>extructio.</span> <span class='ocrx_word' id='word_1_1406' title='bbox 2273 2063 2353 2101; x_wconf 88' lang='lat' dir='ltr'>Apul.</span> <span class='ocrx_word' id='word_1_1407' title='bbox 2364 2064 2410 2095; x_wconf 88' lang='lat' dir='ltr'>lib.</span> <span class='ocrx_word' id='word_1_1408' title='bbox 2420 2074 2448 2102; x_wconf 86' lang='lat'>3.</span> 
     </span>
     <span class='ocr_line' id='line_1_156' title="bbox 1319 2097 2449 2138; baseline 0.003 -11"><span class='ocrx_word' id='word_1_1409' title='bbox 1319 2097 1422 2127; x_wconf 87' lang='lat' dir='ltr'>Florid.</span> <span class='ocrx_word' id='word_1_1410' title='bbox 1444 2107 1506 2135; x_wconf 83' lang='lat' dir='ltr'>pag.</span> <span class='ocrx_word' id='word_1_1411' title='bbox 1521 2106 1582 2133; x_wconf 79' lang='lat'>359.</span> <span class='ocrx_word' id='word_1_1412' title='bbox 1608 2097 1672 2127; x_wconf 90' lang='lat' dir='ltr'>Non</span> <span class='ocrx_word' id='word_1_1413' title='bbox 1693 2098 1848 2136; x_wconf 88' lang='lat' dir='ltr'>pavimenti</span> <span class='ocrx_word' id='word_1_1414' title='bbox 1866 2100 2044 2129; x_wconf 85' lang='lat' dir='ltr'>marmoratio</span> <span class='ocrx_word' id='word_1_1415' title='bbox 2053 2121 2061 2135; x_wconf 90' lang='lat'>‚</span> <span class='ocrx_word' id='word_1_1416' title='bbox 2083 2109 2136 2129; x_wconf 83' lang='lat' dir='ltr'>nec</span> <span class='ocrx_word' id='word_1_1417' title='bbox 2151 2100 2290 2138; x_wconf 88' lang='lat' dir='ltr'>proscenii</span> <span class='ocrx_word' id='word_1_1418' title='bbox 2311 2103 2449 2133; x_wconf 81' lang='lat' dir='ltr'>contabu-</span> 
     </span>
     <span class='ocr_line' id='line_1_157' title="bbox 1319 2135 1790 2171; baseline 0.004 -7"><span class='ocrx_word' id='word_1_1419' title='bbox 1319 2135 1389 2164; x_wconf 88' lang='lat' dir='ltr'>latio</span> <span class='ocrx_word' id='word_1_1420' title='bbox 1402 2157 1411 2171; x_wconf 90' lang='lat'>,</span> <span class='ocrx_word' id='word_1_1421' title='bbox 1432 2145 1485 2164; x_wconf 89' lang='lat' dir='ltr'>nec</span> <span class='ocrx_word' id='word_1_1422' title='bbox 1504 2135 1591 2164; x_wconf 76' lang='lat' dir='ltr'>scenae</span> <span class='ocrx_word' id='word_1_1423' title='bbox 1605 2135 1790 2166; x_wconf 89' lang='lat' dir='ltr'>columnatio.</span> 
     </span>
    </p>

    <p class='ocr_par' dir='ltr' id='par_1_68' title="bbox 1280 2172 2450 2441">
     <span class='ocr_line' id='line_1_158' title="bbox 1280 2172 2448 2215; baseline 0.005 -13"><span class='ocrx_word' id='word_1_1424' title='bbox 1280 2172 1305 2203; x_wconf 86' lang='lat' dir='ltr'>C</span> <span class='ocrx_word' id='word_1_1425' title='bbox 1315 2183 1332 2202; x_wconf 94' lang='lat' dir='ltr'>o</span> <span class='ocrx_word' id='word_1_1426' title='bbox 1342 2184 1358 2202; x_wconf 89' lang='lat' dir='ltr'>L</span> <span class='ocrx_word' id='word_1_1427' title='bbox 1370 2183 1387 2202; x_wconf 87' lang='lat' dir='ltr'>u</span> <span class='ocrx_word' id='word_1_1428' title='bbox 1397 2184 1416 2202; x_wconf 89' lang='lat' dir='ltr'>M</span> <span class='ocrx_word' id='word_1_1429' title='bbox 1425 2183 1444 2202; x_wconf 87' lang='lat' dir='ltr'>N</span> <span class='ocrx_word' id='word_1_1430' title='bbox 1455 2183 1475 2201; x_wconf 81' lang='lat' dir='ltr'>A</span> <span class='ocrx_word' id='word_1_1431' title='bbox 1485 2183 1501 2201; x_wconf 75' lang='lat' dir='ltr'>a</span> <span class='ocrx_word' id='word_1_1432' title='bbox 1511 2184 1520 2201; x_wconf 89' lang='lat'>1</span> <span class='ocrx_word' id='word_1_1433' title='bbox 1530 2184 1548 2202; x_wconf 91' lang='lat' dir='ltr'>u</span> <span class='ocrx_word' id='word_1_1434' title='bbox 1557 2184 1578 2202; x_wconf 90' lang='lat' dir='ltr'>M</span> <span class='ocrx_word' id='word_1_1435' title='bbox 1590 2195 1599 2209; x_wconf 81' lang='lat'>‚</span> <span class='ocrx_word' id='word_1_1436' title='bbox 1620 2174 1638 2202; x_wconf 87' lang='lat' dir='ltr'>i.</span> <span class='ocrx_word' id='word_1_1437' title='bbox 1659 2183 1687 2202; x_wconf 94' lang='lat' dir='ltr'>n.</span> <span class='ocrx_word' id='word_1_1438' title='bbox 1710 2173 1814 2203; x_wconf 89' lang='lat' dir='ltr'>Vitruv.</span> <span class='ocrx_word' id='word_1_1439' title='bbox 1836 2173 1883 2203; x_wconf 90' lang='lat' dir='ltr'>lib.</span> <span class='ocrx_word' id='word_1_1440' title='bbox 1895 2179 1921 2208; x_wconf 89' lang='lat'>8.</span> <span class='ocrx_word' id='word_1_1441' title='bbox 1945 2184 2006 2212; x_wconf 89' lang='lat' dir='ltr'>cap.</span> <span class='ocrx_word' id='word_1_1442' title='bbox 2018 2174 2067 2204; x_wconf 92' lang='lat' dir='ltr'>ult.</span> <span class='ocrx_word' id='word_1_1443' title='bbox 2090 2174 2127 2204; x_wconf 87' lang='lat' dir='ltr'>de</span> <span class='ocrx_word' id='word_1_1444' title='bbox 2142 2185 2277 2213; x_wconf 85' lang='lat' dir='ltr'>aquarum</span> <span class='ocrx_word' id='word_1_1445' title='bbox 2297 2178 2448 2215; x_wconf 67' lang='lat' dir='ltr'>ductibus,</span> 
     </span>
     <span class='ocr_line' id='line_1_159' title="bbox 1320 2211 2449 2251; baseline 0.005 -11"><span class='ocrx_word' id='word_1_1446' title='bbox 1320 2211 1410 2241; x_wconf 89' lang='lat' dir='ltr'>Etiam</span> <span class='ocrx_word' id='word_1_1447' title='bbox 1422 2212 1449 2239; x_wconf 93' lang='lat' dir='ltr'>in</span> <span class='ocrx_word' id='word_1_1448' title='bbox 1459 2219 1556 2240; x_wconf 83' lang='lat' dir='ltr'>ventre</span> <span class='ocrx_word' id='word_1_1449' title='bbox 1566 2211 1739 2241; x_wconf 89' lang='lat' dir='ltr'>columnaria</span> <span class='ocrx_word' id='word_1_1450' title='bbox 1748 2211 1810 2241; x_wconf 89' lang='lat' dir='ltr'>sunt</span> <span class='ocrx_word' id='word_1_1451' title='bbox 1821 2212 1949 2242; x_wconf 86' lang='lat' dir='ltr'>facienda</span> <span class='ocrx_word' id='word_1_1452' title='bbox 1958 2234 1966 2247; x_wconf 79' lang='lat'><em>‚</em></span> <span class='ocrx_word' id='word_1_1453' title='bbox 1987 2222 2038 2250; x_wconf 89' lang='lat' dir='ltr'>per</span> <span class='ocrx_word' id='word_1_1454' title='bbox 2056 2223 2115 2249; x_wconf 82' lang='lat' dir='ltr'>quae</span> <span class='ocrx_word' id='word_1_1455' title='bbox 2125 2214 2166 2243; x_wconf 87' lang='lat' dir='ltr'>vis</span> <span class='ocrx_word' id='word_1_1456' title='bbox 2175 2213 2287 2251; x_wconf 86' lang='lat' dir='ltr'>spiritus</span> <span class='ocrx_word' id='word_1_1457' title='bbox 2298 2216 2449 2248; x_wconf 83' lang='lat' dir='ltr'>relaxetur.</span> 
     </span>
     <span class='ocr_line' id='line_1_160' title="bbox 1318 2249 2447 2288; baseline 0.005 -10"><span class='ocrx_word' id='word_1_1458' title='bbox 1318 2250 1337 2278; x_wconf 85' lang='lat' dir='ltr'>i.</span> <span class='ocrx_word' id='word_1_1459' title='bbox 1354 2259 1379 2278; x_wconf 87' lang='lat' dir='ltr'>e.</span> <span class='ocrx_word' id='word_1_1460' title='bbox 1406 2249 1557 2285; x_wconf 76' lang='lat' dir='ltr'>ffistuaria‚</span> <span class='ocrx_word' id='word_1_1461' title='bbox 1579 2249 1632 2279; x_wconf 81' lang='lat' dir='ltr'>sive</span> <span class='ocrx_word' id='word_1_1462' title='bbox 1653 2250 1827 2287; x_wconf 68' lang='lat' dir='ltr'>Spitamenta</span> <span class='ocrx_word' id='word_1_1463' title='bbox 1839 2272 1846 2285; x_wconf 90' lang='lat'><strong>‚</strong></span> <span class='ocrx_word' id='word_1_1464' title='bbox 1869 2256 1900 2280; x_wconf 92' lang='lat' dir='ltr'>ut</span> <span class='ocrx_word' id='word_1_1465' title='bbox 1915 2252 2035 2288; x_wconf 75' lang='lat' dir='ltr'>exponit</span> <span class='ocrx_word' id='word_1_1466' title='bbox 2054 2251 2209 2281; x_wconf 84' lang='lat' dir='ltr'>Philander.</span> <span class='ocrx_word' id='word_1_1467' title='bbox 2250 2253 2400 2284; x_wconf 84' lang='lat' dir='ltr'>Beroaldus</span> <span class='ocrx_word' id='word_1_1468' title='bbox 2416 2256 2447 2285; x_wconf 88' lang='lat' dir='ltr'>in.</span> 
     </span>
     <span class='ocr_line' id='line_1_161' title="bbox 1319 2287 2450 2326; baseline 0.004 -9"><span class='ocrx_word' id='word_1_1469' title='bbox 1319 2287 1396 2317; x_wconf 87' lang='lat' dir='ltr'>Suet.</span> <span class='ocrx_word' id='word_1_1470' title='bbox 1410 2287 1518 2325; x_wconf 89' lang='lat' dir='ltr'>August.</span> <span class='ocrx_word' id='word_1_1471' title='bbox 1531 2297 1592 2324; x_wconf 88' lang='lat' dir='ltr'>cap.</span> <span class='ocrx_word' id='word_1_1472' title='bbox 1605 2298 1649 2322; x_wconf 88' lang='lat'>40.</span> <span class='ocrx_word' id='word_1_1473' title='bbox 1681 2288 1750 2324; x_wconf 82' lang='lat' dir='ltr'>legit</span> <span class='ocrx_word' id='word_1_1474' title='bbox 1761 2287 1928 2317; x_wconf 83' lang='lat' dir='ltr'>Colluviaria</span> <span class='ocrx_word' id='word_1_1475' title='bbox 1938 2311 1945 2323; x_wconf 88' lang='lat'><strong>‚</strong></span> <span class='ocrx_word' id='word_1_1476' title='bbox 1966 2298 2015 2326; x_wconf 91' lang='lat' dir='ltr'>per</span> <span class='ocrx_word' id='word_1_1477' title='bbox 2026 2299 2087 2326; x_wconf 84' lang='lat' dir='ltr'>quae</span> <span class='ocrx_word' id='word_1_1478' title='bbox 2097 2289 2231 2319; x_wconf 89' lang='lat' dir='ltr'>colluvies</span> <span class='ocrx_word' id='word_1_1479' title='bbox 2251 2293 2278 2321; x_wconf 67' lang='grc' dir='ltr'>δε</span> <span class='ocrx_word' id='word_1_1480' title='bbox 2295 2293 2450 2322; x_wconf 88' lang='lat' dir='ltr'>immundi-</span> 
     </span>
     <span class='ocr_line' id='line_1_162' title="bbox 1319 2325 2448 2367; baseline 0.005 -13"><span class='ocrx_word' id='word_1_1481' title='bbox 1319 2326 1358 2354; x_wconf 90' lang='lat' dir='ltr'>tia</span> <span class='ocrx_word' id='word_1_1482' title='bbox 1372 2325 1543 2361; x_wconf 76' lang='lat' dir='ltr'>ejectantur‚</span> <span class='ocrx_word' id='word_1_1483' title='bbox 1565 2326 1650 2363; x_wconf 86' lang='lat' dir='ltr'>longe</span> <span class='ocrx_word' id='word_1_1484' title='bbox 1668 2335 1683 2354; x_wconf 91' lang='lat' dir='ltr'>a</span> <span class='ocrx_word' id='word_1_1485' title='bbox 1708 2326 1823 2355; x_wconf 89' lang='lat' dir='ltr'>Vitruvii</span> <span class='ocrx_word' id='word_1_1486' title='bbox 1841 2325 1987 2356; x_wconf 89' lang='lat' dir='ltr'>sententia.</span> <span class='ocrx_word' id='word_1_1487' title='bbox 2028 2327 2137 2362; x_wconf 88' lang='lat' dir='ltr'>[Forte</span> <span class='ocrx_word' id='word_1_1488' title='bbox 2155 2327 2343 2358; x_wconf 90' lang='lat' dir='ltr'>Columbaria.</span> <span class='ocrx_word' id='word_1_1489' title='bbox 2384 2330 2448 2367; x_wconf 82' lang='lat' dir='ltr'>Qua</span> 
     </span>
     <span class='ocr_line' id='line_1_163' title="bbox 1319 2362 2383 2402; baseline 0.003 -9"><span class='ocrx_word' id='word_1_1490' title='bbox 1319 2373 1390 2393; x_wconf 88' lang='lat' dir='ltr'>voce</span> <span class='ocrx_word' id='word_1_1491' title='bbox 1402 2362 1581 2393; x_wconf 83' lang='lat' dir='ltr'>&amp;aliislocis</span> <span class='ocrx_word' id='word_1_1492' title='bbox 1600 2373 1651 2401; x_wconf 87' lang='lat' dir='ltr'>pro</span> <span class='ocrx_word' id='word_1_1493' title='bbox 1671 2363 1835 2399; x_wconf 82' lang='lat' dir='ltr'>Foramine,</span> <span class='ocrx_word' id='word_1_1494' title='bbox 1856 2363 1902 2393; x_wconf 88' lang='lat' dir='ltr'>seu</span> <span class='ocrx_word' id='word_1_1495' title='bbox 1913 2364 1987 2393; x_wconf 90' lang='lat' dir='ltr'>Cavo</span> <span class='ocrx_word' id='word_1_1496' title='bbox 2003 2365 2031 2393; x_wconf 92' lang='lat' dir='ltr'>id</span> <span class='ocrx_word' id='word_1_1497' title='bbox 2044 2374 2131 2402; x_wconf 84' lang='lat' dir='ltr'>genus</span> <span class='ocrx_word' id='word_1_1498' title='bbox 2142 2366 2238 2395; x_wconf 87' lang='lat' dir='ltr'>utitur.</span> <span class='ocrx_word' id='word_1_1499' title='bbox 2279 2367 2308 2396; x_wconf 95' lang='lat' dir='ltr'>V.</span> <span class='ocrx_word' id='word_1_1500' title='bbox 2329 2367 2348 2396; x_wconf 80' lang='lat' dir='ltr'>s.</span> <span class='ocrx_word' id='word_1_1501' title='bbox 2364 2367 2383 2397; x_wconf 85' lang='lat' dir='ltr'>l.</span> 
     </span>
     <span class='ocr_line' id='line_1_164' title="bbox 1319 2401 2448 2441; baseline 0.004 -12"><span class='ocrx_word' id='word_1_1502' title='bbox 1319 2401 1533 2430; x_wconf 85' lang='lat' dir='ltr'>Columnarium</span> <span class='ocrx_word' id='word_1_1503' title='bbox 1545 2423 1553 2436; x_wconf 83' lang='lat'>,</span> <span class='ocrx_word' id='word_1_1504' title='bbox 1573 2403 1600 2431; x_wconf 70' lang='lat'>8&lt;</span> <span class='ocrx_word' id='word_1_1505' title='bbox 1612 2402 1660 2439; x_wconf 91' lang='lat' dir='ltr'>qui</span> <span class='ocrx_word' id='word_1_1506' title='bbox 1671 2402 1800 2431; x_wconf 87' lang='lat' dir='ltr'>dicantur</span> <span class='ocrx_word' id='word_1_1507' title='bbox 1819 2402 1992 2432; x_wconf 85' lang='lat' dir='ltr'>Columnarii</span> <span class='ocrx_word' id='word_1_1508' title='bbox 2009 2403 2084 2441; x_wconf 87' lang='lat' dir='ltr'>apud</span> <span class='ocrx_word' id='word_1_1509' title='bbox 2094 2403 2278 2441; x_wconf 78' lang='lat' dir='ltr'>Ciceronem,</span> <span class='ocrx_word' id='word_1_1510' title='bbox 2304 2404 2337 2436; x_wconf 84' lang='lat' dir='ltr'>V.</span> <span class='ocrx_word' id='word_1_1511' title='bbox 2362 2405 2448 2436; x_wconf 83' lang='lat' dir='ltr'>Colo.</span> 
     </span>
    </p>

    <p class='ocr_par' dir='ltr' id='par_1_69' title="bbox 1338 2438 1755 2475">
     <span class='ocr_line' id='line_1_165' title="bbox 1338 2438 1755 2475; baseline 0 -7"><span class='ocrx_word' id='word_1_1512' title='bbox 1338 2440 1446 2468; x_wconf 90' lang='lat' dir='ltr'>narium</span> <span class='ocrx_word' id='word_1_1513' title='bbox 1455 2461 1464 2474; x_wconf 83' lang='lat'>‚</span> <span class='ocrx_word' id='word_1_1514' title='bbox 1487 2440 1516 2468; x_wconf 90' lang='lat' dir='ltr'>in</span> <span class='ocrx_word' id='word_1_1515' title='bbox 1538 2449 1555 2468; x_wconf 88' lang='lat' dir='ltr'>c</span> <span class='ocrx_word' id='word_1_1516' title='bbox 1564 2449 1581 2468; x_wconf 92' lang='lat' dir='ltr'>o</span> <span class='ocrx_word' id='word_1_1517' title='bbox 1592 2450 1608 2467; x_wconf 90' lang='lat' dir='ltr'>L</span> <span class='ocrx_word' id='word_1_1518' title='bbox 1617 2449 1634 2468; x_wconf 92' lang='grc' dir='ltr'><strong>ο</strong></span> <span class='ocrx_word' id='word_1_1519' title='bbox 1645 2461 1654 2475; x_wconf 90' lang='grc'>,</span> <span class='ocrx_word' id='word_1_1520' title='bbox 1675 2438 1755 2469; x_wconf 81' lang='lat' dir='ltr'>colis.</span> 
     </span>
    </p>

    <p class='ocr_par' dir='ltr' id='par_1_70' title="bbox 1281 2476 2124 2516">
     <span class='ocr_line' id='line_1_166' title="bbox 1281 2476 2124 2516; baseline 0.005 -10"><span class='ocrx_word' id='word_1_1521' title='bbox 1281 2476 1328 2507; x_wconf 91' lang='lat' dir='ltr'>Co</span> <span class='ocrx_word' id='word_1_1522' title='bbox 1339 2488 1356 2506; x_wconf 93' lang='lat' dir='ltr'>L</span> <span class='ocrx_word' id='word_1_1523' title='bbox 1367 2487 1386 2506; x_wconf 84' lang='grc' dir='ltr'>υ</span> <span class='ocrx_word' id='word_1_1524' title='bbox 1395 2488 1416 2506; x_wconf 92' lang='lat' dir='ltr'>M</span> <span class='ocrx_word' id='word_1_1525' title='bbox 1427 2486 1447 2506; x_wconf 88' lang='lat' dir='ltr'>N</span> <span class='ocrx_word' id='word_1_1526' title='bbox 1456 2479 1468 2506; x_wconf 86' lang='grc' dir='ltr'><strong>ῖ</strong></span> <span class='ocrx_word' id='word_1_1527' title='bbox 1477 2488 1490 2505; x_wconf 77' lang='lat' dir='ltr'>r</span> <span class='ocrx_word' id='word_1_1528' title='bbox 1500 2487 1514 2506; x_wconf 71' lang='lat' dir='ltr'>iz</span> <span class='ocrx_word' id='word_1_1529' title='bbox 1524 2487 1539 2505; x_wconf 81' lang='lat' dir='ltr'>R</span> <span class='ocrx_word' id='word_1_1530' title='bbox 1551 2499 1559 2511; x_wconf 81' lang='grc'><em>,</em></span> <span class='ocrx_word' id='word_1_1531' title='bbox 1580 2478 1627 2506; x_wconf 73' lang='lat' dir='ltr'>eta</span> <span class='ocrx_word' id='word_1_1532' title='bbox 1640 2499 1649 2512; x_wconf 77' lang='lat'>,</span> <span class='ocrx_word' id='word_1_1533' title='bbox 1671 2478 1759 2506; x_wconf 77' lang='lat' dir='ltr'>erum.</span> <span class='ocrx_word' id='word_1_1534' title='bbox 1782 2477 1912 2507; x_wconf 87' lang='lat' dir='ltr'>Prudent.</span> <span class='ocrx_word' id='word_1_1535' title='bbox 1926 2477 2029 2516; x_wconf 80' lang='lat' dir='ltr'>Hymn.</span> <span class='ocrx_word' id='word_1_1536' title='bbox 2042 2487 2067 2516; x_wconf 86' lang='lat'>3.</span> <span class='ocrx_word' id='word_1_1537' title='bbox 2080 2487 2124 2515; x_wconf 81' lang='lat'>52.</span> 
     </span>
    </p>

    <p class='ocr_par' dir='ltr' id='par_1_71' title="bbox 1281 2515 2447 2743">
     <span class='ocr_line' id='line_1_167' title="bbox 1412 2515 1834 2552; baseline 0 -8"><span class='ocrx_word' id='word_1_1538' title='bbox 1412 2515 1459 2544; x_wconf 88' lang='lat' dir='ltr'>Sic</span> <span class='ocrx_word' id='word_1_1539' title='bbox 1471 2515 1570 2545; x_wconf 85' lang='lat' dir='ltr'>habuit</span> <span class='ocrx_word' id='word_1_1540' title='bbox 1581 2515 1712 2552; x_wconf 87' lang='lat' dir='ltr'>generosa</span> <span class='ocrx_word' id='word_1_1541' title='bbox 1723 2522 1834 2552; x_wconf 85' lang='lat' dir='ltr'>patrum</span> 
     </span>
     <span class='ocr_line' id='line_1_168' title="bbox 1413 2552 1862 2583; baseline 0.002 -1"><span class='ocrx_word' id='word_1_1542' title='bbox 1413 2552 1508 2582; x_wconf 83' lang='lat' dir='ltr'>Turba</span> <span class='ocrx_word' id='word_1_1543' title='bbox 1518 2553 1733 2583; x_wconf 86' lang='lat' dir='ltr'>columniferum</span> <span class='ocrx_word' id='word_1_1544' title='bbox 1744 2554 1862 2583; x_wconf 89' lang='lat' dir='ltr'>radium.</span> 
     </span>
     <span class='ocr_line' id='line_1_169' title="bbox 1281 2589 2447 2627; baseline 0.003 -6"><span class='ocrx_word' id='word_1_1545' title='bbox 1281 2591 1413 2621; x_wconf 81' lang='lat' dir='ltr'>COLoM</span> <span class='ocrx_word' id='word_1_1546' title='bbox 1425 2601 1521 2619; x_wconf 77' lang='lat' dir='ltr'>NaLL</span> <span class='ocrx_word' id='word_1_1547' title='bbox 1532 2601 1566 2624; x_wconf 80' lang='lat' dir='ltr'>A,</span> <span class='ocrx_word' id='word_1_1548' title='bbox 1589 2601 1616 2620; x_wconf 86' lang='lat' dir='ltr'>ae.</span> <span class='ocrx_word' id='word_1_1549' title='bbox 1642 2591 1660 2620; x_wconf 89' lang='lat' dir='ltr'>f.</span> <span class='ocrx_word' id='word_1_1550' title='bbox 1682 2589 1830 2627; x_wconf 69' lang='grc' dir='ltr'>[ςυλιῶον]</span> <span class='ocrx_word' id='word_1_1551' title='bbox 1851 2591 1952 2621; x_wconf 87' lang='lat' dir='ltr'>dimin.</span> <span class='ocrx_word' id='word_1_1552' title='bbox 1994 2591 2060 2622; x_wconf 83' lang='lat' dir='ltr'>Caes.</span> <span class='ocrx_word' id='word_1_1553' title='bbox 2075 2600 2100 2622; x_wconf 86' lang='lat'>2.</span> <span class='ocrx_word' id='word_1_1554' title='bbox 2117 2592 2187 2622; x_wconf 91' lang='lat' dir='ltr'>Bell.</span> <span class='ocrx_word' id='word_1_1555' title='bbox 2208 2592 2288 2623; x_wconf 87' lang='lat' dir='ltr'>Civil.</span> <span class='ocrx_word' id='word_1_1556' title='bbox 2304 2604 2347 2624; x_wconf 86' lang='lat'>10.</span> <span class='ocrx_word' id='word_1_1557' title='bbox 2376 2595 2447 2626; x_wconf 81' lang='lat' dir='ltr'>Duae</span> 
     </span>
     <span class='ocr_line' id='line_1_170' title="bbox 1341 2628 2447 2669; baseline 0.003 -12"><span class='ocrx_word' id='word_1_1558' title='bbox 1341 2630 1443 2658; x_wconf 90' lang='lat' dir='ltr'>rimum</span> <span class='ocrx_word' id='word_1_1559' title='bbox 1453 2629 1544 2658; x_wconf 87' lang='lat' dir='ltr'>trabes</span> <span class='ocrx_word' id='word_1_1560' title='bbox 1555 2630 1585 2658; x_wconf 88' lang='lat' dir='ltr'>in</span> <span class='ocrx_word' id='word_1_1561' title='bbox 1599 2628 1667 2663; x_wconf 80' lang='lat' dir='ltr'>solo,</span> <span class='ocrx_word' id='word_1_1562' title='bbox 1678 2639 1755 2666; x_wconf 74' lang='lat' dir='ltr'>aeque</span> <span class='ocrx_word' id='word_1_1563' title='bbox 1765 2629 1865 2666; x_wconf 81' lang='lat' dir='ltr'>iongae,</span> <span class='ocrx_word' id='word_1_1564' title='bbox 1881 2629 2013 2660; x_wconf 70' lang='lat' dir='ltr'>distantes</span> <span class='ocrx_word' id='word_1_1565' title='bbox 2026 2631 2098 2665; x_wconf 84' lang='lat' dir='ltr'>inter</span> <span class='ocrx_word' id='word_1_1566' title='bbox 2109 2629 2136 2660; x_wconf 86' lang='lat' dir='ltr'>se</span> <span class='ocrx_word' id='word_1_1567' title='bbox 2147 2631 2233 2669; x_wconf 85' lang='lat' dir='ltr'>pedes</span> <span class='ocrx_word' id='word_1_1568' title='bbox 2245 2640 2371 2669; x_wconf 81' lang='lat' dir='ltr'>quatuor,</span> <span class='ocrx_word' id='word_1_1569' title='bbox 2386 2634 2447 2663; x_wconf 86' lang='lat' dir='ltr'>col-</span> 
     </span>
     <span class='ocr_line' id='line_1_171' title="bbox 1317 2639 2447 2709; baseline 0.003 -14"><span class='ocrx_word' id='word_1_1570' title='bbox 1317 2639 1447 2696; x_wconf 68' lang='lat' dir='ltr'>lbcantur</span> <span class='ocrx_word' id='word_1_1571' title='bbox 1460 2689 1468 2702; x_wconf 80' lang='lat'>‚</span> <span class='ocrx_word' id='word_1_1572' title='bbox 1490 2667 1574 2705; x_wconf 87' lang='lat' dir='ltr'>inque</span> <span class='ocrx_word' id='word_1_1573' title='bbox 1585 2668 1624 2696; x_wconf 84' lang='lat' dir='ltr'>eis</span> <span class='ocrx_word' id='word_1_1574' title='bbox 1634 2667 1812 2696; x_wconf 70' lang='lat' dir='ltr'>columnellae</span> <span class='ocrx_word' id='word_1_1575' title='bbox 1824 2667 1929 2705; x_wconf 88' lang='lat' dir='ltr'>pedum</span> <span class='ocrx_word' id='word_1_1576' title='bbox 1943 2669 1971 2696; x_wconf 92' lang='lat' dir='ltr'>in</span> <span class='ocrx_word' id='word_1_1577' title='bbox 1984 2668 2162 2698; x_wconf 89' lang='lat' dir='ltr'>altitudinem</span> <span class='ocrx_word' id='word_1_1578' title='bbox 2181 2671 2305 2707; x_wconf 86' lang='lat' dir='ltr'>quinque</span> <span class='ocrx_word' id='word_1_1579' title='bbox 2320 2671 2447 2709; x_wconf 74' lang='lat' dir='ltr'>defigun-</span> 
     </span>
     <span class='ocr_line' id='line_1_172' title="bbox 1319 2705 2447 2743; baseline 0.006 -10"><span class='ocrx_word' id='word_1_1580' title='bbox 1319 2712 1364 2734; x_wconf 86' lang='lat' dir='ltr'>tur</span> <span class='ocrx_word' id='word_1_1581' title='bbox 1377 2727 1385 2738; x_wconf 82' lang='grc'><em>,</em></span> <span class='ocrx_word' id='word_1_1582' title='bbox 1408 2706 1460 2734; x_wconf 71' lang='lat' dir='ltr'>&amp;c</span> <span class='ocrx_word' id='word_1_1583' title='bbox 1502 2705 1560 2734; x_wconf 76' lang='lat' dir='ltr'>Alia</span> <span class='ocrx_word' id='word_1_1584' title='bbox 1569 2705 1740 2743; x_wconf 85' lang='lat' dir='ltr'>exemplaria</span> <span class='ocrx_word' id='word_1_1585' title='bbox 1749 2705 2028 2736; x_wconf 85' lang='lat' dir='ltr'>habentColumellae</span> <span class='ocrx_word' id='word_1_1586' title='bbox 2037 2729 2045 2742; x_wconf 80' lang='grc'><em>,</em></span> <span class='ocrx_word' id='word_1_1587' title='bbox 2067 2716 2125 2736; x_wconf 90' lang='lat' dir='ltr'>non</span> <span class='ocrx_word' id='word_1_1588' title='bbox 2139 2707 2330 2739; x_wconf 76' lang='lat' dir='ltr'>Columnellae.</span> <span class='ocrx_word' id='word_1_1589' title='bbox 2352 2709 2382 2739; x_wconf 94' lang='lat' dir='ltr'>V.</span> <span class='ocrx_word' id='word_1_1590' title='bbox 2404 2710 2447 2740; x_wconf 82' lang='lat' dir='ltr'>ibi</span> 
     </span>
    </p>

    <p class='ocr_par' dir='ltr' id='par_1_72' title="bbox 1317 2742 1661 2780">
     <span class='ocr_line' id='line_1_173' title="bbox 1317 2742 1661 2780; baseline 0 -8"><span class='ocrx_word' id='word_1_1591' title='bbox 1317 2743 1418 2780; x_wconf 87' lang='lat' dir='ltr'>Scalig.</span> <span class='ocrx_word' id='word_1_1592' title='bbox 1442 2742 1511 2771; x_wconf 73' lang='lat' dir='ltr'>Voss&#39;.</span> <span class='ocrx_word' id='word_1_1593' title='bbox 1532 2744 1557 2773; x_wconf 71' lang='grc' dir='ltr'>ἃ</span> <span class='ocrx_word' id='word_1_1594' title='bbox 1574 2743 1661 2772; x_wconf 89' lang='lat' dir='ltr'>Davis.</span> 
     </span>
    </p>

    <p class='ocr_par' dir='ltr' id='par_1_73' title="bbox 1319 2779 2444 2820">
     <span class='ocr_line' id='line_1_174' title="bbox 1319 2779 2444 2820; baseline 0.005 -11"><span class='ocrx_word' id='word_1_1595' title='bbox 1319 2780 1603 2810; x_wconf 85' lang='lat' dir='ltr'>Ferreacolumnella.</span> <span class='ocrx_word' id='word_1_1596' title='bbox 1626 2781 1694 2810; x_wconf 89' lang='lat' dir='ltr'>Cato</span> <span class='ocrx_word' id='word_1_1597' title='bbox 1706 2780 1738 2810; x_wconf 91' lang='lat' dir='ltr'>R.</span> <span class='ocrx_word' id='word_1_1598' title='bbox 1752 2779 1783 2810; x_wconf 87' lang='lat' dir='ltr'>R.</span> <span class='ocrx_word' id='word_1_1599' title='bbox 1797 2790 1858 2819; x_wconf 90' lang='lat' dir='ltr'>cap.</span> <span class='ocrx_word' id='word_1_1600' title='bbox 1871 2790 1916 2810; x_wconf 85' lang='lat'>20.</span> <span class='ocrx_word' id='word_1_1601' title='bbox 1938 2780 1980 2810; x_wconf 88' lang='lat' dir='ltr'>Ita</span> <span class='ocrx_word' id='word_1_1602' title='bbox 1988 2780 2055 2820; x_wconf 87' lang='lat' dir='ltr'>legit</span> <span class='ocrx_word' id='word_1_1603' title='bbox 2066 2782 2208 2819; x_wconf 83' lang='lat' dir='ltr'>Meurfius,</span> <span class='ocrx_word' id='word_1_1604' title='bbox 2220 2783 2265 2813; x_wconf 86' lang='lat' dir='ltr'>alii</span> <span class='ocrx_word' id='word_1_1605' title='bbox 2275 2784 2444 2817; x_wconf 85' lang='lat' dir='ltr'>Columella.</span> 
     </span>
    </p>

    <p class='ocr_par' dir='ltr' id='par_1_74' title="bbox 1318 2819 2003 2856">
     <span class='ocr_line' id='line_1_175' title="bbox 1318 2819 2003 2856; baseline 0.004 -9"><span class='ocrx_word' id='word_1_1606' title='bbox 1318 2819 1388 2848; x_wconf 83' lang='lat' dir='ltr'>Vide</span> <span class='ocrx_word' id='word_1_1607' title='bbox 1406 2819 1434 2847; x_wconf 91' lang='lat' dir='ltr'>in</span> <span class='ocrx_word' id='word_1_1608' title='bbox 1455 2829 1467 2848; x_wconf 89' lang='lat' dir='ltr'>s</span> <span class='ocrx_word' id='word_1_1609' title='bbox 1478 2828 1495 2847; x_wconf 91' lang='lat' dir='ltr'>c</span> <span class='ocrx_word' id='word_1_1610' title='bbox 1504 2830 1523 2848; x_wconf 83' lang='lat' dir='ltr'>A</span> <span class='ocrx_word' id='word_1_1611' title='bbox 1533 2830 1546 2847; x_wconf 74' lang='grc' dir='ltr'><strong>Β</strong></span> <span class='ocrx_word' id='word_1_1612' title='bbox 1557 2829 1570 2848; x_wconf 81' lang='lat' dir='ltr'>i3</span> <span class='ocrx_word' id='word_1_1613' title='bbox 1580 2830 1596 2848; x_wconf 87' lang='lat' dir='ltr'>L</span> <span class='ocrx_word' id='word_1_1614' title='bbox 1605 2830 1621 2847; x_wconf 93' lang='lat' dir='ltr'>L</span> <span class='ocrx_word' id='word_1_1615' title='bbox 1631 2829 1648 2848; x_wconf 87' lang='lat' dir='ltr'>u</span> <span class='ocrx_word' id='word_1_1616' title='bbox 1659 2830 1680 2848; x_wconf 91' lang='lat' dir='ltr'>M</span> <span class='ocrx_word' id='word_1_1617' title='bbox 1696 2819 1773 2856; x_wconf 91' lang='lat' dir='ltr'>quod</span> <span class='ocrx_word' id='word_1_1618' title='bbox 1791 2819 1893 2848; x_wconf 90' lang='lat' dir='ltr'>notavi.</span> <span class='ocrx_word' id='word_1_1619' title='bbox 1917 2819 1950 2848; x_wconf 88' lang='lat' dir='ltr'>H.</span> <span class='ocrx_word' id='word_1_1620' title='bbox 1964 2819 2003 2850; x_wconf 90' lang='lat' dir='ltr'>St.</span> 
     </span>
    </p>

    <p class='ocr_par' dir='ltr' id='par_1_75' title="bbox 1280 2857 2444 2968">
     <span class='ocr_line' id='line_1_176' title="bbox 1280 2857 2444 2896; baseline 0.003 -10"><span class='ocrx_word' id='word_1_1621' title='bbox 1280 2857 1354 2887; x_wconf 72' lang='lat' dir='ltr'>Coi.</span> <span class='ocrx_word' id='word_1_1622' title='bbox 1366 2867 1382 2885; x_wconf 86' lang='lat' dir='ltr'>u</span> <span class='ocrx_word' id='word_1_1623' title='bbox 1393 2868 1412 2885; x_wconf 93' lang='lat' dir='ltr'>M</span> <span class='ocrx_word' id='word_1_1624' title='bbox 1423 2866 1436 2885; x_wconf 73' lang='lat' dir='ltr'>iz</span> <span class='ocrx_word' id='word_1_1625' title='bbox 1447 2868 1485 2885; x_wconf 89' lang='lat' dir='ltr'>LL</span> <span class='ocrx_word' id='word_1_1626' title='bbox 1496 2866 1533 2892; x_wconf 91' lang='lat' dir='ltr'>A,</span> <span class='ocrx_word' id='word_1_1627' title='bbox 1555 2867 1577 2886; x_wconf 70' lang='lat' dir='ltr'>az</span> <span class='ocrx_word' id='word_1_1628' title='bbox 1609 2857 1628 2886; x_wconf 87' lang='lat' dir='ltr'>f.</span> <span class='ocrx_word' id='word_1_1629' title='bbox 1651 2857 1753 2893; x_wconf 64' lang='grc' dir='ltr'>[κίων]</span> <span class='ocrx_word' id='word_1_1630' title='bbox 1775 2857 1872 2886; x_wconf 86' lang='lat' dir='ltr'>dimin.</span> <span class='ocrx_word' id='word_1_1631' title='bbox 1895 2857 1981 2886; x_wconf 93' lang='lat' dir='ltr'>aliud.</span> <span class='ocrx_word' id='word_1_1632' title='bbox 2021 2857 2079 2887; x_wconf 88' lang='lat' dir='ltr'>Cic.</span> <span class='ocrx_word' id='word_1_1633' title='bbox 2093 2868 2117 2888; x_wconf 85' lang='lat'>2.</span> <span class='ocrx_word' id='word_1_1634' title='bbox 2136 2858 2172 2888; x_wconf 90' lang='lat' dir='ltr'>de</span> <span class='ocrx_word' id='word_1_1635' title='bbox 2186 2858 2270 2896; x_wconf 86' lang='lat' dir='ltr'>Legib</span> <span class='ocrx_word' id='word_1_1636' title='bbox 2292 2864 2335 2889; x_wconf 91' lang='lat'>66.</span> <span class='ocrx_word' id='word_1_1637' title='bbox 2369 2861 2444 2894; x_wconf 78' lang='lat' dir='ltr'>Nam</span> 
     </span>
     <span class='ocr_line' id='line_1_177' title="bbox 1318 2894 2399 2936; baseline 0.005 -13"><span class='ocrx_word' id='word_1_1638' title='bbox 1318 2894 1399 2932; x_wconf 88' lang='lat' dir='ltr'>super</span> <span class='ocrx_word' id='word_1_1639' title='bbox 1409 2902 1487 2924; x_wconf 85' lang='lat' dir='ltr'>terrae</span> <span class='ocrx_word' id='word_1_1640' title='bbox 1497 2895 1637 2924; x_wconf 88' lang='lat' dir='ltr'>tumulum</span> <span class='ocrx_word' id='word_1_1641' title='bbox 1646 2895 1737 2924; x_wconf 87' lang='lat' dir='ltr'>noluit</span> <span class='ocrx_word' id='word_1_1642' title='bbox 1746 2895 1812 2932; x_wconf 87' lang='lat' dir='ltr'>quid</span> <span class='ocrx_word' id='word_1_1643' title='bbox 1824 2895 1919 2931; x_wconf 80' lang='lat' dir='ltr'>statui,</span> <span class='ocrx_word' id='word_1_1644' title='bbox 1940 2895 1990 2925; x_wconf 87' lang='lat' dir='ltr'>nisi</span> <span class='ocrx_word' id='word_1_1645' title='bbox 2003 2896 2183 2927; x_wconf 87' lang='lat' dir='ltr'>columellam</span> <span class='ocrx_word' id='word_1_1646' title='bbox 2196 2898 2283 2927; x_wconf 85' lang='lat' dir='ltr'>tribus</span> <span class='ocrx_word' id='word_1_1647' title='bbox 2295 2898 2399 2936; x_wconf 84' lang='lat' dir='ltr'>digitis.</span> 
     </span>
     <span class='ocr_line' id='line_1_178' title="bbox 1319 2932 1898 2968; baseline -0.003 -5"><span class='ocrx_word' id='word_1_1648' title='bbox 1319 2933 1452 2963; x_wconf 82' lang='lat' dir='ltr'>Eniinens</span> <span class='ocrx_word' id='word_1_1649' title='bbox 1463 2933 1622 2963; x_wconf 88' lang='lat' dir='ltr'>columella.</span> <span class='ocrx_word' id='word_1_1650' title='bbox 1645 2933 1703 2962; x_wconf 91' lang='lat' dir='ltr'>Cic.</span> <span class='ocrx_word' id='word_1_1651' title='bbox 1719 2944 1743 2968; x_wconf 80' lang='grc' dir='ltr'>ς.</span> <span class='ocrx_word' id='word_1_1652' title='bbox 1757 2932 1840 2962; x_wconf 85' lang='lat' dir='ltr'>Tusc.</span> <span class='ocrx_word' id='word_1_1653' title='bbox 1854 2937 1898 2968; x_wconf 83' lang='lat'>65.</span> 
     </span>
    </p>

    <p class='ocr_par' dir='ltr' id='par_1_76' title="bbox 1319 2970 2444 3012">
     <span class='ocr_line' id='line_1_179' title="bbox 1319 2970 2444 3012; baseline 0.004 -12"><span class='ocrx_word' id='word_1_1654' title='bbox 1319 2971 1486 3002; x_wconf 81' lang='lat' dir='ltr'>Columella.</span> <span class='ocrx_word' id='word_1_1655' title='bbox 1498 2972 1582 3000; x_wconf 87' lang='lat' dir='ltr'>etiam</span> <span class='ocrx_word' id='word_1_1656' title='bbox 1594 2972 1726 3008; x_wconf 77' lang='lat' dir='ltr'>significat</span> <span class='ocrx_word' id='word_1_1657' title='bbox 1738 2971 1873 3007; x_wconf 86' lang='lat' dir='ltr'>Majorem</span> <span class='ocrx_word' id='word_1_1658' title='bbox 1886 2970 1992 3001; x_wconf 84' lang='lat' dir='ltr'>servum</span> <span class='ocrx_word' id='word_1_1659' title='bbox 2003 2972 2032 3001; x_wconf 86' lang='lat' dir='ltr'>in</span> <span class='ocrx_word' id='word_1_1660' title='bbox 2043 2971 2156 3002; x_wconf 88' lang='lat' dir='ltr'>familia.</span> <span class='ocrx_word' id='word_1_1661' title='bbox 2164 2972 2360 3003; x_wconf 85' lang='lat' dir='ltr'>Martial.lib.1</span> <span class='ocrx_word' id='word_1_1662' title='bbox 2368 2985 2444 3012; x_wconf 54' lang='lat' dir='ltr'>nor.</span> 
     </span>
    </p>

    <p class='ocr_par' dir='ltr' id='par_1_77' title="bbox 1401 3008 2350 3047">
     <span class='ocr_line' id='line_1_180' title="bbox 1401 3008 2350 3047; baseline 0.004 -10"><span class='ocrx_word' id='word_1_1663' title='bbox 1401 3008 1489 3039; x_wconf 84' lang='lat' dir='ltr'>Lucili</span> <span class='ocrx_word' id='word_1_1664' title='bbox 1498 3009 1647 3039; x_wconf 85' lang='lat' dir='ltr'>columella</span> <span class='ocrx_word' id='word_1_1665' title='bbox 1661 3008 1707 3039; x_wconf 88' lang='lat' dir='ltr'>hic</span> <span class='ocrx_word' id='word_1_1666' title='bbox 1719 3008 1782 3038; x_wconf 82' lang='lat' dir='ltr'>situs</span> <span class='ocrx_word' id='word_1_1667' title='bbox 1798 3009 2009 3047; x_wconf 84' lang='lat' dir='ltr'>Metrophanes.</span> <span class='ocrx_word' id='word_1_1668' title='bbox 2105 3010 2136 3041; x_wconf 90' lang='lat' dir='ltr'>V.</span> <span class='ocrx_word' id='word_1_1669' title='bbox 2160 3020 2178 3040; x_wconf 90' lang='lat' dir='ltr'>c</span> <span class='ocrx_word' id='word_1_1670' title='bbox 2187 3021 2203 3040; x_wconf 89' lang='lat'>0</span> <span class='ocrx_word' id='word_1_1671' title='bbox 2212 3022 2230 3040; x_wconf 88' lang='lat' dir='ltr'>L</span> <span class='ocrx_word' id='word_1_1672' title='bbox 2239 3021 2256 3041; x_wconf 85' lang='lat' dir='ltr'>u</span> <span class='ocrx_word' id='word_1_1673' title='bbox 2266 3023 2287 3040; x_wconf 93' lang='lat' dir='ltr'>M</span> <span class='ocrx_word' id='word_1_1674' title='bbox 2297 3021 2311 3041; x_wconf 77' lang='lat' dir='ltr'>s</span> <span class='ocrx_word' id='word_1_1675' title='bbox 2320 3021 2350 3043; x_wconf 89' lang='lat' dir='ltr'>N.</span> 
     </span>
    </p>

    <p class='ocr_par' dir='ltr' id='par_1_78' title="bbox 1317 3045 2043 3084">
     <span class='ocr_line' id='line_1_181' title="bbox 1317 3045 2043 3084; baseline 0.003 -9"><span class='ocrx_word' id='word_1_1676' title='bbox 1317 3045 1476 3076; x_wconf 89' lang='lat' dir='ltr'>Columella</span> <span class='ocrx_word' id='word_1_1677' title='bbox 1486 3048 1652 3077; x_wconf 86' lang='lat' dir='ltr'>Anatomicis</span> <span class='ocrx_word' id='word_1_1678' title='bbox 1663 3048 1701 3076; x_wconf 85' lang='lat' dir='ltr'>est</span> <span class='ocrx_word' id='word_1_1679' title='bbox 1717 3047 1850 3084; x_wconf 87' lang='lat' dir='ltr'>Gurgulio</span> <span class='ocrx_word' id='word_1_1680' title='bbox 1861 3069 1870 3083; x_wconf 86' lang='lat'>‚</span> <span class='ocrx_word' id='word_1_1681' title='bbox 1891 3047 1936 3076; x_wconf 94' lang='lat' dir='ltr'>vel</span> <span class='ocrx_word' id='word_1_1682' title='bbox 1948 3047 2043 3077; x_wconf 88' lang='lat' dir='ltr'>Uvula.</span> 
     </span>
    </p>

    <p class='ocr_par' dir='ltr' id='par_1_79' title="bbox 1317 3084 1945 3115">
     <span class='ocr_line' id='line_1_182' title="bbox 1317 3084 1945 3115; baseline 0.002 -2"><span class='ocrx_word' id='word_1_1683' title='bbox 1317 3084 1361 3114; x_wconf 92' lang='lat' dir='ltr'>De</span> <span class='ocrx_word' id='word_1_1684' title='bbox 1373 3084 1476 3114; x_wconf 85' lang='lat' dir='ltr'>Bellica</span> <span class='ocrx_word' id='word_1_1685' title='bbox 1485 3085 1636 3115; x_wconf 87' lang='lat' dir='ltr'>columella</span> <span class='ocrx_word' id='word_1_1686' title='bbox 1659 3085 1687 3115; x_wconf 92' lang='lat' dir='ltr'>V.</span> <span class='ocrx_word' id='word_1_1687' title='bbox 1709 3086 1738 3114; x_wconf 89' lang='lat' dir='ltr'>in</span> <span class='ocrx_word' id='word_1_1688' title='bbox 1759 3096 1773 3114; x_wconf 69' lang='lat' dir='ltr'>r»</span> <span class='ocrx_word' id='word_1_1689' title='bbox 1784 3095 1797 3114; x_wconf 72' lang='lat' dir='ltr'>a</span> <span class='ocrx_word' id='word_1_1690' title='bbox 1806 3096 1821 3113; x_wconf 88' lang='lat' dir='ltr'>L</span> <span class='ocrx_word' id='word_1_1691' title='bbox 1833 3096 1848 3113; x_wconf 95' lang='lat' dir='ltr'>L</span> <span class='ocrx_word' id='word_1_1692' title='bbox 1858 3095 1875 3114; x_wconf 92' lang='lat' dir='ltr'>o</span> <span class='ocrx_word' id='word_1_1693' title='bbox 1886 3095 1907 3114; x_wconf 91' lang='lat' dir='ltr'>N</span> <span class='ocrx_word' id='word_1_1694' title='bbox 1917 3093 1945 3114; x_wconf 84' lang='lat' dir='ltr'>A.</span> 
     </span>
    </p>

    <p class='ocr_par' dir='ltr' id='par_1_80' title="bbox 1280 3122 2443 3278">
     <span class='ocr_line' id='line_1_183' title="bbox 1280 3122 2439 3162; baseline 0.003 -10"><span class='ocrx_word' id='word_1_1695' title='bbox 1280 3122 1328 3152; x_wconf 92' lang='lat' dir='ltr'>Co</span> <span class='ocrx_word' id='word_1_1696' title='bbox 1339 3134 1355 3151; x_wconf 91' lang='lat' dir='ltr'>L</span> <span class='ocrx_word' id='word_1_1697' title='bbox 1365 3133 1383 3151; x_wconf 86' lang='grc' dir='ltr'>υ</span> <span class='ocrx_word' id='word_1_1698' title='bbox 1391 3134 1410 3151; x_wconf 88' lang='grc' dir='ltr'><strong><em>Μ</em></strong></span> <span class='ocrx_word' id='word_1_1699' title='bbox 1420 3133 1434 3151; x_wconf 68' lang='lat' dir='ltr'>ri</span> <span class='ocrx_word' id='word_1_1700' title='bbox 1444 3135 1458 3152; x_wconf 94' lang='lat' dir='ltr'>L</span> <span class='ocrx_word' id='word_1_1701' title='bbox 1469 3134 1484 3152; x_wconf 87' lang='lat' dir='ltr'>L</span> <span class='ocrx_word' id='word_1_1702' title='bbox 1493 3135 1523 3159; x_wconf 73' lang='lat' dir='ltr'>A,</span> <span class='ocrx_word' id='word_1_1703' title='bbox 1535 3134 1565 3153; x_wconf 84' lang='lat' dir='ltr'>ae.</span> <span class='ocrx_word' id='word_1_1704' title='bbox 1578 3133 1615 3153; x_wconf 89' lang='lat' dir='ltr'>m.</span> <span class='ocrx_word' id='word_1_1705' title='bbox 1637 3124 1653 3160; x_wconf 94' lang='lat'>[</span> <span class='ocrx_word' id='word_1_1706' title='bbox 1665 3123 1833 3158; x_wconf 50' lang='lat' dir='ltr'>Kozspa&#39;ma]</span> <span class='ocrx_word' id='word_1_1707' title='bbox 1854 3123 2020 3161; x_wconf 87' lang='lat' dir='ltr'>Cognomen</span> <span class='ocrx_word' id='word_1_1708' title='bbox 2032 3123 2149 3153; x_wconf 85' lang='lat' dir='ltr'>alterum</span> <span class='ocrx_word' id='word_1_1709' title='bbox 2157 3123 2188 3154; x_wconf 91' lang='lat' dir='ltr'>L.</span> <span class='ocrx_word' id='word_1_1710' title='bbox 2199 3124 2275 3160; x_wconf 87' lang='lat' dir='ltr'>Junii</span> <span class='ocrx_word' id='word_1_1711' title='bbox 2287 3124 2439 3162; x_wconf 85' lang='lat' dir='ltr'>Moderati,</span> 
     </span>
     <span class='ocr_line' id='line_1_184' title="bbox 1319 3161 2443 3201; baseline 0.004 -12"><span class='ocrx_word' id='word_1_1712' title='bbox 1319 3162 1365 3198; x_wconf 90' lang='lat' dir='ltr'>qui</span> <span class='ocrx_word' id='word_1_1713' title='bbox 1378 3162 1412 3190; x_wconf 89' lang='lat' dir='ltr'>de</span> <span class='ocrx_word' id='word_1_1714' title='bbox 1423 3161 1600 3199; x_wconf 71' lang='lat' dir='ltr'>agricultura,</span> <span class='ocrx_word' id='word_1_1715' title='bbox 1611 3168 1666 3191; x_wconf 90' lang='lat' dir='ltr'>tam</span> <span class='ocrx_word' id='word_1_1716' title='bbox 1677 3161 1849 3198; x_wconf 63' lang='lat' dir='ltr'>versinquam</span> <span class='ocrx_word' id='word_1_1717' title='bbox 1861 3161 1938 3199; x_wconf 86' lang='lat' dir='ltr'>prosa</span> <span class='ocrx_word' id='word_1_1718' title='bbox 1950 3161 2036 3191; x_wconf 91' lang='lat' dir='ltr'>libros</span> <span class='ocrx_word' id='word_1_1719' title='bbox 2048 3172 2102 3191; x_wconf 84' lang='lat' dir='ltr'>xur</span> <span class='ocrx_word' id='word_1_1720' title='bbox 2114 3162 2313 3199; x_wconf 64' lang='lat' dir='ltr'>elegantissime</span> <span class='ocrx_word' id='word_1_1721' title='bbox 2325 3163 2443 3201; x_wconf 85' lang='lat' dir='ltr'>scriptos</span> 
     </span>
     <span class='ocr_line' id='line_1_185' title="bbox 1319 3198 2441 3237; baseline 0.003 -9"><span class='ocrx_word' id='word_1_1722' title='bbox 1319 3198 1440 3235; x_wconf 83' lang='lat' dir='ltr'>reliquit.</span> <span class='ocrx_word' id='word_1_1723' title='bbox 1469 3199 1500 3228; x_wconf 84' lang='lat' dir='ltr'>Et</span> <span class='ocrx_word' id='word_1_1724' title='bbox 1514 3200 1598 3230; x_wconf 89' lang='lat' dir='ltr'>libros</span> <span class='ocrx_word' id='word_1_1725' title='bbox 1606 3199 1711 3237; x_wconf 80' lang='lat' dir='ltr'>aliquot</span> <span class='ocrx_word' id='word_1_1726' title='bbox 1722 3199 1823 3237; x_wconf 86' lang='lat' dir='ltr'>scripsit</span> <span class='ocrx_word' id='word_1_1727' title='bbox 1832 3206 1929 3228; x_wconf 85' lang='lat' dir='ltr'>contra</span> <span class='ocrx_word' id='word_1_1728' title='bbox 1938 3199 2135 3237; x_wconf 82' lang='lat' dir='ltr'>Astrologos.ut</span> <span class='ocrx_word' id='word_1_1729' title='bbox 2143 3199 2200 3237; x_wconf 90' lang='lat' dir='ltr'>ipse</span> <span class='ocrx_word' id='word_1_1730' title='bbox 2211 3201 2279 3230; x_wconf 91' lang='lat' dir='ltr'>dicit</span> <span class='ocrx_word' id='word_1_1731' title='bbox 2292 3211 2303 3230; x_wconf 92' lang='lat'>1</span> <span class='ocrx_word' id='word_1_1732' title='bbox 2312 3211 2334 3231; x_wconf 90' lang='lat'>1.</span> <span class='ocrx_word' id='word_1_1733' title='bbox 2342 3209 2441 3233; x_wconf 73' lang='lat' dir='ltr'>Lextr.</span> 
     </span>
     <span class='ocr_line' id='line_1_186' title="bbox 1316 3236 2437 3278; baseline 0.004 -11"><span class='ocrx_word' id='word_1_1734' title='bbox 1316 3237 1428 3267; x_wconf 86' lang='lat' dir='ltr'>Marcus</span> <span class='ocrx_word' id='word_1_1735' title='bbox 1437 3237 1593 3268; x_wconf 86' lang='lat' dir='ltr'>Columella</span> <span class='ocrx_word' id='word_1_1736' title='bbox 1604 3246 1717 3275; x_wconf 84' lang='lat' dir='ltr'>patruus</span> <span class='ocrx_word' id='word_1_1737' title='bbox 1727 3238 1837 3267; x_wconf 85' lang='lat' dir='ltr'>alterius</span> <span class='ocrx_word' id='word_1_1738' title='bbox 1847 3236 2019 3267; x_wconf 66' lang='lat' dir='ltr'>doctissimus</span> <span class='ocrx_word' id='word_1_1739' title='bbox 2028 3240 2053 3268; x_wconf 74' lang='lat' dir='ltr'>Sc</span> <span class='ocrx_word' id='word_1_1740' title='bbox 2062 3238 2286 3276; x_wconf 73' lang='lat' dir='ltr'>diligentissimus</span> <span class='ocrx_word' id='word_1_1741' title='bbox 2305 3240 2437 3278; x_wconf 82' lang='lat' dir='ltr'>agricola.</span> 
     </span>
    </p>

    <p class='ocr_par' dir='ltr' id='par_1_81' title="bbox 1335 3274 1938 3305">
     <span class='ocr_line' id='line_1_187' title="bbox 1335 3274 1938 3305; baseline 0 -2"><span class='ocrx_word' id='word_1_1742' title='bbox 1335 3274 1432 3304; x_wconf 87' lang='lat' dir='ltr'>laudat</span> <span class='ocrx_word' id='word_1_1743' title='bbox 1440 3285 1504 3305; x_wconf 90' lang='lat' dir='ltr'>eum</span> <span class='ocrx_word' id='word_1_1744' title='bbox 1517 3275 1543 3305; x_wconf 72' lang='lat' dir='ltr'>Lv</span> <span class='ocrx_word' id='word_1_1745' title='bbox 1557 3276 1714 3305; x_wconf 86' lang='lat' dir='ltr'>Columella</span> <span class='ocrx_word' id='word_1_1746' title='bbox 1723 3286 1748 3305; x_wconf 86' lang='lat'>2.</span> <span class='ocrx_word' id='word_1_1747' title='bbox 1765 3279 1806 3304; x_wconf 89' lang='lat'>16.</span> <span class='ocrx_word' id='word_1_1748' title='bbox 1827 3274 1938 3305; x_wconf 60' lang='lat' dir='ltr'>&amp;calibs</span> 
     </span>
    </p>

    <p class='ocr_par' dir='ltr' id='par_1_82' title="bbox 1278 3310 2440 3578">
     <span class='ocr_line' id='line_1_188' title="bbox 1278 3310 2437 3353; baseline 0.008 -16"><span class='ocrx_word' id='word_1_1749' title='bbox 1278 3311 1302 3342; x_wconf 93' lang='lat' dir='ltr'>C</span> <span class='ocrx_word' id='word_1_1750' title='bbox 1312 3322 1328 3342; x_wconf 89' lang='lat'>0</span> <span class='ocrx_word' id='word_1_1751' title='bbox 1339 3323 1383 3342; x_wconf 73' lang='lat' dir='ltr'>Lu</span> <span class='ocrx_word' id='word_1_1752' title='bbox 1392 3325 1413 3342; x_wconf 73' lang='grc' dir='ltr'><strong><em>Μ</em></strong></span> <span class='ocrx_word' id='word_1_1753' title='bbox 1422 3323 1460 3342; x_wconf 59' lang='grc' dir='ltr'><em>η</em></span> <span class='ocrx_word' id='word_1_1754' title='bbox 1470 3325 1486 3342; x_wconf 71' lang='lat' dir='ltr'>L</span> <span class='ocrx_word' id='word_1_1755' title='bbox 1495 3324 1514 3343; x_wconf 68' lang='lat' dir='ltr'>A</span> <span class='ocrx_word' id='word_1_1756' title='bbox 1526 3324 1543 3343; x_wconf 70' lang='lat' dir='ltr'>R</span> <span class='ocrx_word' id='word_1_1757' title='bbox 1554 3324 1587 3344; x_wconf 76' lang='lat' dir='ltr'>Rs</span> <span class='ocrx_word' id='word_1_1758' title='bbox 1600 3337 1608 3349; x_wconf 74' lang='lat'>‚</span> <span class='ocrx_word' id='word_1_1759' title='bbox 1630 3316 1698 3343; x_wconf 66' lang='lat' dir='ltr'>ium,</span> <span class='ocrx_word' id='word_1_1760' title='bbox 1721 3324 1758 3343; x_wconf 78' lang='lat' dir='ltr'>m,</span> <span class='ocrx_word' id='word_1_1761' title='bbox 1780 3310 1926 3349; x_wconf 58' lang='grc' dir='ltr'>[ςέμφωι]</span> <span class='ocrx_word' id='word_1_1762' title='bbox 1948 3312 2052 3342; x_wconf 87' lang='lat' dir='ltr'>Dentes</span> <span class='ocrx_word' id='word_1_1763' title='bbox 2073 3314 2262 3347; x_wconf 69' lang='lat' dir='ltr'>iumentorum</span> <span class='ocrx_word' id='word_1_1764' title='bbox 2279 3322 2416 3346; x_wconf 81' lang='lat' dir='ltr'>vocantur</span> <span class='ocrx_word' id='word_1_1765' title='bbox 2427 3339 2437 3353; x_wconf 84' lang='lat'><strong><em>‚</em></strong></span> 
     </span>
     <span class='ocr_line' id='line_1_189' title="bbox 1316 3350 2440 3390; baseline 0.004 -11"><span class='ocrx_word' id='word_1_1766' title='bbox 1316 3352 1363 3388; x_wconf 87' lang='lat' dir='ltr'>qui</span> <span class='ocrx_word' id='word_1_1767' title='bbox 1376 3353 1482 3381; x_wconf 86' lang='lat' dir='ltr'>caninis</span> <span class='ocrx_word' id='word_1_1768' title='bbox 1494 3353 1613 3390; x_wconf 80' lang='lat' dir='ltr'>proximi</span> <span class='ocrx_word' id='word_1_1769' title='bbox 1625 3352 1696 3381; x_wconf 86' lang='lat' dir='ltr'>sunt.</span> <span class='ocrx_word' id='word_1_1770' title='bbox 1728 3351 1810 3380; x_wconf 87' lang='lat' dir='ltr'>Varro</span> <span class='ocrx_word' id='word_1_1771' title='bbox 1820 3360 1846 3379; x_wconf 84' lang='lat'>2.</span> <span class='ocrx_word' id='word_1_1772' title='bbox 1865 3351 1900 3379; x_wconf 87' lang='lat' dir='ltr'>de</span> <span class='ocrx_word' id='word_1_1773' title='bbox 1911 3350 1943 3379; x_wconf 87' lang='lat' dir='ltr'>R.</span> <span class='ocrx_word' id='word_1_1774' title='bbox 1957 3350 1988 3379; x_wconf 89' lang='lat' dir='ltr'>R.</span> <span class='ocrx_word' id='word_1_1775' title='bbox 2006 3360 2104 3388; x_wconf 83' lang='lat' dir='ltr'>cap.7.</span> <span class='ocrx_word' id='word_1_1776' title='bbox 2116 3362 2156 3389; x_wconf 90' lang='lat' dir='ltr'>pr.</span> <span class='ocrx_word' id='word_1_1777' title='bbox 2180 3352 2254 3382; x_wconf 83' lang='lat' dir='ltr'>AEtas</span> <span class='ocrx_word' id='word_1_1778' title='bbox 2263 3354 2440 3390; x_wconf 75' lang='lat' dir='ltr'>cognoscitur</span> 
     </span>
     <span class='ocr_line' id='line_1_190' title="bbox 1314 3388 2439 3426; baseline 0.004 -9"><span class='ocrx_word' id='word_1_1779' title='bbox 1314 3398 1467 3426; x_wconf 88' lang='lat' dir='ltr'>equorum,</span> <span class='ocrx_word' id='word_1_1780' title='bbox 1489 3394 1514 3420; x_wconf 57' lang='grc' dir='ltr'>ἃ</span> <span class='ocrx_word' id='word_1_1781' title='bbox 1527 3390 1584 3420; x_wconf 87' lang='lat' dir='ltr'>fere</span> <span class='ocrx_word' id='word_1_1782' title='bbox 1593 3390 1738 3423; x_wconf 82' lang='lat' dir='ltr'>omnium,</span> <span class='ocrx_word' id='word_1_1783' title='bbox 1760 3388 1931 3425; x_wconf 74' lang='lat' dir='ltr'>qui-,iugulas</span> <span class='ocrx_word' id='word_1_1784' title='bbox 1943 3388 2071 3418; x_wconf 87' lang='lat' dir='ltr'>indivisas</span> <span class='ocrx_word' id='word_1_1785' title='bbox 2087 3390 2206 3423; x_wconf 84' lang='lat' dir='ltr'>habent,</span> <span class='ocrx_word' id='word_1_1786' title='bbox 2230 3392 2255 3420; x_wconf 72' lang='grc' dir='ltr'>ἃ</span> <span class='ocrx_word' id='word_1_1787' title='bbox 2275 3400 2358 3421; x_wconf 80' lang='lat' dir='ltr'>etiam</span> <span class='ocrx_word' id='word_1_1788' title='bbox 2378 3403 2439 3422; x_wconf 85' lang='lat' dir='ltr'>cor-</span> 
     </span>
     <span class='ocr_line' id='line_1_191' title="bbox 1314 3426 2439 3465; baseline 0.004 -10"><span class='ocrx_word' id='word_1_1789' title='bbox 1314 3436 1464 3463; x_wconf 76' lang='lat' dir='ltr'>nutaium,</span> <span class='ocrx_word' id='word_1_1790' title='bbox 1486 3429 1562 3465; x_wconf 86' lang='lat' dir='ltr'>quod</span> <span class='ocrx_word' id='word_1_1791' title='bbox 1574 3437 1661 3465; x_wconf 83' lang='lat' dir='ltr'>equus</span> <span class='ocrx_word' id='word_1_1792' title='bbox 1673 3427 1783 3464; x_wconf 80' lang='lat' dir='ltr'>triginta</span> <span class='ocrx_word' id='word_1_1793' title='bbox 1795 3426 1928 3456; x_wconf 87' lang='lat' dir='ltr'>mensium</span> <span class='ocrx_word' id='word_1_1794' title='bbox 1948 3427 2068 3462; x_wconf 87' lang='lat' dir='ltr'>primum</span> <span class='ocrx_word' id='word_1_1795' title='bbox 2089 3428 2188 3457; x_wconf 86' lang='lat' dir='ltr'>dentes</span> <span class='ocrx_word' id='word_1_1796' title='bbox 2207 3429 2316 3459; x_wconf 81' lang='lat' dir='ltr'>medios</span> <span class='ocrx_word' id='word_1_1797' title='bbox 2335 3431 2439 3460; x_wconf 88' lang='lat' dir='ltr'>dicitur</span> 
     </span>
     <span class='ocr_line' id='line_1_192' title="bbox 1313 3464 2438 3505; baseline 0.004 -12"><span class='ocrx_word' id='word_1_1798' title='bbox 1313 3465 1458 3501; x_wconf 79' lang='lat' dir='ltr'>amittere,</span> <span class='ocrx_word' id='word_1_1799' title='bbox 1487 3467 1544 3495; x_wconf 90' lang='lat' dir='ltr'>duo</span> <span class='ocrx_word' id='word_1_1800' title='bbox 1573 3465 1740 3502; x_wconf 80' lang='lat' dir='ltr'>superiores,</span> <span class='ocrx_word' id='word_1_1801' title='bbox 1769 3464 1888 3493; x_wconf 86' lang='lat' dir='ltr'>totidem</span> <span class='ocrx_word' id='word_1_1802' title='bbox 1913 3464 2068 3494; x_wconf 75' lang='lat' dir='ltr'>inferiores.</span> <span class='ocrx_word' id='word_1_1803' title='bbox 2108 3465 2280 3503; x_wconf 89' lang='lat' dir='ltr'>Incipientes</span> <span class='ocrx_word' id='word_1_1804' title='bbox 2310 3477 2438 3505; x_wconf 81' lang='lat' dir='ltr'>quartum</span> 
     </span>
     <span class='ocr_line' id='line_1_193' title="bbox 1313 3502 2439 3543; baseline 0.004 -12"><span class='ocrx_word' id='word_1_1805' title='bbox 1313 3512 1395 3540; x_wconf 86' lang='lat' dir='ltr'>agere</span> <span class='ocrx_word' id='word_1_1806' title='bbox 1405 3513 1509 3533; x_wconf 89' lang='lat' dir='ltr'>annum</span> <span class='ocrx_word' id='word_1_1807' title='bbox 1521 3503 1620 3532; x_wconf 85' lang='lat' dir='ltr'>itidem</span> <span class='ocrx_word' id='word_1_1808' title='bbox 1635 3504 1789 3538; x_wconf 71' lang='lat' dir='ltr'>ejiciunr,&amp;</span> <span class='ocrx_word' id='word_1_1809' title='bbox 1802 3503 1919 3531; x_wconf 88' lang='lat' dir='ltr'>totidem</span> <span class='ocrx_word' id='word_1_1810' title='bbox 1930 3502 2075 3539; x_wconf 79' lang='lat' dir='ltr'>proximos</span> <span class='ocrx_word' id='word_1_1811' title='bbox 2086 3512 2182 3533; x_wconf 87' lang='lat' dir='ltr'>eorum</span> <span class='ocrx_word' id='word_1_1812' title='bbox 2194 3513 2263 3541; x_wconf 89' lang='lat' dir='ltr'>quos</span> <span class='ocrx_word' id='word_1_1813' title='bbox 2276 3506 2439 3543; x_wconf 88' lang='lat' dir='ltr'>amiserunt,</span> 
     </span>
     <span class='ocr_line' id='line_1_194' title="bbox 1315 3539 2012 3578; baseline -0.001 -8"><span class='ocrx_word' id='word_1_1814' title='bbox 1315 3542 1341 3570; x_wconf 73' lang='grc' dir='ltr'>ἃ</span> <span class='ocrx_word' id='word_1_1815' title='bbox 1360 3542 1502 3578; x_wconf 83' lang='lat' dir='ltr'>incipiunt</span> <span class='ocrx_word' id='word_1_1816' title='bbox 1516 3541 1588 3570; x_wconf 91' lang='lat' dir='ltr'>nasci</span> <span class='ocrx_word' id='word_1_1817' title='bbox 1608 3550 1677 3577; x_wconf 90' lang='lat' dir='ltr'>quos</span> <span class='ocrx_word' id='word_1_1818' title='bbox 1692 3547 1792 3569; x_wconf 83' lang='lat' dir='ltr'>vocant</span> <span class='ocrx_word' id='word_1_1819' title='bbox 1810 3539 2012 3569; x_wconf 88' lang='lat' dir='ltr'>columellares.</span> 
     </span>
    </p>

    <p class='ocr_par' dir='ltr' id='par_1_83' title="bbox 1276 3577 2438 3878">
     <span class='ocr_line' id='line_1_195' title="bbox 1276 3577 2438 3616; baseline 0.004 -9"><span class='ocrx_word' id='word_1_1820' title='bbox 1276 3577 1321 3608; x_wconf 82' lang='lat' dir='ltr'>C6</span> <span class='ocrx_word' id='word_1_1821' title='bbox 1331 3590 1346 3607; x_wconf 93' lang='lat' dir='ltr'>L</span> <span class='ocrx_word' id='word_1_1822' title='bbox 1355 3582 1373 3607; x_wconf 80' lang='grc' dir='ltr'><strong>ῦ</strong></span> <span class='ocrx_word' id='word_1_1823' title='bbox 1382 3589 1396 3607; x_wconf 73' lang='lat' dir='ltr'>n</span> <span class='ocrx_word' id='word_1_1824' title='bbox 1408 3591 1415 3608; x_wconf 92' lang='lat' dir='ltr'>i</span> <span class='ocrx_word' id='word_1_1825' title='bbox 1425 3601 1434 3614; x_wconf 79' lang='lat'><strong>‚</strong></span> <span class='ocrx_word' id='word_1_1826' title='bbox 1454 3589 1542 3608; x_wconf 87' lang='lat' dir='ltr'>orum.</span> <span class='ocrx_word' id='word_1_1827' title='bbox 1566 3577 1708 3614; x_wconf 55' lang='grc' dir='ltr'>[κέλεςηι]</span> <span class='ocrx_word' id='word_1_1828' title='bbox 1732 3578 1793 3607; x_wconf 90' lang='lat' dir='ltr'>Duo</span> <span class='ocrx_word' id='word_1_1829' title='bbox 1805 3577 1867 3606; x_wconf 84' lang='lat' dir='ltr'>sunt</span> <span class='ocrx_word' id='word_1_1830' title='bbox 1876 3578 1973 3607; x_wconf 87' lang='lat' dir='ltr'>circuli</span> <span class='ocrx_word' id='word_1_1831' title='bbox 1988 3579 2016 3607; x_wconf 91' lang='lat' dir='ltr'>in</span> <span class='ocrx_word' id='word_1_1832' title='bbox 2026 3578 2144 3616; x_wconf 82' lang='lat' dir='ltr'>sphaera,</span> <span class='ocrx_word' id='word_1_1833' title='bbox 2166 3578 2222 3608; x_wconf 82' lang='lat' dir='ltr'>sese</span> <span class='ocrx_word' id='word_1_1834' title='bbox 2238 3586 2336 3610; x_wconf 90' lang='lat' dir='ltr'>mutuo</span> <span class='ocrx_word' id='word_1_1835' title='bbox 2348 3582 2376 3611; x_wconf 88' lang='lat' dir='ltr'>in</span> <span class='ocrx_word' id='word_1_1836' title='bbox 2387 3591 2438 3612; x_wconf 88' lang='lat' dir='ltr'>an-</span> 
     </span>
     <span class='ocr_line' id='line_1_196' title="bbox 1313 3615 2438 3656; baseline 0.003 -10"><span class='ocrx_word' id='word_1_1837' title='bbox 1313 3617 1395 3653; x_wconf 81' lang='lat' dir='ltr'>gulos</span> <span class='ocrx_word' id='word_1_1838' title='bbox 1411 3618 1500 3646; x_wconf 57' lang='lat' dir='ltr'>retffos</span> <span class='ocrx_word' id='word_1_1839' title='bbox 1509 3615 1653 3654; x_wconf 81' lang='lat' dir='ltr'>sphaerales</span> <span class='ocrx_word' id='word_1_1840' title='bbox 1666 3615 1850 3653; x_wconf 81' lang='lat' dir='ltr'>dispescentes</span> <span class='ocrx_word' id='word_1_1841' title='bbox 1863 3616 1934 3645; x_wconf 88' lang='lat' dir='ltr'>circa</span> <span class='ocrx_word' id='word_1_1842' title='bbox 1945 3615 2026 3653; x_wconf 86' lang='lat' dir='ltr'>polos</span> <span class='ocrx_word' id='word_1_1843' title='bbox 2039 3617 2153 3651; x_wconf 83' lang='lat' dir='ltr'>mundi,</span> <span class='ocrx_word' id='word_1_1844' title='bbox 2175 3616 2387 3656; x_wconf 87' lang='lat' dir='ltr'>Zodiacumque</span> <span class='ocrx_word' id='word_1_1845' title='bbox 2399 3622 2438 3650; x_wconf 90' lang='lat' dir='ltr'>ita</span> 
     </span>
     <span class='ocr_line' id='line_1_197' title="bbox 1313 3654 2436 3691; baseline 0.004 -8"><span class='ocrx_word' id='word_1_1846' title='bbox 1313 3655 1511 3684; x_wconf 83' lang='lat' dir='ltr'>intersecantes</span> <span class='ocrx_word' id='word_1_1847' title='bbox 1523 3677 1529 3688; x_wconf 74' lang='grc'><em>,</em></span> <span class='ocrx_word' id='word_1_1848' title='bbox 1552 3662 1582 3683; x_wconf 89' lang='lat' dir='ltr'>ut</span> <span class='ocrx_word' id='word_1_1849' title='bbox 1593 3664 1663 3683; x_wconf 87' lang='lat' dir='ltr'>unus</span> <span class='ocrx_word' id='word_1_1850' title='bbox 1673 3663 1769 3682; x_wconf 87' lang='lat' dir='ltr'>eorum</span> <span class='ocrx_word' id='word_1_1851' title='bbox 1782 3663 1830 3690; x_wconf 83' lang='lat' dir='ltr'>per</span> <span class='ocrx_word' id='word_1_1852' title='bbox 1838 3654 1974 3691; x_wconf 86' lang='lat' dir='ltr'>principia</span> <span class='ocrx_word' id='word_1_1853' title='bbox 1988 3655 2082 3683; x_wconf 72' lang='lat' dir='ltr'>Arietis</span> <span class='ocrx_word' id='word_1_1854' title='bbox 2094 3656 2119 3684; x_wconf 68' lang='grc' dir='ltr'><strong><em>ἃ</em></strong></span> <span class='ocrx_word' id='word_1_1855' title='bbox 2133 3654 2219 3684; x_wconf 87' lang='lat' dir='ltr'>Librae</span> <span class='ocrx_word' id='word_1_1856' title='bbox 2227 3656 2343 3687; x_wconf 82' lang='lat' dir='ltr'>feratur:</span> <span class='ocrx_word' id='word_1_1857' title='bbox 2367 3658 2436 3687; x_wconf 80' lang='lat' dir='ltr'>alter</span> 
     </span>
     <span class='ocr_line' id='line_1_198' title="bbox 1313 3691 2437 3730; baseline 0.001 -9"><span class='ocrx_word' id='word_1_1858' title='bbox 1313 3702 1363 3729; x_wconf 87' lang='lat' dir='ltr'>per</span> <span class='ocrx_word' id='word_1_1859' title='bbox 1372 3693 1510 3730; x_wconf 86' lang='lat' dir='ltr'>principia</span> <span class='ocrx_word' id='word_1_1860' title='bbox 1524 3692 1620 3721; x_wconf 87' lang='lat' dir='ltr'>Cancri</span> <span class='ocrx_word' id='word_1_1861' title='bbox 1635 3694 1660 3720; x_wconf 64' lang='grc' dir='ltr'>δι</span> <span class='ocrx_word' id='word_1_1862' title='bbox 1675 3691 1845 3727; x_wconf 80' lang='lat' dir='ltr'>Capricorni.</span> <span class='ocrx_word' id='word_1_1863' title='bbox 1885 3691 1924 3721; x_wconf 86' lang='lat' dir='ltr'>Ita</span> <span class='ocrx_word' id='word_1_1864' title='bbox 1933 3692 1998 3720; x_wconf 61' lang='lat' dir='ltr'>dicti</span> <span class='ocrx_word' id='word_1_1865' title='bbox 2010 3692 2043 3720; x_wconf 87' lang='lat' dir='ltr'>ab</span> <span class='ocrx_word' id='word_1_1866' title='bbox 2053 3693 2215 3730; x_wconf 68' lang='lat' dir='ltr'>imperfecta</span> <span class='ocrx_word' id='word_1_1867' title='bbox 2230 3693 2268 3723; x_wconf 87' lang='lat' dir='ltr'>sui</span> <span class='ocrx_word' id='word_1_1868' title='bbox 2282 3697 2437 3725; x_wconf 81' lang='lat' dir='ltr'>conversio.</span> 
     </span>
     <span class='ocr_line' id='line_1_199' title="bbox 1311 3728 2435 3768; baseline 0.004 -10"><span class='ocrx_word' id='word_1_1869' title='bbox 1311 3740 1366 3760; x_wconf 89' lang='lat' dir='ltr'>ne:</span> <span class='ocrx_word' id='word_1_1870' title='bbox 1390 3732 1494 3768; x_wconf 87' lang='lat' dir='ltr'>quippe</span> <span class='ocrx_word' id='word_1_1871' title='bbox 1512 3730 1597 3759; x_wconf 73' lang='lat' dir='ltr'>Graeci</span> <span class='ocrx_word' id='word_1_1872' title='bbox 1613 3728 1710 3764; x_wconf 61' lang='grc' dir='ltr'>ιώλκξυν</span> <span class='ocrx_word' id='word_1_1873' title='bbox 1726 3729 1920 3765; x_wconf 77' lang='lat' dir='ltr'>imperfectum</span> <span class='ocrx_word' id='word_1_1874' title='bbox 1941 3738 2050 3758; x_wconf 84' lang='lat' dir='ltr'>vocant.</span> <span class='ocrx_word' id='word_1_1875' title='bbox 2098 3731 2249 3768; x_wconf 85' lang='lat' dir='ltr'>Nunquam</span> <span class='ocrx_word' id='word_1_1876' title='bbox 2268 3735 2343 3762; x_wconf 83' lang='lat' dir='ltr'>enirn</span> <span class='ocrx_word' id='word_1_1877' title='bbox 2365 3735 2435 3763; x_wconf 76' lang='lat' dir='ltr'>inte-</span> 
     </span>
     <span class='ocr_line' id='line_1_200' title="bbox 1310 3767 2434 3805; baseline 0.004 -9"><span class='ocrx_word' id='word_1_1878' title='bbox 1310 3769 1353 3805; x_wconf 76' lang='lat' dir='ltr'>gri</span> <span class='ocrx_word' id='word_1_1879' title='bbox 1375 3777 1516 3805; x_wconf 84' lang='lat' dir='ltr'>apparent.</span> <span class='ocrx_word' id='word_1_1880' title='bbox 1555 3767 1627 3796; x_wconf 86' lang='lat' dir='ltr'>Nam</span> <span class='ocrx_word' id='word_1_1881' title='bbox 1654 3776 1717 3802; x_wconf 83' lang='lat' dir='ltr'>pars</span> <span class='ocrx_word' id='word_1_1882' title='bbox 1741 3767 1769 3795; x_wconf 93' lang='lat' dir='ltr'>in</span> <span class='ocrx_word' id='word_1_1883' title='bbox 1796 3768 1984 3796; x_wconf 81' lang='lat' dir='ltr'>Antarcticuni</span> <span class='ocrx_word' id='word_1_1884' title='bbox 2008 3778 2139 3805; x_wconf 79' lang='lat' dir='ltr'>vergens,</span> <span class='ocrx_word' id='word_1_1885' title='bbox 2160 3771 2258 3798; x_wconf 85' lang='lat' dir='ltr'>nostris</span> <span class='ocrx_word' id='word_1_1886' title='bbox 2277 3771 2302 3799; x_wconf 87' lang='lat' dir='ltr'>se</span> <span class='ocrx_word' id='word_1_1887' title='bbox 2320 3782 2375 3800; x_wconf 89' lang='lat' dir='ltr'>non</span> <span class='ocrx_word' id='word_1_1888' title='bbox 2393 3774 2434 3800; x_wconf 91' lang='lat' dir='ltr'>in-</span> 
     </span>
     <span class='ocr_line' id='line_1_201' title="bbox 1310 3805 2431 3842; baseline 0.004 -9"><span class='ocrx_word' id='word_1_1889' title='bbox 1310 3805 1381 3842; x_wconf 82' lang='lat' dir='ltr'>gerit</span> <span class='ocrx_word' id='word_1_1890' title='bbox 1398 3806 1550 3835; x_wconf 83' lang='lat' dir='ltr'>obtutibus.</span> <span class='ocrx_word' id='word_1_1891' title='bbox 1607 3805 1723 3834; x_wconf 83' lang='lat' dir='ltr'>Boetius</span> <span class='ocrx_word' id='word_1_1892' title='bbox 1751 3805 1787 3833; x_wconf 90' lang='lat' dir='ltr'>de</span> <span class='ocrx_word' id='word_1_1893' title='bbox 1811 3805 1958 3834; x_wconf 81' lang='lat' dir='ltr'>Arithmet.</span> <span class='ocrx_word' id='word_1_1894' title='bbox 1977 3805 2026 3835; x_wconf 89' lang='lat' dir='ltr'>lib.</span> <span class='ocrx_word' id='word_1_1895' title='bbox 2052 3816 2077 3836; x_wconf 90' lang='lat'>2.</span> <span class='ocrx_word' id='word_1_1896' title='bbox 2098 3811 2125 3836; x_wconf 74' lang='lat' dir='ltr'>o&#39;c</span> <span class='ocrx_word' id='word_1_1897' title='bbox 2141 3807 2267 3837; x_wconf 86' lang='lat' dir='ltr'>Macrob.</span> <span class='ocrx_word' id='word_1_1898' title='bbox 2288 3810 2316 3837; x_wconf 92' lang='lat' dir='ltr'>in</span> <span class='ocrx_word' id='word_1_1899' title='bbox 2334 3811 2431 3838; x_wconf 66' lang='lat' dir='ltr'>somn.</span> 
     </span>
     <span class='ocr_line' id='line_1_202' title="bbox 1309 3843 1800 3878; baseline 0.008 -7"><span class='ocrx_word' id='word_1_1900' title='bbox 1309 3843 1355 3872; x_wconf 90' lang='lat' dir='ltr'>Sci</span> <span class='ocrx_word' id='word_1_1901' title='bbox 1381 3867 1386 3872; x_wconf 97' lang='lat'>.</span> <span class='ocrx_word' id='word_1_1902' title='bbox 1402 3854 1423 3872; x_wconf 90' lang='lat'>1.</span> <span class='ocrx_word' id='word_1_1903' title='bbox 1440 3853 1480 3878; x_wconf 80' lang='grc' dir='ltr'>ις.</span> <span class='ocrx_word' id='word_1_1904' title='bbox 1798 3866 1800 3868; x_wconf 97' lang='grc'>-</span> 
     </span>
    </p>

    <p class='ocr_par' dir='ltr' id='par_1_84' title="bbox 1308 3853 2433 3918">
     <span class='ocr_line' id='line_1_203' title="bbox 1308 3853 2433 3918; baseline 0.003 -8"><span class='ocrx_word' id='word_1_1905' title='bbox 1308 3853 1412 3910; x_wconf 63' lang='lat' dir='ltr'>Coiiira</span> <span class='ocrx_word' id='word_1_1906' title='bbox 1432 3890 1542 3917; x_wconf 81' lang='lat' dir='ltr'>quoque</span> <span class='ocrx_word' id='word_1_1907' title='bbox 1561 3879 1695 3909; x_wconf 87' lang='lat' dir='ltr'>Animalia</span> <span class='ocrx_word' id='word_1_1908' title='bbox 1708 3879 1771 3908; x_wconf 83' lang='lat' dir='ltr'>sunt</span> <span class='ocrx_word' id='word_1_1909' title='bbox 1790 3880 1906 3910; x_wconf 89' lang='lat' dir='ltr'>caudam</span> <span class='ocrx_word' id='word_1_1910' title='bbox 1925 3890 1981 3909; x_wconf 87' lang='lat' dir='ltr'>non</span> <span class='ocrx_word' id='word_1_1911' title='bbox 2001 3881 2150 3918; x_wconf 84' lang='lat' dir='ltr'>habentia,</span> <span class='ocrx_word' id='word_1_1912' title='bbox 2173 3883 2218 3913; x_wconf 92' lang='lat' dir='ltr'>vel</span> <span class='ocrx_word' id='word_1_1913' title='bbox 2231 3884 2357 3913; x_wconf 88' lang='lat' dir='ltr'>mutilam</span> <span class='ocrx_word' id='word_1_1914' title='bbox 2369 3893 2433 3913; x_wconf 85' lang='lat' dir='ltr'>cau-</span> 
     </span>
    </p>
   </div>
   <div class='ocr_carea' id='block_1_31' title="bbox 1327 3918 2433 3995">
    <p class='ocr_par' dir='ltr' id='par_1_85' title="bbox 1327 3918 2433 3995">
     <span class='ocr_line' id='line_1_204' title="bbox 1327 3918 2099 3954; baseline 0.003 -6"><span class='ocrx_word' id='word_1_1915' title='bbox 1327 3919 1395 3948; x_wconf 81' lang='lat' dir='ltr'>dam</span> <span class='ocrx_word' id='word_1_1916' title='bbox 1402 3919 1533 3948; x_wconf 87' lang='lat' dir='ltr'>habentia</span> <span class='ocrx_word' id='word_1_1917' title='bbox 1542 3940 1551 3954; x_wconf 73' lang='lat'>,</span> <span class='ocrx_word' id='word_1_1918' title='bbox 1573 3928 1633 3954; x_wconf 85' lang='lat' dir='ltr'>quae</span> <span class='ocrx_word' id='word_1_1919' title='bbox 1643 3919 1674 3947; x_wconf 80' lang='lat' dir='ltr'>in</span> <span class='ocrx_word' id='word_1_1920' title='bbox 1683 3918 1823 3948; x_wconf 80' lang='lat' dir='ltr'>sacrificiis</span> <span class='ocrx_word' id='word_1_1921' title='bbox 1834 3929 1890 3947; x_wconf 93' lang='lat' dir='ltr'>non</span> <span class='ocrx_word' id='word_1_1922' title='bbox 1901 3919 2099 3950; x_wconf 79' lang='lat' dir='ltr'>offerebantur.</span> 
     </span>
     <span class='ocr_line' id='line_1_205' title="bbox 1797 3955 2433 3995; baseline 0.003 -10"><span class='ocrx_word' id='word_1_1923' title='bbox 1797 3955 1821 3985; x_wconf 96' lang='lat' dir='ltr'>D</span> <span class='ocrx_word' id='word_1_1924' title='bbox 1832 3957 1851 3985; x_wconf 92' lang='lat' dir='ltr'>d</span> <span class='ocrx_word' id='word_1_1925' title='bbox 1862 3957 1881 3986; x_wconf 84' lang='lat' dir='ltr'>d</span> <span class='ocrx_word' id='word_1_1926' title='bbox 1890 3957 1909 3987; x_wconf 86' lang='lat' dir='ltr'>d</span> <span class='ocrx_word' id='word_1_1927' title='bbox 1937 3967 1950 3995; x_wconf 85' lang='lat'>3</span> <span class='ocrx_word' id='word_1_1928' title='bbox 2322 3958 2343 3987; x_wconf 91' lang='lat' dir='ltr'>C</span> <span class='ocrx_word' id='word_1_1929' title='bbox 2352 3960 2368 3987; x_wconf 84' lang='grc' dir='ltr'>ὅ</span> <span class='ocrx_word' id='word_1_1930' title='bbox 2379 3970 2393 3987; x_wconf 89' lang='lat' dir='ltr'>L</span> <span class='ocrx_word' id='word_1_1931' title='bbox 2402 3962 2433 3987; x_wconf 79' lang='grc' dir='ltr'>ῦ-</span> 
     </span>
    </p>
   </div>
  </div>
 </body>
</html>
