2641 4187
447 126 477 161 A
574 126 608 158 D
707 126 733 160 A

63 209 163 240 Durus.
194 208 277 240 Ovid.
294 217 318 243 3.
334 207 426 237 Amor.
440 214 465 242 7.
484 214 527 242 57.

143 246 193 276 Illa
207 256 298 283 graves
311 245 403 283 potuit
417 252 550 279 quercus,
572 242 775 280 adamantaque
790 243 901 280 durum,

180 284 322 320 Surdaque
337 281 477 310 blanditiis
492 279 553 309 saxa
568 290 679 310 movere
694 281 756 310 suis.

65 320 131 351 Non
142 329 278 350 exoratus.
310 320 431 356 Propert.
448 317 496 346 lib.
508 328 534 352 4.
555 327 596 346 12.

65 358 195 389 Invictus.
226 357 309 387 Ovid.
322 367 347 392 4.
366 357 401 384 de
414 355 503 384 Ponto
519 364 560 384 12.
581 363 641 392 132.

66 395 206 425 Perennis.
235 395 319 424 Ovid.
334 404 376 427 ις.
392 392 462 422 Met.
477 398 541 429 813.

66 433 186 463 Solidus.
209 433 280 469 Virg.
293 435 319 461 6.
335 431 397 461 ffin.
411 440 473 466 552.
690 467 696 472 ⁸

68 470 183 501 Textus.
206 470 269 499 Sen.
283 470 365 499 Herc.
379 478 405 504 9.
430 468 461 497 Id
475 466 530 502 est,
552 466 734 496 Adamantma
748 473 854 497 catena.

68 508 221 539 Adamanta
235 516 346 536 movere
361 505 498 543 lacrymis.
530 504 613 533 Ovid.
630 514 652 533 1.
670 505 705 533 de
721 507 782 533 Arte
797 506 855 534 Am.
869 509 932 542 659.

69 546 221 576 Adamanta
233 545 358 582 superare
372 543 482 572 duritia.
514 542 597 571 Ovid.
611 551 636 571 2.
654 542 736 580 Epist.
754 551 814 578 137.

69 584 110 614 Ex
124 583 270 612 adamante
284 581 384 611 securis
399 580 478 610 facta.
511 580 595 609 Ovid.
612 589 635 615 3.
651 580 718 609 Fast.
733 585 797 613 805-

70 621 187 652 Adamas
207 620 345 657 supernas.
382 618 531 655 Reperitur
551 618 580 646 in
596 618 714 654 quadam
732 617 843 653 Augusti
865 617 893 645 in
908 617 1076 648 Maecenatis
1090 616 1199 646 affecta-

89 659 195 688 tionem
211 657 336 687 illusione
346 678 354 691 ,
382 655 430 685 ubi
444 656 551 692 inquit,
583 655 648 684 Vale
660 654 715 684 mel
730 655 855 691 gentium
867 676 874 688 ,
902 656 1033 686 metuellc
1045 678 1052 691 ,
1081 655 1148 684 ebur
1163 664 1198 684 cx

89 696 235 731 Hetruria,
264 694 331 724 laser
345 694 488 723 Aretinum
499 715 508 728 ,
536 694 646 723 adamas
659 693 790 730 supernas
800 714 808 726 ,
830 695 884 721 §cc-
922 693 965 722 Est
980 701 1072 723 autem
1087 693 1198 734 adamas

90 733 221 772 supernas
231 756 240 768 ,
266 733 376 762 adamas
391 732 526 761 Hetruriae
541 741 548 760 :
579 731 605 761 δι
620 730 638 759 fi
653 739 711 759 non
730 737 787 760 tam
800 729 960 767 supernates
984 731 1116 761 lletruria:
1137 732 1200 759 lunt

91 781 174 809 quani
186 771 344 800 infernates.
366 768 491 799 Turneb.

35 809 83 841 An
93 819 111 838 A
119 820 140 838 Μ
150 818 197 838 AN
206 819 257 837 τε
265 818 283 837 υ
291 818 303 837 s
312 830 320 843 ,
337 808 397 843 Adj.
420 809 434 843 [
446 802 659 840 Aa'awmfeff]
680 804 765 842 Quod
776 805 968 848 ex'adamante
979 806 1081 836 factum
1092 805 1139 841 est,
1154 805 1199 835 vel

73 846 160 884 Quod
174 845 347 876 durissimum
361 846 408 874 est.
439 844 522 874 Ovid.
537 853 562 880 7.
578 843 648 873 Met.
662 853 723 878 104.
741 842 840 871 Mami.
858 853 879 872 1.
897 853 961 879 9¹9·

39 885 112 917 ΔΒΑ
121 895 142 913 M
151 895 170 913 A
179 887 243 913 Ντῑ
252 894 271 912 Ν
280 894 319 913 us
328 906 336 918 ,
358 883 434 912 aliud
447 882 508 918 Adj.
531 876 752 917 [ἁὲακςίνπνῶυ]
779 879 891 917 Proprie
904 881 1005 910 dicitur
1021 881 1107 918 Quod
1119 881 1156 910 est
1166 889 1201 909 ex

74 922 220 952 adamante
230 922 335 951 saelum
345 943 353 957 ,
373 921 418 950 vel
430 920 465 949 ad
476 919 652 949 adamantem
662 918 785 957 pertinet
794 919 839 948 vel
849 919 974 948 accedit:
999 924 1046 955 ut,
1068 919 1204 948 Adaman-

74 961 133 990 tina
143 960 251 990 duritia.
278 959 348 989 Plin.
364 959 412 988 lib.
425 968 468 995 37.
485 967 544 994 cap.
562 966 604 985 11.
805 994 810 999 Ι
871 994 876 999 ι
970 995 975 1000 .
997 994 1006 1000 ,
1165 994 1171 1000 ‘

75 998 291 1028 Adamantinum
306 1007 355 1036 per
372 995 562 1033 metaphoram
582 1003 715 1023 vocamus
726 1016 733 1028 ,
765 994 899 1031 quicqu1d
915 995 1089 1024 duru'lrmum
1103 1000 1151 1024 aut
1163 1003 1204 1023 m-

93 1036 200 1065 vietum
215 1042 297 1073 atque
309 1032 527 1072 inexpugnabile
538 1031 661 1061 indicare
674 1031 804 1062 volumus
817 1041 823 1061 :
855 1040 969 1071 propter
980 1043 1013 1063 ea
1026 1032 1103 1070 quod
1117 1033 1206 1062 incre-

96 1073 190 1103 dibilis
204 1074 242 1103 est
255 1072 408 1103 adamantis
420 1071 544 1100 durities.
572 1076 604 1099 ut

77 1111 255 1142 adamantini
270 1111 348 1140 clavi.
378 1109 444 1139 Hor.
459 1118 482 1144 3.
499 1108 556 1138 Od.
570 1117 614 1144 24.
632 1116 657 1144 5.

79 1149 158 1187 Juga.
188 1150 309 1187 Propert.
325 1147 372 1177 lib.
385 1156 409 1184 3.
425 1146 499 1184 Eleg.
513 1155 556 1174 11.

80 1188 160 1217 Saxa.
192 1187 300 1218 Lucret.
312 1186 361 1215 lib.
374 1195 399 1214 2.
415 1193 479 1222 447.

80 1225 200 1255 Tunica.
227 1225 293 1254 Hor.
310 1234 333 1252 1.
349 1222 405 1252 Od.
420 1226 445 1251 6.
464 1231 506 1257 13.
541 1254 546 1265 1
752 1259 759 1265 .
1020 1261 1025 1266 -

43 1262 275 1294 ADAMASTOR
287 1283 295 1296 ,
325 1261 387 1290 oris.
420 1256 614 1296 [Κδὶιμεοε-ωρ]
648 1259 774 1296 Gigantis
792 1267 897 1288 nomen
919 1260 1026 1297 ingenti
1045 1260 1149 1297 statua,
1181 1262 1209 1292 δε

80 1301 195 1330 immani
208 1299 395 1328 membratura
412 1297 623 1336 conspiciendi:
654 1298 702 1335 qui
717 1296 793 1335 apud
807 1296 906 1326 Claud.
924 1299 1034 1336 Gigant.
1068 1299 1211 1329 Damastor

82 1348 176 1367 nuncu
199 1344 268 1367 atur.

44 1376 92 1407 Ar>
101 1385 120 1404 A
129 1386 149 1404 M
159 1348 196 1404 ΑΞ
209 1385 224 1404 r
232 1385 271 1405 us
281 1396 290 1410 ,
311 1369 515 1410 [Α’ἆὶίρωιςῶα]
537 1372 650 1403 Nomen
660 1372 711 1401 viri
722 1372 868 1411 proprium
877 1373 952 1410 apud
964 1373 1066 1413 Virg.3.
1077 1375 1208 1411 AEn.614.

45 1414 66 1444 A
76 1416 228 1443 mutuo
237 1422 256 1442 N
266 1435 274 1449 ,
294 1413 312 1441 i.
335 1422 362 1441 n.
386 1411 481 1440 Herba
490 1410 680 1448 Hyoseyamus
693 1410 775 1440 dista.
798 1411 881 1448 Apul.
896 1411 932 1440 de
944 1412 1027 1442 Herb.
1045 1423 1105 1451 cap.
1116 1424 1140 1449 4.

45 1451 68 1483 A
76 1461 94 1481 n
103 1461 122 1480 A
131 1462 152 1480 M
161 1462 171 1480 1
180 1461 199 1480 A
207 1460 228 1480 N
237 1461 246 1479 1
258 1473 267 1486 ,
294 1449 426 1479 Haeretici
437 1449 473 1478 s1c
490 1449 558 1478 dieti
568 1471 576 1484 ,
597 1448 673 1485 quod
685 1449 843 1477 nuditatem
855 1458 939 1485 quam
949 1450 1035 1479 Adam
1046 1452 1074 1479 in
1087 1450 1211 1488 paradiso

34 1500 36 1502 ·
59 1510 64 1516 .
84 1488 182 1518 habuit
192 1495 255 1518 ante
266 1494 414 1526 peccatum
423 1509 432 1522 ,
453 1487 628 1516 imitarentur
637 1508 645 1521 ,
667 1487 741 1516 &ita
754 1486 861 1524 semper
872 1497 959 1517 mares
970 1490 996 1518 Sc
1007 1489 1130 1518 foeminae
1141 1488 1210 1518 nudi

83 1526 314 1561 obambularent,
336 1525 406 1555 nudi
417 1525 551 1554 lectiones
563 1524 708 1560 audirent,
730 1525 798 1554 nudi
810 1532 936 1561 orarent,
957 1526 1026 1555 nudi
1041 1526 1214 1556 celebrarent

39 1587 44 1594 .
85 1564 260 1594 sacramenta.
298 1564 337 1593 Hi
349 1563 426 1593 suam
440 1562 584 1592 ecclesiam
595 1584 603 1597 ,
629 1562 683 1591 hoc
694 1562 750 1598 est,
771 1562 848 1592 suam
860 1565 1106 1602 congregationem
1118 1564 1212 1602 appel-

85 1602 182 1632 labant
191 1602 355 1632 Paradisum.
382 1601 445 1631 Is1d.
456 1606 482 1635 8.
501 1612 524 1635 ς.
565 1601 586 1629 Λ
597 1600 742 1630 nonnullis
755 1601 840 1630 etiam
853 1601 899 1630 An
909 1612 927 1630 A
937 1613 957 1630 M
966 1613 975 1630 1
984 1612 1035 1631 ’ΠΕ
1049 1610 1194 1632 vocantur.

49 1640 175 1672 Animo
185 1663 193 1678 ,
215 1640 388 1677 [bargoma]
405 1643 459 1668 are.
482 1638 669 1667 Vehementer
678 1648 769 1667 amare
779 1661 787 1673 ,
805 1640 831 1668 δι
843 1639 915 1676 quali
926 1639 1044 1677 Cupere.
1068 1640 1126 1670 Cic.
1140 1650 1164 1677 3.
1177 1640 1213 1670 de

87 1679 167 1708 Orat.
205 1678 315 1708 Deinde
335 1677 368 1707 ab
386 1677 565 1710 Antisthene,
594 1676 641 1713 qui
660 1677 823 1714 patientiam
844 1679 869 1706 ἃ
884 1678 1015 1707 duritiam
1028 1679 1058 1707 in
1071 1679 1213 1708 Socratico

86 1716 213 1746 sermone
227 1717 346 1746 maxime
361 1716 508 1744 adamarat.
544 1714 579 1743 Et
592 1714 656 1743 alibi
670 1714 749 1752 saepe.
777 1715 861 1756 Ovid.
876 1725 900 1752 3.
915 1715 995 1746 Trist.
1007 1727 1035 1752 4.
1051 1722 1096 1750 28.

87 1755 240 1790 Adamare,
261 1754 398 1784 Amatorie
413 1763 521 1788 amare,
543 1759 575 1781 ut
588 1753 625 1781 ait
643 1752 730 1782 Valla.
766 1753 865 1789 Quint.
885 1754 914 1782 in
932 1754 1031 1783 lnfami
1048 1755 1077 1783 in
1089 1760 1216 1789 matrem,

108 1793 159 1823 Me
172 1793 285 1830 quidem
294 1792 391 1821 marite
401 1791 482 1829 fiquis
493 1791 662 1828 interroget,
683 1800 781 1820 omnes
790 1798 891 1821 matres
902 1791 1003 1821 liberos
1014 1792 1076 1822 suos
1086 1798 1219 1829 tanquam

108 1831 314 1866 adamaverint,
334 1836 435 1859 amant.

89 1868 223 1899 Adamare
233 1891 241 1904 ,
261 1878 311 1906 pro
324 1866 544 1905 Concupiscere,
565 1872 706 1904 exoptare.
732 1866 791 1896 Cic.
802 1877 829 1902 4.
846 1868 876 1896 in
887 1866 961 1896 Verr.
974 1873 1019 1904 84.
1058 1867 1130 1896 Cum
1145 1867 1220 1905 signa

110 1907 237 1973 Ruaedam
255 1906 441 1944 pulcherrima
459 1911 542 1942 atque
556 1904 742 1942 antiquissima
759 1904 889 1935 Thermis
907 1906 937 1934 in
951 1905 1067 1943 publico
1081 1905 1169 1944 posita
1181 1906 1221 1934 vi-

131 1944 191 1974 isset
229 1945 376 1974 adamavit.

54 1982 130 2014 ΑΒΔ
140 1967 264 2011 Mili-oa
274 2005 282 2018 ,
303 1982 367 2012 oris.
388 1992 426 2010 m.
454 1979 561 2011 Tertul.
579 1979 615 2009 de
628 1980 722 2010 Habit.
739 1980 851 2011 Mulier.
868 1990 929 2020 cap.
941 1990 968 2012 22
1007 1981 1086 2012 Nihil
1097 1981 1133 2011 ad
1145 1981 1222 2011 casti.-

38 2029 41 2031 ·
91 2026 178 2050 tatem
192 2020 363 2050 adamatores
376 2024 530 2057 potuerunt
542 2019 675 2056 praestare.

56 2058 306 2093 AnAMArmx,
329 2058 399 2095 Quae
411 2063 492 2086 amat.
521 2056 609 2086 Plaut.
627 2056 735 2101 Poenul.
753 2067 776 2093 5.
796 2067 819 2093 5.
837 2066 881 2094 25.

56 2097 313 2132 ADAMAssi‘Lxs,
335 2105 359 2125 e.
390 2094 473 2125 Gloff.
494 2094 539 2124 Gr.
553 2094 611 2124 Lat.
627 2095 764 2130 ἐςφστμῶυ-

56 2135 276 2165 ADAmussrm
287 2156 295 2169 ,
316 2134 384 2163 Adv.
414 2133 577 2162 Examinate
588 2155 596 2168 ,
624 2133 660 2162 ad
677 2132 819 2169 regulam,
847 2132 892 2162 vel
908 2139 1114 2172 coagmentum.
1146 2132 1221 2165 Varr.

95 2172 188 2209 Quare
205 2171 224 2201 s1
240 2172 271 2202 id
287 2172 385 2210 ingens
401 2171 456 2206 est,
477 2170 640 2200 adamussim
651 2193 659 2206 ‚
680 2180 730 2209 per
743 2181 789 2201 me
802 2172 869 2201 licet
880 2171 996 2202 assumas
1006 2193 1014 2208 ,
1035 2178 1129 2202 tenet).
1164 2172 1223 2202 No-

95 2211 158 2239 nius
172 2220 196 2240 1.
213 2215 258 2244 28.
293 2210 325 2239 V.
344 2218 509 2238 Amussrs.

59 2249 106 2279 An
115 2258 134 2278 A
143 2258 210 2277 MPL
219 2258 228 2276 1
237 2258 254 2277 o
263 2270 272 2284 ,
290 2257 345 2277 are.
373 2247 452 2277 Idem
462 2246 539 2284 quod
556 2245 692 2284 Ampliare
701 2269 709 2281 ,
730 2246 776 2276 seu
786 2246 899 2277 Aue'tius
911 2247 1052 2285 ampliare.
1083 2246 1169 2277 Vetus
1180 2248 1225 2278 In-

95 2286 208 2323 scriptio
227 2296 242 2315 a
263 2286 303 2315 ud
321 2285 428 2315 Gruter.
466 2308 471 2314 .
488 2291 548 2319 128.
565 2295 593 2314 n.
610 2295 633 2320 ς.
671 2284 874 2315 AEDICULAM
900 2285 1116 2316 VETUSTATE
1136 2286 1225 2317 COR-

96 2323 237 2354 RUPTAIV
271 2323 452 2354 ADAMPLIA
490 2322 524 2352 T.
556 2322 629 2352 adde
643 2333 670 2361 p.
686 2332 748 2360 323.
765 2333 792 2352 n.
808 2334 830 2352 1.
861 2323 893 2353 V.
915 2334 1062 2353 AMPLro.

59 2362 339 2393 ADAMPtrATus
379 2361 475 2391 Par-tic.
507 2360 592 2390 Poena
604 2360 779 2399 adampliata.
808 2361 869 2391 Vet.
884 2361 987 2399 Inter-p.
1005 2362 1101 2391 [remei
1112 2373 1139 2398 4.
1158 2372 1205 2400 47.

62 2401 194 2433 ADANA
204 2422 213 2436 ,
233 2410 262 2429 n.
292 2401 308 2436 [
321 2384 430 2435 ἕλικι]
451 2399 556 2429 Ciciliae
570 2398 640 2428 Urbs
655 2398 805 2428 Ptolemaeo
816 2422 824 2433 ,
845 2399 928 2437 vulgo
942 2400 1037 2429 Adena
1055 2400 1136 2430 Hanc
1148 2401 1226 2430 inco-

98 2437 176 2468 luere
194 2438 305 2468 Adanus
322 2439 348 2467 δε
363 2437 445 2467 Sarus
456 2460 463 2473 ,
494 2447 559 2466 cum
571 2436 748 2466 Tarsenlibus
762 2437 868 2467 bellurn
880 2444 1006 2475 gerentes
1015 2460 1023 2473 ,
1053 2448 1085 2467 ac
1099 2439 1182 2476 potiti
1196 2439 1227 2468 in

99 2486 133 2506 ea
143 2477 256 2514 regione
267 2497 275 2511 ,
299 2475 368 2505 alter
383 2476 479 2505 Adana
496 2475 636 2504 civitatem
647 2497 655 2510 ,
677 2474 745 2504 alter
756 2475 969 2505 Sarum‘flumen
980 2476 1122 2511 vicinum,
1150 2477 1228 2514 quod

99 2515 176 2553 prius
192 2514 338 2543 Caeranum
350 2514 518 2547 vocabatur,
540 2513 576 2542 de
590 2513 644 2542 suis
662 2513 825 2543 nominibus
843 2514 1060 2553 appellaverunt.
1091 2514 1224 2545 Volaterr.

100 2562 136 2582 ex
148 2552 245 2591 Steph.
275 2551 409 2581 Meminit
423 2553 449 2582 Sc
462 2551 533 2580 Plin.
548 2550 597 2580 lib.
612 2561 636 2586 5.
652 2561 712 2589 cap.
726 2561 771 2588 27.
1118 2562 1129 2571 κ

48 2603 49 2606 ’
63 2590 187 2621 AnANr
198 2612 206 2626 ,
227 2599 316 2619 orum.
339 2589 444 2619 *Urbes
461 2590 523 2619 duze
538 2589 569 2618 in
583 2588 679 2618 Arabia
691 2589 784 2625 felici,
805 2596 836 2618 ut
853 2589 947 2619 scribit
962 2589 1137 2619 Ptolemaeus.

65 2629 275 2665 AnAr'Essro,
296 2627 343 2662 ui,
364 2634 473 2663 ertum,
502 2626 693 2663 [wmvaipw]
719 2630 769 2657 Tre.
791 2637 826 2657 ex
844 2628 902 2663 Ad,
924 2628 1079 2665 &Aperi0,
1101 2637 1137 2658 ex
1150 2629 1228 2666 pario

104 2665 306 2705 compositum,
328 2665 462 2703 significat
477 2666 552 2695 idem
567 2665 643 2703 quod
662 2666 774 2703 Aperire
786 2665 839 2695 sive
853 2665 1017 2695 patefacere.
1046 2665 1104 2695 Liv.
1118 2677 1142 2702 ς.
1160 2666 1229 2696 Bell.

102 2704 171 2734 Pun.
211 2704 269 2741 Qui
287 2703 436 2742 improviso
447 2704 536 2733 adorti
548 2703 712 2741 semiplenas
727 2704 856 2734 stationes
866 2726 874 2739 ,
896 2706 923 2734 ὁὶ
933 2704 1076 2742 adapertas
1085 2704 1157 2734 fores
1168 2714 1232 2742 por-

105 2748 150 2771 tae.
179 2741 247 2771 Plin.
262 2741 311 2771 lib.
323 2752 349 2772 2.
366 2751 398 2771 ca
421 2765 426 2771 .
439 2751 484 2779 47.
522 2741 604 2770 Unde
618 2741 708 2770 nubes
726 2741 847 2771 discusl'ae
859 2742 1028 2780 adaperuere
1043 2741 1159 2772 coelum.

106 2780 254 2818 Adaperire
267 2790 299 2809 ca
320 2787 360 2810 ut.
409 2789 454 2809 en.
470 2779 552 2816 Epist.
566 2782 611 2815 64.
648 2778 680 2808 V.
704 2789 722 2808 c
732 2790 801 2809 APU
811 2789 839 2809 T.

105 2818 270 2856 Adaperire,
315 2818 445 2847 esolvere.
466 2817 536 2847 Plin.
552 2817 600 2847 lib.
615 2826 659 2854 32.
675 2827 736 2855 cap.
748 2828 793 2854 95.
833 2818 942 2847 Horum
953 2818 996 2853 jus
1007 2817 1125 2848 traditur
1138 2818 1233 2848 alvum

125 2857 151 2886 δι
162 2855 262 2885 veficas
274 2856 417 2885 exinanire
426 2878 435 2891 ,
456 2855 598 2885 interanea
609 2855 769 2893 distringere
780 2878 787 2891 ,
810 2857 905 2885 onmia
917 2856 1064 2892 adaperire.

69 2893 309 2929 ADAPERTu-s,
330 2904 364 2930 a,
393 2903 450 2923 um.
482 2894 693 2930 [ἀνεῳγμένῶ]
727 2893 807 2924 Idem
825 2895 901 2931 quod
917 2894 1054 2931 Apertus,
1081 2893 1127 2924 vel
1145 2894 1234 2925 Semi-

106 2937 226 2970 apertus.
268 2931 349 2962 Ovid.
367 2941 389 2962 1.
406 2932 498 2963 Amor.
515 2943 539 2968 5.
555 2941 580 2969 3.

180 2969 243 2999 Pars
255 2970 385 3008 adaperta
396 2970 467 3006 fuit,
509 2979 550 2999 ars
564 2969 649 2999 altera
662 2969 752 2999 clausa
765 2969 899 2999 fenestrae.

106 3007 252 3046 Adapertae
262 3008 341 3038 vites.
370 2980 508 3037 Columeli
525 3007 573 3037 lib.
588 3018 612 3043 5.
628 3017 688 3046 cap.
705 3019 729 3043 ς.
764 3008 914 3046 Adapertas
928 3007 998 3037 vites
1015 3007 1186 3046 relinquere,
1208 3010 1236 3039 δι

107 3051 168 3075 tota
177 3045 278 3084 hyeme
292 3045 465 3084 ablaqueatas
479 3045 580 3075 habere
593 3047 735 3075 convenit.

71 3083 326 3114 ADAPER‘ri‘ms
336 3107 343 3120 ,
365 3084 425 3119 Adi.
455 3080 676 3120 [mammis]
707 3084 795 3121 Quod
809 3083 846 3114 est
863 3089 1008 3122 apertum,
1029 3083 1075 3114 vel
1090 3091 1186 3122 apertu
1198 3084 1237 3115 fia-

110 3120 172 3151 cile.
202 3120 286 3151 Ovid.
301 3131 325 3159 3.
340 3122 420 3152 Trist.
436 3132 478 3151 11.
493 3133 539 3158 45.

191 3159 293 3197 Aspicis
307 3170 324 3189 a
337 3161 434 3190 dextra
445 3159 517 3189 latus
531 3159 586 3189 hoc
598 3159 750 3198 adapertile
764 3160 844 3190 tauri.

73 3196 121 3228 An
129 3206 172 3241 Ap
180 3207 194 3226 s
202 3207 219 3226 R
228 3206 248 3226 'r
256 3208 266 3226 1
274 3207 291 3227 o
301 3220 311 3234 ,
331 3199 402 3228 onis.
424 3196 493 3236 Aug.
507 3197 607 3235 Octog.
622 3197 724 3235 Quaest.
737 3201 752 3227 6
759 3208 781 3228 1.
823 3197 903 3236 Legis
915 3197 1095 3236 adapertione
1108 3199 1134 3229 ἃ
1144 3198 1237 3237 dispu-

109 3241 224 3266 tatione.

74 3273 243 3309 ADAP'ro,
264 3267 320 3303 are.
341 3272 413 3311 Apte
424 3273 583 3310 adjungere.
611 3273 730 3303 Modest.
743 3274 806 3313 Dig.
822 3274 840 3304 l.
857 3285 880 3303 1.
900 3275 921 3312 §.
936 3277 962 3304 6.
1004 3273 1240 3306 Constitutioncm

113 3312 186 3341 recta
198 3311 331 3349 adaptans
345 3311 475 3350 capitulis
489 3311 630 3341 omnibus.

30 3369 35 3373 -
78 3349 125 3379 An
135 3358 323 3384 APTATUS,
345 3349 442 3379 Partic.
472 3349 548 3378 Suet.
566 3349 652 3379 Otho.
669 3359 730 3388 cap.
749 3359 790 3379 12.
822 3349 914 3387 Capiti
926 3350 1080 3388 adaptatus.

79 3387 269 3423 ADAQUOR,
291 3388 351 3416 aris.
374 3388 452 3418 Idem
465 3387 540 3424 quod
554 3387 654 3424 Aquor.
684 3388 760 3417 Suet.
772 3389 801 3416 in
813 3388 917 3423 Galba,
938 3398 999 3426 cap.
1012 3398 1036 3425 7.
1059 3395 1091 3418 ut
1101 3387 1239 3420 adlacum

115 3424 163 3454 ubi
179 3425 308 3463 adaquari
327 3425 449 3461 solebat,
478 3425 645 3461 duceretur,
670 3427 721 3455 &e
758 3425 827 3455 Plin.
847 3425 896 3455 lib.
916 3436 960 3464 17.
979 3436 1039 3464 cap.
1063 3437 1106 3457 10.
1152 3428 1241 3459 Denis

117 3461 214 3492 diebus
229 3463 368 3501 adaquari.
409 3463 452 3493 De
468 3462 597 3492 arborum
612 3463 716 3492 satione
733 3464 864 3501 loquitur.

80 3500 329 3537 AnAQJAws,
351 3501 447 3530 Partic.
477 3501 651 3538 Adaquatum
667 3502 774 3531 vinum.

81 3540 236 3571 ADARCA
248 3561 256 3574 ,
278 3549 309 3568 ae.
339 3536 492 3575 [Quem]
520 3538 648 3576 Salsilago
666 3540 793 3576 quaedam
809 3539 847 3568 est
858 3561 866 3574 ,
887 3538 933 3568 seu
953 3538 1056 3577 Spuma
1069 3539 1242 3578 salsuginosa,

119 3584 248 3605 concreta
262 3578 287 3606 &a
303 3576 379 3606 velut
390 3577 496 3613 gelata,
518 3577 547 3605 in
559 3577 682 3606 humidis
692 3579 718 3607 ὅ(
729 3577 894 3615 palustribus
906 3576 975 3606 locis
1009 3588 1038 3607 er
1052 3578 1186 3608 siccitates
1198 3590 1245 3617 pa-

121 3613 219 3643 ludum
230 3615 396 3652 proveniens
409 3615 437 3643 in
456 3615 494 3644 Ca
516 3615 650 3652 padocia,
672 3622 753 3652 atque
765 3615 827 3652 iplis
840 3587 1040 3645 harundinibus
1051 3617 1077 3646 ἃ
1088 3616 1181 3646 herbis
1197 3618 1244 3646 ad-

119 3651 279 3682 luerescens.
311 3652 407 3682 Galen.
427 3652 481 3682 Dio
495 3662 550 3682 cor.
570 3652 662 3682 &ald
704 3653 826 3682 Vocatur
842 3654 926 3682 etium
940 3653 1075 3689 Adarces,
1097 3654 1244 3691 Adarcion,

108 3689 258 3725 vAdarcos,
279 3689 539 3720 &Calamochnus:
561 3691 657 3726 idest,
678 3690 785 3720 Calami
796 3691 842 3720 seu
852 3691 1014 3720 harundinis
1023 3691 1135 3729 lanugo.
1173 3694 1245 3723 Sunt

122 3727 168 3764 qui
180 3726 334 3765 adspirent,
357 3729 482 3758 Adarcha
495 3728 654 3758 scribentes.
695 3729 800 3758 Plinius
811 3730 920 3767 Sinapis
932 3737 1060 3759 naturam
1073 3730 1246 3769 effeetusque

122 3765 237 3795 eosdem
250 3765 350 3795 habere
364 3766 455 3795 tradit.
488 3766 519 3796 V.
541 3771 582 3795 16.
599 3770 641 3803 36.
664 3768 690 3796 ἃ
703 3777 748 3796 20.
765 3777 808 3797 22.
832 3768 858 3796 ἃ
871 3777 913 3803 32.
935 3777 976 3796 10.

33 3815 35 3819 ¹
85 3802 157 3832 Ana
168 3813 231 3832 REO
242 3825 250 3838 ,
272 3804 318 3837 ui,
341 3800 525 3840 [SngoeGmpcus]
551 3807 606 3833 e're.
642 3804 764 3834 Verbum
783 3804 914 3834 rarissime
932 3804 1036 3834 lectum
1048 3827 1056 3840 ,
1077 3806 1154 3835 idem
1171 3807 1248 3844 quod

123 3840 204 3870 Arete
216 3862 224 3875 ,
245 3840 297 3870 five
310 3841 435 3871 Exarere.
467 3841 536 3871 Cato
547 3842 582 3871 dc
593 3842 625 3871 R.
636 3842 668 3871 R.
685 3852 745 3880 cap.
760 3849 803 3877 98.
841 3844 989 3871 Arnurcam
1000 3843 1151 3881 decoquito
1163 3845 1197 3873 ad
1209 3845 1250 3874 di-

124 3879 243 3908 midium
253 3901 260 3913 ,
282 3880 307 3909 Sc
325 3889 358 3909 ea
371 3880 489 3916 unguito
505 3880 626 3909 fundum
643 3890 712 3909 areae
722 3903 730 3915 ,
752 3883 778 3911 S:
796 3878 966 3910 extrinsecus
976 3881 1064 3919 pedes
1079 3883 1106 3911 &
1120 3882 1246 3920 angulos.

122 3914 178 3945 Ubi
193 3926 225 3945 ea
237 3916 373 3946 adaruerit
382 3939 390 3951 ,
411 3918 572 3947 vestimenta
582 3918 697 3947 condito

88 3951 134 3982 An
143 3964 162 3982 A
170 3963 182 3983 s
192 3965 200 3982 1
210 3954 338 4022 121,qu15
348 3954 440 3985 vetula
448 3956 568 3985 recentis
578 3964 681 3994 partus.
703 3955 804 3986 Festus.
826 3955 858 3985 V.
874 3955 957 3986 Vollii
969 3955 1060 3993 Etym.
1073 3967 1102 3996 p.
1116 3962 1142 3992 8.
1160 3959 1187 3988 ἃ
1198 3956 1251 3988 Da<

126 4000 179 4021 cer.
199 4002 215 4021 a
270 4002 285 4022 e
310 4015 317 4022 .
439 4004 445 4005 ⁷

1671 133 1960 170 ADD
2354 158 2396 193 53

1241 211 1289 239 An
1300 221 1316 239 A
1328 220 1385 239 xso
1396 234 1404 246 ,
1426 211 1597 248 [βιάζωμαᾳ]
1617 213 1728 244 Veteres
1743 215 1870 253 scripsere
1882 227 1932 255 pro
1944 218 2038 253 Adigo.
2069 220 2153 250 Plaut.
2170 221 2260 251 Aulul.
2278 231 2300 253 1.
2317 231 2340 253 τ.
2361 236 2404 255 11.

1280 247 1389 291 Utinam
1403 251 1456 278 diri
1473 251 1587 280 ad.1llint
1602 252 1636 280 ad
1655 252 1840 290 suspendium.
1884 255 1973 284 Festus
1988 257 2052 291 lenit
2065 259 2103 287 Ad
2114 260 2183 287 rxint
2193 282 2200 294 ,
2223 262 2402 298 &adegerint

1280 295 1404 327 exporut.
1443 288 1503 316 Nec
1520 288 1598 318 aliter
1617 290 1739 320 Gronov.
1761 292 1858 320 edidit.
1900 293 2051 332 [Smeope
2068 298 2121 331 est,
2145 304 2174 325 ut
2194 297 2303 335 plenius
2321 300 2404 330 docet

1282 322 1352 351 Voll.
1370 324 1404 352 de
1419 325 1530 360 Amlog.
1549 336 1572 362 3.
1587 336 1632 361 41.

1245 358 1266 386 Λ
1276 369 1292 386 D
1303 369 1320 387 A
1330 370 1341 388 s
1351 370 1387 389 cs
1398 383 1405 394 ,
1426 361 1535 404 Tunica
1549 374 1608 399 quie
1623 364 1656 393 ab
1671 366 1792 396 humeris
1807 376 1862 395 non
1877 375 1934 396 crat
1945 368 2067 398 consuta.
2101 371 2208 407 Sipont.

1247 396 1292 424 An
1303 406 1319 424 A
1330 407 1347 425 υ
1358 407 1373 424 c.
1385 408 1397 425 t
1407 408 1423 425 o
1433 420 1441 431 ,
1465 409 1488 426 xx
1501 421 1508 433 ,
1530 403 1605 429 ctum
1618 423 1625 436 ,
1647 401 1791 440 [ἐπαιὲξω]
1813 407 1868 433 ἕω.
1902 405 1977 433 idern
1989 407 2063 442 quod
2083 408 2195 445 simplet
2210 410 2321 445 Augere.
2345 411 2402 442 Cic.

1285 442 1310 461 2.
1325 434 1358 463 de
1369 434 1476 479 invent.
1492 447 1532 470 ςς.
1567 439 1613 480 l'er
1623 450 1705 476 quem
1723 442 1786 471 laeli
1806 442 1908 471 utilitas
1918 450 1964 471 aut
1976 444 2101 473 honest-rs
2116 446 2273 481 admiretur.
2304 448 2407 478 Cumu-

1285 471 1340 499 lare
1354 475 1380 500 ὰ
1391 472 1534 507 adaugere.
1564 476 1621 505 Cic.
1642 488 1692 514 pro
1708 479 1786 509 Rosc.
1803 481 1891 509 Amer.
1908 490 1950 517 30.
1991 481 2057 510 Haec
2068 482 2127 511 aliis
2140 485 2249 513 neiiniis
2261 486 2406 516 cumulant

1286 516 1367 544 atque
1382 509 1527 545 adaugent.

1249 543 1270 573 Α
1283 555 1331 588 ⁰5³
1342 556 1358 573 e
1371 556 1387 573 c
1399 555 1417 587 pr
1428 556 1444 573 o
1457 568 1465 579 ,
1493 547 1682 593 [ξπαιύξομαᾳ]
1704 562 1756 582 are.
1787 554 1924 592 frequent.
1965 556 2042 586 Idem
2064 559 2138 593 qrmd
2161 559 2273 593 Arrigere.
2314 561 2411 590 Accius

1287 582 1436 624 leneadm,
1465 584 1575 626 Quibus
1594 596 1650 628 rem
1667 592 1799 620 lumniam
1815 596 1840 622 ἃ
1856 595 1971 630 patriam
1990 594 2107 624 nostrum
2126 597 2266 632 quondmn
2285 598 2412 628 adaucta-

1287 627 1327 648 vrt
1344 626 1429 657 parer.
1471 621 1510 649 lzx
1530 622 1632 652 Nonio.

1253 656 1478 686 ADAUGF-SCO
1489 680 1496 692 η
1519 662 1572 688 C‘sC·
1596 663 1766 704 [ἓταιρξοὲνω]
1797 667 1890 703 Augeri
1902 690 1909 702 ,
1932 668 2066 698 Crescere.
2100 670 2206 701 lucret.
2221 672 2270 702 lib.
2285 682 2310 702 2.
2329 678 2390 709 296.

1307 731 1323 738 ν
1368 694 1439 723 Nam
1455 705 1544 737 neque
1559 697 1714 734 adaugelcit
1727 704 1873 739 quicquam
1884 728 1890 740 ,
1913 715 1965 736 nec
1980 707 2088 744 deperit
2105 709 2179 738 inde.

1292 730 1350 760 Cic.
1372 732 1406 760 de
1426 732 1519 761 D1vm.
1537 744 1558 761 1.
1579 743 1588 761 1

1367 770 1420 798 Aut
1434 769 1533 798 deustis
1548 771 1645 800 stridor
1658 783 1742 809 quum
1758 776 1828 805 celso
1843 788 1858 806 e
1873 781 1973 810 vertice
1989 785 2091 813 montis

1367 808 1453 836 Ortus
1467 808 1623 844 adaugescit
1636 809 1811 847 {Lupulorum
1827 814 1895 852 stupe
1911 819 2026 854 repullu.

1256 843 1277 872 A
1287 853 1304 871 n
1314 853 1332 872 A
1343 854 1361 873 υ
1371 854 1415 873 c'r
1425 855 1440 873 c
1451 855 1462 873 s
1473 867 1481 881 ,
1505 845 1599 875 Partic.
1629 845 1820 885 [inathen-3112]
1859 853 1886 881 V.
1906 864 1924 882 A
1934 866 1950 882 o
1961 866 1976 883 A
1989 867 2030 884 es.
2042 868 2088 887 130.

1257 881 1357 911 ADAu
1368 892 1459 911 crus
1470 905 1477 918 ,
1500 884 1539 912 us.
1563 893 1599 913 m.
1624 881 1796 922 [ἐπαύξησ-ις]
1828 888 1933 919 Lueret.
1951 892 1995 921 lib.
2013 904 2037 922 2.
2058 905 2135 924 1121,

1374 920 1448 950 Nam
1462 930 1634 958 qucecunque
1649 922 1725 952 vides
1740 923 1818 953 hilari
1840 928 2015 963 grandescere
2039 933 2164 962 adauctu.

1297 964 1449 987 cremento.

1260 994 1281 1024 A
1290 1004 1308 1023 D
1317 1006 1331 1023 Β
1340 997 1373 1023 fu
1382 1006 1398 1023 o
1408 1018 1416 1030 ,
1436 995 1475 1023 ibi
1488 1018 1496 1030 ,
1518 996 1617 1025 ibitum
1628 1019 1635 1031 ,
1659 994 1778 1033 [immina

1299 1032 1365 1070 plex
1382 1033 1488 1063 Bibere.
1517 1033 1582 1063 Ter.
1599 1035 1698 1064 Heaut.
1712 1045 1737 1065 2.
1758 1046 1781 1066 1.

1374 1071 1398 1100 Is
1410 1071 1478 1099 mihi
1493 1071 1540 1100 ubi
1553 1072 1659 1101 adbibit
1673 1073 1735 1110 plus
1748 1075 1831 1111 paulo
1841 1098 1849 1110 ,
1871 1075 1916 1106 sua
1928 1088 1988 1114 quse
2001 1087 2088 1109 narrat
2101 1082 2234 1113 facinora!

1299 1108 1446 1151 Adbibere,
1462 1109 1604 1138 interdum
1615 1110 1747 1146 significat
1760 1112 1884 1142 Multum
1898 1114 2003 1151 bibere,
2019 1127 2067 1154 pn)
2079 1127 2129 1147 iter
2140 1121 2189 1154 Ad,
2205 1132 2264 1158 quie
2274 1123 2311 1151 est
2322 1132 2424 1158 augen-

1320 1146 1349 1175 dl
1361 1147 1503 1189 particula.
1526 1147 1612 1191 Plaut.
1624 1149 1710 1178 Stich.
1722 1159 1747 1179 2.
1762 1160 1787 1180 2.
1806 1157 1848 1186 58.
1880 1152 1971 1189 Euge,
1986 1164 2058 1190 quan
2081 1167 2097 1184 o
2108 1158 2256 1194 adbibere,
2273 1160 2398 1189 alludiab=
2414 1181 2422 1190 .

1301 1183 1457 1219 Adbrbere,
1478 1194 1529 1222 pro
1541 1185 1694 1222 lmbibere,
1717 1198 1765 1225 per
1779 1189 1980 1227 metaphoram.
2017 1192 2082 1222 lior.
2099 1204 2120 1222 1.
2140 1195 2218 1232 Epist.
2234 1206 2258 1225 2.
2275 1202 2318 1234 67.

1463 1238 1500 1243 —
1510 1233 1585 1252 nunc
1599 1224 1699 1254 adbibe
1714 1235 1784 1263 puro
1898 1227 2010 1258 Pectore
2024 1231 2105 1260 verbu
2119 1242 2195 1268 puer.

1265 1258 1314 1289 AD
1323 1269 1338 1287 Β
1347 1270 1356 1288 1
1366 1269 1412 1288 To
1423 1281 1431 1294 ,
1453 1269 1507 1289 are.
1530 1260 1614 1291 Vetus
1625 1262 1757 1298 verbum,
1780 1271 1810 1293 ut
1819 1264 1920 1294 Rebito
1929 1288 1936 1301 ,
1958 1277 1973 1295 a
1986 1267 2052 1296 Beto
2065 1271 2167 1305 veteri,
2189 1272 2263 1300 unde
2273 1272 2310 1301 est
2322 1272 2429 1301 dubito.

1303 1297 1432 1334 Namque
1451 1297 1553 1336 edepol
1569 1298 1588 1327 sl
1599 1299 1705 1329 adbites
1717 1303 1850 1339 propius,
1871 1304 1888 1332 i.
1903 1314 1926 1332 e.
1949 1305 2081 1337 Acccdas.
2111 1307 2196 1337 l’laut.
2209 1310 2287 1346 Cupt.
2303 1320 2324 1346 3.
2338 1322 2364 1345 4.
2385 1319 2429 1346 72.

1303 1335 1349 1365 Sic
1360 1335 1445 1365 Editt.
1458 1335 1655 1373 Cal'tigatiores.
1672 1338 1796 1375 Quidam
1810 1340 1907 1377 legunt
1920 1342 2023 1372 Adites.
2058 1343 2089 1372 V.
2108 1355 2126 1373 A
2137 1356 2172 1374 nr
2187 1356 2201 1374 r
2211 1357 2235 1375 r).

1267 1372 1289 1402 A
1299 1383 1346 1439 IVC
1357 1382 1371 1402 Ε
1381 1383 1401 1402 Ν
1412 1383 1424 1402 s
1434 1384 1443 1402 1
1454 1395 1462 1408 ,
1493 1384 1544 1411 pro
1564 1375 1692 1413 Accenfi,
1724 1385 1830 1408 veteres
1844 1377 1999 1410 scribebant
2009 1403 2016 1416 ,
2047 1382 2120 1418 quasi
2134 1384 2176 1413 Ad
2189 1384 2300 1413 censum
2321 1384 2431 1420 adjecti.

1332 1434 1338 1440 .
1361 1421 1381 1439 A
1389 1422 1406 1441 c
1416 1422 1432 1440 c
1442 1421 1456 1440 t
1464 1422 1483 1440 N
1491 1421 1503 1440 s
1513 1423 1531 1440 1.

1268 1449 1412 1478 Ancfno
1423 1471 1431 1485 ,
1454 1452 1510 1492 ere.
1539 1449 1731 1488 Compofitum
1743 1462 1778 1482 ex
1792 1453 1832 1482 Ad
1842 1476 1850 1489 ,
1873 1456 1899 1484 Sc
1914 1454 2008 1484 Cado:
2029 1456 2105 1485 idem
2116 1458 2192 1494 quod
2208 1459 2293 1489 cado.
2330 1459 2433 1488 Ennius

1307 1487 1382 1530 apud
1393 1487 1469 1530 Varr.
1492 1487 1540 1530 lib.
1556 1491 1582 1517 6.
1608 1489 1643 1518 de
1656 1489 1687 1519 L.
1704 1489 1733 1519 L.
1771 1490 1884 1521 Utinam
1897 1502 1933 1521 ne
1947 1493 1975 1521 in
1991 1503 2105 1524 nemore
2124 1496 2198 1525 Pelio
2212 1497 2351 1528 securibus
2366 1497 2431 1526 mesa

1307 1525 1451 1555 adcidrsset
1464 1525 1580 1563 abiegna
1593 1527 1629 1556 ad
1641 1534 1742 1558 terram
1755 1529 1854 1560 trabes.
1892 1529 2067 1561 Obsoletum.
2100 1532 2132 1562 V.
2153 1544 2174 1564 A
2183 1546 2199 1564 c
2208 1545 2242 1563 cr
2252 1546 2269 1564 n
2280 1546 2307 1566 ο.

1269 1562 1462 1592 ΑοειιΝιε,
1492 1563 1524 1592 V.
1542 1573 1733 1595 acetrNrs.

1269 1601 1291 1629 A
1299 1611 1317 1629 D
1327 1610 1344 1629 c
1354 1611 1419 1644 ⁰.R.1’
1428 1604 1444 1630 ὀ
1453 1611 1470 1630 R
1479 1611 1495 1630 o
1504 1623 1512 1636 ,
1533 1604 1589 1632 are.
1617 1603 1704 1633 Solin.
1719 1614 1779 1642 cap.
1793 1615 1835 1640 50.
1870 1605 1905 1635 Et
1920 1607 2020 1637 carinis
2031 1609 2069 1637 ita
2080 1610 2215 1640 tenaciter
2225 1611 2432 1650 adcorporatur‚

1308 1645 1339 1667 ut
1352 1641 1402 1667 mh
1417 1639 1507 1668 abrasa
1521 1646 1597 1676 parte
1612 1640 1696 1678 ligni,
1719 1652 1789 1679 aegre
1802 1643 1948 1681 separetur.

1270 1676 1444 1706 Ancsstno
1456 1699 1464 1713 ,
1485 1677 1544 1712 idi,
1566 1676 1740 1714 [ἓπτπιπύω]
1762 1682 1816 1710 ere.
1847 1680 1956 1712 Lucret.
1972 1682 2021 1713 lib.
2037 1692 2060 1719 3.
2075 1687 2140 1722 869.

1467 1730 1505 1735 ———
1514 1722 1576 1744 tum
1589 1723 1682 1746 motus
1696 1719 1818 1747 materiai

1311 1788 1333 1818 C
1366 1751 1554 1819 dNlultimodi
1570 1764 1652 1790 quam
1666 1755 1719 1784 sint
1729 1777 1737 1792 ,
1763 1755 1845 1786 facile
1858 1756 1913 1787 hoc
1928 1758 2078 1789 adcredere
2092 1761 2185 1799 pollis.

1336 1800 1363 1819 re
1386 1800 1440 1820 ere.

1273 1827 1320 1857 An
1330 1837 1415 1857 cans
1426 1838 1442 1857 c
1452 1838 1468 1857 o
1480 1851 1487 1863 ,
1509 1829 1553 1857 {vi
1563 1851 1570 1865 ,
1592 1829 1806 1867 [ἒπεωξυὲνομεᾳ]
1828 1833 1882 1863 ere.
1913 1833 1981 1864 Hor.
1998 1835 2027 1863 in
2042 1835 2105 1865 Arte
2119 1835 2194 1867 Poet.
2209 1847 2273 1875 251.

1392 1866 1502 1903 Syllaba
1516 1866 1599 1905 longa
1613 1868 1688 1897 brevi
1704 1869 1824 1905 subjecta
1836 1878 1951 1900 vocatur
1965 1872 2085 1908 Iambus,

1391 1903 1442 1933 Pes
1457 1905 1527 1933 citus
1537 1926 1545 1939 ,
1567 1906 1643 1935 unde
1658 1907 1741 1937 etiam
1755 1908 1885 1938 trimetris
1900 1909 2057 1940 adcrescere
2071 1911 2146 1947 juffit

1391 1941 1506 1973 Nomen
1520 1942 1647 1974 Iambeis.
1742 1945 1775 1975 Id
1789 1946 1845 1983 est,
1866 1947 1938 1976 Addi
1949 1969 1958 1983 ,
1980 1948 2025 1977 vel
2039 1948 2127 1985 Dari„

1715 2024 1744 2059 A
1841 2026 1874 2060 D
1968 2027 2002 2062 D

1277 2095 1299 2125 A
1309 2103 1327 2125 Β
1336 2104 1354 2124 n
1364 2105 1382 2124 A
1391 2105 1409 2126 x
1421 2117 1429 2132 ,
1450 2097 1527 2140 acis..
1543 2095 1741 2142 [φεψίκεςῷι]
1768 2100 1958 2139 Strepsrceroti
1968 2125 1976 2139 ,
2005 2113 2090 2141 quem
2112 2104 2253 2135 Addacem
2264 2106 2382 2144 Aphrica
2395 2117 2441 2145 ap-

1315 2133 1418 2171 pellat,
1441 2134 1529 2164 Graecr
1541 2145 1556 2164 a
1566 2143 1700 2166 contort1s
1711 2140 1841 2168 cornibus
1853 2141 1980 2170 indidere
1990 2151 2103 2171 nomen.
2127 2142 2195 2172 Plin.
2209 2143 2257 2172 lib.
2272 2154 2312 2174 11.
2329 2156 2387 2183 cap.
2399 2155 2441 2181 37.

1278 2173 1300 2201 A
1308 2181 1327 2200 D
1335 2181 1353 2200 D
1363 2182 1378 2200 F.
1388 2182 1403 2201 c
1412 2182 1425 2201 E
1434 2182 1454 2201 T
1463 2195 1472 2208 ,
1502 2174 1516 2209 [
1527 2175 1671 2210 ὲπτπξέπω]
1707 2176 1861 2207 addecebat
1871 2200 1879 2213 ,
1908 2179 2050 2209 addecuit.
2089 2180 2200 2218 Impers.
2240 2181 2384 2212 Poeticum
2407 2183 2445 2213 est

1318 2209 1434 2239 verbum
1444 2232 1452 2246 ,
1473 2211 1549 2240 idem
1562 2212 1639 2249 quod
1653 2212 1748 2243 Decet.
1790 2214 1876 2245 Plaut.
1893 2216 1994 2255 Amph.
2009 2227 2034 2254 3.
2049 2228 2075 2254 4.
2092 2228 2136 2248 21·

1394 2247 1460 2283 Ejus
1474 2249 1564 2278 studio
1578 2249 1814 2294 servireladdecet.

1279 2286 1328 2316 At>
1337 2296 1355 2314 r>
1363 2295 1378 2314 a
1387 2296 1404 2315 c
1413 2289 1424 2315 ῖ
1432 2297 1452 2315 M
1461 2296 1478 2315 o
1491 2309 1498 2322 ,
1528 2286 1728 2324 [λ’πὲεκαπω]
1758 2294 1812 2320 are.
1849 2291 1995 2321 Decimam
2009 2298 2115 2331 partem
2133 2294 2286 2325 detrahere.
2323 2295 2445 2327 Verbum

1317 2324 1347 2353 in
1359 2323 1439 2367 sacris
1451 2324 1628 2369 usurpatum:
1650 2332 1682 2355 ut
1699 2337 1721 2356 1.
1734 2327 1842 2366 Regum
1854 2335 1880 2363 8.
1910 2330 1965 2359 Sed
1977 2332 2003 2360 δί
2015 2330 2119 2368 segetes
2129 2333 2228 2362 vestras
2237 2356 2245 2368 ,
2267 2335 2293 2362 ἃ
2304 2334 2446 2363 vinearum

1318 2362 1424 2391 reditus
1436 2363 1639 2407 addecunabrt,
1656 2371 1688 2394 ut
1699 2365 1747 2396 det
1758 2368 1895 2397 eunuchis
1908 2370 1934 2398 ἃ
1945 2368 2056 2399 famulis
2066 2369 2128 2400 suis.
2156 2371 2220 2401 Hoc
2231 2371 2270 2401 est
2279 2393 2286 2406 ,
2303 2371 2449 2401 Decimam

1318 2407 1427 2438 partem
1440 2410 1538 2430 eorum
1551 2409 1677 2440 accrpiet.

1282 2438 1330 2468 An
1340 2448 1357 2466 D
1368 2447 1430 2467 th
1439 2448 1478 2467 eo
1489 2461 1496 2473 ,
1519 2439 1546 2468 ui
1559 2461 1566 2474 ,
1595 2441 1775 2479 [ε’πτπνκνέω]
1803 2445 1858 2473 Ere.
1892 2442 1934 2472 Ex
1947 2444 1989 2473 Ad
1999 2465 2007 2479 ,
2029 2445 2055 2474 ἃ
2068 2444 2178 2475 Denseo
2188 2469 2196 2482 ‚
2226 2446 2361 2477 Secundae
2378 2446 2451 2476 Con-

1320 2477 1377 2545 {ff}
1402 2476 1469 2551 tege
1485 2477 1596 2507 Servio:
1627 2477 1751 2509 Densum
1765 2481 1872 2518 facere,
1900 2481 2017 2519 stipare,
2047 2481 2101 2513 slve
2120 2485 2283 2523 constipare.
2318 2485 2452 2523 Virg.10.

1379 2538 1385 2546 .
1402 2525 1420 2550 4
1460 2535 1466 2542 ·

1401 2552 1524 2582 Extremi
1539 2553 1692 2584 addensent
1704 2555 1785 2585 acies.

1322 2588 1431 2620 Lucret.
1454 2591 1528 2620 conf.
1546 2601 1565 2620 u
1573 2602 1587 2620 ε
1596 2602 1617 2621 Ν
1626 2602 1637 2621 s
1647 2603 1661 2621 E
1669 2603 1696 2622 o.

1285 2629 1308 2659 A
1316 2638 1334 2657 r>
1344 2638 1361 2656 D
1369 2638 1384 2657 a
1392 2638 1412 2657 N
1420 2638 1432 2658 s
1442 2638 1459 2657 o
1469 2651 1477 2663 ,
1498 2639 1553 2658 are.
1585 2630 1664 2660 Idem
1675 2631 1752 2668 quod
1763 2631 1908 2662 Addenseo
1917 2655 1925 2669 ,
1946 2643 1998 2671 pro
2012 2633 2129 2672 Spissare
2140 2658 2149 2672 ,
2171 2637 2201 2666 id
2215 2638 2252 2667 est
2262 2660 2269 2671 ,
2291 2635 2401 2675 spissum
2416 2635 2452 2665 fa-

1324 2675 1396 2708 cere.
1429 2666 1498 2696 Plin.
1514 2666 1563 2696 lib.
1575 2677 1619 2698 20.
1636 2678 1696 2706 cap.
1709 2678 1754 2698 21.
1794 2670 1899 2700 Mirum
1910 2693 1918 2708 ,
1948 2681 2047 2708 aquarn
2059 2674 2152 2705 radice
2165 2685 2199 2704 ea
2215 2675 2328 2711 addita,
2349 2674 2451 2703 adden-

1325 2703 1375 2733 sarr
1389 2704 1437 2734 sub
1452 2705 1500 2734 dio
1509 2727 1517 2740 ,
1539 2713 1621 2743 atque
1635 2706 1794 2737 lactescere.

1288 2742 1310 2772 A
1318 2752 1336 2771 r>
1346 2752 1363 2771 D
1372 2752 1387 2770 E
1396 2752 1409 2771 Ρ
1418 2752 1438 2771 H
1448 2753 1494 2771 AG
1502 2754 1511 2771 1
1520 2753 1540 2772 A
1550 2766 1558 2779 ,
1589 2741 1779 2781 [ἀόὺφειρέσι]
1811 2746 1992 2785 Inexplebilis
2010 2748 2115 2778 edendi
2132 2751 2256 2780 aviditas.
2296 2750 2363 2780 Haec
2376 2748 2451 2787 apud

1325 2779 1435 2823 Siculos
1450 2790 1500 2818 pro
1518 2781 1570 2811 dea
1585 2781 1747 2818 colebatur,
1769 2783 1816 2813 ubi
1831 2786 1915 2814 etiam
1930 2785 2068 2824 templum
2082 2787 2201 2818 habebat
2217 2789 2264 2818 fibi
2279 2787 2453 2827 peculiariter

1327 2817 1510 2862 dedicatum..
1531 2819 1562 2849 V.
1579 2820 1644 2849 Cael.
1658 2820 1778 2859 Rhodig.
1794 2822 1842 2852 lib.
1856 2833 1883 2860 7.
1901 2833 1960 2861 cap.
1977 2834 2019 2852 11.

1288 2855 1338 2885 An
1347 2866 1366 2885 D
1376 2859 1388 2885 ῑ
1398 2866 1415 2885 c
1424 2866 1441 2885 o
1453 2879 1460 2891 ,
1483 2867 1511 2886 xl
1521 2880 1529 2893 ,
1560 2859 1637 2888 ctum
1647 2881 1655 2894 ,
1685 2861 1865 2897 [weeanango‘m
1877 2880 1884 2892 ‚
1907 2858 2073 2899 ae95n'9npu]
2104 2864 2158 2893 Ere,
2193 2865 2231 2894 est
2247 2864 2373 2894 Licitanti
2394 2872 2453 2893 rem

1326 2894 1508 2924 auferendam
1527 2897 1696 2933 permittere.
1743 2898 1867 2926 Delivrer
1885 2909 1919 2926 au
1933 2900 1989 2934 plus
2006 2900 2108 2937 affrant.
2148 2902 2205 2931 Cic.
2221 2913 2270 2940 pro
2289 2902 2389 2932 Caecin.
2408 2904 2451 2930 16.

1327 2932 1431 2963 Ebutio
1448 2934 1596 2971 negotium
1613 2935 1701 2964 datur.
1724 2936 1798 2965 adest
1810 2937 1844 2965 ad
1860 2937 1992 2966 tabulam.
2012 2938 2111 2968 licetur
2126 2940 2249 2969 Ebutius.
2280 2941 2453 2969 deterrentur

1327 2977 1469 3008 emptores
1479 2993 1486 3005 ,
1508 2971 1589 3001 multi
1602 2974 1702 3010 partim
1717 2975 1802 3010 gratia
1811 2975 1953 3005 Cesenniae
1963 2997 1972 3011 ,
1992 2977 2094 3014 partim
2108 2978 2191 3007 etiam
2205 2978 2303 3015 pretio.
2340 2977 2454 3007 Fundus

1329 3009 1469 3038 addicitur
1482 3009 1593 3039 Ebutio.
1628 3011 1669 3040 Ex
1679 3011 1791 3041 Budaeo.

1329 3047 1466 3077 Addicere
1477 3069 1485 3083 ,
1506 3048 1537 3076 in
1551 3048 1696 3086 disciplina
1708 3049 1830 3087 augurali
1841 3060 1904 3079 aves
1919 3051 2067 3086 dicuntur,
2088 3052 2117 3081 id
2128 3052 2166 3082 est
2180 3052 2339 3090 Approbare
2350 3053 2456 3084 facien.

1351 3085 1404 3119 da,
1434 3085 1511 3122 quod
1526 3085 1591 3115 alias
1607 3088 1633 3116 ἃ
1649 3087 1802 3117 Admittere
1821 3088 1929 3117 dicitur.
1960 3088 2018 3119 Liv.
2036 3099 2079 3127 27.
2104 3093 2144 3118 16.
2181 3090 2264 3120 Fabio
2284 3091 2453 3129 auspicanti,

1350 3123 1512 3161 priusquam
1522 3124 1698 3161 egrederetur
1713 3125 1746 3154 ab
1762 3126 1885 3156 Tarento
1895 3149 1903 3162 ,
1924 3136 1987 3156 aves
2002 3127 2084 3156 semel
2096 3135 2176 3164 atque
2192 3128 2291 3157 iterum
2304 3139 2362 3158 non
2378 3130 2456 3160 addi-

1350 3168 1461 3190 xerunt.
1483 3161 1572 3191 Tacit.
1585 3172 1610 3192 2.
1624 3163 1694 3192 Ann.
1710 3173 1753 3200 14.
1791 3165 1893 3194 Auctus
1905 3165 2015 3199 omine,
2036 3165 2228 3195 addicentibus
2241 3166 2384 3204 auspiciis,
2407 3177 2455 3197 vo-

1352 3206 1398 3228 cat
1407 3200 1584 3229 concionem.
1611 3200 1692 3230 Conf.
1710 3211 1778 3230 Assn
1788 3212 1796 3230 1
1808 3212 1825 3231 c
1834 3212 1850 3230 o
1861 3224 1868 3237 ,
1891 3203 1966 3239 quod
1979 3203 2038 3238 ejus
2050 3202 2233 3233 Contrarium.

1333 3238 1470 3267 Addicere
1488 3239 1514 3268 Sc
1531 3238 1648 3267 tradere.
1689 3238 1747 3268 Cic.
1768 3250 1819 3277 pro
1833 3240 1919 3269 domo
1931 3240 1977 3269 sua
1997 3250 2055 3277 107.
2096 3240 2249 3270 Hominem
2266 3242 2391 3273 invenire
2410 3244 2458 3274 ista

1352 3275 1429 3305 labes
1440 3283 1517 3311 tum,
1539 3286 1604 3305 cum
1616 3277 1710 3306 omnia
1725 3278 1837 3307 tenebat
1848 3300 1856 3314 ,
1877 3279 2019 3307 neminem
2034 3278 2144 3316 potuit,
2171 3279 2217 3308 cui
2235 3279 2308 3310 aedes
2324 3291 2400 3312 meas
2413 3282 2460 3312 ad-

1355 3314 1479 3349 diceret,
1501 3315 1545 3343 cui
1559 3315 1687 3344 traderet.

1335 3351 1414 3381 Bona
1429 3352 1546 3388 alicujus
1558 3362 1675 3382 nummo
1687 3352 1806 3382 sestertio
1817 3353 1944 3383 addicere
1959 3352 2043 3382 alteri.
2074 3352 2132 3383 Cic.
2144 3364 2195 3392 pro
2206 3355 2298 3386 Rabir.
2310 3368 2356 3395 45.
2399 3357 2461 3388 Tua

1356 3389 1444 3422 bona,
1459 3390 1620 3425 Posthume,
1639 3401 1756 3420 nummo
1771 3391 1888 3421 sestertio
1901 3401 1916 3420 a
1929 3400 1974 3419 me
1988 3391 2179 3422 addicuntur?

1336 3427 1463 3457 Nummo
1478 3438 1535 3457 uno
1550 3428 1687 3458 addicere.
1728 3429 1759 3458 V.
1778 3439 1813 3458 οι
1824 3439 1879 3458 crs
1894 3428 1980 3458 causa.

1337 3466 1474 3495 Addicere
1491 3468 1517 3496 Sc
1529 3467 1658 3496 vendere.
1689 3466 1746 3496 Cic.
1761 3478 1784 3502 5.
1801 3467 1873 3496 Verr.
1910 3466 1971 3501 Jam
1983 3466 2101 3496 addielis
2114 3469 2140 3497 ἃ,
2151 3469 2272 3499 venditis
2287 3469 2421 3500 decumis.

1337 3503 1466 3534 Vendere
1485 3506 1511 3533 ὅ(
1531 3504 1660 3533 addicere
1678 3504 1849 3534 sententiam.
1887 3503 1944 3533 Cic.
1959 3514 1985 3533 2.
2007 3504 2126 3543 Philipp.
2146 3516 2190 3541 52.
2230 3507 2303 3537 Cum
2321 3514 2349 3537 te
2370 3518 2404 3537 ne
2427 3518 2460 3537 ue

1357 3542 1499 3580 principes
1516 3542 1634 3571 civitatis
1647 3543 1769 3580 rogando
1779 3565 1787 3577 ,
1809 3551 1897 3578 neque
1908 3543 2025 3578 majores
2039 3552 2106 3573 natu
2124 3545 2265 3574 movendo
2275 3568 2282 3580 ,
2304 3555 2395 3582 neque
2407 3518 2460 3575 sre-

1358 3589 1448 3616 quens
1457 3579 1565 3609 senatus
1578 3580 1686 3617 agendo
1698 3581 1733 3609 de
1742 3580 1852 3609 vendita
1866 3586 1948 3621 atque
1958 3580 2068 3610 addicta
2084 3581 2219 3611 sententia
2230 3593 2342 3613 movere
2358 3585 2459 3621 potuit.

1358 3617 1392 3647 ld
1405 3618 1444 3647 est
1453 3640 1460 3653 ,
1482 3618 1643 3654 Mancipata
1655 3618 1822 3654 venditaque
1836 3617 1940 3646 Cer-lari.

1341 3655 1493 3690 Addicere,
1514 3656 1651 3685 Auctione
1666 3655 1744 3684 facta.
1784 3654 1845 3683 Hoc
1861 3654 1915 3688 est,
1936 3654 2014 3684 Bona
2024 3655 2071 3685 sua
2088 3656 2275 3695 proscribere,
2297 3659 2323 3687 Sc
2334 3657 2463 3687 licitanti-

1361 3694 1412 3723 bus
1423 3694 1539 3722 tradere.
1562 3692 1680 3729 Quintil.
1698 3693 1727 3720 in
1739 3692 1821 3729 ffigro
1833 3693 1988 3730 redempto.
2004 3704 2031 3731 p.
2048 3699 2108 3724 106.
2124 3695 2215 3724 Burm.
2256 3696 2360 3725 Omnia
2372 3697 2464 3725 utilio-

1362 3742 1392 3761 ra
1411 3732 1550 3761 festinanti
1570 3730 1766 3768 properatione
1787 3731 1929 3767 perdentis
1954 3731 2058 3761 addixi.
2114 3732 2155 3762 De
2183 3733 2314 3762 auctione
2343 3734 2465 3772 loquitur

1362 3770 1490 3798 omnium
1504 3768 1650 3797 bonorum.
1683 3777 1707 3804 q.
1722 3768 1748 3795 d.
1769 3768 1857 3797 Simili
1878 3768 2050 3798 festinatione
2069 3779 2100 3798 ac
2118 3772 2314 3808 properatione
2331 3772 2460 3806 vendidi,

1363 3817 1396 3837 ac
1407 3807 1453 3844 qui
1464 3806 1535 3835 ultro
1547 3806 1662 3843 perdere
1673 3805 1765 3834 vellet.
1788 3807 1863 3835 Suet.
1875 3807 1905 3835 in
1916 3806 1980 3836 Caes.
1993 3817 2052 3845 cap.
2066 3818 2108 3843 50.
2136 3808 2214 3837 Bello
2225 3808 2299 3837 civili
2310 3809 2389 3846 super
2399 3809 2464 3838 alias

1363 3844 1547 3877 donationes,
1573 3842 1737 3880 amplillima
1751 3844 1853 3881 praedia
1870 3854 1905 3873 ex
1919 3844 2095 3875 auctionibus
2113 3845 2193 3875 hastae
2209 3847 2235 3875 ei
2254 3847 2371 3876 minimo
2389 3846 2465 3876 addi-

1364 3883 1414 3912 xit.
1456 3881 1521 3917 Quo
1538 3881 1567 3908 in
1581 3880 1645 3909 loco
1666 3882 1826 3918 (nummo)
1847 3883 1921 3911 reete
1935 3883 2048 3919 quidam
2062 3882 2167 3920 legunt.

1345 3920 1490 3950 Addictam
1513 3919 1603 3956 pretio
1632 3918 1736 3948 habere
1755 3919 1848 3949 fidem.
1888 3919 1947 3949 Cic.
1963 3931 1989 3955 4.
2010 3920 2084 3950 Verr.
2101 3927 2145 3959 78.
2175 3931 2245 3959 pro,
2267 3921 2426 3952 Obnoxiam
2441 3922 2468 3950 δι

1364 3956 1438 3996 quasi
1451 3956 1578 3987 venalem
1591 3955 1693 3986 habere
1707 3956 1791 3988 fidem
1806 3959 1832 3988 ἅ·
1846 3957 2019 4002 religionem.

1917 3996 1941 4024 (ε
1976 4005 1987 4033 3

2243 934 2275 964 ld
2288 934 2326 964 est
2338 957 2345 970 ,
2374 935 2419 965 ln-

1786 1000 1801 1034 ]
1828 1001 1883 1030 c‘re.
1924 1002 2042 1033 Verbum
2058 1008 2140 1036 rarius
2151 1030 2158 1043 ,
2180 1009 2255 1039 idem
2270 1010 2346 1046 quod
2361 1010 2421 1040 fim-

1817 1058 1823 1066 ο

2337 1763 2370 1794 Id
2384 1763 2436 1798 est,

1832 2555 1955 2587 Verbum
1972 2557 2144 2589 rariffimum.
2191 2560 2224 2590 V.
2247 2561 2367 2600 Giphan.
2387 2560 2449 2591 Ind.

2388 3996 2472 4027 Addi-
