2604 4222
177 106 247 141 340
627 92 652 125 B
748 91 774 125 E
873 88 904 123 R

231 176 313 205 beros
325 197 333 209 ,
355 173 475 204 similiter
485 173 605 203 sororem
615 173 746 203 Salomen
760 193 768 206 ,
790 171 904 207 eiusque
917 169 1003 198 filiam
1012 166 1176 197 Berenicen.
1203 163 1235 192 V.
1257 162 1276 192 l.
1293 166 1335 192 16.

232 224 258 251 p.
271 218 335 249 765.
354 213 399 242 ed.
414 211 526 241 Casaub.
903 245 909 250 ·
1032 243 1037 246 .
1074 243 1078 248 Ι
1136 241 1140 246 .

215 252 273 282 Alia
282 257 413 289 praeterea
425 247 733 279 suitBereniceHerodis
743 243 1094 286 llLliveAgrippceMaioris
1104 240 1169 273 filia,
1182 238 1340 283 quaeMarco

256 286 613 324 riuslllexandriLylimachi
623 285 682 315 filio
692 280 1038 321 desponsata,mox}ierod1
1057 276 1341 323 patri10,tleniquePo.

233 300 339 357 liemoni
351 336 446 363 nupta,
455 325 491 353 ob
503 325 627 362 Agrippa:
634 323 722 352 fratris
731 324 756 351 ἃ
764 321 822 351 Titi
832 319 942 349 Caesaris
952 328 1058 347 amores
1068 317 1150 345 vidua
1162 315 1235 358 male
1242 314 1340 343 audiit.

219 365 350 395 Berenice
363 373 483 401 quoque,
506 372 587 399 quam
601 361 689 391 Graeci
702 363 819 395 φεςενίκην
833 357 993 395 appellarit,
1020 353 1293 398 samacele'berrnna,
1315 352 1342 380 &

238 403 293 431 lilia
304 424 311 435 ,
334 404 359 431 ἃ
371 409 457 430 mater
468 423 475 435 ,
499 403 523 429 &
536 400 609 428 soror
618 398 879 435 Olympionicarum
891 395 957 429 suit,
976 401 1007 422 ut
1015 394 1053 422 ait
1066 392 1133 421 Plin.
1149 392 1340 433 lib.7.cap.4i.

237 440 381 470 Pausanias
396 448 506 476 quoque
517 437 601 466 Eliac.
620 447 642 465 i.
653 446 679 473 7.
698 436 770 464 hanc
785 433 853 462 dicit
875 432 1100 469 cognominatam
1112 434 1320 473 ‘Korama-:nrm
1332 448 1340 461 ‚

239 488 272 508 ac
287 477 381 506 habitu
400 477 488 505 virum
506 474 723 504 dissimulantem
741 472 815 500 ludis
830 468 1000 499 interfuiffe:
1023 468 1070 496 nbi
1091 467 1240 497 Pisidoruni
1256 465 1343 494 filium

240 522 404 545 coronatum
415 514 501 542 vidit:
524 513 738 549 cognitamque,
760 518 792 538 ac
813 507 961 546 quaestione
980 506 1075 549 habita
1088 527 1095 540 ,
1118 505 1194 548 quod
1208 504 1243 547 ad
1260 503 1343 546 ludos

240 553 405 583 mulieribus
416 551 578 580 interdictos
591 549 723 582 venisset,
746 547 849 576 meritis
861 545 971 574 suorum
987 543 1139 585 absolutam
1150 541 1340 571 suineffilran.

241 592 315 620 Varr.
332 590 399 619 Hist.
411 589 428 617 l.
444 599 484 617 10.
504 598 527 617 c.
544 598 565 616 i.
587 586 661 616 cons.
687 585 811 614 Perilm.
833 585 862 612 i'ri
874 583 929 612 loc.
941 581 1135 617 JanRutgers.
1157 580 1214 609 Var.
1228 578 1301 608 Left.
1318 588 1339 607 i.

240 634 267 658 6.
290 628 376 657 Valer.
398 628 465 655 item
479 626 525 654 lib.
536 629 564 659 ’8.
588 634 648 661 cap.
663 623 713 652 ult.
732 633 800 652 extr.
815 622 861 659 qui
881 621 1053 650 Pherenicen
1074 626 1174 653 vocat,
1196 620 1222 648 δ’(
1240 616 1343 646 Euclea

238 666 327 695 filium
339 666 398 700 ejus
416 665 549 694 vic'lzorem
560 662 676 699 Olymp.
730 699 735 704 η
848 697 852 702 ,
878 696 883 702 ·
967 696 972 702 Ι
1010 696 1015 701 Ι
1062 696 1066 701 .

222 704 255 733 Et
265 714 317 741 ego
328 713 378 740 pro
392 702 484 739 regina
497 701 634 730 Berenice
644 698 719 737 apud
729 697 814 736 ipsam
825 696 893 725 dixi.
917 695 1036 732 Quintil.
1050 695 1097 724 lib.
1109 705 1134 730 4.
1148 704 1208 732 cap.
1224 704 1247 723 1.
1320 730 1327 737 Ι

221 742 368 772 Berenices
381 740 488 773 crines,
517 740 657 774 [mg-:nme
677 735 834 769 mdrcmftsr]
865 735 979 771 Septem
1003 733 1066 762 sunt
1087 732 1169 762 stella*
1189 733 1224 762 ad
1242 732 1343 761 Leonis

241 779 356 808 caudam
370 801 376 811 ‚
398 777 482 807 veluti
494 777 520 805 in
535 775 674 812 triangulo
684 774 837 803 collocatae.
881 773 910 801 V.
933 771 1021 801 Strab.
1038 771 1056 800 l.
1074 781 1096 800 1.

186 816 206 845 Β
215 827 228 845 R
239 827 254 845 R
263 827 277 845 it
286 825 307 845 N
317 827 325 844 1
334 826 351 845 c
360 819 376 846 ἓ
386 825 404 844 U
413 825 424 844 s
435 837 443 849 ,
464 813 664 850 [Bfgfiiistfl&]
686 812 746 847 adj.
769 810 860 841 Catul.
871 814 915 846 64.
931 821 954 839 i.
1125 847 1130 852 ¹

307 854 328 883 E
345 854 495 883 Bereniceo
507 852 610 881 vertice
622 850 768 879 caesariem.
810 848 840 878 V.
863 855 953 877 totum
964 848 1019 876 hoc
1029 845 1259 890 Catulli-carmen.

185 892 205 921 B
215 893 229 921 ᾗ
241 902 253 920 R
264 893 306 921 {N
316 896 328 920 i
337 901 353 920 c
364 901 377 920 R
389 913 397 926 ,
419 891 471 919 sive
488 890 508 919 B
520 900 532 918 r.
543 901 558 918 R
569 900 585 918 o
594 898 613 917 N
625 900 632 916 1
644 898 660 917 c
670 898 683 916 R
693 910 700 923 ,
731 886 857 923 [Βερενίκη
870 908 878 920 ,
909 886 1041 921 Βεξονίκκ]
1076 884 1179 913 Civitas
1201 883 1239 911 est
1261 882 1342 919 Cyre».

221 933 322 964 naica’,
344 939 432 967 prope
441 929 533 966 Syrtes
546 950 553 962 ,
570 928 647 962 juxta
668 925 761 955 lacum
782 924 962 954 Tritonidem
974 944 982 957 ,
1004 922 1079 951 unde
1100 920 1211 951 Undosa
1227 926 1341 949 vocatur

222 967 327 997 isitlib.
343 977 366 1003 3.
382 977 444 1002 249-
469 966 536 995 Plin.
553 965 600 994 lib.
617 975 640 999 ς.
656 974 716 1001 cap.
733 975 757 997 ς.
780 962 914 991 Berenice
926 962 955 989 in
966 961 1051 998 Syrtis
1064 961 1169 989 extimo
1184 958 1319 1001 cornuest
1331 977 1339 991 ,

221 1006 364 1042 quondam
375 1012 470 1034 vocata
484 1003 670 1042 Hesperidum
687 1001 923 1040 supradictarum,
955 999 1119 1035 vagantibus
1133 1000 1245 1026 siraecrae
1262 995 1342 1025 tabu-

220 1043 253 1072 lis
264 1066 271 1078 ,
284 1045 335 1073 &a
1090 1074 1094 1079 ι
1183 1073 1188 1077 .

220 1080 374 1116 Beronice,
395 1079 460 1110 urbs
478 1078 570 1116 Libyae
581 1100 588 1114 ,
610 1086 671 1115 quae
690 1083 770 1106 antea
782 1076 856 1104 dieta
873 1075 964 1104 fuerat
981 1073 1119 1111 Hesperis.
1157 1071 1227 1101 Vide
1241 1071 1338 1109 Steph.

242 1115 351 1150 ‘Ean-5325
373 1115 442 1145 πίλις
467 1116 562 1151 Algam,
589 1116 652 1145 ›Jffiv
673 1116 785 1149 negarim.
810 1113 844 1142 H.
864 1113 904 1141 St.

219 1156 289 1186 Urbs
298 1157 365 1186 item
375 1155 508 1186 Berenice
520 1154 557 1184 est
567 1154 602 1183 ad
611 1154 700 1183 sinum
711 1152 855 1181 Arabicum
867 1172 874 1184 ,
896 1160 911 1179 a
921 1147 1070 1179 Ptoiemaeo
1080 1147 1263 1191 Philadelpho
1273 1157 1341 1176 cori-

239 1196 297 1224 dita
306 1217 314 1230 ,
336 1196 361 1224 81
371 1205 386 1223 a
396 1194 512 1223 nomine
522 1192 617 1221 matris
627 1193 665 1220 ita
676 1189 833 1228 appellata:
856 1189 884 1216 in
894 1198 946 1225 qua
955 1187 1013 1225 ipso
1030 1186 1133 1216 solstitii
1144 1187 1189 1215 die
1201 1186 1269 1215 liora
1280 1185 1339 1214 sex-

237 1240 265 1262 ta
275 1255 284 1268 ,
307 1232 416 1262 umbras
427 1232 538 1268 penitus
553 1227 659 1259 absumi
674 1228 758 1257 tradit
776 1227 842 1256 Plin.
861 1225 950 1268 lib-6.
962 1235 1082 1268 C³P·.²9·
1161 1262 1165 1267 .

218 1271 336 1300 Alteram
347 1276 535 1307 cognomento
545 1266 718 1304 Panchryson
733 1276 738 1294 :
762 1266 787 1294 ἃ
806 1265 872 1293 item
883 1263 964 1292 aliam
985 1263 1117 1300 Epidiren
1138 1261 1260 1305 dietam,
1281 1270 1339 1304 nie:—

238 1316 329 1338 morat
346 1308 453 1337 ibidem
468 1307 534 1337 Plin.
553 1307 582 1334 in
603 1304 790 1342 descriptione
807 1301 1030 1338 Troglodytices.
1051 1300 1139 1335 Juba,
1161 1306 1275 1342 inquit-3
1291 1308 1339 1342 qui

238 1347 348 1376 videtur
371 1343 578 1382 diligentissime
601 1343 762 1381 prosecutus
784 1340 866 1377 [lege
888 1338 1071 1373 persecutus]
1091 1338 1157 1381 'hac
1171 1359 1178 1371 ‚
1200 1339 1291 1365 omisit
1309 1344 1339 1365 in

235 1384 292 1414 hoc
302 1386 389 1414 trafftu
400 1384 552 1414 Berenicen
563 1381 675 1410 alteram
684 1402 692 1414 ,
715 1389 775 1416 qnae
785 1376 954 1415 Panchrysos
966 1384 1163 1417 cognominata
1171 1375 1210 1404 est
1221 1397 1228 1409 ,
1251 1376 1277 1404 &
1288 1382 1339 1403 teru

236 1423 304 1452 tiam
315 1445 323 1458 ,
344 1433 404 1459 quae
416 1421 541 1459 Epidires
553 1441 561 1455 ,
583 1419 651 1455 [Gr.
663 1415 700 1445 ἐπὶ
713 1420 792 1450 Δάρης
808 1415 842 1444 ab
857 1425 924 1452 opp.
938 1414 1025 1449 Dire]
1043 1412 1178 1456 inligneni
1191 1412 1263 1442 loco.
1296 1412 1339 1456 Est

237 1461 312 1490 enim
324 1460 371 1489 sita
382 1461 411 1489 in
419 1460 526 1488 cervice
538 1458 620 1495 longe
629 1461 809 1495 procurrente
818 1476 826 1488 ,
837 1453 884 1482 ubi
894 1453 987 1482 fauces
996 1452 1082 1481 Rubri
1094 1460 1175 1480 maris
1186 1461 1202 1479 v
1214 1462 1222 1479 i
1233 1462 1252 1479 i.
1264 1449 1334 1480 mill.

238 1509 264 1528 D.
287 1498 352 1537 pass.
369 1497 403 1527 ab
416 1496 509 1526 Arabia
520 1496 629 1525 distant.
650 1494 681 1523 V.
704 1493 788 1522 Hard.
801 1492 836 1521 ad
849 1490 903 1520 loc.

216 1535 286 1566 Duae
297 1543 430 1575 praeterea
448 1534 572 1571 ejusdem
591 1532 714 1562 nominis
725 1530 807 1559 urbes
818 1528 996 1559 recensentur
1008 1538 1024 1556 a
1035 1525 1130 1569 Steph.
1143 1535 1257 1570 quarum
1272 1525 1339 1555 alte.-

235 1582 295 1604 ram
305 1575 334 1603 in
345 1573 444 1603 Cilicia
458 1572 579 1602 collocat
615 1570 732 1600 alteram
742 1568 845 1597 Chium
861 1566 928 1596 olim
940 1574 1066 1595 vocatam
1077 1565 1174 1594 asserit.

174 1608 197 1642 B
208 1622 221 1641 13
230 1622 245 1641 R
256 1622 269 1642 R
281 1622 301 1642 N
312 1623 321 1641 1
330 1622 365 1642 er
374 1622 392 1641 D
401 1622 440 1647 aa,
463 1592 651 1647 [Βεςενικίέοα]
673 1606 847 1638 Ptolemaicae
862 1604 950 1634 tribus
962 1602 1079 1642 populi,
1101 1603 1175 1641 apud
1188 1601 1338 1632 Athenien=

213 1650 263 1680 ses.
285 1650 418 1688 Stephan.
442 1659 467 1685 q.
489 1648 520 1676 V.
766 1680 769 1681 .
878 1681 883 1686 Π
1050 1679 1056 1688 ,
1181 1678 1187 1684 ι
1282 1679 1288 1684 .

130 1689 132 1697 '
175 1687 405 1723 BERsNicis,
425 1687 486 1716 idis.
510 1683 672 1721 [Βεεενικὶς]
693 1682 810 1713 Tractus
829 1681 926 1711 Africae
938 1679 1117 1718 Cyrenaicae,
1139 1688 1188 1716 qui
1204 1678 1243 1708 est
1263 1687 1337 1708 circa

212 1726 366 1756 Berenicen
375 1725 482 1755 urbem.
504 1723 605 1753 Lucan.
619 1721 666 1750 lib.
683 1731 709 1755 9.
729 1729 791 1756 523.

407 1779 481 1784 -——
494 1770 560 1791 nam
575 1759 709 1797 quicquid
722 1758 836 1797 pulvere
847 1756 918 1786 sicco

291 1802 407 1839 Separat
419 1800 563 1830 ardentem
572 1797 667 1836 tepida
677 1795 842 1826 Berenicida
856 1794 937 1833 Lepti
948 1814 957 1830 9

291 1839 403 1877 Ignorat
412 1838 534 1868 frondes.

173 1877 196 1908 B
205 1887 219 1906 Ε
228 1887 244 1906 R
253 1887 271 1906 G
279 1888 288 1906 1
297 1888 315 1906 D
327 1888 344 1906 u
355 1888 376 1906 M
387 1898 395 1910 ,
418 1873 561 1913 [Ρὲργόὶν]
582 1872 654 1902 Urbs
664 1871 801 1909 Hispaniae
808 1869 959 1900 Ptolemaeo
968 1891 977 1905 ,
1003 1868 1088 1906 vulgo
1101 1868 1193 1912 Urgel3
1318 1906 1324 1912 .

174 1915 195 1946 B
203 1926 216 1945 R
228 1926 243 1944 R
251 1925 270 1944 G
280 1926 289 1944 1
298 1925 316 1945 o
324 1925 345 1944 N
353 1937 362 1951 ,
383 1916 409 1945 δι
419 1910 518 1944 Albion
529 1934 537 1949 ,
559 1911 691 1949 Gigantes
702 1933 710 1944 ,
726 1910 775 1939 filii
786 1909 864 1938 fuere
874 1908 1002 1946 Neptuni
1013 1907 1046 1937 ab
1056 1906 1178 1937 Hercule
1187 1905 1334 1936 interfec'ii.

211 1953 287 1983 Mela
298 1952 345 1983 lib.
357 1963 385 1983 2.
402 1962 425 1982 c.
440 1963 463 1988 5.
501 1951 531 1981 V.
553 1949 634 1987 supra
654 1958 698 1977 Ar.
709 1957 806 1977 arou.
1255 1982 1261 1988 ἠ

171 1990 193 2022 Β
203 2001 218 2020 s
226 2001 242 2020 R
252 2001 270 2020 G
279 2002 297 2021 o
306 2002 326 2020 M
335 2001 354 2020 υ
364 2002 384 2020 Μ
395 2012 403 2026 ,
426 1988 583 2026 [isinum]
611 1986 759 2024 Oppidum
780 1984 864 2015 ltaliae
877 1983 1083 2021 Transpadana:
1094 2005 1102 2017 ,
1124 1992 1185 2020 quae
1205 1991 1281 2019 regio
1295 1982 1334 2011 est

208 2029 359 2059 undecima
370 2051 379 2064 ,
400 2029 426 2058 δι
435 2028 612 2065 Bergomates
621 2047 630 2061 ,
651 2025 711 2061 eJ'us
719 2024 819 2062 oppidi
831 2022 940 2052 incolae.
962 2021 1032 2051 Plin.
1048 2021 1097 2050 lib.
1106 2030 1130 2058 3.
1143 2030 1204 2059 cap.
1221 2029 1263 2057 17.
1275 2020 1334 2049 vul-

207 2076 244 2105 ‘go
258 2071 385 2103 Bergomo.

170 2104 378 2140 Bruttus,
405 2095 436 2134 V.
459 2109 660 2132 BSRYLLUS.
1199 2134 1204 2140 ι

168 2143 356 2177 Bearuus,
378 2152 411 2178 a,
433 2151 490 2171 um.
512 2139 633 2169 acolore
650 2138 695 2176 qui
709 2137 812 2170 Berus.
831 2137 944 2170 Birrus,
966 2134 1012 2165 vel
1031 2134 1132 2164 Burrus
1149 2135 1260 2164 dicitur.
1282 2134 1333 2164 Be-

205 2181 298 2210 tinum
309 2181 513 2210 vestimentum.
536 2178 623 2207 Plaut.
636 2176 716 2214 Epid.
729 2185 753 2205 2.
767 2186 792 2205 2.
806 2186 852 2210 49.
873 2174 914 2204 Al.
937 2173 1089 2208 Cerinum‚
1110 2180 1158 2202 aut
1178 2172 1329 2202 Melinum.

169 2218 237 2249 BER
247 2228 314 2248 Μιυ
324 2228 335 2248 s
345 2240 353 2254 ‚
376 2218 460 2248 Mons
474 2219 512 2246 est
528 2214 682 2245 Tliessaliae.
705 2213 773 2243 Plin.
787 2213 835 2242 lib.
847 2223 874 2249 4.
886 2222 949 2250 cap.
961 2217 987 2245 8.
1006 2210 1236 2254 Strab3Excerpt.
1252 2210 1270 2254 l.
1285 2220 1310 2247 7.

167 2256 189 2286 Β
200 2267 215 2285 Ε
224 2267 238 2285 R
248 2266 268 2285 N
280 2266 299 2284 A
309 2267 325 2285 R
335 2266 353 2285 A
367 2278 375 2291 ,
397 2254 549 2292 [εέξναξκ]
570 2253 646 2291 apud
662 2251 777 2281 Ptolem.
793 2251 840 2280 lib.
853 2260 878 2279 2.
890 2260 950 2287 cap.
963 2253 988 2278 6.
1022 2249 1168 2292 Oppidum
1180 2248 1218 2277 est
1234 2247 1331 2286 Hispa-

207 2295 260 2323 niae
271 2293 484 2323 Tarraconensis
494 2314 502 2327 ‚
523 2299 580 2320 non
590 2290 688 2329 procul
702 2300 717 2318 a
733 2289 851 2318 Caesarea
860 2288 977 2325 Augusta
987 2309 995 2323 ‚
1017 2286 1165 2317 Celtiberis
1177 2287 1203 2316 δι
1211 2286 1330 2316 Besseta-

207 2333 251 2361 nis
262 2332 297 2361 ad
310 2332 456 2361 Orientem
468 2330 627 2368 proximum
638 2350 645 2361 ,
667 2328 751 2364 vulgo
764 2334 889 2354 flenavar.
1035 2363 1041 2368 ⁶
1074 2363 1079 2368 .
1261 2362 1267 2368 .

169 2366 190 2401 Β
200 2373 216 2399 ἑ
225 2380 240 2399 R
251 2380 268 2399 o
278 2392 285 2406 ,
308 2371 379 2399 onis.
399 2379 435 2398 m.
458 2370 570 2401 Saccus,
582 2366 654 2404 quasi
663 2366 729 2395 Pero
740 2375 755 2394 a
763 2364 828 2394 Pera
837 2364 937 2399 dietus,
949 2373 1002 2400 qua
1014 2363 1138 2392 dithione
1149 2361 1212 2391 sunt
1220 2372 1268 2399 qui
1278 2372 1329 2400 pu-

205 2414 267 2437 tent
279 2407 356 2437 usum
369 2407 446 2436 fuisse
459 2406 622 2435 illsenumin
633 2404 651 2433 l.
673 2404 704 2433 ln
718 2408 796 2432 nave.
810 2402 844 2431 D.
857 2401 951 2431 Locat.
963 2401 1011 2430 ubi
1023 2401 1069 2430 alii
1086 2400 1182 2438 legunt
1194 2400 1329 2429 Centoni-

204 2445 254 2474 biis
266 2468 274 2480 ,
295 2445 342 2475 alii
353 2444 510 2475 Peronibus.
534 2443 564 2472 V.
580 2444 685 2481 priores
695 2441 788 2471 Budaei
800 2440 1005 2469 annotationes.
1020 2438 1088 2468 Plin.
1100 2439 1198 2473 lib.36.
1213 2448 1324 2476 cap.14.

205 2483 240 2512 de
252 2483 359 2521 templo
373 2483 495 2521 Ephesiae
506 2482 600 2511 Dianae
611 2502 618 2514 ,
641 2480 672 2509 Id
683 2478 869 2515 consequutus
882 2478 919 2507 est
937 2477 1104 2506 architectus
1116 2476 1163 2505 ille
1175 2476 1327 2506 beronibus

165 2558 187 2590 B
203 2531 285 2551 mna
295 2522 397 2588 ¹³¹³¹¹³³s
435 2520 467 2564 ¹5¹
479 2517 718 2587 ἳῗἹ-Εἲῗῗιᾛῗὲἰ
729 2516 873 2590 Οέὲὶὴὲἷῑιε
883 2514 1314 2582 ¹22³sstfss¹cf11¹issffdlifflfficaffiun1de

197 2569 344 2588 RRoNrts
400 2569 465 2588 ervi.
516 2568 557 2586 ir.
590 2567 635 2585 e.
708 2565 724 2584 '.
794 2577 800 2583 .
853 2577 858 2582 .
1316 2570 1327 2576 .

202 2581 387 2627 fendenduin.
427 2597 541 2633 Semper
553 2595 629 2624 enim
641 2594 763 2623 Berones
773 2565 987 2629 epompluresque
1003 2596 1134 2620 evocatos
1144 2599 1207 2619 cum
1218 2589 1327 2633 telisse-

203 2644 269 2664 cum
286 2634 388 2663 habere
406 2634 596 2663 consueverat.
646 2631 785 2669 Hispaniae
799 2629 1012 2659 Tarraconensis
1031 2628 1152 2666 populos
1180 2627 1234 2657 esse
1255 2628 1325 2657 dicit

201 2672 366 2702 Ptolemaeus
379 2682 404 2701 2.
417 2676 441 2701 6.
466 2678 497 2701 ut
506 2673 532 2701 ἃ
543 2669 640 2700 Strabo
654 2669 672 2699 l.
685 2679 709 2705 3.
732 2668 834 2703 Βήρωες.
876 2667 968 2704 Aliqui
976 2665 1076 2704 legunt
1085 2667 1207 2696 Berones
1218 2687 1227 2702 ,
1249 2665 1322 2695 Edit.

204 2710 263 2739 Vet.
278 2710 420 2739 Verrones.

165 2747 186 2779 B
197 2758 235 2778 ER
244 2750 260 2778 ὅ
271 2758 299 2781 R,
321 2748 432 2784 [sego'n]
453 2745 575 2776 Semeles
584 2745 677 2774 matris
686 2743 786 2774 Bacchi
795 2743 897 2772 nutrix.
916 2742 1002 2772 Ovid.
1021 2751 1045 2779 3.
1059 2740 1130 2772 Met.
1145 2746 1211 2780 278.

283 2785 397 2823 ipsaque
409 2792 466 2815 erat
476 2784 563 2813 Beroe
577 2782 699 2812 Semeles
714 2781 862 2819 Epidauria
873 2781 975 2810 nutrix.

198 2823 287 2853 Be‘roe
298 2824 422 2860 conjunx
432 2822 544 2859 Dorycli
559 2820 634 2858 apud
644 2820 715 2857 Virg.
729 2820 825 2863 52AEst
839 2822 903 2848 620.
919 2856 925 2862 .
1016 2856 1022 2862 θ

196 2861 289 2890 >Beroe
305 2883 313 2897 ,
335 2861 459 2899 nympha
468 2859 549 2889 Penei
560 2880 567 2891 .
588 2858 645 2887 filia
653 2858 777 2890 Oceani,
799 2857 874 2885 soror
883 2855 969 2885 Clitis.
990 2855 1064 2893 Virg.
1077 2865 1104 2891 4.
1121 2854 1221 2897 Georg.
1235 2863 1298 2892 341.

162 2897 183 2929 B
194 2909 207 2927 Β
217 2909 231 2927 R
243 2910 276 2928 os
286 2910 305 2928 A
314 2921 322 2933 ,
343 2898 471 2935 [signa]
493 2896 640 2935 Oppidum
658 2895 754 2924 nobile
768 2894 941 2924 Macedoniae
951 2916 959 2929 ,
980 2894 1060 2930 cujus
1073 2894 1203 2922 meminit
1214 2893 1273 2923 Cic.
1292 2895 1322 2923 i'n

201 2937 288 2966 Pison.
303 2941 348 2972 89.
370 2937 427 2973 Qui
439 2945 525 2972 quum
542 2933 709 2964 concursum
731 2932 901 2971 plorantium
914 2953 922 2967 ‚
944 2942 977 2961 ac
990 2931 1184 2969 tempestatem
1199 2931 1323 2968 querela-

200 2985 261 3004 rum
274 2975 346 3004 ferre
361 2984 418 3003 non
431 2973 520 3012 posses
532 2995 540 3006 ,
560 2973 588 3001 in
599 2971 735 3015 oppidum
751 2970 864 2999 devium
874 2970 1001 2999 Beroeam
1010 2969 1160 3007 persugisti.
1172 2969 1320 2999 confiPlin.

199 3024 226 3048 4.
241 3023 281 3042 10.
303 3013 436 3043 Marcian.
454 3009 565 3041 Heracl.
581 3009 695 3039 Luciaii.
707 3009 776 3038 Asin.
786 3018 813 3046 p.
832 3017 893 3037 101.
910 3007 955 3037 ed.
966 3008 1054 3037 Graev.
1067 3008 1157 3036 Actor.
1171 3016 1213 3045 17.
1228 3017 1271 3037 10.
1283 3007 1320 3046 sq.

217 3050 304 3080 Strab.
328 3050 347 3079 l.
359 3060 384 3086 7.
398 3050 527 3087 Excerpe.
782 3084 788 3089 .
951 3083 955 3088 ·
1261 3084 1266 3089 ι

199 3088 313 3123 Beroea,
334 3088 386 3118 alia
399 3088 482 3125 Syriae
495 3109 503 3120 ,
525 3085 679 3115 Antiochia:
698 3084 732 3113 ad
749 3089 889 3112 orientem
911 3082 1041 3118 adjacens
1050 3104 1057 3117 ,
1079 3092 1094 3111 a
1114 3082 1322 3113 Macedonibus

218 3127 348 3161 condita,
376 3125 506 3162 Dionyfio
521 3130 639 3162 tyranno
658 3121 833 3151 Heraclionis
854 3120 912 3150 filio
925 3142 933 3155 ‚
962 3120 1030 3149 olim
1048 3119 1180 3155 subjecta.
1222 3122 1321 3151 Strabo

217 3164 265 3193 lib.
280 3169 322 3193 16.
334 3165 409 3193 conf.
423 3163 490 3193 Plin.
504 3174 527 3197 ς.
541 3165 585 3191 26.
610 3161 703 3190 Hodie
714 3160 801 3196 Alepo.
832 3158 967 3188 Scribitur
974 3158 1117 3196 utriusque
1129 3158 1205 3189 urbis
1213 3169 1321 3189 nomen

218 3204 243 3231 oz
254 3202 480 3239 geminatalitera
490 3199 633 3234 Berrhoea,
655 3198 751 3232 Βέρῥοιαι.
781 3197 812 3240 V
834 3195 929 3233 Steph.

163 3237 183 3268 B
193 3248 207 3267 E
216 3249 231 3268 R
240 3249 288 3268 σεε
298 3250 317 3268 Ν
326 3249 337 3269 s
349 3251 357 3268 1
367 3250 393 3276 s,
417 3249 441 3268 e,
463 3238 600 3275 [negusar]
621 3235 733 3274 gentile.
755 3235 824 3264 Plln.
841 3245 866 3271 5.
876 3242 922 3270 ²3·

162 3276 354 3306 BRRosiicr.
367 3299 375 3312 ‚
403 3277 434 3306 V.
459 3279 650 3305 BRRENYCR.

157 3313 179 3344 B
189 3316 203 3343 ὲ
214 3324 228 3342 R
239 3318 256 3344 ὃ
265 3325 276 3343 s
287 3325 304 3343 u
314 3325 325 3341 s
337 3337 345 3348 ,
367 3314 528 3380 [ῃέξωτῦἰ]
549 3312 695 3342 Chaldaeus
705 3312 734 3339 in
749 3308 898 3347 Astrologia
907 3308 1008 3352 clarus.
1030 3308 1075 3352 cui
1086 3308 1122 3337 ob
1136 3308 1243 3338 divinas
1252 3315 1320 3347 prce.

197 3352 334 3382 tlic'tionffl
345 3375 351 3383 .
376 3352 509 3381 Athenien
525 3361 553 3381 es
571 3351 600 3380 in
612 3349 752 3388 gymnasio
773 3348 888 3377 statuam
906 3352 1030 3375 inaurata
1044 3346 1138 3380 lingua
1148 3347 1315 3384 statuerunt,

196 3389 238 3418 uti
250 3390 332 3418 refert
347 3390 411 3419 l’lin.
427 3389 474 3418 lib.
485 3398 510 3425 7.
522 3398 582 3426 cap.
598 3397 641 3425 37.
661 3387 735 3417 cons.
750 3386 815 3416 Lex.
829 3384 916 3415 Pitisc.
929 3386 956 3414 Sc
968 3383 1037 3413 Voss.
1050 3384 1118 3413 Hist.
1131 3384 1177 3428 Gr:
1194 3393 1270 3421 1.13.

195 3426 326 3462 Berosus,
348 3428 434 3457 Collis
443 3428 480 3457 est
490 3427 645 3456 Taurorum
656 3448 665 3460 ,
686 3431 741 3454 tres
752 3424 858 3454 liabens
869 3423 961 3452 fontes
973 3443 981 3455 .
1006 3422 1062 3450 sine
1073 3422 1198 3464 remedio
1215 3444 1223 3457 ‚
1246 3425 1271 3452 Sc
1287 3423 1317 3452 ss.

213 3474 248 3493 ne
260 3464 357 3494 dolore
365 3465 533 3495 mortiferos.
556 3464 623 3493 Plin.
639 3463 689 3493 lib.
700 3473 726 3492 2.
737 3472 797 3500 cap.
812 3470 871 3497 103.
890 3459 953 3490 Mss.
970 3459 1097 3489 Librosus
1107 3459 1152 3488 vel
1160 3459 1315 3491 Liberosus.

153 3500 176 3533 Β
185 3511 199 3530 13
209 3511 224 3529 R
234 3512 249 3530 R
260 3511 280 3530 n
291 3512 304 3530 R
312 3512 324 3531 s
333 3514 367 3538 A,
390 3505 403 3539 [
417 3501 530 3539 ῆερρέζω]
552 3502 701 3540 Oppidum
713 3499 870 3538 AEthiopiae.
893 3498 960 3528 Plin.
973 3496 1020 3540 lib.
1032 3501 1131 3540 ὅμως).
1145 3506 1200 3540 22..

154 3538 175 3569 B
186 3549 199 3567 a
210 3549 224 3567 R
235 3549 246 3567 s
258 3549 275 3568 A
284 3550 298 3567 a
307 3549 321 3568 R
331 3562 339 3574 ,
365 3550 402 3569 es.
421 3540 491 3569 Urbs
502 3540 614 3575 Judaeae,
633 3549 692 3576 quae
704 3538 819 3568 Puteum
830 3536 979 3573 juramenti
989 3536 1135 3578 signihcat:
1155 3544 1218 3578 quia
1228 3545 1316 3570 quum

193 3576 231 3605 ibi
242 3576 376 3606 habitaret
387 3578 521 3608 Abraham
533 3587 597 3607 cum
607 3576 779 3610 Abinielecli,
794 3574 920 3604 mactatis
930 3573 1035 3616 septem
1045 3572 1146 3601 ovibus
1158 3594 1166 3606 ,
1174 3582 1211 3615 ,in
1222 3573 1314 3603 foedus

191 3621 290 3643 mutuo
302 3615 467 3648 iuraverunt.
508 3615 574 3644 Haec
585 3615 718 3644 terminus
729 3614 783 3643 fuit
795 3618 872 3642 terrae
884 3611 1073 3650 promissionis
1087 3631 1095 3644 ‚
1117 3610 1231 3653 poslessa
1242 3621 1315 3648 apo-

190 3651 259 3718 gulo
270 3652 432 3687 Judaeorum
441 3675 448 3688 ,
470 3654 614 3690 postquam
623 3651 743 3681 reversus
752 3651 790 3680 est
802 3660 837 3680 ex
848 3651 968 3717 ffigyffo
979 3671 987 3684 ,
1010 3650 1035 3678 δι
1047 3647 1171 3677 tenditur
1183 3647 1267 3684 usque
1278 3649 1314 3678 ad

218 3699 251 3718 an
262 3711 270 3724 ,
291 3689 414 3727 spatioin
426 3690 540 3726 longum
556 3701 597 3719 cr.
608 3700 623 3718 x
647 3690 718 3719 mill.
730 3689 797 3718 sicut
810 3688 902 3717 scribit
941 3688 1077 3724 ieronym.
1097 3685 1133 3714 ad
1148 3685 1266 3714 Dardan.

153 3726 194 3756 Be
205 3737 219 3755 R
229 3737 241 3756 s
251 3737 269 3756 A
279 3736 297 3755 N
309 3736 322 3756 a
332 3749 340 3761 ,
361 3737 398 3756 es.
421 3724 566 3764 [κεςσυᾶνη]
592 3727 681 3757 Vidua
702 3728 755 3757 fuit
770 3725 959 3761 Damascena,
984 3724 1018 3754 ab
1035 3723 1191 3753 Alexandro
1206 3723 1311 3760 Magno

190 3764 326 3794 adamata.
350 3764 496 3794 Diodorus.

152 3801 173 3831 B
184 3812 198 3830 E
207 3812 221 3830 R
231 3803 249 3830 ῠ
258 3813 273 3830 ι,
283 3812 302 3831 A
312 3823 319 3836 ‚
341 3812 370 3831 ae.
395 3803 412 3830 l‘.
435 3802 527 3831 Herba
538 3823 546 3835 ,
568 3802 663 3831 Graece
675 3801 841 3831 Cai'damine
851 3801 934 3830 dicia.
956 3800 1043 3829 Mare.
1056 3799 1138 3836 Emp.
1157 3807 1188 3827 ca
1212 3820 1217 3826 .
1231 3800 1276 3840 36.

150 3838 171 3869 Β
181 3843 196 3868 Ξ
205 3849 247 3868 RY
257 3850 272 3868 L
281 3850 296 3867 r.
308 3849 326 3868 υ
335 3849 347 3868 s
361 3861 370 3874 ,
384 3840 401 3868 i.
426 3850 463 3869 m.
477 3842 502 3869 ἃ
513 3839 531 3867 f.
554 3840 727 3874 [memo]
747 3839 828 3876 Lapis
841 3838 962 3876 pallidus
975 3844 1160 3874 transparens.
1174 3807 1242 3864 Psin.
1253 3834 1308 3879 ⁸lib.

188 3876 450 3914 37.eap.5.Eandem
463 3877 522 3912 [in]
534 3876 628 3905 multis
636 3883 903 3911 naturam,autcerte
918 3875 1036 3904 similem
1048 3875 1150 3904 habere
1160 3873 1259 3910 berylli
1271 3880 1311 3901 vi-

186 3914 296 3951 dentur,
310 3917 340 3944 in
354 3914 434 3944 India
442 3915 578 3952 originem
587 3913 720 3943 habentes
729 3934 737 3949 ,
753 3924 812 3943 raro
820 3913 887 3943 alibi
897 3913 1010 3950 reperti.
1051 3911 1196 3941 Poliuntur
1209 3919 1309 3941 omnes

1868 84 1891 119 B
1986 86 2013 121 E
2105 86 2124 121 S

2594 79 2597 98 i

1431 162 1578 200 sexangula
1587 162 1673 200 figura
1685 164 1966 199 artificumincgeniis:
1989 167 2300 203 qiioniamhebescunt,
2323 169 2352 198 iii
2372 168 2448 198 color
2457 164 2550 203 surdus
2593 145 2596 202 l

1432 201 1590 237 repercussu
1613 201 1776 238 angulorum
1792 204 1938 232 cxcii-etur.
1980 204 2062 233 Aliter
2074 206 2149 234 enini
2163 206 2243 242 politi
2264 216 2321 234 non
2341 207 2445 236 liabent
2465 208 2552 246 fulgo.
2592 205 2595 232 l

1433 248 1491 266 rem
1504 239 1635 267 eundem.
1678 238 1856 269 Probati'llimi
1870 241 1931 270 sunt
1945 251 1979 270 ex
1993 243 2026 270 iis
2040 265 2046 274 ,
2067 244 2112 279 qui
2134 243 2305 272 viriditatem
2326 246 2387 281 puri
2403 246 2484 274 maris
2494 247 2553 277 imi.
2592 245 2597 277 'i

1433 282 1535 319 tantur.
1573 276 1691 305 Proximi
1709 279 1754 313 qui
1770 285 1904 306 vocantur
1915 279 2128 317 chrysoberylli,
2149 282 2175 310 ἃ
2191 281 2254 310 sunt
2270 282 2354 319 paulo
2374 283 2532 319 pallidiores
2543 306 2551 321 ,
2591 256 2596 352 l

1434 313 1478 342 sed
1496 324 1522 342 in
1539 323 1651 342 aureum
1668 314 1790 343 colorem
1805 325 1925 344 exeunte.
1938 316 2054 353 fulgore.
2076 318 2187 347 Curtius
2204 328 2229 353 9.
2245 328 2268 348 1.
2285 329 2327 352 ιο.
2356 319 2489 350 Baculuni
2509 322 2554 352 be.
2593 334 2604 351 ψ

1434 351 1497 388 ηΠί
1512 351 1724 388 distinguebant.
1767 353 1886 382 Primam
1904 354 1962 390 syll.
1980 355 2093 391 longam
2104 354 2189 384 habet
2206 356 2327 394 Propert.
2336 368 2362 393 4.
2376 368 2402 394 7.
2415 368 2441 394 9.
2467 360 2492 388 ἃ
2507 358 2553 394 Ju-
2591 351 2604 391 ³1]

1434 399 1498 417 veri.
1511 400 1534 424 ς.
1550 389 1604 418 Sat.
1617 396 1660 425 38.
1683 390 1801 419 eandem
1812 393 1924 428 corripit
1935 392 2064 421 Prudent.
2079 393 2171 430 Psych.
2184 404 2208 423 v.
2222 400 2286 428 855.
2515 408 2518 409 ⁷
2554 415 2558 418 ·
2590 385 2595 423 l

1397 425 1418 456 B
1428 437 1439 455 r
1451 437 1464 454 R
1475 436 1493 455 Y
1504 438 1519 454 L
1528 438 1544 455 i,
1555 437 1572 455 u
1582 437 1594 456 s
1604 449 1612 462 ,
1633 429 1801 463 [riguae]
1822 429 1957 458 Bostrenae
1976 431 2052 459 urbis
2072 431 2176 460 Arabiae
2196 431 2293 468 praesul
2307 432 2360 462 fuit
2371 454 2380 467 ‚
2401 433 2448 470 qui
2467 442 2550 471 quum
2590 438 2604 467 i

1436 464 1515 502 plura
1527 466 1600 494 recte
1612 475 1661 502 pro
1673 465 1806 502 religione
1815 466 1956 504 scrlpliiset
1965 490 1973 500 ,
1995 468 2133 505 postremo
2145 470 2239 498 omnia
2250 471 2374 508 corrupit
2385 492 2393 505 ,
2410 472 2553 508 peregrina
2588 463 2604 506 'i

1436 503 1562 537 quaedam
1575 503 1719 532 adduceris
1729 525 1737 537 ,
1759 505 1894 542 &procul
1907 515 1922 534 a
1932 506 2047 535 veritate
2059 506 2246 536 abhorrentia.
2286 508 2480 544 Quamobrem
2488 503 2558 539 con-⁵
2587 499 2604 569 ξι

1434 546 1530 583 vocata
1541 540 1686 577 praesulum
1696 550 1751 569 non
1762 552 1914 578 paucorum
1926 542 2032 580 synodo
2047 565 2055 578 ,
2076 545 2198 574 maxime
2210 543 2357 575 adnitente
2369 546 2501 584 Origene,
2517 546 2552 577 ad
2599 561 2604 579 i

1435 577 1578 606 sanitatem
1592 579 1722 607 reductus
1732 580 1777 608 est.
1821 580 1850 608 V.
1875 580 2009 610 Volaterr.
2023 580 2071 610 lib.
2083 586 2108 610 6.
2586 568 2604 652 ef

1396 615 1417 646 B
1428 625 1439 643 a
1450 625 1464 642 a
1474 626 1493 643 γ
1503 626 1520 643 τ
1531 626 1547 643 o
1556 626 1568 645 s
1580 638 1588 650 ,
1611 616 1767 652 [Βέςντίςκ]
1787 618 1848 654 post
1868 618 2004 647 Sidonem
2020 619 2058 648 est
2070 641 2078 653 ,
2101 619 2204 650 Civitas
2222 619 2372 651 Phoeniciae
2391 620 2552 661 clarissima,
2599 601 2604 668 i

1435 653 1509 695 hauri
1526 654 1665 690 proculab
1677 653 1742 691 Lyci
1757 656 1846 684 amnis
1858 656 1948 689 ostiis,
1965 667 2047 694 quani
2056 657 2142 686 hodie
2153 662 2278 685 Barutum
2290 666 2407 694 vocant,
2428 661 2553 692 omnium
2571 683 2576 690 .
2590 681 2601 685 =

1434 701 1493 726 ejus
1503 691 1601 720 littoris
1613 691 1781 721 nundinario
1790 694 1974 723 mercimonio
1986 695 2131 724 clarissima
2143 717 2151 729 ,
2173 696 2240 724 teste
2252 696 2386 727 Vadiano.
2418 697 2494 727 Felix
2506 699 2552 734 Ju-

1433 729 1469 757 lia
1483 729 1569 757 Plinio
1582 751 1589 764 ,
1610 729 1672 759 Seb.
1684 730 1827 760 Munstero
1837 739 2010 761 annotatore.
2029 733 2142 765 Strabo,
2166 734 2250 770 quiin
2262 735 2373 773 Marsya
2384 745 2483 773 campo
2495 736 2552 766 col-

1432 765 1525 801 locat,
1546 767 1563 795 l.
1577 771 1618 796 16.
1641 767 1819 805 aTryphone
1831 770 1969 803 dirutam,
1991 770 2254 807 posteaaRomanis
2267 773 2459 809 instauratam,
2487 775 2554 805 dua-
2586 798 2587 804 ,

1433 804 1484 847 bus
1495 804 1650 847 legionibus
1663 815 1678 834 a
1690 806 1731 835 M.
1748 807 1868 845 Agrippa
1879 808 1916 836 ibi
1928 808 2071 837 collocatis
2082 809 2174 838 docet.
2197 809 2320 840 Eustath.
2342 817 2373 840 ut
2392 821 2407 840 a
2419 811 2550 843 Volaterr.
2586 813 2589 829 ²

1432 841 1480 870 lib.
1496 846 1521 871 6.
1538 850 1638 872 citatur
1649 864 1658 878 ,
1678 845 1763 880 etymi
1773 845 1844 874 hanc
1858 846 1996 874 rationem
2009 846 2122 883 assignat
2133 869 2140 881 ,
2169 847 2245 884 quod
2260 852 2349 875 Rerum
2364 858 2400 877 ex
2409 850 2554 881 auetorita.
2585 860 2586 863 ¹

1431 885 1459 908 te
1473 879 1591 923 lleilafiii
1602 904 1609 915 ,
1630 880 1724 917 lingua
1736 882 1900 912 Phoenicum
1911 883 2006 912 Robur
2023 883 2171 920 significet,
2194 885 2267 922 quali
2280 885 2349 915 Urbs
2359 887 2388 915 iri
2398 886 2462 916 loco
2474 887 2551 918 inex.
2591 910 2594 915 .

1433 917 1578 954 pugnabili
1592 928 1623 947 ac
1635 919 1743 948 robusto
1753 920 1808 949 fita.
1848 921 1958 950 Theod.
1977 923 2003 951 Sc
2019 921 2114 951 Valeri.
2128 923 2179 951 ΛΑ.
2201 930 2290 952 metro
2314 923 2418 954 olitano
2436 927 2553 957 nomine

1432 965 1465 984 ac
1477 956 1612 993 dignitate
1623 956 1754 994 Berytum
1774 966 1949 988 exornarunt.
1974 958 1992 988 l.
2016 960 2090 988 unic.
2104 960 2139 989 de
2149 966 2267 999 metrop.
2306 969 2374 999 eryt.
2391 962 2439 992 lib.
2452 972 2497 992 xi.
2517 964 2549 995 C.

1432 993 1554 1022 Vocatur
1562 994 1595 1023 ab
1608 994 1728 1032 Ulpiano
1738 995 1850 1025 colonia
1861 997 2022 1034 Berytensis⁷
2040 999 2067 1026 in
2080 996 2098 1027 l.
2117 1008 2140 1027 1.
2153 998 2187 1027 D.
2198 998 2233 1028 de
2248 999 2348 1029 censib-
2364 1001 2390 1030 δι
2401 1001 2552 1038 Augustana

1433 1030 1568 1066 Colonia,
1592 1032 1669 1069 quod
1680 1033 1810 1070 Augustus
1818 1035 1912 1064 multis
1924 1034 2066 1064 beneficiis
2086 1045 2149 1065 eam
2167 1037 2314 1066 ornaverit.
2345 1037 2378 1066 V.
2399 1038 2501 1076 Spanh.
2515 1039 2552 1071 de

1433 1068 1487 1098 Usu
1499 1071 1524 1098 ὃ(
1535 1069 1738 1114 Praest3numm.
1751 1072 1810 1101 diss.
1824 1083 1848 1108 9.
1864 1083 1892 1111 p.
1910 1081 1971 1109 594.
1982 1072 2019 1110 sq.
2032 1073 2124 1103 Barth.
2138 1074 2173 1103 ad
2181 1074 2296 1104 Zachar.
2306 1075 2436 1114 Mitylen.
2449 1086 2547 1115 p.244.
2586 1075 2590 1084 ”

1393 1137 1397 1139 Δ
1432 1107 1469 1144 sq.
1483 1108 1509 1136 St
1519 1107 1584 1137 Lex.
1599 1108 1686 1137 Pitisc.
1727 1109 1801 1139 Hinc

1393 1143 1415 1174 Β
1426 1155 1439 1173 E
1448 1155 1463 1174 R
1472 1155 1489 1174 Y
1498 1155 1535 1174 ‘ri
1543 1156 1561 1175 u
1570 1156 1592 1181 s,
1603 1156 1627 1182 a,
1639 1156 1695 1176 um.
1710 1147 1859 1184 ut,Vinum
1865 1146 2229 1187 Berytium.Pliii.14.7.Uva
2235 1150 2354 1188 Berytia.
2364 1151 2444 1181 Idem
2454 1162 2546 1192 15³7*

1841 1212 1864 1245 B
1968 1213 1995 1247 E
2084 1213 2105 1247 S

1393 1251 1458 1288 i‘ssrs
1469 1278 1476 1291 ‚
1497 1257 1553 1287 five
1568 1257 1693 1288 Bessis
1704 1281 1711 1294 ,
1732 1260 1765 1288 is.
1786 1268 1823 1288 m.
1847 1258 2001 1295 [AEpelgmv]
2023 1259 2117 1290 Unciae
2130 1263 2211 1291 octo:
2233 1261 2267 1291 ab
2278 1261 2346 1292 Asse.
2368 1262 2479 1298 Festus,
2498 1263 2550 1296 Bes

1429 1295 1584 1332 appellatus
1595 1297 1644 1332 est,
1664 1297 1739 1335 quod
1749 1297 1790 1327 bis
1799 1298 1884 1327 triens
1897 1298 1944 1327 sit:
1967 1299 2092 1336 quamvis
2104 1299 2172 1329 dura
2185 1300 2351 1337 compositio
2365 1301 2413 1330 fiat
2427 1301 2505 1331 beffis
2514 1308 2550 1334 ex
2584 1294 2588 1329 ,²

1430 1334 1541 1376 triente.
1578 1334 1680 1370 Bellis,
1701 1336 1790 1365 unciae
1808 1337 1887 1365 oe'ro:
1919 1337 2022 1370 triens,
2044 1343 2168 1373 quatuor.
2202 1337 2345 1368 Haerenus
2360 1339 2461 1369 Festus.
2500 1340 2549 1370 Po.»
2584 1348 2586 1381 [

1430 1376 1486 1400 tius
1496 1393 1504 1406 ,
1526 1372 1597 1409 quasi
1608 1373 1652 1402 Bis
1663 1372 1723 1403 assis
1733 1395 1741 1408 ,
1763 1374 1789 1402 id
1800 1373 1838 1402 est
1853 1374 1914 1403 duae
1923 1383 1958 1402 ex
1973 1373 2032 1403 assis
2042 1374 2176 1412 partibus.
2209 1376 2267 1405 Cic.
2282 1386 2303 1405 1.
2314 1377 2368 1406 Att.
2382 1387 2425 1414 14.
2446 1377 2551 1410 Foenus
2582 1395 2586 1413 ,ι

1430 1418 1466 1452 ex
1478 1410 1580 1439 triente
1590 1410 1632 1440 Id.
1648 1411 1747 1448 Quint.
1761 1412 1864 1441 facium
1883 1420 1941 1441 erat
1959 1411 2087 1441 bessibus.
2119 1412 2188 1442 Plin.
2201 1413 2250 1443 lib.
2263 1419 2303 1448 ¹8-
2319 1424 2380 1452 cap.
2397 1425 2438 1445 11.
2462 1415 2550 1447 Graeci
2582 1424 2585 1440 ῖ

1428 1455 1461 1477 m
1473 1446 1563 1490 ‘binos
1581 1447 1721 1478 semodios
1737 1450 1829 1478 farinae
1840 1471 1848 1484 ,
1869 1448 1930 1478 satis
1941 1449 1995 1479 esse
2009 1449 2095 1480 besses
2109 1450 2239 1480 fermenti
2254 1452 2427 1482 constituere.
2467 1453 2556 1485 Unde*
2582 1452 2585 1464 ³

1430 1495 1533 1522 opinor
1545 1486 1665 1516 Venetos
1674 1487 1782 1517 traxisse
1791 1497 1896 1516 nomen
1905 1487 1958 1517 suae
1967 1496 2088 1517 monetae
2100 1510 2108 1524 ‚
2131 1498 2214 1527 quam
2228 1497 2330 1519 vocarit
2344 1492 2384 1520 Uh
2391 1492 2459 1521 bezo.
2485 1492 2549 1528 [Nia
2565 1520 2567 1523 .

1430 1523 1449 1551 fi
1461 1525 1555 1560 potius
1566 1534 1581 1553 a
1591 1525 1684 1554 Germ.
1701 1531 1793 1555 Bazen.
2582 1525 2584 1545 ³

1430 1560 1481 1590 Bes
1491 1562 1520 1590 in
1534 1562 1705 1592 dimensione
1721 1573 1847 1600 agrorum
1869 1563 1988 1601 pariter,
2012 1564 2080 1594 teste
2097 1564 2236 1596 Columel.
2255 1565 2304 1596 lib.
2316 1576 2340 1602 ς.
2353 1575 2415 1605 cap.
2428 1576 2452 1596 12
2475 1566 2548 1599 Οᾶῠ
2582 1564 2583 1569 ’

1431 1634 1433 1636 .
1451 1607 1542 1636 partes
1550 1601 1639 1637 jugeri
1652 1623 1659 1635 ,
1681 1602 1709 1630 in
1723 1602 1874 1630 duodecim
1884 1608 1974 1639 partes
1983 1602 2100 1639 aequales
2110 1603 2197 1634 divisi.
2580 1605 2583 1609 “

1429 1637 1481 1667 Bes
1492 1660 1499 1673 ,
1522 1638 1597 1667 Oc”to
1607 1639 1771 1676 cyathorum
1783 1639 1917 1669 mensura.
1941 1639 2058 1670 Martialv
2078 1640 2126 1669 lib.
2143 1651 2184 1670 11.
2197 1650 2240 1679 37.

1510 1676 1692 1713 Quincunces
1707 1679 1733 1707 ὁὶ
1744 1677 1789 1706 sex
1800 1678 1914 1715 cyathos
1923 1677 2081 1716 bessemque
2091 1679 2219 1709 bibamus
2227 1702 2236 1714 ,

1547 1714 1628 1743 Caius
1638 1723 1669 1744 ut
1679 1715 1724 1745 fiat
1733 1715 1821 1750 Julius
1830 1716 1856 1744 ἃ
1868 1715 2008 1745 Proculus.
2094 1717 2120 1746 V.
2145 1717 2249 1747 Sextar.
2260 1717 2378 1748 Roman.
2390 1718 2419 1747 in
2434 1728 2446 1748 s
2455 1728 2469 1748 ii
2479 1727 2507 1749 x.

1427 1749 1517 1781 Besses
1526 1752 1610 1781 usurae
1621 1775 1629 1787 ,
1649 1753 1855 1789 jurisconsultis
1866 1753 1997 1784 dicuntur
2008 1776 2016 1788 ,
2037 1753 2133 1790 Quum
2141 1756 2263 1793 acceptis
2275 1764 2390 1786 centum
2401 1779 2409 1792 ,
2431 1757 2491 1794 post
2500 1766 2546 1791 an*

1445 1792 1587 1820 'numotsio
1601 1792 1774 1828 praestantur:
1798 1791 2223 1831 autmenstruidenariisinguli,
2243 1793 2260 1822 si
2272 1794 2326 1823 sors
2344 1804 2397 1830 150
2416 1794 2455 1824 sit.
2483 1794 2548 1824 Bes-

1445 1827 1514 1857 fium
1527 1828 1668 1858 usurarum
1677 1830 1781 1858 mentio
1791 1829 1821 1858 fit
1837 1830 1866 1866 in
1884 1829 1901 1858 l.
1924 1829 1978 1858 Eos
1989 1831 2036 1867 qui
2053 1840 2103 1868 per
2117 1832 2324 1869 exceptionem.
2347 1833 2368 1869 §.
2390 1833 2470 1870 super
2483 1833 2547 1863 usus
2572 1835 2579 1867 ,J

1445 1876 1546 1896 rarum.
1569 1866 1598 1896 C.
1614 1867 1753 1896 deusuris.
1786 1867 1815 1896 V.
1840 1866 1948 1896 Salmas.
1962 1868 1998 1896 de
2012 1868 2090 1897 Mod.
2102 1868 2177 1898 Usur.
2187 1879 2247 1908 cap.
2261 1875 2285 1899 6.
2304 1869 2425 1900 Gronov.
2444 1871 2480 1900 de
2498 1880 2545 1909 pe·
2576 1871 2578 1886 ³

1391 1938 1394 1939 .
1446 1913 1510 1933 cun.
1534 1904 1594 1934 Ver.
1609 1913 1632 1940 3.
1648 1915 1690 1940 13.
1712 1904 1828 1935 Eudae
1840 1904 1915 1940 Asse,
1939 1916 1967 1943 p.
1985 1909 2025 1935 16.
2040 1908 2066 1936 ἃ
2079 1911 2139 1939 <60-
2163 1908 2239 1937 cons.
2250 1908 2333 1937 etiam
2350 1907 2414 1937 Lex.
2429 1908 2518 1938 Pitisc.
2534 1911 2539 1918 “

1388 1940 1495 1972 Bessa
1506 1952 1562 1972 Lis
1573 1965 1580 1977 ,
1603 1953 1626 1972 e.
1651 1943 1711 1979 Adj.
1736 1942 1938 1979 [ὣμειξιοᾶὢι]
1960 1949 2009 1979 ut,
2030 1944 2146 1974 Bessales
2167 1945 2303 1975 laterculi.
2334 1945 2439 1976 Vitruv.
2451 1945 2500 1976 lib.
2515 1957 2539 1983 ς.
2575 1964 2577 1973 ι

1426 1990 1486 2018 cap.
1506 1990 1548 2009 10.
1579 1980 2026 2019 Supraquelaterculishefl'alibiis
2039 1982 2103 2020 pilae
2114 1983 2269 2019 struantur,
2288 1984 2328 2013 ita
2338 1984 2492 2022 dispositae,
2512 1988 2543 2014 ut
2573 1991 2578 2018 J

1427 2017 1572 2056 bipedales
1589 2019 1689 2056 tegula:
1699 2018 1801 2057 possint
1812 2019 1892 2057 supra
1902 2019 1955 2048 esse
1964 2019 2116 2050 collocatae.
2142 2021 2219 2051 Idem
2230 2021 2279 2051 lib.
2291 2032 2316 2058 7.
2327 2031 2388 2060 cap.
2404 2033 2430 2058 4.
2456 2022 2543 2052 Bessaa

1423 2055 1463 2085 les
1479 2056 1552 2085 dixit
1566 2055 1731 2092 laterculos,
1753 2057 1810 2093 Qui
1828 2058 1893 2086 octo
1912 2057 2047 2094 pollicum
2069 2058 2275 2096 longitudinem
2290 2059 2405 2090 haberit.
2427 2059 2544 2091 Budaeus

1423 2093 1471 2123 lib.
1489 2104 1510 2123 i.
1532 2095 1567 2123 de
1585 2095 1651 2124 iisse.
1674 2095 1790 2124 Comula
1809 2094 1926 2124 beffalis.
1949 2095 2056 2125 Petron.
2075 2106 2135 2134 cap.
2151 2103 2193 2132 58.
2235 2097 2266 2127 V.
2294 2097 2388 2128 Heins.
2408 2099 2434 2128 ἃ
2447 2098 2540 2128 Burm

1423 2132 1538 2161 Scutula
1550 2132 1665 2162 besliilis.
1689 2132 1809 2163 Martial.
1820 2139 1845 2167 8.
1860 2143 1904 2169 71.
1927 2133 2001 2162 conf.
2016 2133 2080 2163 Lex.
2091 2135 2180 2164 Pitisc.
2568 2146 2570 2152 ’

1384 2168 1405 2198 Β
1415 2179 1448 2199 Rs
1457 2179 1476 2198 A
1488 2192 1495 2205 ‚
1519 2170 1636 2208 simplici
1656 2181 1668 2200 s
1679 2193 1686 2205 ,
1706 2173 1724 2207 [
1733 2172 1817 2206 snm]
1839 2170 1912 2200 Fons
1922 2171 1961 2200 est
1968 2171 2115 2202 Thessaliae
2124 2195 2131 2208 ‚
2152 2174 2226 2202 inter
2236 2172 2329 2203 Ossam
2339 2174 2365 2203 ἃ
2376 2173 2541 2212 Olympum,
2566 2195 2567 2198 =

1420 2208 1499 2243 juxta
1515 2208 1658 2245 Cycesium
1667 2210 1822 2248 oppidum,
1844 2208 1879 2237 de
1890 2219 1945 2246 quo
1957 2209 2055 2239 Strabo
2066 2210 2113 2240 lib.
2127 2216 2154 2245 8.
2566 2219 2567 2246 ἦ

1422 2245 1466 2275 Est
1478 2248 1504 2276 δι
1514 2246 1694 2279 Besa‚Tribus
1705 2257 1808 2276 nomen
1820 2247 1848 2275 in
1859 2257 1923 2284 agro
1936 2248 2118 2284 AttiCO,cuius
2129 2249 2258 2278 meminit
2269 2249 2344 2278 idem
2354 2248 2537 2285 Strabolib.9.
2565 2251 2567 2275 l

1383 2283 1404 2312 B
1414 2293 1426 2312 ε
1435 2293 1500 2351 819ϊῇ
1510 2294 1550 2351 01,-
1556 2285 1706 2351 bHispani-ae.
1717 2285 1824 2315 Baeticae
1838 2286 1935 2315 civitas
1953 2286 1991 2315 est
2000 2308 2008 2322 ‚
2032 2287 2160 2324 interque
2176 2284 2367 2326 stipendiarias
2378 2294 2540 2319 numeratur
2558 2279 2576 2355 ἰ

1421 2331 1733 2353 ain.i..ca.i.
2519 2330 2565 2351 *i

1381 2358 1403 2388 Β
1411 2369 1425 2388 a
1435 2369 1446 2389 s
1455 2370 1469 2388 s
1481 2371 1489 2388 i
1501 2370 1518 2388 c
1528 2370 1546 2389 u
1555 2370 1567 2389 s
1578 2383 1586 2395 ,
1596 2331 1626 2397 3[
1634 2334 1760 2392 Bipssm&
1769 2358 1937 2398 Stephano]
1958 2360 2047 2391 Insula
2058 2362 2096 2391 est
2108 2362 2207 2400 exigua
2220 2363 2400 2400 Propontidis
2411 2385 2419 2396 ,
2439 2373 2538 2394 xum.
2564 2355 2574 2396 i

1421 2397 1547 2435 passuum
1560 2399 1688 2433 circuitu,
1707 2400 1845 2436 eregione
1859 2399 1919 2428 ostii
1930 2399 2171 2436 Rhyndacifluvii,
2196 2400 2225 2430 V.
2247 2401 2317 2430 Plin.
2328 2401 2375 2430 lib.
2388 2405 2413 2430 6.
2425 2410 2456 2430 ca
2478 2400 2536 2431 .ult.
2562 2397 2571 2431 l

1380 2434 1401 2464 Β
1410 2445 1423 2464 F
1432 2445 1444 2464 s
1453 2445 1464 2465 s
1475 2446 1494 2464 A
1502 2458 1510 2471 ,
1532 2437 1673 2473 geminato
1693 2447 1704 2466 s
1715 2459 1722 2471 ,
1748 2438 1845 2472 [ssim-oc
1853 2437 2019 2474 Stephano]
2041 2438 2163 2476 Campus
2174 2438 2212 2467 est
2231 2438 2357 2468 Locridis
2367 2462 2374 2474 ‚
2397 2439 2451 2468 den
2464 2437 2491 2468 is*
2500 2448 2540 2468 ar·
2602 2439 2604 2466 1

1419 2473 1501 2503 bustis
1509 2474 1624 2504 refertus
1637 2497 1645 2510 ,
1669 2475 1744 2505 uncle
1755 2476 1780 2505 δι
1794 2484 1898 2504 nornen
1913 2476 2030 2513 accepit.
2052 2477 2139 2510 βῆοπᾳ
2157 2476 2234 2506 enim
2246 2476 2327 2507 saltus
2346 2487 2362 2507 a
2379 2476 2480 2507 Graecis
2491 2485 2538 2507 no-
2601 2478 2604 2507 ζ

1418 2512 1568 2542 minantur.
1612 2513 1641 2542 V.
1661 2513 1749 2546 Str-ab.
1764 2513 1813 2542 lib.
1829 2522 1855 2547 9.
2560 2515 2562 2520 ⁸
2601 2510 2604 2544 ἶ

1419 2549 1463 2578 Est
1473 2551 1499 2579 St
1510 2549 1585 2579 Bessa
1596 2572 1603 2584 ,
1625 2552 1752 2587 ejusdem
1762 2550 1883 2587 regionis
1897 2550 2059 2588 Oppidum,
2081 2551 2158 2589 apud
2169 2551 2265 2589 Steph.
2560 2572 2561 2576 .
2600 2553 2604 2581 ’.

1378 2585 1399 2615 Β
1411 2597 1423 2615 s
1434 2597 1445 2616 s
1455 2597 1466 2616 s
1478 2598 1495 2616 A
1505 2598 1520 2616 R
1530 2598 1549 2617 A
1561 2610 1569 2623 ,
1591 2589 1742 2624 [siwaqq]
1764 2589 1867 2618 Civitas
1881 2589 1919 2618 est
1928 2589 2036 2627 Assyriae
2047 2590 2121 2627 apud
2133 2590 2247 2620 Ptolem.
2263 2588 2313 2618 lib.
2326 2592 2352 2619 6.
2369 2599 2430 2628 cap.
2444 2599 2469 2620 1.
2600 2589 2604 2620 ἶ

1378 2624 1399 2653 Β
1409 2635 1422 2654 r
1431 2635 1442 2653 s
1453 2634 1465 2654 s
1474 2636 1484 2654 1
1494 2648 1502 2661 ,
1525 2625 1645 2662 [st'wm]
1667 2626 1765 2664 Populi
1778 2626 1838 2656 sunt
1847 2625 1974 2656 Thraciae
1984 2627 2018 2656 ad
2028 2627 2216 2664 Strymonem,
2233 2637 2334 2665 magna
2348 2637 2382 2656 ex
2393 2634 2470 2665 parte
2478 2627 2536 2658 Hae.
2603 2626 2604 2634 ¹

1416 2673 1493 2692 mum
1506 2663 1663 2693 incolentes
1679 2671 1804 2694 montem
1813 2686 1820 2699 ,
1843 2664 1995 2694 latrociniis
2016 2665 2123 2694 nobiles
2132 2687 2140 2700 ‚
2161 2673 2192 2695 ut
2208 2666 2247 2695 ait
2259 2665 2358 2695 Strabo
2372 2665 2418 2695 lib.
2430 2676 2456 2703 7.
2478 2665 2534 2696 Cic.
2558 2682 2559 2691 i

1415 2701 1445 2730 in
1458 2701 1552 2769 Pisorlil3
1563 2708 1607 2738 84.
1629 2702 1696 2732 Tibi
1707 2712 1806 2740 magna
1819 2702 1943 2740 praesidia
1954 2704 1980 2732 ὁὶ
1994 2703 2095 2733 auxilia
2111 2713 2126 2732 a
2140 2702 2241 2740 Beffis,
2260 2703 2389 2741 peditum
2402 2704 2536 2742 equitum·
2558 2721 2559 2726 =
2597 2702 2604 2721 s'

1417 2748 1472 2774 que
1483 2750 1519 2777 po
1546 2747 1673 2769 iceretur.

1419 2776 1491 2807 Bessi
1501 2778 1645 2808 immanes.
1668 2778 1791 2807 Valer.2.
1809 2779 1911 2816 Argon.
1923 2786 1986 2812 231.

1415 2813 1508 2844 Befl'us
1518 2815 1634 2853 pallens.
1657 2816 1844 2846 Claiid.Cons.
1860 2815 1925 2846 Mal.
1938 2816 2102 2852 Theod.4r.
2486 2849 2488 2852 ,
2556 2822 2557 2828 ’

1414 2852 1457 2882 De
1468 2853 1744 2888 feritateBell'orum,
1765 2854 1840 2883 cons.
1860 2854 1943 2884 Ovid.
1958 2863 1982 2889 3.
1994 2854 2074 2883 Trist.
2086 2864 2128 2883 10.
2143 2860 2169 2889 ’ς-
2182 2854 2208 2884 &
2225 2864 2251 2890 4.
2267 2864 2290 2884 r.
2306 2857 2352 2892 67.
2373 2854 2415 2884 De
2430 2853 2534 2884 callidi³
2554 2876 2555 2880 ,
2596 2858 2603 2889 ,“

1435 2898 1492 2921 tate
1503 2901 1600 2920 eorum
1612 2893 1641 2920 in
1652 2892 1767 2929 agendis
1779 2892 1916 2921 cuniculis
1926 2892 2020 2928 Veget.
2037 2892 2070 2921 R.
2082 2891 2143 2922 Mil.
2155 2901 2180 2921 2.
2197 2902 2208 2921 ι
2218 2902 2240 2921 1.
2253 2894 2279 2922 ἃ
2289 2904 2314 2927 4.
2328 2903 2372 2928 24.
2554 2914 2555 2918 .
2593 2919 2601 2928 .,

1378 2927 1399 2958 Β
1410 2938 1461 2958 ess
1471 2931 1482 2957 ῑ
1493 2939 1509 2958 c
1521 2939 1574 2964 us,
1594 2927 1753 2965 [stoi-iub]
1766 2931 1825 2965 Adj.
1848 2937 1893 2965 ut,
1914 2929 2018 2959 Bellica
2026 2939 2101 2967 gens.
2123 2930 2181 2959 Cic.
2191 2931 2220 2959 in
2232 2930 2318 2959 Pison.
2334 2936 2379 2965 84.
2401 2929 2532 2967 Idemque
2553 2954 2554 2964 2
2598 2933 2600 2939 ⁴

1414 2973 1444 2996 tu
1454 2967 1646 2996 Rabocentum
1656 2967 1764 2997 Belsicae
1777 2968 1867 3005 gentis
1877 2969 2034 3006 principem
2045 2990 2054 3004 ,
2076 2978 2161 3006 quum
2173 2975 2200 2997 te
2210 2969 2342 2998 trecentis
2351 2967 2461 2997 talentis
2476 2961 2531 3006 regi
2553 2971 2554 2977 ¹
2598 2972 2604 2979 “

1415 3004 1500 3044 Οιῃτο
1511 3005 1680 3035 vendidisses
1690 3028 1697 3041 ,
1715 3006 1802 3035 securi
1813 3005 1971 3043 percussisti.
2598 3035 2604 3044 ,-

1377 3042 1459 3072 Bizss
1469 3054 1478 3072 1
1491 3052 1569 3078 ppo,
1591 3041 1736 3079 [sensiam
1751 3044 1920 3078 Ptolemaeo]
1941 3043 2080 3081 Hispaniae
2097 3040 2204 3073 Baeticae
2217 3045 2313 3081 portus
2328 3043 2366 3073 est
2377 3065 2384 3078 ‚
2405 3044 2432 3074 &
2454 3041 2531 3081 oppia
2552 3051 2554 3080 ξ

1414 3080 1481 3147 {itum
1496 3103 1503 3116 ,
1514 3091 1587 3148 Gnori
1599 3081 1696 3147 prlogul
1709 3081 1858 3111 aMellaria
1870 3081 1955 3116 urbe,
1976 3081 2063 3119 patria
2082 3080 2230 3119 Pomponii
2247 3081 2330 3111 Melae
2341 3103 2349 3117 ‚
2370 3087 2402 3111 ut
2416 3080 2473 3119 ipse
2493 3087 2531 3109 te·
2600 3084 2603 3092 ¹

1439 3127 1500 3148 atur
1540 3129 1573 3148 eo
1595 3129 1614 3148 r.
1638 3130 1645 3147 i
1669 3128 1710 3148 .2.
2550 3143 2551 3147 ,

1375 3155 1396 3185 Β
1408 3166 1421 3185 iz
1430 3167 1442 3186 s
1451 3167 1462 3186 s
1473 3158 1490 3186 ἰ*
1502 3167 1520 3185 c.
1530 3167 1548 3185 A
1558 3179 1566 3190 ,
1576 3129 1601 3193 g[
1609 3158 1713 3192 sn'myx
1725 3179 1733 3190 ,
1747 3153 1805 3191 πὶ]
1826 3155 1988 3194 Emporium
2000 3156 2029 3185 in
2043 3156 2124 3186 India
2133 3178 2141 3191 ,
2162 3155 2213 3185 ubi
2231 3157 2257 3186 δι
2274 3156 2364 3186 amnis
2385 3155 2531 3194 Beffygast
2550 3150 2551 3153 ¹

1413 3195 1489 3224 unde
1498 3194 1640 3232 Bess'ygitae
1650 3217 1658 3229 ,
1679 3194 1777 3232 populi
1787 3195 1832 3232 qui
1844 3194 1965 3223 humana
1974 3204 2055 3224 carne
2067 3194 2220 3223 vescuntur.
2241 3194 2338 3232 Steph.

1374 3233 1517 3264 Bss'riA
1530 3255 1537 3267 ,
1559 3243 1590 3261 ae.
1613 3233 1631 3261 f.
1651 3231 1781 3268 [Jnejov]
1811 3232 2028 3266 Crudelitatem,
2051 3232 2116 3268 [vel
2141 3232 2233 3269 potius
2250 3231 2424 3267 Feritatem]
2444 3228 2531 3269 expri-

1412 3271 1472 3299 mit.
1492 3269 1578 3299 Belua
1590 3293 1597 3304 ,
1618 3270 1859 3306 Magnitudinem.
1881 3272 1906 3299 ἃ
1918 3270 1989 3307 quasi
2002 3269 2242 3299 monstrositatem.

1411 3307 1511 3337 Bestias
1523 3309 1648 3346 accipere
1661 3308 1794 3337 debemus
1813 3317 1848 3336 ex
1861 3307 1971 3337 feritate
1988 3309 2075 3344 magis
2086 3327 2094 3342 ,
2116 3317 2200 3344 quam
2219 3316 2255 3336 ex
2276 3307 2403 3336 animalis
2419 3313 2526 3344 genere.

1430 3346 1492 3382 Ulp.
1507 3347 1535 3374 in
1549 3346 1566 3374 l.
1582 3357 1603 3374 1.
1621 3347 1642 3383 ᾗ.
1666 3346 1770 3375 bestias.
1795 3345 1827 3374 D.
1843 3345 1877 3373 de
1892 3345 2067 3382 postulando.
2548 3370 2549 3374 ,

1409 3383 1503 3413 Beiriae
1517 3406 1525 3417 ,
1547 3392 1561 3413 a
1572 3383 1708 3413 Cicerone
1717 3384 1801 3413 etiam
1813 3382 1899 3412 Pisces
1909 3384 1934 3412 8:
1946 3382 2077 3412 Volucres
2086 3382 2218 3412 dicuntur
2227 3404 2234 3417 ‚
2249 3393 2273 3417 ς.
2285 3381 2367 3412 Tuse.
2380 3387 2423 3417 38.
2444 3381 2526 3411 Nam-⁴
2546 3407 2548 3422 r

1385 3445 1387 3447 .
1428 3431 1482 3457 que
1490 3422 1556 3451 alias
1568 3421 1665 3451 bestias
1677 3428 1774 3450 nantes
1783 3430 1915 3457 aquarum
1925 3420 2030 3450 incolas
2041 3421 2094 3449 esse
2105 3420 2212 3450 voluit:
2239 3420 2306 3450 alias
2323 3420 2449 3449 volucres
2459 3416 2524 3448 caelo
2546 3423 2548 3441 ¹

1427 3460 1479 3488 frui
1490 3459 1595 3488 libero:
1621 3459 1762 3497 serpentes
1772 3458 1904 3495 quasdam
1915 3458 1969 3487 elle
1980 3458 2145 3495 gradientes.
2556 3479 2558 3482 -

1406 3495 1481 3526 Inter
1499 3497 1585 3527 sidera
1606 3497 1796 3531 simulacrum,
1816 3495 1891 3532 quod
1908 3495 2025 3525 Bestiam
2048 3496 2180 3525 astrorum
2200 3495 2283 3533 periti
2303 3494 2521 3524 nominaverunt·
2554 3515 2561 3523 „
2585 3499 2604 3532 ξ’

1429 3535 1534 3564 Vitruv.
1569 3558 1574 3564 .
1608 3557 1614 3564 .
2558 3542 2565 3553 ·“

1405 3571 1482 3602 Mala
1494 3546 1577 3602 bestia
1586 3544 1634 3610 ger
1645 3571 1805 3601 convicium
1816 3569 1969 3608 usurpatur.
2004 3570 2080 3600 Mala
2091 3577 2120 3600 tu
2135 3581 2164 3600 es
2176 3569 2270 3599 bestia.
2290 3569 2377 3600 Plaut.
2389 3568 2486 3600 Bacch·
2498 3574 2520 3596 ¹·
2541 3549 2548 3599 l
2562 3596 2563 3599 ,
2588 3565 2598 3582 ¹¹

1427 3620 1504 3639 1.21.
1527 3610 1606 3639 ldem
1624 3610 1700 3639 Poen.
1716 3621 1737 3645 5.
1753 3620 1776 3645 ς.
1793 3619 1834 3643 ¹4·
2540 3603 2548 3656 ll
2585 3600 2604 3652 ’ζ

1402 3645 1511 3677 Incerta
1521 3648 1611 3677 bestia.
1654 3648 1685 3676 V.
1714 3658 1723 3675 1
1735 3657 1755 3676 N
1763 3657 1780 3675 c
1790 3656 1804 3674 iz
1814 3656 1828 3674 R
1839 3655 1858 3674 T
1866 3655 1884 3674 υ
1895 3654 1915 3674 s.
2540 3659 2560 3679 η,
2585 3648 2601 3673 Τ(

1404 3685 1556 3715 Mansuetoe
1570 3685 1670 3715 bestiae.
1707 3682 1740 3714 In
1763 3688 2000 3713 mANsUETUS.
2068 3717 2077 3726 Ψ
2539 3674 2554 3739 ’γ’
2584 3677 2603 3723 J‘fi

1424 3724 1456 3752 At
1466 3733 1523 3752 non
1532 3724 1635 3753 dicitur
1646 3721 1790 3752 Mansiieta
1799 3720 1899 3749 bellua.
1925 3719 1960 3750 H.
1975 3721 2013 3750 St.
2053 3718 2085 3748 V.
2103 3730 2119 3748 Β
2127 3729 2141 3748 s
2150 3731 2191 3749 ιι
2200 3729 2219 3749 ts
2230 3729 2259 3750 A.
2542 3742 2545 3760 ἔ
2583 3722 2603 3743 '⁴³15

1402 3759 1490 3789 Mutae
1500 3762 1590 3790 bestiae
1601 3770 1673 3798 pene
1683 3759 1845 3797 loquuntur,
1858 3759 1985 3795 magistra
1998 3767 2030 3788 ae
2039 3757 2110 3786 duce
2121 3764 2227 3788 natura.
2243 3757 2304 3788 Cic.
2319 3765 2342 3787 1.
2359 3756 2394 3786 de
2404 3755 2461 3786 Fin.
2471 3760 2513 3791 71.
2542 3757 2554 3797 f
2585 3760 2598 3799 γ’

1401 3796 1510 3827 Laniari
1528 3809 1543 3828 a
1563 3798 1665 3832 bestiti,
1687 3800 1713 3828 ἃ
1733 3795 1876 3826 Venabulo
1891 3796 2004 3825 bestiam
2024 3796 2253 3826 transverberare.
2294 3795 2353 3825 Cic.
2364 3805 2390 3831 7.
2404 3794 2473 3823 Fam.
2490 3800 2514 3820 1»
2584 3795 2603 3818 ‘it

1419 3836 1474 3864 Sed
1484 3846 1543 3873 qiiae
1554 3837 1643 3874 potest
1652 3836 1759 3865 homini
1776 3833 1830 3862 esse
1843 3833 1933 3871 polito
1945 3833 2097 3863 delestatio
2107 3854 2115 3869 ,
2136 3843 2221 3870 quum
2235 3839 2282 3863 aut
2294 3833 2381 3863 homo
2397 3827 2516 3860 imbecil-
2541 3836 2543 3864 ]

1417 3872 1460 3939 {aus
1472 3883 1486 3901 a
1498 3873 1680 3904 valentissima
1689 3871 1916 3907 bestialaniiitur‚
1938 3878 1985 3901 aut
1993 3870 2123 3909 praeclara
2140 3871 2224 3901 bestia
2233 3869 2371 3901 venabulo
2387 3874 2516 3899 transver-
2536 3879 2542 3914 ’,ὲ
2556 3874 2560 3884 “
2581 3903 2589 3912 .

1438 3916 1527 3941 eratur
1538 3913 1551 3937 ἵ)
2473 3925 2513 3971 Ad
2536 3916 2541 3975 r*
2587 3913 2590 3916 ’

2540 3966 2541 3971 .
2594 3962 2597 3975 i
