2604 4222
171 115 242 149 430
662 99 691 133 C
790 100 818 133 A
918 98 941 131 Ρ

217 184 244 213 &
259 184 383 220 capparis
393 183 520 212 firmioris
528 182 597 219 ligni
613 181 704 210 frutex
715 201 721 212 .
742 177 903 214 seminisque
921 178 946 206 a&
958 176 1013 218 cibi
1029 174 1148 211 vulgati,
1170 174 1249 217 caule
1269 183 1338 210 quo-

222 230 276 258 que
290 231 344 249 una
354 221 517 259 plerumque
531 221 673 256 decerpto.
710 216 845 245 Columel.
862 215 907 243 lib.
929 224 938 242 1
949 224 969 241 i.
986 223 1013 241 in
1030 212 1084 255 fine
1097 234 1105 245 ,
1127 213 1259 255 Cappa-ris
1275 211 1337 254 plu-

220 259 298 287 rimis
312 259 461 296 provi'nciis
478 259 522 287 sua
530 257 627 294 sponte
641 254 786 283 novalibus
799 252 924 281 nascitur.
946 250 992 279 sed
1009 250 1106 286 quibus
1118 248 1186 277 locis
1207 259 1266 284 ejus
1278 259 1336 277 ino-

218 296 266 333 pia
281 296 318 325 est
331 318 339 330 ,
360 296 376 324 si
391 296 502 324 serenda
515 295 614 328 fuerit,
635 293 736 321 siccum
755 290 848 318 locum
869 287 1041 317 desiderabit.
1076 286 1196 316 Martial.
1211 295 1236 323 3.
1250 296 1293 323 77.
1310 297 1334 322 5.

315 333 371 371 Cap
394 334 452 362 :irin
466 355 473 367 ,
495 335 520 362 ἃ
533 332 606 369 putri
621 339 703 367 cepas
714 329 791 357 alece
801 334 942 360 natantes,

367 344 400 401 ist
412 371 525 408 pulpam
535 369 621 398 dubio
633 368 667 395 de
678 365 809 404 petasone
827 373 912 393 voras.
1249 399 1254 404 .

182 407 255 437 CAP
266 418 308 438 ΡΑ
319 418 351 444 R,
374 410 434 438 aris.
457 408 543 437 ldem.
566 405 665 435 Pallad.
678 405 731 432 oc'i.
745 410 765 431 t.
777 412 819 431 11.
860 401 922 430 Hoc
936 399 1030 428 mense
1041 405 1134 428 menta
1151 399 1178 428 i&
1188 398 1336 436 pastinaca,

231 447 358 483 thymum
368 448 393 475 ἃ
405 446 549 482 origanum
561 445 585 473 ἂ
598 451 708 479 cappar.

181 482 208 513 ὓ
223 493 313 512 ΑΡΡΑ
323 494 338 512 R
348 494 366 513 A
376 505 385 518 ,
409 493 439 512 ac.
462 483 480 511 f.
503 481 605 511 Eadem
615 489 674 516 quae
687 476 834 506 Portulaca.
855 474 937 513 Apul.
949 475 983 504 de
994 474 1079 504 Herb.
1095 484 1154 512 cap.
1171 482 1233 510 103.

183 524 310 553 CAPRA
326 543 335 554 ,
357 521 551 550 CAPRAaiA
566 539 573 552 ,
596 517 794 545 CAPRASIA
816 512 864 542 ins.
903 512 934 541 V.
958 522 1086 541 eAPssR.

185 560 208 590 C
217 570 237 588 A
246 569 259 587 Ρ
268 569 281 587 a
294 568 312 587 A
321 568 332 587 s
342 569 350 586 1
362 568 379 586 A
392 579 397 587 .
422 557 514 586 Unum
525 555 562 584 est
571 564 606 583 ex
615 553 689 582 ostiis
700 551 865 586 Padifluvii,
887 550 963 588 apud
984 550 1052 579 Plin.
1069 550 1116 579 lib.
1128 559 1152 586 3.
1162 559 1221 587 cap.
1237 555 1280 583 18.

184 598 258 664 CAAii
267 606 283 661 ii
291 605 307 661 ξ
314 606 354 667 2,
375 595 680 664 gargqitgaffziwmsus]
702 626 798 656 Insulte
814 626 948 663 proximae
959 624 1097 662 Neapoli,
1119 624 1223 654 Tiberii
1236 624 1336 662 princi-

222 672 267 708 pis
280 680 340 698 arce
355 669 470 698 nobiles.
502 667 569 698 Plin.
583 665 631 694 lib.
647 674 669 700 ³-
684 672 743 702 cap.
758 668 784 694 6.
811 664 879 694 Tac.
890 675 918 700 4.
939 664 1009 692 Anii.
1022 667 1067 699 67.
1080 673 1121 700 pr.
1159 662 1248 698 Hujus
1266 663 1336 692 arcis

222 708 351 737 meminit
361 708 436 736 Suet.
448 707 477 734 in
488 704 582 734 Tiber.
596 713 656 740 cap.
667 711 711 738 43.

222 745 300 773 Dites
312 753 424 781 capreae.
447 744 513 773 Stat.
525 751 548 778 3.
562 740 627 770 Silv.
643 750 666 769 1.
681 745 742 774 128.

221 782 299 811 Palus
311 782 430 819 Capreae.
453 780 536 809 Ovid.
550 788 576 808 τι.
592 778 657 807 Fast.
671 787 735 814 491.

186 819 427 851 CAPREOLus,
463 818 493 847 ln
514 826 639 846 CAPER.

185 857 209 886 C
217 866 236 885 A
247 866 261 884 P
269 866 284 884 R
295 867 307 885 iz
317 866 335 884 T
345 867 368 884 με
379 878 386 891 ,
407 855 470 884 Asiae
483 854 599 892 populi,
619 854 691 882 inter
701 852 829 882 Ciliciam
841 869 849 885 ι,
871 851 1079 889 Cappadociam
1092 873 1100 885 ,
1122 850 1285 880 Cataoniam
1308 852 1334 880 &

222 894 378 923 Armeniam
390 915 397 927 ,
418 893 526 922 ubifuit
535 891 628 930 postea
642 891 756 920 condita
775 890 887 928 Apamia
908 900 924 919 a
944 889 1062 919 Seleuco
1077 898 1156 926 rege,
1178 889 1243 917 teste
1264 889 1332 917 Plin.

220 931 268 960 lib.
298 954 303 960 .
317 940 347 960 ca
372 954 375 959 .
404 941 430 959 o.

184 969 207 998 C
217 979 237 997 A
245 979 259 997 Ρ
267 941 300 997 aqi
311 979 329 997 A
338 939 454 1003 ,pL3acus
465 968 503 998 est
514 967 588 1006 apud
596 965 761 996 Strabonem
772 965 801 994 in
812 964 997 1002 descriptione
1008 963 1176 1002 Pamplivliae
1188 962 1236 992 lib.
1252 973 1293 998 14.

186 1006 237 1036 CA
247 1017 261 1035 Ρ
271 1016 286 1035 R
297 1017 304 1034 1
314 1016 408 1035 CORN
420 1016 459 1035 us
472 1028 480 1040 ,
502 1006 520 1035 i.
536 1015 572 1034 m.
595 1001 774 1040 [Acy'nsgm]
796 1002 909 1031 Caeleste
930 1002 1035 1039 signum
1045 1023 1053 1034 ,
1075 1002 1150 1039 quod
1171 1002 1241 1029 Pana
1255 1000 1334 1030 fuisse

222 1044 379 1073 existimant
388 1065 395 1079 ,
417 1044 493 1080 quod.
503 1043 681 1081 posteriorem
691 1041 834 1078 partemin
844 1040 962 1077 effigiem
978 1040 1058 1076 piscis
1068 1061 1076 1074 ,
1097 1040 1219 1076 priorem
1230 1040 1333 1067 veroin

221 1082 342 1111 formam
357 1082 427 1110 hirci
441 1081 638 1111 commutavit:
662 1079 740 1112 cuius
757 1078 899 1115 ingenium
919 1077 1084 1106 admiratum
1103 1077 1202 1111 ,Iovem
1213 1098 1220 1111 ,
1241 1076 1334 1105 ferunt

221 1120 294 1149 hane
306 1119 420 1156 figuram
432 1120 459 1148 in
471 1119 568 1148 caelum
578 1115 748 1147 transtulisse.
787 1115 901 1144 Stellam
919 1115 1002 1143 habet
1017 1116 1045 1143 in
1064 1114 1129 1143 naso
1143 1136 1151 1148 ,
1174 1115 1203 1143 in
1221 1116 1332 1151 pectore

223 1158 310 1193 duas,
331 1158 359 1185 in
381 1158 454 1194 pede
469 1157 558 1192 duas,
578 1156 649 1184 inter
669 1153 790 1191 scapulas
804 1152 927 1190 septem,
947 1153 977 1181 in
1001 1158 1096 1182 ventre
1116 1152 1177 1187 sex,
1199 1153 1229 1181 in
1244 1153 1332 1181 cauda

222 1195 299 1224 duas.
321 1194 379 1225 Cic.
391 1205 416 1223 2.
434 1195 470 1224 de
480 1194 544 1224 Nat.
555 1193 634 1222 Deor.
652 1201 711 1220 112.

300 1232 375 1261 Tum
386 1232 509 1269 gelidum
524 1231 616 1261 valido
626 1230 661 1258 de
674 1230 787 1266 pec‘tore
797 1228 882 1264 frigus
893 1227 1027 1257 anhelans

301 1270 425 1307 Corpore
434 1270 560 1299 semifero
571 1277 671 1305 magno
680 1266 864 1303 Capricornus
878 1266 907 1307 in
919 1265 994 1294 orbe.

218 1307 303 1337 Lotus
316 1308 445 1345 Hesperia
454 1307 637 1345 Capricornus
647 1313 725 1341 aqua.
748 1303 869 1340 Propert.
882 1302 928 1331 lib.
942 1314 966 1339 4.
984 1313 1006 1332 1.
1019 1305 1065 1336 86.

217 1345 366 1383 Tyrannus
380 1345 518 1383 Hesperiae
530 1344 714 1382 Capricornus
725 1341 817 1370 undae.
838 1340 906 1369 Hor.
922 1350 947 1369 2.
962 1341 1051 1370 Carin.
1068 1349 1109 1377 17.
1125 1349 1170 1369 20.

218 1383 261 1414 De
271 1384 442 1421 Capricorno
450 1383 478 1412 in
489 1382 611 1412 nummis
630 1379 660 1409 V.
683 1379 843 1416 Spanheim.
855 1378 891 1407 de
901 1377 955 1407 Usu
966 1381 992 1407 oz
1002 1378 1086 1407 Praest.
1101 1378 1185 1408 Num.
1198 1388 1221 1413 ς.
1234 1386 1328 1416 p.227·.

180 1422 428 1456 ΟΑΡΒιΡῐουε,
444 1421 462 1450 i.
481 1421 500 1450 f.
524 1417 656 1455 [ἐφεὶς]
677 1417 757 1446 Ficus
767 1416 898 1445 silvestris.
937 1416 1005 1445 Plin.
1022 1416 1069 1445 lib.
1083 1426 1124 1450 ις.
1138 1425 1198 1451 cap.
1215 1425 1256 1450 19-
1279 1416 1330 1445 Ca-

214 1459 327 1499 prisicus
347 1463 462 1488 vocatur
481 1468 497 1487 e
515 1456 672 1486 silvestrium
690 1464 791 1491 gei-iere
810 1454 879 1483 fieus
895 1464 1038 1491 nunquam
1057 1454 1258 1482 maturescens:
1280 1453 1328 1482 sed

214 1497 291 1534 quod
309 1496 367 1535 ipsa
385 1506 441 1525 non
457 1495 559 1530 habet,
580 1494 640 1524 aliis
655 1493 796 1521 tribuens:
825 1493 958 1528 quoniam
981 1492 1019 1520 est
1037 1491 1169 1520 naturalis
1186 1491 1328 1521 causarum

213 1535 355 1569 transitus,
376 1540 458 1572 atque
477 1543 492 1562 e
504 1530 722 1571 putrescentibus
740 1530 894 1558 identidem
911 1537 1057 1566 generatur
1073 1529 1187 1566 aliquid.
1210 1529 1273 1559 Ter.
1297 1530 1326 1558 iri

212 1572 291 1602 Adel.
305 1582 331 1608 4.
344 1581 369 1602 2.
385 1578 429 1604 28.
451 1571 512 1601 Illic
523 1571 571 1599 ubi
582 1569 665 1599 etiam
676 1567 822 1605 caprificus
833 1576 933 1604 magna
946 1568 993 1597 est.

211 1610 307 1640 Findit
315 1619 450 1639 marmora
460 1608 611 1646 caprificus.
634 1605 753 1635 Maniai.
766 1605 815 1634 lib.
831 1615 872 1634 ιο.
889 1615 915 1634 2.
927 1615 952 1641 9.

305 1647 443 1677 Marmora
454 1646 574 1676 Messalae
585 1644 666 1674 findit
676 1643 822 1681 caprificus
831 1665 839 1679 ,
859 1644 912 1673 &c.

212 1685 360 1724 Caprifici,
380 1686 419 1722 pl.
442 1685 507 1714 Hor.
520 1683 646 1722 Epod.5.
665 1689 705 1718 i7.

289 1723 374 1759 Jubet
384 1723 514 1761 sepulcris
524 1720 668 1763 caprificos
678 1724 770 1763 erutas
778 1740 786 1755 ,
803 1720 855 1748 Sco.

342 1760 471 1790 Flammis
482 1760 558 1789 aduri
570 1757 719 1788 Colchicis.

171 1798 194 1829 C
204 1808 223 1828 A
233 1809 270 1827 PR
280 1802 358 1828 iric
369 1808 409 1827 oa
422 1820 430 1832 ,
452 1797 605 1834 [ὲφινοεζω]
625 1797 673 1825 ari.
696 1794 797 1824 Pallad.
814 1793 862 1823 lib.
875 1803 901 1829 4.
922 1793 964 1822 tit.
978 1802 1019 1822 10.
1046 1788 1144 1822 Mense
1158 1791 1242 1827 Junio
1250 1793 1323 1822 cirea

205 1836 351 1866 solstitium
362 1835 554 1873 caprificandae
564 1834 627 1863 sunt
637 1833 747 1862 arbores
756 1832 801 1861 fici
813 1854 821 1867 ,
843 1832 873 1860 id
885 1831 922 1861 est
933 1830 1119 1869 suspendendi
1130 1830 1210 1868 grossi
1226 1840 1261 1860 ex
1280 1841 1323 1860 ca-

205 1874 304 1912 prifico
318 1896 326 1908 ‚
347 1875 407 1903 lino
419 1873 493 1903 velut
507 1873 578 1902 ferro
588 1871 698 1910 pertusi.
721 1871 738 1899 si
748 1870 802 1899 hoc
813 1869 897 1904 desit,
917 1869 1043 1912 abrotani
1054 1870 1128 1906 virga
1137 1867 1321 1912 suspenditur,

205 1919 254 1941 aut
265 1911 367 1941 callum
380 1913 456 1949 quod
468 1912 496 1939 in
506 1911 605 1940 ulmeis
615 1907 690 1938 foliis
706 1909 846 1937 invenitur
857 1926 864 1938 ‚
885 1914 933 1936 aut
951 1908 1066 1936 arietina
1077 1916 1182 1936 cornua
1194 1916 1266 1936 circa
1282 1916 1322 1936 ra:-

205 1950 282 1979 dices
295 1950 398 1979 arboris
407 1949 578 1983 obruuntur,
601 1947 646 1977 vel
663 1952 776 1982 truncus
788 1945 908 1979 arboris,
929 1955 985 1982 quo
1007 1944 1071 1973 loeo
1092 1951 1201 1982 turget,
1223 1944 1321 1973 scarifi-

203 1988 309 2017 candus
320 1988 372 2020 est,
399 1994 428 2016 ut
439 1986 519 2024 possit
535 1987 635 2015 humor
648 1983 767 2013 effluere.
808 1983 877 2013 Plin.
889 1983 937 2012 lib.
954 1987 993 2012 i6.
1011 1992 1069 2019 cap.
1084 1993 1129 2018 27-
1160 1983 1230 2012 Sunt
1244 1983 1270 2011 ἃ
1281 1982 1318 2011 bi-

204 2026 268 2055 ferae
278 2026 306 2054 in
317 2025 430 2054 eisdem.
470 2025 501 2055 In
513 2024 568 2052 Cea
578 2023 665 2052 insula
674 2022 795 2059 caprifici
806 2022 905 2050 triferae
917 2021 987 2050 sunt.
1016 2020 1106 2049 Primo
1116 2021 1185 2049 foetu
1202 2020 1320 2057 sequens

204 2070 346 2096 evocatur,
357 2062 481 2099 sequenti
492 2062 598 2091 tertius.
620 2060 674 2089 hoc
685 2060 729 2089 sici
741 2059 943 2097 caprificantur.
958 2059 986 2088 V.
999 2058 1077 2096 plura
1090 2058 1137 2087 lib.
1156 2069 1196 2093 ις.
1208 2068 1267 2095 cap.
1277 2068 1317 2092 ιι).

205 2101 362 2138 Caprificari
383 2101 498 2137 (inquit
510 2100 653 2134 Perottus)
674 2099 712 2127 eii
727 2098 854 2126 Adhibita
862 2096 993 2134 caprifico
1006 2118 1014 2132 ,
1035 2106 1071 2126 ne
1085 2096 1189 2126 fruStus
1205 2096 1320 2134 propin.

224 2149 284 2175 quae
295 2138 362 2167 ficus
374 2145 437 2167 ante
448 2138 634 2167 maturitatem
650 2136 781 2165 decidant
792 2157 799 2169 ,
821 2135 977 2172 providere.

168 2176 266 2206 CA1>R
278 2186 407 2205 iriCAT
418 2187 426 2203 1
438 2186 455 2204 o
467 2197 474 2210 ,
497 2176 567 2204 onis.
590 2175 608 2204 f.
632 2170 809 2209 [εὲκινασμές]
833 2172 898 2201 Plin.
908 2172 957 2201 lib.
974 2182 1015 2208 ις.
1030 2181 1090 2209 cap.
1105 2181 1147 2206 19.
1186 2171 1256 2208 Quae
1277 2181 1318 2202 rata

204 2215 244 2243 tio
253 2214 366 2252 pulvere
375 2215 399 2243 ὁὶ
410 2213 616 2250 caprificatione
629 2212 683 2240 hoc
694 2220 802 2248 quoque
812 2211 917 2248 praestat
928 2232 936 2245 ,
957 2219 993 2239 ne
1005 2209 1136 2239 decidant
1149 2230 1156 2244 ,
1179 2209 1231 2239 &e

166 2252 285 2281 CAPRi
298 2263 310 2280 F
322 2262 374 2280 ici
386 2255 402 2279 A
415 2261 470 2280 Lis
485 2272 493 2285 ,
513 2259 538 2280 e.
571 2250 629 2285 Adj.
659 2256 706 2283 ut,
730 2246 915 2286 Czipi‘isiciules
931 2248 1008 2282 dies,
1032 2248 1050 2276 i.
1071 2256 1095 2276 e.
1118 2246 1316 2277 Caniculares:

203 2291 279 2326 quod
290 2299 323 2318 eo
334 2289 390 2318 fei-e
401 2295 528 2326 tempore
539 2289 668 2316 mulieres
678 2287 810 2315 Romana:
819 2286 909 2315 liberae
922 2286 1089 2322 simulatque
1099 2285 1206 2314 ancilla:
1218 2285 1266 2314 sub
1278 2295 1318 2313 ar-

203 2327 271 2356 bore
281 2327 410 2364 caprifico
419 2326 491 2356 sacra
501 2325 648 2354 faciebant.
688 2325 750 2353 hiat
763 2331 858 2353 autem
874 2324 985 2352 initium
996 2323 1189 2361 caprificorum
1202 2324 1262 2360 post
1271 2332 1317 2352 ex-

203 2372 295 2394 ortum
309 2365 392 2393 Canis
406 2387 414 2399 ,
435 2366 481 2400 qui
495 2365 554 2393 dies
567 2363 691 2391 Vulcano
704 2363 774 2390 sacer
789 2368 855 2391 erat.
894 2361 961 2390 Plin.
978 2361 1026 2390 lib.
1045 2371 1086 2389 11.
1102 2370 1162 2398 cap.
1181 2370 1221 2395 ις.
1245 2361 1321 2391 Huic

203 2403 353 2432 vindemiae
364 2403 444 2431 Attici
459 2403 562 2438 iignum
578 2402 682 2429 dedere
700 2401 811 2428 initium
830 2398 1024 2436 caprificialem
1045 2398 1119 2427 diem
1142 2397 1263 2427 Vulcano
1280 2398 1318 2427 sa-

202 2450 289 2470 crum.
312 2440 357 2468 sed
369 2440 527 2469 Harduinus
538 2448 571 2467 ex
584 2438 661 2467 MSS.
684 2437 797 2467 Initium
810 2437 941 2474 caprifici,
962 2437 1008 2466 alii
1021 2437 1096 2465 diem
1107 2438 1158 2465 &a
1183 2436 1212 2465 V.
1235 2437 1317 2474 ipsius

201 2484 261 2507 not.
278 2478 312 2507 ad
325 2478 350 2507 h.
364 2476 381 2506 l.
403 2477 437 2507 Et
450 2477 523 2506 conf.
538 2476 658 2505 eundem
670 2476 704 2504 ad
717 2481 742 2508 8.
757 2485 797 2510 33.
808 2475 900 2511 Segin.
917 2485 959 2510 51-
976 2484 1034 2504 not.
1047 2484 1124 2503 num.
1140 2483 1201 2503 100.

164 2515 442 2550 CAPRiosNus,
464 2516 645 2548 CAPaiLs,
668 2513 894 2542 CAPR1LLUS.
937 2512 968 2541 ln
989 2522 1110 2541 cAPssa.

164 2553 458 2587 CAPRiMuLcus,
480 2553 496 2581 i.
515 2562 550 2580 m.
573 2549 747 2587 [mpsim]
775 2551 876 2580 dicitur
898 2550 955 2587 Qui
976 2559 1071 2588 capias
1091 2549 1225 2588 emulget.
1265 2550 1317 2580 Pro

201 2590 335 2620 Convicio
346 2591 383 2619 est
393 2589 491 2619 Catuli.
505 2590 580 2626 Epig.
595 2599 639 2617 20.
653 2599 678 2622 9.

291 2628 357 2657 Haec
369 2638 454 2665 quum
465 2627 537 2664 legas
547 2649 555 2662 ,
575 2634 634 2656 tuin
647 2626 734 2655 bellus
743 2625 790 2654 ille
801 2647 809 2661 ,
832 2627 857 2655 ἃ
868 2625 989 2655 urbanus

291 2665 420 2694 Suffenus
435 2675 505 2694 unus
518 2664 705 2703 caprimulgus
714 2686 722 2699 ,
743 2671 790 2693 aut
803 2660 886 2692 fossor

295 2703 395 2732 Rursus
408 2703 524 2731 videtur.
580 2737 582 2739 r

199 2741 244 2771 Est
254 2740 552 2778 &Caprimulgus,Avis
564 2738 723 2775 [fabulossc]
732 2749 817 2776 genus
827 2749 833 2768 z
843 2739 877 2767 de
888 2748 940 2775 qua
949 2739 984 2768 sic
993 2736 1316 2776 aitPlin.lib.10.cap.40.

219 2778 389 2816 Caprimulgi
399 2778 574 2816 appellantur
585 2777 738 2813 grandioris
752 2777 863 2806 merulis
873 2778 983 2813 al'peclu
994 2777 1066 2805 sures
1075 2777 1220 2806 nocturni:
1235 2778 1318 2806 inter-

219 2817 269 2845 diu
280 2818 354 2845 enirn
371 2816 428 2844 visu
443 2822 547 2845 carent.
588 2815 693 2844 lntrant
710 2814 848 2851 pastorum
869 2814 988 2847 stabula.
1010 2824 1209 2851 caprarumque
1230 2814 1319 2843 uberi-

218 2854 269 2883 bus
281 2853 527 2883 advolantsudtum
539 2859 650 2890 propter
661 2848 753 2881 lactis:
775 2862 827 2889 qua
846 2852 945 2888 injuria
961 2849 1029 2882 ubet
1047 2852 1196 2888 emoritur,
1220 2852 1319 2890 capris-

220 2902 273 2928 que
286 2892 394 2921 coecitas
403 2914 410 2924 ,
429 2901 495 2928 quas
508 2891 546 2920 ita
557 2889 672 2919 mulsere
684 2911 691 2923 ,
712 2889 846 2919 oboritur.

163 2928 378 2964 Cmmxnus,
400 2930 604 2962 CAPRrsso,
627 2927 911 2956 CAi‘RUGiNssUS.
950 2927 982 2956 In
1010 2936 1137 2957 CAPiziz.

163 2967 185 2996 C
195 2977 261 2996 APR
271 2976 328 2996 ius
339 2988 347 3003 ,
369 2967 387 2996 i.
402 2977 440 2996 rn.
462 2965 519 2995 Viri
530 2975 632 2995 nomen
645 2987 653 2999 ,
675 2965 710 2993 de
721 2974 775 3001 quo
787 2965 853 2995 Hor.
869 2975 892 2994 1.
903 2965 988 2994 Serm.
1002 2978 1028 3002 4.
1043 2970 1088 3000 ⁶5·

548 3003 657 3033 Sulcius
675 3012 737 3031 acer

290 3038 420 3071 Ambulat
429 3063 437 3077 ,
459 3041 486 3071 Sc
497 3040 612 3079 Caprius
623 3050 720 3069 raucus
731 3039 802 3069 male
811 3061 818 3075 ,
841 3049 961 3075 cumque
970 3039 1088 3075 libellis,

292 3079 410 3117 Magnus
421 3079 626 3115 uterquetimor
641 3078 802 3107 latronibus.
896 3076 951 3106 Ubi
970 3078 1075 3110 Acron.
1097 3075 1206 3107 Sulcius
1225 3077 1251 3108 ἃ
1267 3078 1317 3107 Ca-

201 3117 277 3154 prius
285 3119 400 3146 nomina
410 3117 522 3146 fuerunt
531 3116 695 3148 delatorum,
717 3115 765 3144 alii
776 3116 886 3144 actores
899 3115 998 3145 volunt
1008 3116 1084 3145 fuisse
1097 3116 1255 3145 causarum:
1277 3117 1317 3145 in-

203 3155 238 3183 de
254 3156 337 3184 etiam
348 3155 433 3184 Rauci
443 3155 588 3184 traduntur
598 3154 751 3183 assiduitate
761 3152 871 3190 agendi.

164 3190 187 3221 C
199 3202 217 3220 A
227 3202 241 3219 Ρ
251 3203 264 3220 R
274 3197 291 3221 ὃ
300 3202 317 3220 Ν
329 3203 351 3221 m
362 3213 370 3227 ,
391 3191 436 3221 vel
457 3192 478 3221 C
488 3202 506 3221 A
515 3202 529 3221 i>
538 3203 553 3221 R
563 3202 580 3220 o
591 3201 609 3220 Ν
619 3202 664 3220 1².AE
673 3213 681 3227 ,
702 3200 787 3220 arum.
811 3186 991 3226 [wedam]
1011 3190 1130 3225 Nonius,
1151 3190 1245 3219 Comae
1257 3201 1316 3228 quae

201 3235 265 3259 ante
279 3231 398 3259 frontem
412 3230 490 3264 sunt,
511 3230 583 3267 quasi
601 3240 615 3258 a
631 3229 728 3267 Capite
743 3238 847 3266 pronae.
872 3228 980 3262 Festus,
1002 3228 1136 3268 Capronnae
1147 3250 1155 3261 ,
1177 3228 1316 3264 Equorum

201 3266 274 3303 jubae
285 3269 314 3296 in
326 3268 444 3297 srontem
456 3268 582 3297 devexae:
604 3268 684 3296 diciae
695 3266 767 3304 quasi
779 3276 794 3295 a
807 3266 904 3304 Capite
914 3275 1018 3303 prome.
1039 3266 1127 3295 Lucil.
1140 3266 1194 3295 Sat.
1208 3266 1256 3297 lib.
1270 3275 1296 3303 7.

293 3305 384 3341 Aptari
395 3312 478 3342 caput
490 3312 571 3342 atque
584 3308 677 3334 co'mas
690 3305 796 3334 fluitare
806 3313 940 3341 capronas

295 3343 366 3371 Altas
376 3342 514 3372 frontibus
526 3342 656 3372 immissas
669 3365 677 3378 ‚
699 3350 729 3372 ut
740 3352 800 3372 mos
811 3342 862 3371 fuit
871 3341 934 3371 illis.
1028 3341 1099 3370 Sane
1111 3342 1136 3370 &
1147 3339 1183 3370 de
1195 3341 1317 3370 Homine

204 3378 258 3407 dici
270 3399 278 3412 ,
299 3379 375 3416 Apul.
396 3390 418 3409 r.
442 3380 542 3410 Florid.
562 3377 681 3410 ostendit
696 3402 704 3416 ,
725 3380 760 3409 de
777 3377 912 3418 Apollinis
929 3378 1000 3408 facie
1013 3377 1130 3415 loquens
1143 3387 1150 3407 ε
1173 3378 1317 3407 Prornulsis

202 3417 331 3480 caprpnis
344 3418 515 3483 anxtleventuli
535 3419 666 3455 (crines)
687 3418 865 3456 propenduli.
887 3416 1067 3446 Elmenhorst.
1085 3426 1112 3454 p.
1130 3424 1191 3453 342.
1216 3416 1317 3454 Capro-

203 3454 262 3481 neis
283 3454 345 3489 egit.
399 3478 404 3484 .
428 3456 487 3490 ejus
500 3456 558 3485 lnd.

166 3489 189 3519 C
198 3499 264 3555 Aga
274 3500 291 3518 ο
301 3500 312 3518 s
324 3512 331 3525 ,
352 3491 369 3520 i.
383 3502 419 3522 m.
441 3493 550 3523 Fluvius
563 3493 600 3523 est
609 3493 694 3523 latera
704 3493 781 3523 urbis
793 3492 936 3523 Laodiceae
946 3491 1052 3521 alluens
1065 3513 1073 3527 ,
1096 3490 1231 3521 referente
1247 3491 1315 3521 Plin.

217 3537 222 3555 i
246 3550 252 3556 .
267 3538 289 3562 ς.
303 3537 333 3557 ca
357 3551 362 3557 .
375 3539 389 3558 2
413 3552 419 3559 .

166 3564 319 3593 CAPROT
328 3539 369 3594 IpN
379 3540 432 3602 u9s,
453 3577 486 3602 a,
508 3578 563 3598 um.
597 3574 645 3604 ut,
679 3568 753 3604 Juno
779 3568 816 3598 Ca
840 3568 930 3598 rotina
950 3563 1151 3603 [Kaweedan
1181 3567 1218 3596 ita
1243 3567 1317 3597 dicia

203 3602 278 3638 quod
289 3601 380 3645 liberii:
391 3605 509 3641 pariter,
529 3605 690 3643 ancillaeque
701 3578 888 3635 sacrificabant
904 3605 946 3634 illi
957 3605 1005 3634 sub
1018 3605 1114 3633 arbore
1125 3605 1264 3642 caprifico,
1287 3607 1315 3634 in

203 3647 364 3668 memoriam
374 3642 480 3671 virtutis
489 3652 547 3679 quae
561 3643 589 3672 in
607 3644 769 3673 ancillarum
785 3645 884 3673 animis
905 3653 954 3680 pro
975 3641 1181 3672 conservatione
1196 3641 1314 3679 publica·

204 3676 343 3720 dignitatis
353 3677 446 3721 olima
469 3680 565 3715 paruit.
589 3680 712 3710 Macrob.
732 3681 780 3711 lib.
799 3692 819 3710 1.
839 3682 947 3711 Saturn.
969 3690 1029 3719 cap.
1042 3690 1084 3711 11.
1107 3680 1156 3710 ubi
1175 3682 1201 3710 δι
1214 3681 1316 3710 deNo-

204 3723 248 3742 nis
260 3720 417 3757 caprotinis.
452 3716 515 3745 linc
531 3719 556 3746 &
568 3718 664 3747 Auson.
677 3720 712 3748 de
725 3719 808 3748 Feriis
822 3715 903 3748 Rom.
915 3729 939 3747 v.
950 3728 976 3754 9.

295 3751 370 3780 besta
380 3754 527 3789 caprotinis
536 3755 696 3784 memorabo
707 3753 826 3785 celebria
837 3757 929 3786 nonis.

166 3787 477 3824 CArauuicuLUM,
499 3791 516 3818 i.
535 3800 561 3819 n.
587 3792 636 3820 Vas
647 3792 739 3822 fietile.
764 3794 863 3824 Festus,

166 3826 291 3856 CAVSA
305 3847 313 3860 ⁷
335 3835 364 3854 ae·
387 3825 412 3869 f:
429 3825 556 3862 [aazia]
577 3828 676 3858 Civitas
694 3830 732 3859 est
748 3831 776 3859 in
796 3831 944 3865 Numidia,
975 3830 1023 3860 ubi
1040 3830 1181 3867 Jugurthae
1200 3829 1316 3859 thesauri

203 3870 281 3906 erant
291 3884 300 3898 ‚
321 3862 395 3905 bello
406 3863 454 3892 illo
468 3864 567 3893 ultimo
578 3886 586 3899 ‚
606 3867 680 3902 quod
693 3867 777 3896 Caesar
788 3876 854 3900 cum
868 3869 1000 3905 scipione
1020 3868 1097 3906 gessit
1107 3890 1116 3904 ,
1137 3874 1168 3899 ut
1181 3869 1207 3899 ἃ
1223 3868 1316 3906 plures·

204 3900 282 3937 aliae,
301 3899 426 3931 funditus
436 3899 543 3937 deleta,
565 3902 631 3933 teste
642 3904 729 3934 strab.
740 3905 787 3935 lib.
801 3909 845 3941 1¹7.
885 3903 959 3936 Hinc

1888 90 1917 122 C
2016 91 2043 123 A
2141 88 2164 122 P

1393 169 1632 202 CAP81TAN1,
1657 177 1745 196 orum,

1432 206 1520 235 Africa
1529 205 1621 233 minor
1629 205 1739 234 dicitur.
1761 205 1826 234 Plin.
1840 206 1889 234 lib.
1903 217 1925 239 ς.
1940 216 1999 242 cap.
2011 219 2037 239 4.

1394 243 1416 272 c
1425 253 1444 272 A
1453 253 1466 270 p
1477 251 1488 271 3
1501 253 1518 270 A
1530 263 1537 277 ‚
1559 252 1588 271 ἓ,
1611 239 1714 277 [sasaim
1725 264 1733 276 ‚
1755 241 1852 269 »ζωῆς
1862 265 1869 276 ,
1891 241 1989 278 θύλωξ]
2010 244 2082 272 dieta
2093 243 2131 272 est
2142 244 2216 279 quod
2229 252 2270 272 rea
2284 244 2313 272 in
2322 254 2354 273 ea
2363 244 2487 274 conditas
2496 255 2536 276 ca..

1431 281 1496 319 piat.
1521 279 1587 308 Plin.
1598 279 1646 308 lib.
1659 286 1682 314 8.
1695 289 1756 316 cap.
1770 289 1813 315 30.
1835 281 1981 318 Capsarum
1993 281 2077 309 modo
2094 281 2256 310 includitur.

1767 169 1782 203 [
1794 167 1959 204 amasi-mm]
1986 168 2083 206 Populi
2098 167 2160 198 sunt
2175 168 2333 206 Zeugitanae
2342 169 2469 206 regionis,
2481 174 2537 208 q'uae
2592 180 2594 216 3

1432 317 1525 354 Capsa.
1548 317 1607 346 Cic.
1621 327 1642 346 1.
1665 318 1789 352 Vernqi.
1813 317 1962 347 Custodem
1983 319 2090 354 inquit.
2112 318 2207 347 Tullio
2223 328 2267 347 nie
2285 319 2426 355 apponite.
2448 320 2537 356 quid?
2590 303 2592 352 ἶ

1449 355 1518 384 mihi
1529 354 1715 391 quammultis
1726 354 1884 384 custodibus
1894 366 1964 394 opus
1984 357 2052 392 erit,
2072 356 2091 384 si
2104 362 2131 385 te
2150 355 2234 386 semel
2248 356 2282 385 ad
2300 360 2374 385 meas
2388 356 2479 393 capsas
2493 359 2540 387 ad·
2590 359 2593 400 ’1

1451 392 1549 421 misero
1558 394 1571 420 ”?

1431 430 1558 466 Angusta.
1577 428 1676 463 Juven.
1693 439 1734 458 10.
1748 429 1802 459 Sat.
1820 439 1880 467 117.

1431 468 1546 509 operta.
1570 467 1635 495 Hor.
1650 477 1675 496 2.
1690 467 1771 503 Epist.
1788 477 1810 496 1.
1825 473 1889 502 ²68·

1432 504 1654 542 CapizeaGraeco
1667 504 1857 542 appellantur:
1880 503 1929 535 has
1939 504 1979 534 illi
1990 504 2104 541 κάμπἹακ
2114 503 2222 534 dicunt.
2243 504 2345 535 Festus.
2367 505 2407 535 Al.
2434 505 2539 541 ’τφ-’μψσκ

1393 573 1398 576 ‚
1449 542 1551 571 rectius
1560 542 1663 579 legunt.

1393 579 1587 614 CAPsuLA,
1608 590 1638 609 ae.
1658 579 1676 608 f.
1700 578 1848 616 [κιζῶπον]

1431 616 1537 646 clusum
1548 617 1664 654 capsulis
1675 616 1823 651 subjiciunt
1833 618 1925 655 capiti.

1430 655 1520 685 Totos
1531 655 1567 684 de
1577 655 1694 692 capsula.
1733 655 1794 685 Seri.
1807 655 1888 693 Epist.
1902 666 1912 684 1
1921 665 1931 684 1
1940 666 1963 690 ς.
1978 665 2019 692 pr.
2034 655 2105 684 dixit
2116 677 2124 691 ,
2153 655 2210 692 Qui
2222 656 2259 685 ita
2270 656 2413 685 munditiae
2424 655 2540 694 student,

1449 698 1481 721 ut
1492 702 1535 759 spe
1553 693 1703 722 minimum
1725 693 1902 730 relinquant,
1931 693 2007 731 quod
2028 693 2063 722 ad
2080 693 2172 723 sordes
2193 694 2405 731 neglectumque
2423 694 2540 734 intelligi

1451 740 1488 767 po
1513 736 1543 759 it.

1393 767 1586 803 CAPsizLLA
1597 790 1606 803 ,
1627 778 1658 797 ae.
1680 767 1698 797 f.
1721 766 1795 798 aliud
1814 767 1910 798 dimin.
1935 767 2044 806 Ulpian.
2063 766 2081 798 i.
2096 778 2139 799 12.
2160 769 2181 806 §.
2204 768 2410 806 Conservandi,
2432 769 2492 808 Dig.
2507 771 2542 802 de

1431 805 1553 834 instruet.
1567 807 1593 835 &
1606 806 1729 835 instrum.
2549 815 2555 822 ’

1395 843 1416 872 C
1428 853 1629 910 Ai’sssAaitps,
1650 845 1668 873 i.
1681 853 1718 873 m.
1741 843 1798 880 Qui
1807 849 1899 882 portat
1917 842 2002 873 libros
2014 866 2022 879 ,
2043 844 2135 882 inquit
2155 843 2218 883 Ulp.
2234 843 2251 873 l.
2267 852 2309 880 13.
2331 842 2365 874 D.
2385 843 2428 875 De
2447 854 2540 877 manua

1421 888 1459 910 mi
1485 890 1505 909 is
1516 891 1563 909 Vin
1587 904 1593 910 .

1422 918 1783 956 Capsarii,dicebanturQui
1794 918 1961 948 nobiliorum
1972 919 2075 948 civium
2086 914 2149 949 siliis
2159 921 2194 948 ad
2202 919 2308 949 scholas
2315 919 2540 956 euntibus,libros

1451 956 1613 985 deferebant
1624 958 1654 985 in
1664 957 1863 994 capsula.Suet.
1877 958 1905 986 in
1918 957 2021 986 Neron.
2034 956 2257 995 cap.36.Constat
2268 957 2401 994 quosdam
2415 967 2479 988 cum
2486 969 2539 997 pae.

1449 994 1564 1031 dagogis
1586 996 1612 1024 ἃ.
1629 995 1755 1031 capsariis
1770 1004 1827 1024 uno
1835 995 1954 1033 prandio
1964 995 2065 1032 pariter
2074 1001 2194 1024 necatos.
2219 995 2321 1031 Juven.
2336 1006 2378 1025 10.
2389 996 2444 1025 Sat.
2461 1007 2519 1034 117.

1486 1033 1580 1068 Quem
1590 1032 1710 1069 sequitur
1720 1033 1809 1062 custos
1821 1033 1938 1069 angustae
1951 1032 2064 1061 vernula
2078 1032 2172 1071 capsae.
2210 1033 2228 1063 i.
2240 1043 2265 1062 e.
2287 1033 2385 1063 Servus
2396 1033 2539 1071 capsarius.

1448 1068 1602 1099 Librarium
1611 1070 1694 1099 etiam
1708 1070 1833 1108 appellat
1849 1072 1924 1100 Suet.
1936 1069 2034 1100 Claud.
2048 1080 2110 1108 cap.
2122 1080 2164 1106 35.
2185 1070 2250 1100 Sero
2261 1080 2293 1100 ac
2304 1071 2352 1100 vix
2367 1071 2469 1101 remisit
2479 1093 2488 1108 ,
2507 1084 2542 1104 ne

1448 1106 1560 1136 feminae
1569 1109 1776 1145 praetextatique
1786 1108 1866 1146 pueri
1875 1118 1907 1138 ac
1917 1107 2018 1146 puellae
2028 1110 2264 1138 contreftarentur
2273 1131 2281 1143 ,
2312 1110 2337 1139 δι
2357 1119 2394 1139 ne
2405 1111 2484 1146 cujus
2496 1121 2541 1141 eoa

1449 1146 1512 1184 miti
1525 1145 1691 1175 autlibrario
1701 1146 1853 1175 calamariae
1870 1154 1917 1176 aut
1931 1143 2091 1183 graphiariae
2105 1146 2192 1175 thecae
2211 1147 2407 1176 adimerentur.
2448 1148 2539 1185 Quem

1447 1183 1524 1212 enim
1537 1183 1602 1212 Ner.
1613 1183 1630 1212 1.
1642 1193 1665 1213 c.
1689 1182 1869 1221 Paedagogum
1880 1206 1889 1220 ‚
1910 1183 1955 1213 hic
1965 1183 2123 1220 Comitem,
2145 1193 2228 1221 quem
2242 1184 2282 1213 ibi
2297 1184 2455 1222 Capsarium
2467 1208 2476 1222 ‚
2492 1186 2538 1218 hic

1447 1218 1600 1250 Librarium
1615 1228 1705 1250 vocat.

1447 1257 1518 1288 Vide
1529 1258 1653 1288 Beroald.
1668 1259 1696 1287 in
1710 1269 1771 1297 cap.
1783 1262 1826 1296 36.
1848 1259 1923 1289 Suet.
1938 1259 2004 1289 Ner.
2030 1258 2150 1298 Capsarii
2161 1258 2244 1297 vulgo
2260 1259 2399 1298 praepositi
2417 1259 2479 1290 sunt
2496 1271 2538 1293 ca-

1447 1295 1489 1325 sae.
1532 1296 1600 1326 Vide
1615 1296 1796 1326 Benibidern.
1818 1297 1851 1326 H.
1866 1298 1904 1326 St.
2048 1330 2050 1333 ¹

1427 1333 1645 1366 Christianorum
1661 1334 1796 1372 capsarios
1808 1334 1919 1370 Judaeos
1936 1334 2019 1364 vocat
2039 1334 2181 1373 Augustin.
2199 1335 2275 1373 quod
2295 1334 2460 1366 asservandis
2475 1336 2534 1368 Veh

1445 1371 1519 1401 Test.
1528 1372 1603 1401 'libris
1613 1372 1763 1402 admodum
1775 1374 1874 1402 intenti
1885 1372 2004 1402 fuissent.

1425 1409 1584 1447 Capsarius,
1607 1406 1801 1446 [ιιξωηπωὲς]
1821 1411 1925 1448 Artifex
1935 1410 2083 1448 capsarum.
2106 1409 2235 1440 Tarrunt.
2251 1409 2356 1440 Patern.
2369 1411 2388 1441 l.
2400 1411 2449 1441 ult.
2460 1411 2491 1442 D.
2501 1413 2537 1443 de

1442 1448 1495 1483 jur.
1507 1447 1644 1477 immunit.
1662 1458 1702 1486 pr.
1724 1447 1897 1485 Quibusdam
1907 1448 2025 1485 aliquam
2037 1448 2210 1478 vacationem
2220 1458 2366 1478 munerum
2381 1450 2536 1487 graviorum

1442 1486 1570 1514 conditio
1582 1485 1695 1521 tribuit,
1717 1494 1749 1515 ut
1759 1484 1820 1515 sunt
1828 1486 1986 1520 mensores,
2008 1487 2106 1523 optio,
2127 1486 2339 1522 valetudinarii,
2361 1487 2473 1524 medici,
2492 1497 2535 1520 ca.

1464 1522 1538 1559 sarii,
1561 1524 1587 1552 ἃ
1598 1524 1732 1559 artifices,
1744 1526 1795 1553 διο.
1835 1524 1973 1561 [Videtur
1988 1524 2069 1560 hujus
2083 1524 2282 1554 observationis
2302 1526 2398 1554 auster
2410 1548 2418 1561 ,
2440 1526 2484 1555 cui
2502 1526 2530 1556 iri

1469 1560 1522 1590 hes.
1540 1560 1610 1598 Lips.
1632 1561 1775 1591 Zehnerus
1785 1561 1908 1597 accedit,
1930 1561 2034 1591 sublata
2045 1562 2147 1599 copula
2162 1562 2282 1600 Capsarii
2299 1563 2417 1592 artifices
2428 1562 2530 1601 legiffe.

1440 1599 1495 1628 Sed
1507 1599 1590 1628 miror
1601 1600 1649 1636 qui
1658 1600 1737 1635 liujus
1748 1601 1855 1637 generis
1865 1599 1981 1629 artifices
1991 1600 2020 1629 in
2034 1600 2201 1630 Militaribus
2213 1600 2310 1629 officiis
2321 1623 2329 1635 ‚
2351 1611 2469 1638 quorum
2487 1601 2532 1632 hic

1440 1637 1570 1666 meminit
1580 1637 1728 1674 legislator,
1739 1646 1870 1674 quierant.
1897 1638 1986 1668 Miror
1993 1638 2076 1667 etiam
2090 1638 2293 1667 Gothosredum
2304 1639 2486 1675 addubitasse,
2495 1649 2531 1669 an

1438 1675 1559 1712 Capsarii
1568 1675 1615 1703 alii
1624 1676 1651 1704 li.
1667 1674 1685 1704 l.
1703 1675 1901 1713 intelligantur,
1913 1685 1945 1705 ac
1956 1676 2002 1713 qui
2010 1675 2075 1705 alias
2087 1675 2389 1706 Librariivocantur.V.
2403 1677 2462 1712 ejus
2470 1684 2529 1708 not.
2577 1682 2579 1687 ’

1420 1711 1565 1749 Capsarius
1585 1713 1651 1742 item
1670 1713 1790 1746 dicitur,
1820 1714 1875 1750 Qui
1901 1714 2030 1743 mercede
2046 1713 2179 1744 servanda
2203 1715 2231 1742 in
2253 1714 2357 1744 balneis
2373 1714 2532 1746 vestimenta

1436 1750 1564 1788 suscipit,
1586 1750 1676 1787 inquit
1687 1750 1757 1780 Paul.
1771 1751 1800 1780 in
1810 1746 1828 1779 l.
1839 1760 1862 1788 3.
1876 1752 1897 1789 §.
1909 1761 1931 1787 3.
1955 1751 1986 1780 D.
2004 1751 2045 1780 De
2053 1751 2123 1781 offic.
2136 1752 2255 1789 praefcc't.
2271 1752 2346 1789 vigil.
2368 1752 2446 1782 Adde
2456 1752 2528 1782 Wo-

1436 1789 1500 1817 i'ver.
1513 1788 1547 1817 ad
1555 1788 1663 1817 Petron.
1677 1798 1737 1826 cap.
1749 1798 1792 1825 30.
1806 1799 1833 1826 p.
1847 1799 1907 1825 υς.
1929 1789 2020 1818 Burni.
2035 1789 2103 1819 item
2115 1790 2205 1819 Schol.
2218 1789 2317 1825 Juven.
2334 1799 2356 1826 3.
2368 1794 2431 1826 263.

1382 1824 1474 1855 CAi›s
1485 1836 1503 1854 A
1514 1835 1572 1855 CES
1583 1848 1591 1861 ,
1613 1837 1643 1855 ae.
1661 1832 1698 1855 m.
1722 1827 1884 1863 [mvsa]
1908 1827 1956 1856 Vas
1971 1827 2114 1857 olearium.
2145 1827 2274 1871 Cyprian.
2284 1828 2332 1857 lib.
2344 1837 2370 1858 2.
2382 1828 2465 1867 Epist.
2485 1828 2528 1860 Fi.
2571 1818 2577 1861 ,4

1418 1863 1491 1893 delia
1500 1864 1578 1893 farris
1589 1874 1647 1893 non
1663 1864 1775 1894 deficiet
1786 1887 1793 1900 ,
1815 1866 1841 1894 &
1856 1865 1981 1902 capsaces
1992 1865 2048 1894 olei
2058 1871 2115 1894 n‘on
2128 1873 2280 1895 minuetur.

1381 1902 1543 1937 CAPSUs,
1564 1902 1582 1931 i.
1598 1912 1635 1932 m.
1656 1902 1694 1932 est
1707 1902 1824 1941 Septum
1842 1902 1955 1932 sudibus
1975 1903 2089 1932 factum.
2111 1910 2159 1939 ut,
2181 1903 2317 1933 Animalia
2332 1904 2414 1942 capso
2435 1904 2530 1937 clausa.
2573 1914 2576 1922 ’

1419 1938 1516 1969 Vellei.
1534 1949 1557 1969 1.
1574 1943 1615 1969 16.
1628 1949 1653 1969 2.
1676 1940 1777 1970 Graecae
1788 1941 1825 1970 est
1835 1941 1957 1978 originis.
1982 1941 2099 1978 Hesych.
2121 1941 2218 1978 νωιψοὶ,
2235 1943 2254 1969 ok
2271 1945 2345 1980 πῑχοι.
2371 1943 2399 1973 V.
2421 1942 2531 1973 Salmas.

1418 1978 1454 2006 ad
1464 1978 1600 2014 Spartian.
1612 1978 1742 2008 Hadrian.
1756 1988 1818 2016 cap.
1835 1988 1876 2008 12.
1889 1981 1915 2009 ἃ
1924 1979 1958 2008 ad
1970 1978 2076 2016 vopisc.
2090 1979 2197 2009 Procul.

1417 2015 1462 2045 Est
1475 2015 1560 2044 etiarn
1575 2016 1635 2045 Pars
1645 2015 1736 2045 rhedae
1748 2026 1762 2045 a
1772 2015 1917 2054 Capiendo
1931 2017 2019 2052 dicta,
2041 2017 2089 2046 ubi
2108 2018 2154 2054 qui
2171 2018 2331 2054 vestantur,
2351 2018 2458 2048 sedent.
2487 2015 2530 2049 via
2572 2028 2573 2045 i

1436 2060 1509 2086 truv.
1525 2063 1565 2082 10.
1582 2064 1623 2089 ¹4-
1645 2054 1685 2083 Ad
1700 2053 1812 2091 capsum
1823 2054 1915 2083 rhedae
1928 2054 2148 2084 loculamentum
2159 2054 2273 2084 firmiter
2288 2055 2394 2093 figatur.

1437 2090 1541 2127 Capsus
1552 2091 1644 2121 rhedae
1654 2113 1661 2125 ,
1679 2102 1729 2129 pro
1741 2088 1836 2122 Theca
1850 2092 1969 2128 Rhedae,
1991 2088 2058 2122 alibi
2069 2092 2166 2122 Alveus
2181 2093 2290 2129 rhedae,
2313 2104 2366 2131 quo
2378 2094 2475 2124 sedent
2483 2095 2528 2132 qui

1436 2129 1584 2158 vehuntur.
1607 2129 1677 2158 Eud.
1690 2139 1724 2158 ex
1734 2130 1858 2159 Vitruvio
1872 2139 1930 2168 ¹03-
1950 2140 2012 2167 104.
2035 2130 2071 2160 H.
2088 2131 2128 2160 St.
2166 2130 2378 2162 Desiderabatui·
2395 2133 2426 2162 in
2441 2132 2527 2171 Lugdz
2570 2162 2571 2165 ,

1436 2165 1467 2196 V.
1495 2166 1620 2196 Philand.
1633 2167 1668 2196 ad
1679 2167 1781 2197 Vitruv.
1798 2165 1816 2197 l.
1829 2177 1853 2197 c.

1415 2203 1519 2271 Cgpsus
1535 2205 1576 2271 {st
1585 2204 1705 2234 Carruca
1712 2206 1835 2243 undique
1843 2211 1987 2242 contexta,
2009 2205 2083 2243 quasi
2100 2206 2187 2244 capsa.
2212 2206 2306 2237 Isidor.
2317 2215 2363 2237 20.
2378 2217 2423 2238 12.
2444 2208 2530 2246 [Lege

1379 2270 1384 2274 ,
1458 2248 1540 2271 ontec
1555 2252 1578 2272 a.

1379 2278 1400 2309 C
1411 2289 1429 2308 A
1438 2289 1452 2308 Ρ
1459 2289 1479 2308 T
1488 2290 1507 2308 A
1514 2289 1534 2308 T
1542 2291 1552 2308 1
1560 2289 1577 2309 o
1586 2302 1594 2312 ,

1415 2326 1638 2353 TiuNcuLA‚
1660 2319 1890 2354 CAPTiosus‚
1914 2319 2131 2355 Caprr‘vus,
2161 2319 2421 2357 CAP'riviTAs‚
2445 2321 2530 2351 CAva

1415 2357 1482 2390 iro,
1504 2354 1707 2391 CAPTURA,
1731 2356 1886 2385 CAPTUS.
1928 2356 1960 2386 ln
1981 2366 2109 2386 CAPiO.

1378 2393 1400 2423 C
1411 2404 1430 2422 A
1439 2403 1453 2422 Ρ
1463 2403 1480 2421 u
1492 2403 1511 2423 A
1522 2415 1530 2429 ,
1552 2403 1583 2422 ae.
1604 2393 1621 2422 f.
1642 2394 1754 2429 [Kosmou
1767 2394 1910 2431 Stephano
1926 2416 1934 2428 ,
1954 2393 2039 2424 καπύη
2051 2394 2187 2431 Ptolem]
2209 2395 2360 2426 Clarissima
2373 2396 2530 2435 Campania

1415 2431 1480 2460 urbs
1489 2452 1497 2466 ,
1522 2440 1582 2468 quae
1593 2431 1755 2461 Annibalem
1769 2433 1890 2462 victoriis
1901 2432 2054 2469 fatigatum,
2071 2433 2139 2462 luxu
2150 2441 2231 2470 atque
2241 2434 2299 2463 otio
2310 2435 2442 2471 perdidit.
2464 2435 2528 2465 Eam

1414 2470 1525 2498 Servius
1544 2470 1739 2505 grammaticus
1753 2480 1768 2498 a
1785 2469 1883 2499 Tuscis
1894 2491 1903 2505 ,
1925 2471 1971 2507 qui
1984 2480 2098 2501 omnem
2118 2473 2197 2508 pia-ne
2215 2471 2322 2501 Italiam
2342 2471 2527 2510 subjugarim,

1415 2507 1559 2537 conditam
1567 2506 1659 2536 scribit
1672 2529 1679 2542 ,
1701 2508 1776 2545 apud
1791 2508 1835 2537 Vir
1857 2530 1862 2536 .
1877 2518 1917 2536 ιο.
1932 2508 1991 2538 AEn.
2010 2518 2069 2544 145.
2091 2518 2177 2546 quum
2192 2508 2267 2538 hunc
2281 2509 2386 2539 versum
2398 2510 2527 2547 exponit,

1470 2544 1504 2574 Et
1514 2544 1620 2582 Capys:
1639 2546 1706 2574 hinc
1721 2555 1826 2575 nornen
1836 2517 1985 2583 Campanae
1996 2546 2107 2575 ducitur
2117 2546 2187 2575 urbi.
2255 2547 2328 2576 Suet.
2338 2549 2367 2576 in
2378 2548 2443 2577 Caes.
2454 2548 2526 2578 Diti.

1416 2591 1477 2619 cap.
1488 2588 1533 2616 81.
1570 2583 1661 2620 Capys
1670 2583 1824 2613 conditoris
1834 2583 1990 2620 sepulcrum
2002 2583 2102 2621 Capuae
2113 2584 2191 2613 fuisse
2203 2584 2325 2620 indicat,
2347 2586 2376 2614 in
2388 2596 2443 2623 quo
2459 2596 2474 2615 a
2484 2595 2528 2615 co-

1416 2620 1489 2649 lonis
1501 2620 1627 2649 deductis
1638 2621 1729 2649 tabula
1738 2628 1846 2659 reperta
1857 2622 1909 2650 fuit
1917 2643 1925 2657 ‚
1949 2631 2008 2659 quae
2020 2621 2116 2652 Caesari
2126 2626 2244 2652 mortem
2255 2623 2432 2654 denuntiarit.
2453 2624 2492 2653 Ad
2498 2623 2528 2654 id

1416 2660 1442 2688 ἃ
1455 2657 1583 2687 Lucanus
1595 2659 1705 2687 accedit
1718 2658 1765 2688 lib.
1779 2668 1804 2689 2.
1819 2668 1881 2695 393.

1507 2696 1616 2725 iiioenia
1638 2696 1767 2725 Dardanii
1785 2698 1876 2726 tenuit
1895 2696 2035 2734 Campana
2053 2696 2157 2726 coloni.
2239 2697 2308 2727 Plin.
2322 2698 2370 2728 lib.
2384 2707 2408 2734 3.
2429 2708 2488 2733 cap.
2501 2709 2525 2735 ςι

1414 2733 1511 2771 Capua
1531 2734 1642 2770 (inquit
1654 2735 1664 2768 )
1685 2734 1718 2762 ab
1730 2735 1880 2764 undecimo
1890 2744 1990 2778 campo
2002 2735 2084 2764 dicta.
2125 2735 2211 2772 Quod
2221 2737 2363 2772 quomodo
2374 2734 2526 2775 intelli-gen-

1416 2773 1484 2800 dum
1496 2771 1526 2800 sit
1537 2793 1545 2807 ,
1567 2772 1634 2801 inibi
1647 2771 1811 2802 Hermolaus
1819 2773 1972 2801 adnotavit.
2002 2772 2031 2801 V.
2055 2783 2072 2801 c
2082 2783 2101 2801 A
2111 2784 2132 2802 M
2141 2783 2155 2801 Ρ
2165 2783 2184 2801 A
2195 2782 2215 2801 N
2226 2784 2234 2801 i
2245 2783 2264 2801 A
2279 2776 2304 2803 S<
2322 2784 2339 2803 c
2350 2784 2369 2802 A
2377 2785 2400 2802 M
2409 2784 2423 2802 Ρ
2432 2785 2450 2803 A
2461 2784 2480 2804 N
2488 2783 2525 2803 us

1413 2805 1502 2847 supra.
1546 2808 1585 2838 De
1596 2809 1723 2838 laudibus
1732 2810 1808 2839 urbis
1820 2810 1922 2848 Capuae
1936 2809 2023 2839 multa
2031 2809 2106 2848 apud
2122 2811 2287 2841 Ciceronem
2297 2812 2327 2840 in
2341 2812 2464 2842 oratione
2476 2812 2526 2850 pri—

1413 2857 1459 2876 ma
1470 2852 1566 2876 contra
1579 2846 1701 2877 Rullum.

1413 2885 1511 2922 ‘Capua
1522 2884 1606 2914 altera
1617 2885 1714 2914 Roma.
1755 2884 1813 2914 Cic.
1829 2895 1871 2915 12.
1894 2884 2012 2923 Philipp.
2025 2893 2050 2921 7.
2080 2885 2232 2916 Consilium
2248 2886 2303 2916 hoc
2319 2886 2414 2925 Capua
2431 2886 2525 2926 probae

1435 2923 1475 2951 bit
1487 2944 1495 2958 ‚
1517 2932 1577 2958 quae
1586 2923 1757 2960 temporibus
1767 2923 1809 2952 his
1820 2922 1908 2952 Roma
1920 2924 2003 2953 altera
2010 2924 2056 2952 est.

1413 2959 1499 2990 Dives
1509 2960 1612 2997 Capua.
1638 2962 1706 2998 Virg.
1718 2970 1744 2990 2.
1762 2961 1859 2998 Georg.
1873 2970 1937 2998 224.

1506 2998 1604 3027 Talem
1618 2997 1694 3027 dives
1705 3002 1761 3028 arat
1772 2998 1874 3036 Capua.

1376 3037 1399 3066 C
1410 3047 1428 3065 A
1437 3047 1451 3065 Ρ
1460 3047 1477 3065 υ
1487 3046 1504 3065 A
1515 3046 1533 3065 N
1547 3047 1563 3065 u
1572 3046 1585 3065 s
1594 3058 1602 3070 ‚
1622 3046 1636 3065 a
1645 3058 1653 3071 ,
1675 3046 1730 3065 um.
1751 3037 1767 3072 [
1778 3033 1928 3071 καπυοινὲε]
1948 3036 2113 3073 Stephanus.
2135 3035 2166 3065 V.
2187 3037 2223 3066 ad
2235 3040 2298 3067 eum
2309 3041 2368 3066 not.
2381 3037 2520 3067 Holstenii·.

1414 3074 1484 3104 Ur'os
1494 3075 1634 3111 Capuana.
1666 3074 1737 3111 Virg.
1755 3085 1794 3103 io.
1810 3074 1871 3104 AEn.
1891 3084 1951 3109 ¹45·
1969 3076 1994 3104 &
2005 3075 2069 3104 Not.
2082 3075 2157 3103 Serv.

1412 3113 1504 3142 lmmo
1523 3113 1681 3149 Campanus
1693 3134 1701 3146 ,
1722 3121 1780 3140 non
1797 3113 1944 3149 Capuanus
1954 3133 1962 3146 ,
1984 3123 1999 3141 a
2019 3112 2113 3150 Capua
2123 3134 2130 3147 ,
2152 3112 2243 3149 inquit
2265 3112 2347 3142 Varro
2361 3134 2369 3147 ,
2388 3113 2471 3150 atque
2488 3112 2524 3141 ita

1431 3158 1570 3180 enarrator
1583 3150 1688 3178 Horatii
1709 3150 1767 3186 (qui
1782 3150 1864 3182 vulgo
1877 3150 2101 3185 Commentator)
2120 3150 2263 3187 Campano
2278 3150 2352 3188 apud
2367 3150 2522 3185 Horatium,

1636 2280 1869 2316 CAPTATOR‚
1910 2280 2211 2317 CAPTATossius‚
2244 2282 2416 2319 CAPTro,
2448 2283 2530 2313 CA?-

1431 3186 1511 3217 Ponti
1522 3188 1682 3224 Campano,
1704 3187 1733 3216 id
1744 3188 1781 3216 est
1790 3186 1933 3223 Capuensi.
1958 3187 2036 3216 ldem
2051 3188 2080 3216 in
2091 3187 2176 3217 alium
2188 3188 2296 3222 locum,
2318 3189 2413 3225 Capua
2433 3188 2524 3218 civitas·
2554 3211 2555 3217 .

1430 3226 1469 3255 eii
1481 3227 1551 3254 inter
1565 3226 1679 3254 Romam
1692 3225 1738 3254 sita
1748 3226 1773 3254 s>
1786 3225 1974 3254 Beneventum
1984 3247 1991 3259 ,
2012 3235 2027 3254 a
2037 3235 2091 3262 qua
2106 3226 2257 3263 Campania
2268 3227 2342 3263 regio
2355 3227 2428 3256 dieta
2439 3226 2482 3255 est.
2493 3234 2520 3263 pb

1431 3269 1494 3297 288.
1519 3263 1552 3292 Η.
1566 3266 1603 3292 St.
1626 3263 1656 3292 V.
1682 3263 1754 3292 Varr.
1767 3262 1802 3291 de
1814 3262 1841 3291 L.
1854 3262 1883 3291 L.
1896 3273 1920 3298 9.
1946 3273 1974 3300 p.
1991 3268 2050 3297 ¹²8·
2066 3263 2110 3293 ed.
2131 3269 2192 3293 tert.
2205 3264 2298 3301 Stepli.
2486 3263 2491 3268 “

1433 3301 1497 3330 Hor.
1509 3302 1563 3329 Sat.
1583 3311 1605 3329 i.
1620 3311 1643 3335 ς.
1656 3311 1701 3335 4ς.
1714 3300 1781 3329 alter
1793 3300 1880 3336 Epod.
1899 3304 1941 3329 16.
1956 3311 1978 3334 ς.

1373 3338 1396 3369 C
1406 3349 1422 3367 A
1433 3349 1447 3367 Ρ
1460 3349 1476 3368 υ
1489 3348 1528 3367 RN
1539 3348 1588 3367 sis
1601 3360 1609 3373 ‚
1624 3348 1647 3367 e.
1670 3338 1756 3367 Idem.
1781 3337 1904 3373 inscript.
1920 3345 1972 3367 vet.
1985 3336 2060 3376 apud
2070 3338 2147 3368 Grut.
2161 3348 2188 3376 p.
2203 3348 2266 3374 459.
2283 3346 2309 3367 n.
2323 3348 2345 3368 1.
2357 3336 2521 3376 &Sponium
2550 3334 2553 3347 ‘¹

1412 3376 1489 3406 misc.
1502 3377 1583 3405 Erud.
1600 3376 1689 3411 Antiq.
1702 3386 1728 3413 p.
1745 3379 1805 3404 160.
1835 3375 1941 3405 ORDO
1964 3375 2163 3405 CAPVENSIS.
2201 3376 2273 3405 conf.
2288 3376 2379 3405 Scliol.
2391 3377 2457 3406 Hor.
2469 3375 2520 3404 l.‘c.
2550 3390 2552 3404 ;

1373 3411 1396 3444 C
1406 3418 1423 3442 A
1435 3424 1448 3442 Ρ
1461 3417 1474 3443 o
1486 3425 1500 3442 L
1511 3424 1529 3442 A
1543 3436 1551 3449 ,
1572 3423 1601 3442 ae.
1625 3414 1642 3443 f.
1668 3413 1826 3449 [ὁινόχυμφ]
1848 3413 1898 3442 Vas
1907 3414 2057 3449 vinarium,
2079 3423 2134 3450 quo
2144 3420 2249 3443 veteres
2264 3413 2412 3443 utebantur
2422 3436 2429 3449 ,
2451 3408 2520 3450 quod
2545 3387 2551 3465 l

1410 3450 1492 3481 sicile
1515 3452 1577 3489 capi
1593 3451 1689 3489 posset.
1712 3448 1794 3479 Varro
1809 3451 1844 3479 de
1867 3449 1894 3479 L.
1908 3450 1934 3479 L.
1954 3451 2000 3480 lib.
2015 3463 2042 3486 4.
2064 3451 2165 3489 Capis,
2187 3453 2213 3481 ὅ(
2232 3452 2353 3481 minores
2369 3451 2486 3489 capulae,
2505 3458 2521 3478 a
2544 3470 2548 3520 Ι

1411 3490 1555 3526 Cupi-:ndo
1566 3490 1755 3523 nominantur,
1767 3488 1843 3525 quod
1853 3487 1952 3517 ansatae
1963 3489 2029 3523 sint,
2051 3490 2077 3518 ἃ
2089 3489 2225 3526 prehendi
2235 3489 2348 3526 possint,
2370 3488 2443 3518 idest
2452 3487 2518 3526 capi.

1373 3527 1395 3556 C
1407 3538 1425 3555 A
1434 3530 1540 3562 puLo,
1562 3531 1615 3556 are.
1638 3527 1708 3556 Cato
1717 3535 1777 3562 cap.
1792 3529 1836 3561 67.
1860 3525 1944 3561 Ligna
1962 3526 1990 3555 in
2010 3527 2159 3556 torculario
2175 3536 2211 3555 ne
2229 3527 2324 3556 caedat.
2355 3525 2455 3556 Oleum
2471 3525 2519 3555 fre·
2548 3553 2549 3556 ,

1411 3573 1526 3601 quenter
1536 3564 1656 3602 capulet.
1685 3564 1736 3593 Alii
1750 3564 1862 3601 legunt,
1885 3563 2007 3600 Lignain
2018 3563 2166 3594 torculario
2177 3573 2213 3594 ne
2223 3564 2340 3594 caedant.
2363 3562 2520 3594 Oleumfre-
2548 3571 2549 3597 1

1411 3610 1527 3639 quenter
1537 3603 1657 3640 capiant.
1700 3601 1774 3631 Hinc
1787 3608 1881 3630 tamen
2543 3607 2545 3635 g

1372 3640 1394 3669 C
1408 3651 1424 3669 A
1437 3651 1451 3668 Ρ
1460 3651 1476 3668 u
1488 3653 1503 3668 L
1512 3644 1528 3669 λ’
1541 3650 1584 3668 το
1596 3651 1610 3668 a
1621 3662 1628 3673 ,
1652 3640 1715 3668 oris.
1737 3649 1773 3668 m.
1797 3638 1852 3674 Qui
1863 3638 1969 3675 capulis
1977 3638 2070 3668 oleum
2080 3638 2182 3676 deplet.
2206 3638 2342 3668 Columel.
2353 3638 2401 3668 lib.
2410 3647 2448 3667 η.
2460 3642 2516 3675 c‘ap.
2542 3648 2544 3670 i

1413 3686 1456 3712 50.
1478 3678 1563 3714 Quod
1574 3677 1677 3707 deinde
1690 3678 1812 3714 primum
1822 3676 1968 3705 defluxerit
1985 3677 2014 3705 in
2027 3677 2179 3706 rotundum
2198 3676 2306 3705 labrum
2325 3680 2410 3711 (nam
2427 3676 2455 3704 id
2465 3683 2517 3703 me-

1410 3715 1463 3744 lius
1472 3718 1509 3744 est
1520 3725 1601 3752 quain
1613 3715 1776 3753 plumbeum
1787 3714 1949 3750 quadratum
1960 3736 1967 3748 ,
1990 3714 2035 3743 vel
2043 3714 2162 3744 structile
2173 3713 2303 3751 gemellai·
2314 3715 2325 3749 )
2346 3714 2469 3751 protinus
2478 3720 2518 3741 ca·
2546 3738 2547 3743 ,

1410 3753 1520 3789 pulator
1538 3753 1670 3790 depleat,
1693 3754 1718 3781 ἃ
1735 3754 1763 3781 in
1777 3751 1869 3793 fictilia
1887 3751 1962 3780 labra
1979 3752 2045 3781 huic
2059 3752 2118 3781 usui
2139 3757 2289 3789 praeparata
2310 3752 2452 3782 defundat.
2486 3747 2518 3779 Et

1411 3790 1479 3819 Cato
1490 3800 1548 3827 cap.
1563 3795 1607 3819 66.
1630 3790 1801 3828 Capulatoris
1811 3789 1900 3818 osticia
1913 3788 2050 3818 describit.

1372 3826 1394 3856 C
1406 3837 1422 3855 A
1432 3837 1447 3855 Ρ
1458 3837 1476 3855 υ
1486 3839 1518 3856 Li
1529 3837 1546 3856 c
1556 3838 1573 3856 u
1584 3839 1604 3856 M
1614 3850 1621 3862 ,
1644 3829 1661 3856 i.
1676 3838 1702 3857 ri.
1725 3828 1818 3857 Genus
1829 3826 1904 3855 navis
1916 3827 1990 3863 apud
2001 3826 2073 3856 Gell.
2087 3825 2135 3855 lib.
2151 3836 2192 3855 ιο.
2203 3835 2264 3863 cap.
2276 3833 2320 3861 25.

1372 3864 1418 3894 CA
1432 3866 1470 3893 Ρῦ
1482 3874 1544 3893 Lus
1556 3886 1564 3899 ‚
1586 3865 1629 3894 vel
1650 3866 1671 3894 C
1683 3874 1851 3896 AruLuM,
1871 3864 1888 3892 i.
1915 3863 2020 3900 [λοιέὴ,
2040 3864 2128 3898 κώπη]
2148 3873 2164 3893 a
2185 3862 2329 3902 Capiendo
2344 3863 2463 3898 distumss

1408 3901 1588 3933 Manubri'um
1598 3903 1691 3941 gladii.
1716 3902 1787 3940 Virg.
1798 3911 1822 3933 2.
1837 3900 1899 3932 AEn.
1914 3904 1975 3937 55⁶·

2482 3813 2542 3907 ...i

2342 3262 2432 3293 Locus
2452 3265 2524 3301 pri'ol·
2551 3290 2554 3307 z

1870 580 1968 609 dimin.
1992 579 2060 610 Plin.
2074 580 2121 609 lib.
2135 589 2177 617 30.
2189 590 2250 618 cap.
2267 590 2308 610 11.
2326 580 2540 612 Stellmnemin.
2586 594 2588 600 >

2586 2398 2604 2466 ab».
2591 2371 2595 2375 ⁹
2587 2286 2604 2354 flffi'
2586 2218 2604 2266 Lx
2585 2107 2604 2180 ‘Ji-a

2558 2589 2565 2676 -.ᾼ-ῩΪ
2559 2500 2565 2576 ..Ὗᾼ-
2560 2472 2567 2493 ,ρ
2562 2444 2567 2463 ἢ
2562 2397 2567 2437 *CL

2585 2471 2604 2504 ἰ,

2573 2819 2604 3107 ted-“22²³
2580 2587 2604 2812 fnim-*iaeff-
2582 2510 2604 2580 ‘mss-a:

2582 3498 2588 3514 l

2584 3529 2604 3562 iq

2580 3563 2604 3596 iu

2600 3598 2604 3610 ὲ

2601 3503 2604 3524 ἡ
2580 3420 2604 3476 52²?-
2580 3345 2597 3403 ..Lza
2580 3111 2604 3306 4232*ss-

2584 3647 2594 3664 ³
2602 3658 2604 3674 i

2542 3674 2543 3688 i
2580 3683 2587 3686 -
2602 3678 2604 3687 i

2597 3815 2599 3824 r

2597 3830 2603 3839 ι.

2576 3879 2577 3882 =
2582 3876 2586 3886 ι

2379 3932 2515 3973 —capule
2538 3915 2543 3971 i
2595 3960 2597 3971 ,

2595 3972 2604 3994 t:
