2667 4145
193 81 241 118 28
650 69 678 103 A
776 65 805 100 C
906 64 934 97 C

235 154 287 185 Ira.
317 155 382 184 Sen.
399 153 427 182 in
438 152 548 182 Medea.
564 160 586 180 1.
603 160 645 179 11.

237 193 315 223 Telis
326 199 457 229 tanquam
467 191 495 219 in
507 190 604 218 aciem.
635 187 724 218 Tacit.
740 184 787 214 lib.
804 193 845 212 11.
863 187 908 224 28.
1065 213 1070 218 ¹

201 232 247 262 Ac
256 241 290 261 ci
301 241 319 259 Ν
328 239 395 259 cro
406 239 417 257 s
428 251 435 261 ,
463 228 558 256 Partic.
591 224 829 261 [ὢεσκώκσμένῷ.
839 240 847 252 ,
869 215 1000 254 sugente-2]
1033 212 1100 241 Plin.
1118 211 1218 247 Paneg.
1239 217 1299 245 cap.
1313 216 1358 236 20.

241 269 281 298 Ad
298 269 351 297 hoc
369 266 516 296 comitatus
527 286 534 299 ‚
561 263 719 293 accincius.
741 262 767 289 δε
778 267 885 297 parens.
917 255 976 283 Vet.
991 249 1074 281 Gloss.
1093 248 1221 285 ευζωνΘν,
1241 246 1362 284 Expedi-

241 313 293 335 tus.
315 315 407 341 comp.
426 302 524 331 Auson.
542 302 571 329 in
585 301 658 329 Grat.
672 298 795 328 actione.
813 306 839 333 p.
853 296 916 331 726.

243 344 388 373 Accinc‘tus
401 340 470 369 ensis
483 339 569 368 lateri.
598 339 665 367 Stat.
682 347 702 365 1.
723 334 813 364 Theb.
828 335 872 366 86.

242 382 388 411 Accinchis
402 377 520 414 flagello.
551 376 623 413 virg.
637 379 662 403 6.
678 373 739 404 1Εο.
753 381 815 415 570.

243 419 357 448 Animus
368 418 396 444 in
408 424 522 451 magnos
534 413 605 442 usus.
636 413 702 441 Stat.
717 421 742 441 4.
762 408 833 444 Sylv-
847 416 873 441 4.
893 413 934 431 10·

243 456 389 486 Acciiictus
404 453 492 482 studio
507 451 692 489 popularium.
723 447 811 476 Tacit.
825 443 871 471 lib.
888 450 930 469 12.
945 450 996 483 Ἰ,1.4.

204 494 326 524 Acch
336 502 352 520 0
363 513 370 526 ,
389 491 411 519 is
421 512 429 525 ‚
451 490 478 518 ui
489 511 496 523 ,
518 495 615 517 entum
626 510 633 523 ‚
661 476 823 522 [waniba]
844 489 897 508 ere.
933 477 974 506 Lx
985 475 1063 505 Ad&
1079 474 1157 504 Cano
1167 471 1362 509 compositum,

245 531 324 563 cuius
340 528 450 557 nullum
466 526 627 565 exemplum
639 522 758 553 occurrit
771 518 851 548 nobis
863 526 898 545 cx
914 514 1095 545 authoribus:
1125 512 1158 542 ab
1173 521 1207 541 eo
1221 518 1315 539 tamen
1333 508 1365 537 fit

242 569 388 597 Accentus.
1036 589 1040 594 ,
1150 588 1155 592 ,
1285 586 1290 591 ,

206 606 422 638 1166130103,
452 603 490 631 i'is.
519 611 556 630 m.
587 594 761 635 [munilia]
790 592 907 622 Verbale
927 590 961 620 ab
978 591 1091 619 Accino.
1120 587 1252 617 Diomed.
1272 585 1319 615 lib.
1337 594 1363 613 2.

244 644 401 676 Accentiis,
430 640 467 668 est
489 645 575 667 acutae
589 659 596 671 ,
629 635 671 664 vel
691 633 796 670 gravis,
830 629 875 660 vel
895 629 1004 658 inflexae
1025 627 1109 655 elatio
1132 625 1264 654 orationis
1278 647 1285 660 ,
1318 633 1366 651 vo-

245 682 320 710 cisve
339 677 455 707 intensio
469 676 511 705 vel
528 673 689 705 inclinatio,
719 678 767 699 aut
785 668 916 698 inflexio.
947 666 1014 695 sono
1034 673 1131 701 regens
1154 662 1243 692 verba.
1292 661 1367 704 Nam

244 724 277 747 ut
290 716 366 746 nulla
378 724 433 744 vox
448 714 502 742 sine
513 712 600 741 vocali
612 733 620 745 ,
641 711 679 738 ita
694 708 749 737 sine
766 712 884 736 accentu
896 704 973 734 nulla
987 704 1042 732 est:
1075 703 1101 731 ἃ
1115 701 1153 730 est
1164 706 1295 730 accentus
1316 704 1367 734 tut

244 755 376 786 Martian.
397 751 508 789 Capella
526 750 597 778 recte
612 747 727 785 putavit.
748 745 796 775 lib.
816 745 864 782 3.)
892 743 969 772 velut
988 741 1079 770 anima
1095 739 1180 768 vocis.
1220 738 1366 771 Accentus,

247 792 360 830 quidam
382 789 484 826 fastigia
505 791 693 820 vocaverunt,
725 783 800 821 quod
821 781 958 820 capitibus
979 779 1121 820 literarum
1141 782 1364 819 apponerentur:

246 831 292 860 alii
303 836 411 858 tenores
423 826 466 855 vel
482 832 563 853 tonos
577 822 736 861 appellant:
761 820 891 850 nonnulli
908 818 1054 848 cacumina
1067 815 1185 857 diffinire
1199 813 1364 855 maluerunt.

246 868 318 898 Sunt
337 872 429 894 autem
443 870 497 892 tres
507 885 515 897 ‚
542 862 647 891 Acutus
657 859 680 896 ¹,
707 860 802 889 Gravis
813 856 818 867 “
829 881 838 894 ,
860 860 886 887 ὃς
900 857 947 894 qui
962 865 996 884 ex
1009 853 1119 883 duobus
1130 853 1217 894 sactus
1231 851 1269 879 est
1279 872 1299 893 ,Ι
1310 850 1367 878 Cir-

246 902 434 937 cumliexus.
492 900 522 929 V.
544 899 675 929 Diomed.
697 897 744 927 lib.
763 907 787 926 2.
810 897 845 925 de
861 893 1037 925 Accentibus.
1089 891 1131 920 De
1151 888 1250 932 quibus
1271 887 1367 931 Libros

246 950 361 978 magnos
374 938 502 976 scripsisse
516 938 535 967 A
560 937 699 966 ollonium
714 937 739 965 ἐξ
758 934 950 964 Herodianum
968 932 1040 960 iuter
1058 929 1184 962 Graecos.
1211 934 1282 969 inter
1297 925 1369 969 Lati-

246 989 298 1009 nos
319 977 520 1011 Censorinum,
567 975 696 1004 riscianus
715 974 846 1007 testatur,
867 971 914 1000 lib.
934 980 975 1005 15.
1014 968 1081 997 Haec
1097 965 1152 996 ille.
1175 963 1297 1007 Quintilz
1317 963 1365 993 lib.

248 1027 273 1046 1.
290 1026 350 1053 cap.
366 1025 407 1044 10.
446 1014 544 1043 Adhuc
561 1012 700 1042 difficilior
718 1010 871 1040 observatio
889 1009 927 1038 est
944 1012 1141 1049 perrenores,
1164 1012 1233 1040 quos
1252 1002 1367 1044 quidem

245 1054 280 1084 ab
301 1052 428 1090 Antiqiiis
447 1052 536 1081 didos
556 1060 669 1080 tonores
690 1049 836 1086 comperi,
869 1054 899 1076 ut
918 1044 1051 1074 videlicet
1070 1041 1210 1085 declinato
1230 1050 1245 1069 a
1265 1039 1367 1069 Graecis

244 1091 330 1122 verbo
342 1113 350 1127 ,
378 1090 425 1128 qui
439 1096 521 1118 tonos
536 1089 651 1123 dicunt,
675 1087 720 1117 vel
734 1092 864 1116 accentus
875 1107 884 1120 ,
912 1093 978 1120 quas
996 1081 1084 1110 Graeci
1102 1074 1240 1122 wee'irqellac
1253 1083 1366 1112 vocant,

242 1139 311 1162 cum
329 1136 410 1158 acuta
424 1129 450 1157 &
465 1128 552 1165 gravis
570 1127 623 1156 alia
639 1136 690 1164 pro
711 1124 763 1154 alia
780 1123 901 1162 ponitur.
950 1121 1104 1149 Accentum
1123 1117 1181 1146 Cic.
1201 1115 1300 1144 sonum
1320 1124 1368 1143 vo-

246 1169 285 1197 cis
302 1166 423 1205 appellat
437 1166 465 1194 in
481 1165 557 1194 Orat.
581 1175 604 1193 1.
628 1174 670 1199 17.
716 1163 789 1192 Mira
807 1161 844 1190 est
863 1160 939 1189 enim
963 1156 1097 1201 (inquit)
1123 1154 1250 1191 quaedam
1270 1159 1368 1195 natura

243 1205 321 1235 vocis
331 1227 339 1240 ‚
360 1204 439 1239 cujus
458 1203 571 1240 quidem
584 1213 599 1232 e
615 1202 702 1231 tribus
714 1200 830 1229 omnino
846 1198 919 1227 sonis
930 1219 938 1231 ,
967 1195 1073 1236 inflexo
1084 1215 1091 1229 ,
1113 1199 1194 1222 acuto
1205 1214 1213 1227 ,
1241 1193 1267 1220 a*
1283 1200 1366 1228 graVi,

243 1249 322 1272 tanta
338 1242 369 1271 sit
380 1264 388 1277 ,
417 1242 443 1271 Sc
457 1247 514 1270 tam
528 1240 615 1269 suavis
631 1239 762 1272 varietas,
784 1236 905 1275 perfefta
920 1235 951 1262 in
970 1231 1106 1261 cantibus.
1149 1230 1209 1259 Hac
1225 1239 1294 1258 voce
1311 1238 1368 1257 ma<

243 1282 285 1319 gis
304 1279 416 1318 proprie
436 1279 546 1308 videtur
570 1277 728 1307 Ammianus
747 1275 810 1304 usus
833 1277 874 1303 16.
899 1282 941 1301 12.
971 1270 1125 1299 secundum
1142 1267 1287 1297 Valesium.
1319 1271 1367 1295 aut

243 1329 304 1357 cap.
325 1328 368 1353 29.
390 1317 463 1346 Edit.
478 1316 586 1345 Gruter.
623 1315 812 1344 Ahenatorum
828 1316 946 1341 accentu
963 1308 1039 1346 signo
1058 1307 1132 1336 dato.
1172 1305 1213 1335 Ita
1229 1303 1366 1333 Valesius:

242 1364 271 1386 at
285 1357 415 1386 Occentu
427 1354 645 1391 Lindebiogiiis..

242 1396 398 1427 Accentus,
419 1392 617 1429 metaphorice.
650 1390 758 1419 Lucret.
778 1388 825 1417 lib.
841 1399 865 1424 5.
882 1389 946 1424 746.
970 1422 976 1428 ,

321 1431 449 1460 Tandem
464 1430 560 1459 bruma
574 1429 650 1458 nives
662 1428 758 1462 affert,
778 1427 944 1464 pigrumque
956 1430 1079 1464 rigorem·

320 1469 441 1503 Reddit,
463 1467 559 1505 hyems
573 1467 693 1504 sequitur
705 1465 842 1502 crepitans
854 1460 1014 1492 accentibus
1027 1459 1090 1501 aigi.
1187 1494 1193 1500 .
1315 1487 1322 1501 ι

205 1509 551 1541 AccENTmNCULA,
574 1515 604 1533 ae.
627 1504 784 1532 diminutiv.
820 1500 892 1531 Gell.
913 1509 954 1535 13.
978 1502 1003 1527 6.
1026 1497 1116 1530 dixit,
1148 1504 1195 1532 qui
1215 1490 1367 1526 ωεεσωῶοις,

243 1547 282 1575 ita
293 1544 445 1583 appellatas
460 1553 475 1572 a
485 1542 630 1572 Veteribus
641 1564 649 1577 ,
670 1542 769 1570 itidem
780 1544 923 1568 memorat.

204 1585 337 1618 Accio,
359 1583 399 1617 is,
419 1582 475 1614 ivi,
495 1583 585 1615 Trum,
608 1580 797 1616 [mormiffi
816 1575 952 1609 ὠκημλέω]
978 1574 1026 1602 ire.
1057 1569 1218 1605 Accessere,
1240 1578 1364 1598 evocare.

243 1621 325 1651 Unde
346 1620 425 1649 acciti
441 1618 494 1648 effe
515 1619 666 1652 dicuntur,
696 1617 743 1654 qui
763 1625 812 1654 per
834 1613 965 1644 nuntium
982 1609 1089 1654 evocati
1109 1608 1181 1652 sunt.
1212 1606 1271 1650 Liy.
1287 1617 1309 1636 1.
1331 1606 1367 1636 ab

241 1659 316 1688 Urbe
325 1681 333 1694 ,
357 1657 507 1687 Ludicrum
519 1656 571 1685 fuit
579 1679 586 1691 ‚
608 1655 672 1693 equi
683 1654 846 1693 pugilesque
857 1661 893 1681 ex
902 1651 1031 1681 Hetruria
1041 1656 1162 1677 maxime
1173 1651 1264 1676 acciti.

239 1697 336 1727 Accire
348 1704 470 1734 peregre.
501 1694 559 1723 Liv.
571 1704 596 1723 2.
611 1699 636 1723 6.
666 1693 699 1722 In
718 1702 753 1721 Pr.
762 1702 778 1720 R
789 1702 801 1720 e
811 1701 828 1719 c,
838 1700 886 1719 RF.
1088 1722 1094 1728 θ

239 1734 353 1765 Pueros.
384 1733 441 1762 Cic.
457 1743 480 1768 5.
495 1732 548 1761 Att.
561 1738 605 1765 88.
645 1731 691 1760 Tu
703 1731 789 1760 invita
800 1727 948 1760 mulieres.
970 1735 1022 1763 ego
1036 1731 1162 1765 accivere
1174 1730 1286 1760 pueros.

239 1772 336 1802 Accire
347 1772 384 1800 in.
415 1770 472 1800 Liv.
489 1780 511 1799 1.
529 1770 562 1799 ab
574 1769 647 1799 Urbe
661 1774 722 1804 158.
763 1767 798 1797 Et
809 1767 932 1796 Numam
946 1765 1072 1800 ignarum
1082 1761 1156 1789 urbis
1166 1782 1174 1795 ,
1196 1769 1254 1788 non
1271 1763 1369 1797 peten-

261 1816 318 1839 tem
328 1832 336 1845 ,
356 1810 385 1838 in
397 1818 513 1846 regni-im
525 1807 597 1837 ultro
609 1808 739 1836 accitum.
774 1805 806 1835 Id
817 1804 856 1834 est
865 1826 873 1840 ,
894 1802 973 1835 Ultro
985 1811 1000 1830 a
1010 1799 1092 1841 plebe
1104 1805 1260 1827 evocatum.
1280 1835 1285 1840 .
1347 1834 1353 1839 .

240 1848 338 1879 Accire
355 1857 405 1885 per
415 1846 614 1883 metaphoram.
643 1845 700 1874 Cic.
717 1855 739 1880 5.
759 1844 794 1872 de
808 1843 867 1873 Fin.
885 1845 944 1870 160.
988 1839 1045 1875 Qui
1059 1838 1085 1866 16
1099 1837 1220 1865 fatentur
1231 1857 1238 1869 ,
1260 1840 1368 1877 virtutis

260 1885 357 1921 causa,
379 1885 427 1914 nisi
444 1894 476 1913 ea
487 1883 660 1921 voluptatem
678 1883 796 1917 acciret,
820 1890 857 1910 ne
871 1887 987 1908 manum
1006 1875 1120 1914 quidem
1136 1872 1260 1903 versuros
1279 1871 1366 1902 fuiffe.

261 1924 385 1958 Adciret,
407 1923 435 1951 id
449 1922 503 1957 est,
525 1922 658 1951 Adferret.
1227 1948 1233 1953 ,
1268 1948 1274 1954 ‚

241 1962 338 1993 Accire
349 1960 480 1990 absolute.
510 1960 567 1989 Cic.
582 1961 636 1989 Att.
653 1958 701 1988 lib.
717 1967 758 1994 13.
775 1963 822 1994 48.
845 1954 902 1993 (al.
915 1954 983 1991 47.)
1011 1952 1037 1982 Is
1047 1952 1129 1989 igitur
1140 1948 1159 1978 si
1175 1954 1304 1984 accierit,
1326 1957 1371 1977 ac-

262 2009 378 2028 curram.
420 1997 526 2034 [Casus
543 1997 766 2034 subintelligitur.
1077 2026 1082 2032 ,
1295 2023 1300 2029 ,

242 2038 331 2068 Acciri
348 2037 473 2074 properis
492 2035 586 2065 literis.
618 2035 708 2064 Tacit.
726 2045 747 2063 1.
768 2035 839 2062 Ann.
855 2041 899 2068 54.
935 2028 1059 2058 Vixdum
1075 2024 1208 2063 ingressus
1226 2022 1370 2061 Illyricum

262 2075 391 2105 Tiberius
401 2096 409 2110 ,
431 2074 554 2111 properis
566 2074 658 2102 matris
668 2073 754 2102 literis
765 2071 878 2100 accitur.
1341 2099 1347 2105 ι

205 2114 370 2146 Accirus
381 2134 388 2148 ,
417 2111 513 2141 Partic.
546 2110 813 2147 [waszznfaezv&]
841 2106 992 2137 Accersitus
1004 2126 1012 2140 ,
1042 2106 1166 2132 vocatus.
1212 2098 1318 2130 Sallust.
1339 2108 1370 2128 in

242 2150 370 2188 Jugurth.
386 2160 446 2187 cap.
461 2159 521 2179 102.
564 2149 648 2178 Acciti
661 2149 746 2177 ibant.
777 2147 849 2183 Virg.
867 2145 929 2175 ffin.
944 2153 1006 2180 235.
1025 2142 1051 2171 ἃ
1064 2146 1126 2178 308.

321 2188 406 2225 Spem
424 2187 528 2225 siquam
543 2187 638 2216 accitis
655 2186 781 2216 ffitoluin
796 2183 926 2213 habuistis
940 2183 970 2211 in
982 2189 1072 2209 armis.

243 2226 298 2256 Ubi
309 2226 383 2255 Serv.
409 2225 527 2259 Accitis,
547 2224 692 2260 Evocatis,
712 2222 863 2258 Adjunclis.

245 2264 340 2294 Accita
350 2262 462 2292 Vitellio
473 2262 592 2297 auxilia,
612 2272 680 2300 pro,
702 2272 717 2290 a
727 2260 848 2290 Vitellio.
877 2257 967 2288 Tacit.
981 2256 1030 2285 lib.
1045 2264 1087 2291 13.
1104 2259 1148 2290 38.

207 2302 392 2336 Α66ῑτο3,
414 2303 452 2330 iis,
467 2299 600 2329 ‘Verbale
625 2296 817 2336 [adamus]
843 2295 1006 2326 Advocatio.
1037 2293 1109 2329 Virg.
1125 2302 1147 2321 1.
1165 2289 1227 2320 ΖΕΗ.
1240 2293 1304 2326 677.

322 2339 425 2376 Regius
439 2339 528 2367 accitu
544 2338 618 2367 chari
637 2337 768 2375 genitoris
778 2336 818 2370 ¹ad
830 2334 928 2364 urbem

323 2377 467 2406 Sidoniam
483 2386 552 2414 puer
567 2377 607 2405 ire
623 2381 709 2413 parat.

246 2415 304 2444 Cic.
320 2426 343 2450 5.
362 2414 436 2443 Verr.
451 2418 492 2450 56.
527 2414 561 2443 Et
573 2414 696 2451 quinque
707 2412 789 2450 primi
801 2409 891 2440 accitu
905 2407 980 2447 istius
992 2412 1152 2437 evocantur.

208 2453 444 2487 Accirnnus,
472 2452 568 2481 Partic.
596 2451 662 2489 pass.
697 2444 922 2487 [ω-εεηλητέῶψ]
963 2447 1020 2476 Cic.
1045 2446 1079 2475 06
1098 2443 1192 2481 Arusp.
1219 2441 1300 2480 Resp.
1322 2450 1367 2478 23.

247 2490 390 2528 Aruspices
400 2490 548 2519 acciendos
560 2499 594 2518 ex
606 2489 734 2519 Hetruria
744 2494 912 2526 putaremus.

209 2529 256 2559 Ac
266 2531 353 2557 ci'ro
363 2550 370 2563 ,
391 2528 451 2562 avi,
474 2527 693 2563 [παπαλὲμοᾳ]
714 2536 766 2555 are.
788 2525 956 2561 Frequenter
965 2522 1062 2551 accire.
1084 2520 1193 2550 Lucret.
1203 2518 1252 2549 lib.
1266 2529 1290 2555 5.
1303 2529 1367 2555 945.

321 2565 359 2594 Ut
372 2575 448 2594 nunc
462 2564 604 2594 montibus
618 2575 633 2594 e
649 2564 754 2600 magnis
770 2561 899 2592 decursus
913 2563 993 2598 aquai

322 2603 427 2633 Clarioi·
443 2603 542 2632 accitat
557 2602 674 2632 sitientia
688 2601 759 2630 secla
773 2601 900 2630 ferarum.

246 2640 279 2671 Id
296 2641 351 2676 est,
380 2640 488 2677 Allicit,
518 2641 633 2676 invitat,
664 2638 815 2673 evocatad
834 2638 906 2669 sitim
927 2635 1104 2675 explendam.
1144 2633 1233 2672 Vulgo
1252 2632 1368 2671 legitur,

247 2679 389 2708 Claricitat
402 2678 467 2708 late.

208 2717 451 2746 ACC1PENSER.
476 2715 508 2745 V.
529 2725 744 2745 ACIPENSER.

208 2755 255 2784 AC
264 2765 280 2784 C
289 2756 322 2784 i‘P
330 2766 339 2783 1
347 2765 363 2783 0
374 2777 382 2790 ,
404 2754 449 2792 &pl
460 2776 467 2789 ‚
488 2759 586 2791 eptllnl
595 2775 603 2789 ,
630 2750 751 2789 [dfxipeaq
761 2771 768 2782 ,
790 2749 910 2786 &aenaim
921 2771 928 2782 ,
948 2746 1132 2783 σιξοσλοιμζάνω
1142 2765 1150 2778 ,
1179 2743 1371 2783 oreon-stygin]

246 2802 300 2822 ere.
331 2802 366 2821 ex
382 2792 423 2822 Ad
437 2793 463 2821 Sc
477 2791 572 2829 Capio.
605 2791 724 2828 Quintil.
740 2789 787 2819 lib.
799 2799 823 2818 2.
845 2799 904 2826 cap.
917 2799 942 2823 9.
982 2787 1025 2816 Ita
1042 2785 1201 2823 eloquentia
1217 2784 1371 2814 coalescere

245 2829 429 2898 nquipfisnisi
440 2829 544 2896 limma
555 2829 688 2858 tradentis
698 2828 914 2866 accipientisque
925 2823 1084 2855 concordia.
1119 2823 1181 2852 Hoc
1192 2823 1230 2852 est
1238 2845 1246 2858 ,
1266 2822 1371 2853 Docto.

246 2879 282 2897 ris
295 2884 306 2898 t
373 2878 397 2897 ci
422 2878 438 2896 u
462 2890 468 2896 .

245 2906 343 2936 Differ.
365 2878 440 2935 inser
449 2915 547 2943 capere
558 2905 584 2934 ἃ
594 2904 728 2942 accipere.
750 2902 813 2940 Ulp.
827 2901 861 2931 de
870 2900 945 2930 verb.
956 2899 1042 2937 signif.
1065 2897 1147 2928 Aliud
1157 2898 1195 2927 est
1205 2908 1312 2936 capere,
1324 2898 1374 2927 ali«

266 2944 304 2973 ud
319 2945 461 2981 accipere:
485 2952 583 2982 capere
595 2952 659 2971 cum
671 2941 771 2970 effectu
788 2939 940 2977 accipitur:
969 2938 1095 2975 accipere
1105 2959 1113 2971 ,
1134 2936 1181 2965 etsi
1193 2938 1253 2973 quis
1265 2946 1323 2965 non
1334 2936 1372 2964 iic

266 2982 368 3020 accipit
379 2988 409 3010 ut
419 2980 529 3010 habeat.
550 2980 674 3017 Ideoque
684 2989 742 3008 non
752 2978 861 3007 videtur
870 2977 930 3014 quis
942 2985 1040 3042 capere
1053 2974 1129 3012 quod
1140 2974 1178 3003 est
1189 2975 1371 3003 restituturus.

249 3020 379 3057 Accipere
395 3018 429 3062 ab
445 3017 538 3056 aliquo
556 3027 615 3047 rem
631 3017 758 3054 aliquam.
792 3015 878 3045 Plaut.
896 3014 992 3044 Pseut.
1003 3024 1029 3049 4.
1046 3023 1072 3042 2.
1092 3022 1134 3049 14.
1174 3012 1214 3040 Ab
1229 3022 1264 3041 eo
1277 3021 1372 3049 argen-

268 3064 328 3086 tum
342 3066 468 3094 accipies.

250 3094 365 3126 Deloco
377 3095 487 3131 aliquo,
507 3092 551 3123 vel
562 3093 597 3122 06
608 3092 731 3122 homine.
760 3090 817 3120 Cic.
832 3090 883 3119 Att.
900 3088 947 3119 lib.
966 3099 987 3118 1.
1005 3099 1027 3118 1.
1045 3098 1086 3126 17.
1127 3087 1204 3124 Quas
1220 3097 1285 3117 eum
1304 3086 1372 3116 dolo

270 3132 343 3162 malo
357 3132 496 3169 mancipio
512 3130 645 3168 accepill'e
660 3130 695 3159 06
709 3129 789 3158 Vario
805 3128 919 3157 diceret.

252 3170 293 3201 Ex
304 3170 404 3206 aliquo.
426 3169 510 3198 Plaut.
523 3169 621 3206 Amph.
633 3178 658 3197 2.
673 3177 697 3197 2.
717 3176 776 3203 132.
816 3166 856 3195 Ex
867 3172 915 3204 tua
925 3162 1020 3202 accepi
1031 3172 1115 3192 manu
1126 3168 1258 3200 pateram.

251 3208 363 3244 Aliquid
374 3208 402 3236 in
414 3207 582 3236 muneribus.
613 3205 644 3235 C.
665 3205 778 3235 Gracch.
797 3204 872 3242 apud
892 3203 962 3232 Gell.
1004 3202 1043 3231 lta
1060 3201 1178 3230 versatus
1196 3200 1254 3229 sum
1270 3201 1298 3229 in
1310 3210 1373 3237 pro-

271 3246 380 3279 vincia,
407 3251 538 3310 ustlnemo
554 3243 638 3283 poilit
654 3253 717 3273 vere
732 3243 823 3272 dicere
841 3240 942 3277 assem,
971 3247 1019 3269 aut
1034 3250 1068 3269 eo
1083 3238 1146 3277 plus
1164 3239 1194 3267 in
1211 3239 1373 3268 muneribus

270 3292 317 3312 me
329 3292 393 3311 acce
415 3293 422 3310 i
446 3293 469 3311 e.

254 3321 348 3358 Accipi
360 3292 525 3349 iniiiumero.
555 3319 623 3349 Plin.
638 3318 685 3349 lib.
699 3329 724 3355 9.
741 3327 802 3356 cap.
814 3326 858 3354 47.
902 3316 968 3352 Quo
980 3315 1008 3343 iu
1023 3324 1139 3343 numero
1151 3312 1261 3342 Chalcis
1273 3314 1374 3351 accipi-

273 3365 326 3387 tur.
360 3357 393 3386 ld
404 3357 457 3392 est,
477 3357 521 3386 Est
533 3367 568 3386 ex
579 3368 675 3387 eorum
686 3365 819 3390 numero,
842 3354 1002 3385 &similiter
1017 3353 1117 3389 tegitur
1129 3353 1154 3381 ἃ
1168 3351 1243 3379 vivit.

255 3396 388 3432 Accipere
399 3394 612 3424 aestimationem.
644 3395 701 3424 Cic.
721 3395 792 3424 Fam.
805 3404 830 3429 9.
848 3403 892 3422 22.
934 3392 1031 3428 Quum
1051 3400 1094 3418 me
1109 3388 1228 3426 hospitio
1246 3389 1371 3425 recipias,

274 3433 481 3462 aestimationem
493 3439 519 3461 te
531 3432 649 3469 aliquam
659 3440 739 3471 putes
751 3432 886 3469 accipere.
906 3431 923 3459 i.
936 3440 960 3459 e.
979 3427 1065 3457 limile
1077 3428 1276 3456 detrimentum
1292 3433 1373 3463 atque

274 3481 309 3500 ex
322 3469 497 3499 aestimatione
508 3469 570 3506 aliq.

256 3508 383 3539 AEtatem.
409 3506 475 3535 Plin.
493 3506 540 3535 lib.
556 3517 596 3542 14.
613 3517 671 3545 cap.
685 3517 710 3544 7.

256 3546 386 3577 Animum
397 3544 539 3587 quietum,
560 3551 607 3587 aut
618 3552 739 3587 mentem
749 3543 899 3582 benignam
908 3544 937 3573 in
947 3542 1076 3580 aliquem.
1107 3540 1179 3577 Virg.
1195 3548 1218 3568 1.
1231 3538 1292 3569 AEn.
1308 3548 1371 3577 307.

397 3592 471 3610 —in
486 3592 581 3619 primis
596 3592 687 3618 regina
700 3583 824 3619 quietum

337 3619 443 3657 Accipit
454 3620 482 3647 in
494 3619 617 3649 Teucros
628 3620 766 3653 animum,
788 3626 966 3656 mentemque
978 3617 1135 3654 benignam.

257 3658 333 3689 Artes
344 3668 360 3686 a
373 3657 511 3693 magistris.
541 3656 623 3685 Ovid.
636 3667 661 3691 9.
676 3657 744 3686 Met.
758 3664 819 3694 718.

257 3697 341 3726 Auras
352 3695 465 3723 taurinis
479 3693 599 3723 follibus.
630 3694 701 3730 Virg.
714 3706 738 3729 4·
755 3696 853 3731 Georg.
870 3704 930 3732 171.

257 3732 426 3764 Beneficium
437 3732 569 3768 accipere.
591 3731 654 3760 Ter.
668 3731 743 3760 Adel.
757 3741 781 3759 2.
798 3742 821 3767 3.
840 3742 861 3759 1.

258 3770 426 3801 Beneficium
438 3770 561 3806 accipere
575 3770 599 3798 ὁὶ
611 3769 740 3806 recipcre.
771 3769 877 3806 Accipit
886 3768 919 3797 ah
930 3766 1022 3805 aliquo
1031 3766 1199 3796 beneficium
1209 3787 1217 3800 ‚
1239 3765 1286 3802 qui
1298 3765 1373 3803 prius

277 3809 303 3837 ei
314 3806 383 3836 nihil
393 3806 528 3835 contulit:
557 3806 683 3843 Recipit,
704 3806 815 3843 quijam
826 3806 990 3835 contulerat.
1013 3806 1054 3834 Ex
1065 3806 1128 3834 Seu.
1140 3804 1174 3833 06
1185 3803 1282 3834 Benef.

259 3844 379 3875 Coelum.
409 3844 490 3872 Ovid.
511 3854 550 3879 14.
567 3844 636 3872 Met.
651 3849 714 3878 844.

339 3881 471 3918 Coniugis
485 3891 531 3910 ora
545 3881 612 3910 milii
622 3902 631 3915 ,
652 3890 711 3917 quae
726 3880 744 3908 si
758 3880 843 3909 modo
854 3880 929 3917 posse
942 3880 1037 3909 videre

1828 49 1856 84 A
1954 49 1984 83 C
2081 49 2110 83 C

1534 129 1599 159 Fata
1610 129 1692 159 semel
1708 129 1837 159 dederint
1846 153 1853 166 ⁷
1876 130 1979 159 coelum
1992 128 2126 167 accepisse
2137 128 2262 158 videbor.
2344 127 2378 157 Id
2388 127 2441 162 est,
2456 124 2528 159 Mihi
2538 129 2577 160 vi.

1473 166 1560 196 debor
1571 166 1624 196 esse
1634 167 1811 197 felicissimus.
1852 168 1929 203 [Sed
1945 167 2037 197 Heins.
2050 167 2135 196 habet
2148 164 2291 202 Aspedasfi’.
2311 175 2336 202 q.
2350 165 2382 195 V.
2398 167 2424 194 &
2434 165 2525 195 Burm.

1455 204 1587 240 Causam,
1607 215 1657 242 pro
1669 206 1801 242 Accipere
1813 205 2029 234 excusationem.
2050 215 2075 239 q.
2088 205 2118 233 V.
2142 204 2200 234 Cic.
2216 208 2257 233 16.
2272 202 2347 232 Fam.
2363 211 2406 238 19.
2419 213 2445 232 2.
2468 203 2530 233 Etsi
2541 204 2579 234 ob

1473 252 1535 271 eain
1551 253 1610 271 rein
1622 243 1735 271 moraris
1745 264 1753 278 ,
1774 243 1882 280 accipio
1894 243 2010 272 causam.
2038 242 2117 272 Idem
2127 243 2157 271 in
2166 241 2255 271 Pison.
2296 240 2390 277 Qiam
2403 249 2454 269 nos
2470 242 2579 271 causam

1474 290 1561 317 quum
1573 279 1770 316 accepissemus
1780 302 1788 315 ,
1810 282 1861 310 &c.

1456 317 1572 347 Causam
1583 318 1708 353 accipere
1718 339 1726 352 ,
1746 327 1797 354 pro
1809 318 1951 361 Suscipere
1963 320 1989 348 Sc
2001 316 2161 346 defendere.
2183 315 2241 345 Cic.
2254 315 2289 344 de
2300 314 2376 344 Orat.
2391 324 2416 344 2.
2431 323 2493 350 355.
2526 316 2582 345 Te-

1474 366 1540 385 nere
1551 365 1611 391 qua’
1624 354 1754 384 didiceris
1764 355 1794 383 in
1805 356 1968 394 accipienda
1979 355 2065 385 causa.
2095 354 2160 385 Ter.
2172 354 2241 383 Hec.
2255 352 2325 382 Prol.
2340 364 2382 390 55.
2425 352 2491 383 Mea
2502 354 2581 384 causa

1474 392 1582 422 causam
1594 392 1664 421 hanc
1677 393 1803 430 accipite.

1457 431 1685 467 Cognoinentiim
1698 430 1823 466 alicujus.
1852 430 1940 461 Tacit.
1955 430 2003 460 lib.
2019 440 2059 466 15.
2080 439 2124 467 74.

1456 468 1595 507 Colorem.
1627 466 1695 496 Plin.
1707 467 1755 497 lib.
1771 478 1813 498 11.
1830 478 1889 505 cap.
1904 475 1946 503 38.

1459 507 1663 535 Comnieatum.
1693 505 1726 534 Id
1737 506 1791 542 est,
1812 506 2015 535 Profectionem
2026 507 2182 543 impetrare.
2211 503 2280 533 Plin.
2293 502 2342 532 lib.
2355 511 2380 540 3.
2398 502 2481 541 Epist.
2493 513 2521 541 4.

1459 542 1654 580 Complexuin.
1687 542 1744 572 Liv.
1756 553 1781 573 2.
1802 544 1835 573 ab
1847 544 1929 573 Urbe.
2037 551 2046 563 ‘

1459 581 1668 624 Conditionem.
1701 581 1794 617 Valla,
1814 582 1941 611 Dicimus
1952 580 2040 610 offero
2052 580 2246 609 conditionem
2257 601 2264 614 ,
2285 578 2331 607 vel
2346 578 2405 607 fero
2415 601 2423 614 ‚
2444 578 2490 608 vel
2505 584 2583 617 pono

1478 619 1690 661 conditionem:
1719 629 1863 656 nunquam
1881 620 1937 648 fere
1954 629 2003 656 per
2021 618 2097 647 aliud
2116 617 2241 647 verbum.
2282 616 2353 652 Qiae
2370 616 2496 646 conditio
2515 617 2584 646 dum

1479 657 1585 699 placuit
1594 678 1601 691 ,
1621 656 1704 685 etiam
1714 657 1771 686 fere
1781 657 1888 695 semper
1899 657 2017 686 dicimus
2027 679 2035 690 ,
2057 656 2165 693 accipio
2177 654 2379 684 conditionem.
2542 686 2545 688 .

1461 694 1662 724 conditionem
1673 694 1706 723 ab
1716 694 1792 724 hoste
1804 701 1907 724 armato
1917 717 1925 730 ,
1947 704 1998 732 pro
2012 693 2126 723 Pactum
2137 692 2262 721 oblatum
2273 692 2407 729 accipere.
2437 691 2503 721 Caes.
2513 692 2584 722 Bell.

1481 732 1550 775 Gall.
1566 743 1589 767 5.
1603 741 1648 767 41.
1663 741 1688 768 7.
1712 731 1810 762 Cicero
1819 733 1853 762 ad
1862 732 1916 762 1106
1925 742 2015 762 unum
2026 731 2111 760 modo
2122 730 2265 768 respondit
2277 752 2285 764 ,
2304 739 2363 758 non
2373 729 2427 759 effe
2439 729 2586 760 consuetu-

1480 769 1576 812 dinem
1586 779 1652 807 pop.
1664 769 1783 799 Romani
1792 771 1849 800 acci
1873 780 1918 799 ere
1929 770 1962 799 ab
1972 769 2048 799 hoste
2059 775 2164 798 armato
2175 767 2378 798 conditionem.

1462 807 1663 850 Conditionem
1671 808 1837 845 paciscendi.
1883 808 1916 837 iv.
1928 818 1952 837 2.
1966 807 2035 837 Bell.
2047 807 2114 837 Pun.
2127 816 2190 843 239.
2219 804 2286 835 Laeti
2296 811 2391 835 tamen
2399 813 2587 843 quancunque

1479 845 1673 874 conditionem
1685 846 1843 883 paciscendi
1855 852 2031 883 acceperunt.

1462 883 1658 926 Coniec‘turam
1666 884 1792 921 accipere
1801 885 1868 919 quid
1878 883 1990 912 senserit
1999 883 2067 921 legis
2078 882 2251 912 constitutor.
2268 880 2387 918 Quintil.
2402 880 2480 918 lib.3.
2494 882 2585 919 cap.6.

1461 920 1620 950 Consilium.
1651 920 1708 950 Liv.
1722 932 1747 957 4.
1764 921 1831 951 Bell.
1844 921 1912 951 Pun.
1929 932 1990 953 101.

1461 958 1611 988 Consulem
1630 958 1665 987 de
1682 958 1781 996 plebe,
1808 969 1859 997 pro
1875 960 2027 988 Admittere
2045 958 2188 997 plebejum
2202 955 2354 987 consulem.
2389 955 2447 986 Cic,
2464 955 2500 985 de
2514 955 2586 986 Clar.

1481 996 1557 1026 Orat.
1574 1007 1615 1032 55.
1656 996 1753 1032 Quum
1767 997 1803 1026 de
1815 996 1897 1035 plebe
1910 996 2052 1027 consulem
2062 1006 2121 1025 non
2135 995 2319 1033 accipiebant.

1460 1035 1607 1077 Decumas.
1643 1033 1700 1063 Cic.
1716 1046 1743 1070 4.
1759 1035 1834 1064 Verr.
1852 1044 1896 1072 71.
1940 1035 2062 1073 Imperat
2081 1033 2311 1072 Agyrinensibus,
2341 1036 2373 1060 ut
2393 1031 2525 1062 decumas
2538 1031 2588 1070 ipsi

1480 1072 1593 1115 pubhce
1607 1073 1761 1110 accipiant:
1785 1073 1909 1111 Apronio
1919 1072 2029 1102 lucrum
2041 1073 2117 1101 dent.
2147 1072 2192 1101 Sic
2205 1070 2274 1100 Plin.
2290 1069 2339 1099 lib.
2355 1079 2396 1099 12.
2414 1079 2474 1107 cap.
2490 1080 2532 1106 14.

1461 1109 1643 1152 Disciplinam
1659 1109 1693 1139 ab
1709 1110 1811 1148 aliquo.
1837 1110 1902 1139 Caes.
1916 1110 1983 1140 Bell.
1999 1110 2068 1139 Gall.
2084 1120 2107 1139 1.
2122 1120 2167 1144 40.
2209 1109 2288 1146 Quos
2303 1114 2400 1137 tamen
2413 1107 2512 1145 aliquis
2525 1106 2590 1138 usus

1481 1158 1513 1177 ac
1526 1147 1670 1185 disciplina
1679 1170 1688 1183 ,
1710 1158 1793 1185 quam
1806 1158 1821 1177 a
1831 1148 1913 1177 nobis
1925 1148 2107 1186 accepissent,
2128 1146 2290 1177 sublevarat.

1462 1185 1684 1229 Excusationem.
1714 1186 1771 1215 Cic.
1786 1187 1840 1215 Att.
1855 1186 1904 1215 lib.
1922 1190 1962 1216 16.
1983 1197 2006 1215 1.
2047 1186 2143 1215 Atticae
2156 1194 2226 1214 meae
2242 1183 2452 1214 excusationem
2468 1183 2587 1222 accipio.

1481 1224 1685 1261 Reciprocum,
1706 1224 1808 1253 Afferre
1819 1224 2034 1253 excusationem.
2060 1223 2092 1253 V.
2110 1222 2234 1252 Causam.

1462 1261 1662 1328 Expeffffgnto
1674 1261 1722 1291 suo
1736 1262 1878 1300 accipere:
1903 1262 1957 1292 live
1969 1268 2067 1291 natura
2080 1261 2168 1291 duce:
2190 1270 2250 1290 non
2266 1260 2322 1290 alio
2335 1259 2485 1298 tradente.
2501 1257 2591 1296 Quin-

1480 1306 1521 1329 ti.
1549 1310 1585 1328 1.
1618 1309 1738 1338 .cap.2.

1461 1337 1639 1367 Exercitum:
1662 1338 1706 1366 cui
1717 1338 1891 1376 reciprocum
1902 1337 1957 1373 est,
1978 1337 2101 1367 Tradere
2113 1336 2277 1366 exercitum.
2307 1335 2373 1365 Caes.
2384 1333 2453 1365 Bell.
2468 1331 2549 1364 Civil.
2561 1344 2590 1365 2.

1481 1386 1526 1411 42.
1560 1375 1662 1404 Amisso
1672 1376 1796 1405 exercitu
1804 1398 1812 1411 ,
1834 1386 1918 1413 quem
1929 1386 1944 1404 a
1955 1375 2058 1405 Caesare
2070 1375 2134 1404 fidei
2144 1375 2197 1404 suae
2209 1373 2387 1404 commissum
2397 1373 2546 1410 acceperit.

1461 1413 1587 1444 Foedera.
1618 1413 1723 1443 Sallust.
1740 1414 1770 1442 in
1780 1414 1907 1451 Jugurth.
1925 1414 1956 1443 C.
1973 1424 2015 1449 14.
2056 1413 2194 1443 Postremo
2205 1411 2344 1443 Maliniss'a
2358 1421 2409 1440 nos
2423 1411 2462 1439 ita
2474 1410 2593 1440 instituit

1480 1462 1505 1481 Ρ.
1523 1461 1549 1481 c.
1570 1461 1606 1480 ne
1617 1460 1700 1488 quem
1711 1451 1883 1488 coleremus,
1902 1451 1952 1481 nisi
1965 1450 2104 1490 populum
2114 1451 2293 1482 Romanum:
2321 1459 2357 1479 ne
2371 1448 2533 1484 societates,
2554 1457 2592 1477 ne

1480 1489 1586 1519 foedera
1596 1499 1669 1518 nova
1682 1490 1878 1528 acciperemus.

1462 1527 1598 1570 Foenore,
1618 1526 1746 1557 subintel.
1762 1528 1901 1557 Nummos
1912 1533 1959 1557 aut
1969 1527 2127 1557 Pecuniam.
2148 1525 2236 1557 Plaut.
2248 1524 2360 1557 Curcul.
2371 1536 2398 1562 4.
2414 1534 2438 1554 1.
2456 1534 2500 1560 19.
2518 1523 2589 1554 Plin.

1482 1565 1562 1603 Epist.
1577 1576 1602 1602 9.
1617 1565 1665 1594 lib.
1680 1575 1705 1602 3.
1743 1566 1946 1604 Reciprocuin,
1967 1565 2038 1595 Dare
2050 1565 2160 1594 foenori.

1462 1604 1569 1646 Fidem.
1599 1603 1671 1641 Virg.
1692 1609 1717 1638 8.
1733 1603 1795 1634 AEn.
1810 1614 1872 1640 150.
1912 1604 2032 1641 Accipe,
2054 1603 2144 1640 daque
2154 1602 2247 1632 fidem.
2278 1601 2312 1630 Id
2323 1601 2377 1636 est,
2399 1599 2492 1637 inquit
2503 1597 2591 1634 Valla,

1481 1642 1584 1679 Accipe
1596 1641 1772 1679 sponsionem
1784 1641 1887 1678 ,factam
1899 1652 1914 1670 a
1929 1651 1974 1670 me
1984 1664 1993 1677 ,
2016 1643 2042 1670 δι
2056 1647 2088 1670 tu
2103 1641 2173 1669 mihi
2186 1639 2303 1670 vicissim
2320 1639 2356 1668 da
2372 1645 2459 1667 tuam.
2488 1635 2546 1668 Liv.
2560 1648 2588 1673 4.

1480 1679 1548 1723 Bell.
1563 1679 1632 1708 Pun.
1659 1678 1761 1722 ‘Legati
1773 1679 1993 1717 responderunt,
2014 1678 2069 1708 fide
2084 1684 2206 1716 accepta.

1460 1717 1559 1749 Fidem
1570 1723 1680 1754 accepit
1688 1716 1791 1746 Fabula
1800 1739 1808 1752 ,
1830 1728 1880 1755 pro
1891 1717 1911 1747 F
1913 1717 2001 1746 abulae
2012 1716 2150 1746 creditum
2161 1716 2207 1745 est.
2232 1715 2353 1745 Martial.
2366 1714 2415 1743 lib.
2429 1723 2453 1742 1.
2473 1723 2498 1748 5.

1461 1755 1613 1786 Fiduciam.
1646 1755 1704 1784 Cic.
1721 1765 1772 1793 pro
1782 1755 1872 1785 Flacc.
1889 1766 1932 1791 51.
1971 1755 2122 1784 Pecuniam
2136 1753 2344 1783 adolescentulo
2358 1751 2455 1790 grandi
2468 1750 2588 1786 foenore,

1481 1793 1584 1822 fiducia
1597 1799 1690 1822 tamen
1703 1803 1767 1822 acce
1790 1800 1833 1829 ta,
1855 1793 2033 1831 occupavisti.

1461 1831 1597 1861 Formam.
1627 1831 1700 1869 Virg.
1718 1841 1741 1860 1.
1773 1833 1856 1869 ‘eorg.
1873 1841 1935 1868 170.
1956 1848 1994 1853 —
2006 1832 2032 1860 Sc
2044 1830 2121 1860 curvi
2131 1830 2252 1860 formam
2262 1829 2365 1867 accipit
2375 1827 2468 1857 ulmus
2479 1827 2571 1857 aratri.

1460 1869 1597 1899 Fraenum.
1619 1869 1691 1906 Virg.
1707 1879 1748 1899 12.
1764 1869 1827 1899 AEn.
1843 1873 1905 1905 568.
2495 1877 2498 1879 ’

1542 1907 1646 1950 Urbem
1660 1907 1744 1937 hodie
1759 1907 1866 1936 causam
1880 1906 1964 1942 belli,
1985 1916 2069 1944 regna
2082 1905 2138 1944 ipsa
2152 1905 2253 1941 Latini,

1542 1945 1580 1974 Ni
1594 1945 1711 1974 fraeniim
1724 1946 1851 1982 accipere
1860 1967 1868 1981 ,
1890 1947 1916 1975 ἃ
1928 1946 1994 1974 vieli
2008 1954 2104 1983 parere
2117 1944 2248 1973 fatentur.

1462 1981 1582 2013 Fumum
1602 1984 1736 2021 accipere.
1774 1982 1911 2012 Columel.
1928 1983 1975 2012 lib.
1991 1992 2032 2012 12.
2049 1992 2110 2020 cap.
2133 1992 2175 2011 12.
2218 1981 2358 2018 Lagenam
2373 1980 2404 2009 in
2419 1977 2589 2012 tabulatum,

1482 2021 1558 2064 quod
1570 2021 1677 2050 sumum
1688 2021 1798 2059 accepit
1806 2044 1814 2056 ,
1834 2028 1983 2059 reponunt.
2017 2021 2049 2050 Id
2060 2021 2098 2049 est
2107 2042 2115 2055 ‚
2137 2027 2168 2049 ut
2178 2019 2255 2048 idem
2265 2020 2294 2047 in
2311 2018 2367 2047 fine
2377 2018 2506 2055 ejusdem
2518 2016 2592 2054 capi-

1482 2066 1517 2087 tis
1528 2059 1674 2096 exprimit,
1696 2059 1729 2088 ln
1739 2058 1893 2088 tabulatum
1903 2081 1911 2094 ,
1932 2058 2008 2096 quod
2020 2058 2212 2096 suffumigatur
2222 2062 2374 2095 reponunt.

1463 2096 1576 2126 Gremio
1590 2097 1724 2135 accipere.
1750 2097 1828 2135 Virg.
1838 2107 1860 2126 1.
1875 2097 1938 2127 AEn.
1951 2100 2014 2132 689.

1544 2134 1581 2164 Ut
1594 2144 1658 2164 cuin
1672 2141 1700 2164 te
1715 2135 1819 2173 gremio
1833 2135 1952 2172 accipiet
1965 2133 2100 2164 laetissima
2112 2133 2197 2163 Dido.

1461 2172 1591 2215 Honores
1607 2173 1742 2211 accipere.
1774 2173 1850 2203 Brut.
1863 2174 1899 2202 ad
1911 2173 1968 2202 Cic.
1981 2184 2008 2209 4.
2050 2172 2148 2209 Quum
2166 2170 2343 2209 exploratum
2360 2168 2462 2199 habere
2476 2176 2591 2206 coepero

1483 2210 1615 2253 Caelarem
1628 2211 1781 2240 honoribus
1791 2234 1799 2246 ,
1827 2221 1896 2248 quos
1911 2211 2066 2249 acceperit,
2095 2209 2319 2239 extraordinariis
2335 2208 2394 2238 fore
2412 2212 2589 2238 contentum.

1482 2247 1557 2277 Huic
1568 2249 1742 2287 reciprocum
1754 2249 1807 2285 est,
1829 2249 1942 2278 Deferre
1955 2248 2084 2278 honores.

1461 2285 1682 2316 Humanitatem.
1709 2287 1766 2317 Cic.
1780 2287 1815 2317 ad
1827 2287 1863 2324 Q.
1874 2287 1946 2317 fratr.
1960 2287 2009 2316 lib.
2025 2297 2048 2316 1.
2066 2297 2089 2315 1.
2129 2285 2211 2315 Certe
2223 2283 2428 2314 humanitatem
2440 2283 2474 2313 iis
2486 2281 2592 2321 potissi-

1484 2333 1562 2353 mum
1574 2325 1695 2354 tribuere
1708 2325 1843 2355 debemus
1852 2348 1860 2359 ,
1882 2335 1897 2354 a
1908 2325 2007 2363 quibus
2022 2323 2190 2362 accepimus.

1463 2361 1632 2400 Imperium,
1659 2374 1711 2402 pro
1732 2364 1826 2393 Parere
1842 2363 1979 2402 imperio,
2007 2362 2083 2399 jussis
2102 2362 2226 2393 obedire.
2258 2360 2317 2390 Liv.
2334 2370 2356 2397 ς.
2375 2358 2444 2389 Bell.
2463 2357 2532 2388 Puri.
2545 2368 2593 2394 44.

1482 2399 1667 2438 Reciprocuin
1677 2424 1685 2437 ,
1706 2401 1852 2440 Imperare.

1463 2437 1623 2481 Jiidieium,
1645 2440 1683 2469 est
1697 2440 1732 2469 Se
1748 2439 1922 2469 defensorem
1938 2437 2132 2470 controversiae.
2149 2447 2210 2475 quae
2224 2441 2352 2465 movetur
2370 2434 2532 2469 ostendere,
2562 2434 2590 2463 Sc

1480 2476 1560 2506 litem
1578 2478 1722 2507 contestari
1736 2487 1742 2507 :
1776 2478 1898 2514 denique
1909 2477 1984 2514 pati,
2012 2482 2043 2505 ut
2057 2473 2165 2512 judices
2181 2475 2282 2504 dentur
2299 2474 2334 2503 ad
2351 2483 2414 2502 earn
2430 2482 2490 2502 rem
2505 2471 2593 2501 disce-

1480 2515 1614 2552 ptandam
1625 2516 1660 2545 de
1675 2526 1729 2553 qua
1742 2521 1870 2545 movetur
1885 2514 2076 2544 controversia.
2099 2514 2158 2543 Cic.
2172 2523 2223 2551 pro
2237 2513 2352 2549 Quin&
2367 2515 2412 2547 63.
2448 2510 2593 2546 Judicium

1482 2553 1550 2589 quin
1568 2554 1707 2592 acciperet
1724 2555 1754 2583 in
1773 2563 1805 2582 ea
1824 2553 1880 2591 ipsa
1899 2552 1981 2581 verba
1999 2562 2060 2589 quce
2085 2551 2186 2581 edebat
2204 2551 2317 2582 Naevius
2329 2572 2338 2585 ,
2384 2558 2442 2578 non
2457 2547 2590 2577 recusare.

1480 2589 1599 2620 Locutio
1610 2591 1670 2620 haec
1686 2590 1892 2627 jurisconsultis
1903 2591 2032 2628 frequens
2043 2590 2089 2619 est.
2111 2596 2160 2624 ut,
2180 2589 2238 2618 inl.
2252 2598 2277 2617 2.
2295 2589 2315 2625 §.
2332 2597 2355 2616 1.
2368 2587 2403 2616 D.
2436 2586 2465 2615 Si
2476 2595 2511 2615 ex
2522 2594 2589 2614 nox.

1483 2629 1570 2658 causa.
1587 2629 1604 2658 l.
1618 2635 1643 2664 8.
1658 2631 1678 2667 ς.
1693 2640 1716 2666 3.
1733 2629 1767 2659 D.
1781 2630 1816 2658 de
1826 2635 1964 2667 procurat.
1981 2630 2008 2658 Sc
2018 2628 2035 2657 l.
2050 2637 2093 2664 35.
2108 2628 2128 2665 ξ.
2141 2637 2166 2656 2.
2186 2627 2220 2656 D.
2234 2626 2269 2655 de
2279 2624 2467 2661 jurejurando.

1463 2664 1566 2734 Jffim}
1582 2666 1708 2706 accipere
1726 2668 1857 2697 dicuntur
1876 2667 1978 2701 boves,
2005 2665 2077 2695 Cum
2093 2666 2192 2702 jugum
2209 2674 2269 2694 non
2284 2662 2418 2692 recusant.
2451 2660 2590 2691 Columel.

1495 2715 1502 2732 i
1524 2728 1530 2734 .
1566 2727 1571 2734 .
1592 2715 1623 2734 ca
1645 2716 1691 2735 .2.

1463 2741 1513 2772 Per
1529 2716 1737 2773 translalsionem
1753 2742 1884 2772 dicuntur
1899 2742 1983 2771 etiam
1997 2740 2126 2770 homines
2139 2740 2237 2776 jugum
2257 2738 2384 2776 accipere
2398 2760 2406 2773 ,
2433 2747 2484 2775 pro
2501 2736 2592 2774 Impe-

1481 2781 1555 2809 rium
1572 2782 1667 2811 durius
1684 2783 1710 2812 Sc
1727 2780 1845 2811 severius
1864 2780 1921 2818 pati
1939 2779 1993 2808 five
2011 2779 2140 2816 perferre.
2173 2777 2231 2806 Liv.
2246 2786 2270 2813 3.
2289 2776 2323 2806 ab
2340 2775 2414 2805 Urbe
2426 2781 2470 2811 38.
2500 2774 2592 2804 Tacit.

1482 2819 1552 2847 Ann.
1569 2819 1618 2848 lib.
1634 2829 1675 2849 12.
1696 2830 1738 2856 50.
1782 2817 1925 2856 Urbesque
1941 2817 2136 2847 Armeniorum
2151 2817 2278 2845 Artaxata
2294 2816 2320 2844 Sc
2332 2814 2532 2851 Tigranocerta
2547 2812 2591 2849 ju-

1482 2866 1550 2893 gum
1567 2867 1708 2896 accepere.

1462 2893 1671 2962 Jiifffssndmn'
1694 2893 1759 2925 Caes.
1772 2890 1841 2924 Bell.
1855 2892 1935 2923 Civil.
1950 2901 1973 2929 3.
1993 2897 2038 2926 28.
2073 2891 2263 2929 Reciprocum
2275 2913 2283 2926 ,
2304 2890 2376 2920 Dare
2386 2887 2591 2926 jusjurandum,

1483 2943 1509 2961 c*
1541 2943 1555 2961 e
1568 2943 1635 2963 erre.

1463 2969 1607 3038 Laetitianfi.
1642 2971 1728 3001 Plaut.
1749 2970 1827 3008 Capt.
1846 2980 1872 3006 4.
1898 2978 1924 2998 2.
1946 2977 1990 3005 92.
2036 2967 2121 2997 Nunc
2139 2967 2212 2996 hanc
2230 2965 2356 2995 laetitiam
2375 2963 2472 3003 accipe
2490 2974 2506 2994 a
2523 2973 2588 3000 me,

1502 3018 1567 3037 uam
1592 3019 1648 3038 ero.

1463 3019 1574 3084 ngem.
1605 3047 1663 3076 Cic.
1680 3046 1737 3076 Off.
1752 3055 1777 3083 3.
1795 3055 1855 3081 109.
1893 3044 1959 3079 Quo
1972 3040 2140 3081 deprecante
2152 3048 2266 3079 accepta
2281 3038 2326 3069 lex
2339 3050 2396 3069 non
2409 3039 2456 3068 est.

1464 3084 1551 3128 Leges
1567 3095 1582 3114 a
1598 3085 1758 3115 victoribus.
1789 3083 1847 3113 Liv.
1862 3094 1885 3119 5.
1906 3081 1973 3111 Bell.
1993 3081 2060 3110 Pun.
2075 3084 2139 3109 226.
2178 3079 2216 3109 Ut
2231 3078 2297 3108 victi
2310 3089 2326 3108 a
2336 3079 2440 3107 victore
2455 3073 2530 3114 leges
2549 3085 2594 3105 ac-

1484 3132 1507 3151 ci
1531 3128 1618 3152 erent.

1464 3133 1633 3190 11οἓ03160]
1644 3160 1677 3190 ab
1689 3160 1791 3197 aliquo.
1820 3157 1925 3188 Sallust.
1938 3157 1967 3185 in
1976 3155 2102 3192 Jugurth.
2115 3161 2159 3191 89.
2173 3164 2197 3191 3.
2232 3153 2287 3184 Vos
2302 3163 2353 3192 pro
2368 3151 2495 3183 libertate
2507 3159 2591 3190 quam

1485 3198 1519 3227 ab
1531 3198 1585 3228 illis
1599 3198 1749 3236 accepistis.
1784 3196 1987 3233 Reciprocum,
2008 3192 2079 3223 Dare
2095 3193 2261 3222 libertatem.

1465 3235 1569 3266 Literas
1581 3241 1628 3265 aut
1642 3234 1784 3274 epistolam
1802 3232 1835 3263 ab
1847 3233 1939 3270 aliquo
1951 3255 1958 3267 ,
1987 3231 2131 3268 vulgatum
2147 3231 2184 3260 est
2196 3231 2238 3260 De
2253 3240 2287 3259 eo
2301 3228 2356 3269 dici
2371 3229 2406 3258 ad
2424 3237 2508 3265 quem
2525 3225 2590 3256 scri-

1484 3281 1566 3313 ptum
1576 3275 1629 3304 est:
1651 3280 1683 3303 ut
1694 3273 1752 3303 Cic.
1764 3272 1838 3301 Fam.
1852 3271 1898 3300 lib.
1911 3282 1937 3306 4.
1952 3280 1977 3299 2.
2006 3269 2049 3299 Ad
2058 3269 2170 3298 tertium
2181 3268 2295 3298 Calend.
2310 3267 2398 3297 Maias
2409 3275 2495 3304 quum
2504 3264 2588 3294 essem

1485 3314 1514 3341 in
1530 3312 1674 3346 Cumano,
1702 3310 1797 3347 accepi
1812 3316 1872 3338 tuas
1887 3308 1986 3337 literas.
2020 3307 2097 3336 [dem
2113 3307 2147 3335 ad
2166 3307 2202 3342 Q.
2216 3307 2288 3335 fratr.
2307 3315 2332 3334 2.
2355 3314 2397 3339 ις.
2439 3303 2541 3340 Accepi
2559 3302 2591 3330 li-

1485 3356 1556 3379 teras
1570 3357 1631 3379 tuas
1649 3350 1725 3378 datas
1743 3347 1887 3377 Placentia·
1898 3368 1905 3379 ,
1933 3345 2036 3374 deinde
2048 3344 2144 3373 alteras
2160 3344 2291 3382 postridie
2307 3343 2382 3371 datas
2392 3341 2589 3371 Blandenona’.

1486 3388 1542 3417 Sed
1552 3390 1577 3417 Sc
1588 3388 1609 3416 is
1621 3387 1722 3416 dicitur
1738 3386 1870 3423 Accipere
1880 3384 1971 3413 literas
1981 3405 1988 3417 ,
2011 3383 2055 3411 cui
2067 3383 2167 3411 dantur
2184 3388 2231 3411 aut
2240 3381 2360 3411 ferendae
2374 3385 2421 3408 aut
2437 3378 2588 3407 mittenda‘.

1486 3425 1565 3455 idem
1576 3426 1612 3454 30
1623 3426 1744 3454 eundem
1754 3446 1761 3459 ,
1780 3422 1895 3460 Accipio
1908 3419 2115 3450 excusationem
2129 3427 2206 3449 tuam
2216 3442 2223 3455 ,
2245 3420 2295 3449 &c
2324 3416 2371 3446 sed
2386 3417 2494 3454 accipio
2512 3425 2547 3444 ex
2558 3424 2591 3443 ea

1486 3470 1581 3501 parte,
1603 3469 1738 3500 quatenus
1753 3468 1801 3490 aut
1813 3459 1997 3497 negligentia,
2020 3464 2067 3486 aut
2079 3457 2256 3496 improbitate
2267 3464 2364 3485 eorum
2374 3477 2382 3491 ,
2403 3455 2450 3492 qui
2462 3451 2591 3492 epistolas

1487 3502 1646 3539 accipiunt,
1667 3500 1725 3529 fieri
1737 3499 1829 3528 scribis
1839 3520 1846 3531 ,
1867 3508 1903 3526 ne
1915 3496 1949 3526 ad
1960 3505 2010 3524 nos
2022 3496 2202 3533 perferantur.

1468 3537 1558 3568 Litem
1570 3539 1605 3568 ad
1614 3545 1650 3567 te.
1682 3537 1767 3567 Plaut.
1780 3535 1889 3566 Mostel.
1904 3546 1925 3569 ς.
1942 3544 1966 3562 2.
1979 3543 2024 3569 23.
2061 3534 2186 3570 Accipito
2200 3532 2270 3561 hanc
2284 3531 2318 3560 ad
2328 3536 2356 3559 tc
2372 3529 2457 3559 litem.
2493 3526 2526 3558 Id
2541 3526 2588 3570 est,

1487 3577 1556 3606 Inte
1567 3576 1682 3605 transfer
1690 3598 1697 3610 ,
1719 3577 1745 3605 ὃς
1756 3584 1817 3603 eam
1827 3584 1878 3612 pro
1887 3578 1990 3602 metuo
2002 3572 2118 3601 nomine
2130 3570 2250 3608 suscipe:
2274 3569 2346 3604 sive,
2366 3574 2398 3597 ut
2407 3567 2490 3605 vulgo
2501 3566 2591 3603 loqui-

1487 3624 1549 3642 mur
1588 3614 1626 3642 Ca
1637 3623 1663 3642 >e
1676 3613 1704 3642 su
1727 3622 1755 3641 er
1768 3619 1803 3641 te.

1467 3635 1575 3681 Lumen
1593 3624 1657 3680 sollis
1672 3624 1774 3688 acgipit
1788 3649 1861 3678 luna.
1892 3646 1949 3676 Cic.
1969 3646 2004 3675 06
2017 3646 2093 3676 Orat.
2112 3655 2135 3683 3.
2153 3651 2213 3683 178.
2252 3645 2291 3674 Ut
2305 3644 2373 3674 luna
2385 3641 2492 3672 accessu
2511 3642 2538 3671 &
2550 3648 2591 3669 re-

1487 3689 1559 3719 661111
1571 3688 1618 3717 suo
1630 3688 1692 3718 fiilis
1704 3688 1799 3717 lumen
1809 3685 1936 3723 accipiat.

1467 3727 1612 3763 Mancipio
1626 3727 1760 3764 accipere.
1788 3725 1818 3754 V.
1836 3733 1912 3753 MAN
1923 3731 2064 3751 ciprum.

1468 3764 1609 3794 Mandata.
1642 3765 1699 3792 Cic.
1721 3762 1838 3800 Philipp.
1859 3767 1884 3795 8.
1904 3769 1947 3795 23.
1994 3758 2045 3788 Cui
2067 3759 2114 3796 qui
2133 3768 2192 3787 non
2232 3764 2306 3792 aret.
2338 3767 2395 3787 non
2414 3752 2448 3784 ab
2465 3762 2498 3783 eo
2514 3762 2590 3782 man-

1487 3803 1550 3831 data
1561 3801 1724 3867 {iccipieiida
1739 3801 1818 3836 sunt,
1837 3799 1884 3828 sed
1899 3797 1955 3836 ipse
1972 3802 2047 3825 totus·
2060 3796 2207 3834 repudiant
2218 3806 2258 3826 us.
2294 3790 2590 3833 Reciprocum‚.Dare

1486 3849 1562 3868 mant
1573 3847 1623 3868 atzi.

1468 3877 1500 3907 ln
1517 3886 1630 3906 manum
1650 3875 1783 3914 accipere.
1806 3873 1838 3904 V.
1860 3883 1911 3905 MA
1920 3882 1941 3902 N
1950 3882 1967 3901 υ
1976 3881 1997 3901 s.
2478 3903 2512 3936 M

2513 3910 2590 3934 etum
