2604 4222
193 53 259 95 156
612 43 896 79 Ato

232 129 281 158 des
293 129 322 158 in
333 128 473 159 roboratio
485 149 492 163 ‚
516 126 568 155 live
587 124 674 164 pisces
694 125 722 154 in
735 125 847 153 vivario.
887 121 963 151 Valla
978 122 1026 151 lib.
1044 131 1065 150 1.
1129 119 1197 150 ltilis
1216 119 1289 155 rivis,
1310 119 1348 148 al-

233 167 289 196 tilis
311 168 466 205 quadrupes
480 188 486 199 ,
505 164 589 193 altilis
605 163 686 201 piscis
696 185 703 197 ‚
725 163 771 199 qui
791 161 883 198 sagina
896 160 966 189 altus
977 160 1029 188 sive
1042 158 1123 187 alitus
1139 159 1177 186 est
1188 180 1195 192 ,
1218 164 1300 193 atque
1312 157 1348 186 sa-

234 205 351 242 ginatus.
374 204 442 233 Plin.
455 204 471 232 l.
488 213 528 231 10.
544 211 568 231 c.
584 212 626 235 50·
648 201 834 229 Pristeruriam
843 198 971 235 gallinam
981 207 1041 234 qua:
1052 205 1110 224 non
1121 195 1187 224 esset
1198 195 1290 224 altilis.

234 244 305 279 Aper
325 240 414 270 altilis.
436 241 532 276 Juven.
552 250 574 274 ς.
597 239 652 267 Sat.
666 248 726 273 115.

235 279 363 310 Cochleae
373 278 477 313 altiles,
498 277 572 314 apud
584 276 650 305 Plin.
660 275 745 315 lib39.
761 283 821 310 cap.
836 275 879 307 56.
971 308 976 314 ι

234 317 338 348 Altilia.
360 317 398 353 pl.
409 326 435 345 n.
451 315 531 344 subst.
553 314 632 342 Satur
653 312 780 341 altilium.
802 310 870 339 Hor.
886 318 909 337 1.
926 307 1009 345 Epist.
1023 316 1046 344 7.
1063 317 1111 351 ³5¹.
1245 345 1261 350 ..

235 355 336 388 Altilis,
346 354 442 388 active,
454 362 504 390 pro
516 350 609 380 Alibili
626 349 750 379 Macrob.
763 357 787 384 7.
798 347 905 376 Saturn.
921 356 944 374 c.
957 357 983 381 4.
1005 345 1037 374 ln
1048 354 1126 374 venis
1136 346 1162 374 Sc
1171 350 1351 382 arteriis,quae

254 393 317 422 sunt
325 390 498 428 receptacula
507 388 645 424 sanguinis
655 383 808 423 &spiritus,
832 384 911 412 tertia
921 383 951 411 fit
961 383 1086 420 digestio.
1120 383 1193 412 Nam
1203 390 1351 420 acceptum

255 430 415 465 sanguinem
426 423 634 465 quodammodo
644 424 795 452 defaecant:
818 423 843 451 St
854 421 929 457 quod
942 422 969 449 in
987 431 1020 449 eo
1031 420 1163 456 aquosum
1173 421 1221 456 est,
1232 430 1309 449 vcna‘
1321 421 1350 448 iri

256 459 372 496 vesicam
384 465 553 494 refundunt:
581 462 719 498 liquidum
732 469 799 501 vero
811 468 946 497 purumve
965 459 991 488 ὁὶ
1009 458 1115 487 altilem
1128 458 1288 495 sanguinem
1300 459 1350 486 lin-

256 504 327 541 gulis
337 504 422 532 totius
429 502 551 539 corporis
561 499 691 528 membris
701 498 862 526 ministrant.

236 541 328 576 Altile‚
340 551 397 570 non
405 539 492 568 solum
503 539 605 574 Pingue
615 536 647 565 ab
657 534 775 564 alendo:
796 534 978 564 verumetiam
990 533 1174 571 Opulentiim.
1197 531 1281 562 Plaut.
1297 532 1351 562 Cli-

254 579 312 608 tell.
326 589 352 616 p.
371 587 431 614 572.
449 577 492 606 ed.
506 576 627 604 Gronov.
636 574 664 601 in
674 573 770 610 fragm.
813 572 944 601 Prohibet
961 570 1066 600 divitiis
1087 571 1224 601 maxumis
1235 569 1300 600 dote
1314 571 1351 600 al-

255 617 298 646 tili
316 624 398 652 atque
413 615 515 651 opima.
554 612 674 641 Nonius.
693 647 697 652 ¹

199 657 461 686 Auritifissius.
482 651 501 680 i.
522 657 559 678 m.
582 648 640 685 Qui
651 646 831 678 altiliacurat.
852 643 936 678 Gloff.
957 647 1015 677 Lat.
1035 648 1080 678 Gr.
1102 646 1252 677 Altiliarius
1270 648 1352 681 ὀςνιθο-

264 696 339 723 ὀΦΘ.

197 703 322 761 Afros
337 750 346 762 .
373 727 435 756 oris.
457 734 494 754 m.
517 725 651 760 [τςοφεῦς,
674 720 780 758 wamiis]
810 723 867 760 Qii
880 722 936 752 alit.
968 723 1027 752 Cic.
1040 732 1066 752 2.
1089 722 1124 752 de
1132 722 1195 752 Nat.
1208 721 1290 750 Deor.
1305 724 1349 755 86.

236 767 372 795 Omnium
386 770 479 792 autem
495 770 587 791 rerum
598 772 657 799 quae
667 768 764 791 natura
778 761 1015 796 administrantur,
1040 758 1187 789 seminator
1198 761 1224 788 St
1241 758 1311 787 sator
1325 760 1351 788 δι

236 814 345 842 parens,
357 809 387 831 ut
396 802 433 830 ita
444 801 535 830 dicam
546 822 554 835 ,
574 806 657 837 atque
675 800 809 829 educator
819 821 827 835 ,
847 801 873 829 <Sc
888 799 958 829 altor
971 799 1009 828 est
1022 799 1153 828 mundus.
1182 797 1245 827 Seri.
1266 797 1350 826 Herc.

231 845 283 872 fur.
299 851 325 870 v.
342 850 394 875 124
415 862 421 868 .

355 847 465 905 ——7sivc
475 884 520 905 me
529 874 646 905 altorem
654 885 745 910 vocas,

236 916 320 947 Ovid.
340 925 381 944 11.
402 915 471 944 Met.
493 924 553 943 101.
575 913 706 943 Gaudens
724 911 810 942 altore
827 920 948 949 recepto.

197 957 218 985 A
228 966 243 983 1.
253 964 271 982 τ
281 965 296 982 R
306 965 314 981 1
325 963 344 982 x
354 975 362 987 ,
380 953 440 982 icis.
454 953 469 988 [
481 948 536 986 n79n¹
544 974 552 987 ,
572 951 715 988 θρέπἾειςρο]
735 950 806 987 Quae
816 949 871 979 alit.
883 950 950 978 Plin.
960 947 1009 978 lib.
1024 958 1066 977 ιο.
1075 951 1185 985 cap.64.
1208 945 1352 976 Altricem-

234 1002 286 1029 que
294 991 394 1020 habere
403 1000 452 1028 per
464 989 489 1019 se
500 990 586 1019 vitam
595 988 672 1018 illam
682 997 742 1026 quae
752 988 814 1017 satis
823 1009 831 1022 ‚
853 987 1051 1023 arboribusque
1065 986 1218 1022 contingat.

234 1030 320 1059 Altrix
329 1036 408 1058 terra.
430 1028 489 1057 Cic.
501 1037 553 1065 pro
559 1024 659 1057 Flacco
671 1030 716 1056 62.
738 1025 772 1055 Et
781 1035 878 1055 eorum
887 1025 985 1054 eadem
994 1030 1065 1053 terra
1072 1032 1173 1061 parens
1186 1043 1195 1057 ,
1213 1022 1294 1053 altrix
1303 1033 1351 1061 pa-

250 1068 302 1096 tria
320 1067 436 1096 dicatur.

233 1105 319 1134 Alrrix
336 1104 442 1142 Apulia.
475 1103 542 1133 Hor.
555 1108 580 1138 3.
602 1101 693 1131 Carm.
709 1109 792 1136 410.

232 1143 317 1173 Alrrix
332 1142 468 1171 bellorum
483 1139 626 1171 Numidia.
647 1139 695 1168 Sil.
706 1139 752 1168 lib.
770 1148 792 1167 1.
805 1143 870 1172 2¹8·

230 1181 352 1211 Romani
362 1179 484 1246 noissinis
494 1177 582 1208 altrix.
604 1178 623 1206 i.
646 1187 671 1206 e.
693 1177 779 1214 Lupa,
795 1186 855 1213 qua:
865 1173 1017 1204 Romulum
1029 1173 1261 1204 &Remumla‘tte
1271 1173 1347 1204 aluit.

249 1219 308 1248 Cic.
324 1229 345 1247 1.
358 1218 393 1246 de
432 1217 496 1245 ivin.
508 1223 552 1245 20.

230 1256 318 1286 Altrix
331 1256 387 1284 nix.
410 1254 498 1283 Valet.
509 1257 534 1283 6.
556 1254 654 1289 Argon.
667 1259 728 1288 325.
761 1251 834 1281 cons.
851 1249 920 1279 Plin.
936 1248 1034 1287 Paneg.
1051 1260 1112 1288 cap.
1122 1255 1168 1286 28.
1199 1250 1283 1279 Ovid.
1305 1260 1347 1279 11.

252 1295 320 1324 Met.
333 1298 395 1329 683.
418 1294 445 1322 ἃ
460 1291 538 1329 Apul.
551 1291 586 1320 de
597 1290 706 1320 Mundo
726 1299 785 1327 cap.
801 1299 843 1326 57.

194 1333 214 1362 A
224 1343 240 1361 1„
249 1334 261 1361 ῑ
270 1343 284 1361 1⁴»
294 1333 331 1361 ὴ
340 1343 349 1360 1
361 1341 372 1360 s
382 1354 389 1366 7
410 1341 434 1360 e,
457 1326 620 1366 [ᾕρεπῖωςὲς]
641 1328 728 1365 Quod
739 1327 899 1356 facultatem
914 1325 998 1355 habet
1011 1325 1113 1354 alendi.
1134 1325 1217 1354 Varro
1227 1335 1251 1354 2.
1268 1325 1304 1354 de
1314 1325 1347 1355 R.

231 1370 264 1400 R.
286 1380 347 1407 cap.
365 1379 375 1398 1
384 1379 406 1397 1.
435 1367 480 1397 Est
495 1367 570 1396 enim
584 1365 626 1395 lac
636 1366 762 1394 omnium
775 1374 865 1394 rerum
877 1373 943 1401 quas
953 1363 1007 1392 cibi
1018 1363 1097 1392 causa
1107 1363 1232 1400 capimus
1241 1363 1350 1400 liquen-

229 1410 311 1443 tium,
324 1407 444 1436 maxime
452 1404 552 1434 alibile.
574 1403 689 1433 Rursum
697 1403 803 1432 ibidem
811 1401 894 1440 paulo
903 1401 973 1439 post,
987 1401 1063 1430 Casei
1075 1411 1160 1438 quum
1168 1400 1266 1430 molles
1275 1400 1347 1436 sunt,

231 1446 318 1483 magis
333 1443 450 1478 alibsses,
465 1443 494 1472 in
514 1448 631 1479 corpore
641 1451 699 1470 non
710 1440 809 1470 resides
820 1463 828 1477 ,
849 1446 955 1469 veteres
967 1440 993 1469 &
1002 1439 1080 1474 aridi,
1092 1444 1195 1468 contra.
1218 1439 1347 1477 Compar.

230 1484 318 1513 Idem.
337 1492 361 1520 3.
374 1493 399 1518 9.
432 1480 502 1510 Pulli
514 1478 671 1508 alibiliores.

193 1522 297 1552 Ateii
307 1530 375 1550 Nus
386 1542 394 1555 ,
415 1519 434 1548 i.
456 1528 493 1547 m.
516 1515 697 1553 [veiiss’flu&]
718 1517 745 1545 &
764 1516 809 1544 At
820 1525 898 1544 UMN
909 1526 928 1543 A
943 1537 951 1551 ‚
973 1524 1005 1544 ae.
1020 1514 1039 1544 f.
1062 1514 1164 1543 dicitur
1180 1513 1248 1544 ficut
1263 1513 1349 1544 Filius

231 1561 257 1590 ἃ
269 1559 333 1588 Flia.
356 1558 399 1587 Est
408 1562 501 1586 autem
512 1552 655 1589 Alumnus,
675 1554 732 1591 Qui
741 1553 774 1582 ab
786 1553 878 1590 aliquo
888 1552 968 1582 alitus
979 1553 1032 1586 est7
1052 1553 1078 1582 ἃ
1091 1552 1128 1581 est
1140 1562 1245 1581 nomen
1259 1552 1349 1581 adali-

230 1597 298 1635 quid
309 1597 425 1626 dietum.
462 1593 590 1623 Refertur
598 1593 674 1621 enini
683 1592 795 1630 proprie
805 1591 840 1620 ad
848 1590 1000 1620 nutricium
1010 1612 1017 1625 ,
1029 1590 1201 1619 nutricemve
1213 1600 1219 1619 z
1243 1596 1273 1619 ut
1284 1613 1292 1625 ‚
1315 1592 1348 1620 A-

230 1635 343 1665 lumnus
356 1642 444 1667 meus,
458 1641 541 1668 quem
551 1631 675 1660 educavi.
699 1630 756 1659 Cic.
769 1640 795 1664 4.
807 1629 880 1658 Verr.
893 1632 938 1658 66.
957 1628 992 1657 de
1004 1627 1156 1666 suppliciis,
1168 1628 1246 1657 Italia
1255 1636 1349 1658 autem

229 1673 374 1702 alumnum
384 1670 461 1700 suum
471 1669 607 1698 servitutis
617 1675 742 1698 extremo
749 1667 912 1704 summoque
920 1666 1058 1703 supplicio
1065 1665 1152 1694 fixum
1159 1666 1274 1696 videret.
1285 1666 1349 1696 Var-

229 1721 261 1740 ro
272 1733 280 1746 ,
302 1711 336 1739 Et
349 1719 414 1739 ecce
426 1708 460 1737 de
471 1706 619 1744 improviso
628 1706 662 1735 ad
675 1715 726 1735 nos
739 1705 849 1734 accedit
863 1715 931 1734 cana
938 1705 1046 1738 veritas
1061 1704 1154 1732 Atticae
1165 1703 1349 1742 philosophice

229 1749 350 1778 alumna.
393 1746 422 1775 V.
442 1746 569 1775 Nonium
578 1755 604 1780 4.
615 1754 658 1780 25.
680 1744 753 1773 Serv.
765 1743 800 1772 ad
810 1743 882 1780 Virg.
895 1754 922 1778 4.
933 1743 995 1772 AEn.
1009 1751 1054 1779 72.
1077 1741 1175 1779 Caper.
1195 1742 1230 1771 de
1247 1742 1350 1772 Ortho-

230 1787 324 1824 graph.
339 1785 432 1815 Isidor.
447 1793 488 1812 10.
499 1784 528 1811 in
537 1783 600 1819 Apr.

228 1824 345 1862 Agrestis
356 1822 402 1851 ille
414 1821 541 1851 alumnus
557 1826 662 1849 evertet
670 1819 796 1849 domum.
818 1818 916 1848 Senec.
940 1818 971 1847 in
981 1817 1121 1855 Agamem.
1133 1826 1159 1854 7.
1180 1817 1216 1847 de
1227 1817 1348 1856 AEgistho

247 1863 351 1891 nutrito
364 1862 392 1889 in
414 1860 492 1897 agris.

227 1899 325 1929 Dulcis
340 1898 477 1928 alumnus.
500 1895 567 1925 Hor.
580 1904 603 1925 1.
615 1895 698 1933 Epist.
712 1905 737 1931 4.
748 1899 773 1929 8.

227 1937 385 1968 Indecores.
407 1936 475 1965 Stat.
488 1933 578 1964 Theb.

227 1975 350 2011 Juvenis.
374 1974 456 2003 Ovid.
475 1982 517 2001 11.
543 1972 613 2002 Met.
628 1980 672 2006 99.

228 2014 337 2042 Paivus.
358 2013 426 2041 Hor.
444 2021 468 2047 3.
494 2010 583 2040 Carni.
599 2014 638 2042 ig.
655 2019 680 2043 4.

229 2052 299 2080 Artis
314 2051 450 2080 alumnus.
472 2049 538 2078 Stat.
551 2051 576 2076 6.
587 2046 677 2076 Theb.
693 2050 753 2082 178.

228 2088 314 2118 Pacis.
337 2088 398 2117 Cic.
407 2097 431 2124 7.
446 2086 565 2124 Philipp.
579 2090 605 2119 8.
624 2084 681 2121 Ego
694 2084 784 2120 itaque
793 2082 870 2121 pacis
884 2082 896 2118 (
908 2086 940 2112 ut
952 2082 990 2112 ita
998 2081 1113 2118 dicam)
1134 2080 1274 2113 alumnus.

227 2126 347 2156 Pietatis.
371 2125 454 2154 Ovid.
470 2134 510 2160 14.
531 2123 600 2153 Met.
612 2129 676 2158 443.

229 2165 318 2195 Ruris.
346 2163 429 2192 Ovid.
445 2172 468 2199 3.
489 2164 580 2191 Amor.
598 2171 640 2194 15.
655 2168 679 2196 3.

228 2203 392 2232 Nemorum.
415 2201 481 2230 Stat.
495 2210 536 2228 10.
550 2198 640 2228 Theb.
655 2200 716 2232 362.

228 2240 362 2270 Alunmus
373 2237 523 2276 disciplinae
534 2247 609 2266 inere.
632 2236 690 2264 cic.
704 2245 729 2270 9.
743 2233 817 2263 Fam.
836 2243 878 2269 14.

228 2278 346 2308 Alunina
361 2277 431 2305 bene
447 2275 601 2305 constitutae
620 2273 739 2302 civitatis
760 2271 928 2308 eloquentia.
978 2271 1037 2301 Cic.
1059 2271 1094 2300 de
1109 2267 1180 2302 Clar.
1204 2271 1281 2301 Orat.
1298 2281 1344 2306 45.

247 2316 323 2345 Pacis
334 2315 371 2344 est
381 2323 484 2349 comes⁷
497 2313 602 2349 otiique
611 2311 693 2346 socia,
712 2311 737 2340 ἃ
747 2310 802 2345 jam
823 2310 893 2338 bene
903 2309 1057 2339 constitutae
1068 2310 1188 2339 civitatis
1206 2309 1279 2346 quasi
1289 2308 1347 2338 alu-

247 2364 313 2383 mna
325 2352 459 2390 quaedam,
472 2350 639 2387 eloquentia.

227 2392 361 2433 Alumnus
372 2390 484 2428 ponitur
494 2388 634 2417 interdum
646 2388 671 2416 &
681 2386 778 2418 active.
788 2394 839 2422 pro
850 2383 890 2413 EO
902 2385 949 2422 qui
960 2384 1017 2414 alit.
1040 2384 1109 2414 Plin.
1121 2382 1140 2413 l.
1154 2393 1177 2419 3.
1191 2394 1214 2413 c.
1234 2395 1257 2419 ς.
1279 2383 1348 2413 Ter-

245 2439 275 2458 ra
290 2430 418 2458 omnium
428 2434 559 2456 terrarum
578 2425 707 2459 alumna.
722 2423 820 2452 eadem
832 2424 859 2452 Sc
876 2432 989 2460 parens,
1008 2423 1125 2451 numine
1145 2422 1229 2451 desim
1250 2422 1344 2451 elet‘ta.

246 2467 288 2496 De
297 2466 374 2496 ltalia
383 2465 513 2502 loquitur.
529 2463 605 2493 Licet
615 2470 709 2491 tamen
720 2460 766 2490 hic
780 2460 881 2498 passive
890 2470 997 2498 capere.
1010 2460 1161 2489 Provinciae
1172 2460 1248 2488 enim
1259 2460 1347 2489 Africa

245 2505 395 2543 praesertim
413 2505 439 2532 ἃ
448 2503 582 2540 AEgyptus
596 2501 705 2529 alebant
726 2498 841 2528 Italiam.
857 2498 912 2527 Sed
930 2498 1017 2527 active
1039 2497 1079 2534 [si
1091 2496 1133 2527 dis
1145 2497 1258 2535 placet]
1268 2497 1344 2527 Curt.

247 2554 273 2579 9.
293 2552 317 2572 2.
335 2547 379 2576 28.
402 2541 551 2570 Alumnum
561 2537 839 2573 commilitonemque
847 2536 973 2565 vestrum.
1008 2536 1128 2565 SicStat.
1144 2547 1164 2564 i.
1179 2535 1244 2564 Silv.
1261 2546 1283 2570 3.
1299 2540 1324 2565 6.

384 2594 422 2599 —
441 2579 561 2608 Nemees
569 2575 724 2605 frondentis
734 2574 871 2603 alumnus.
912 2574 983 2603 Flor.
996 2583 1068 2607 3.21.
1084 2582 1124 2603 12.
1138 2573 1233 2602 Clieus
1244 2575 1270 2603 ἃ
1287 2573 1344 2602 alu-

245 2627 311 2647 mna
320 2617 402 2647 Urbis
422 2616 507 2645 Ostia.
537 2625 596 2652 quae
608 2613 657 2643 alit
666 2613 784 2642 Romam
801 2612 1002 2641 commeatibus
1015 2621 1050 2641 ex
1062 2611 1122 2641 aliis
1143 2611 1300 2649 regionibus
1310 2621 1345 2641 eo

245 2656 395 2686 convectis.
417 2653 491 2683 cons.
506 2653 589 2682 eund.
604 2662 660 2686 1.4.
675 2660 698 2687 3.
740 2649 812 2687 Virg.
828 2659 870 2678 11.
891 2650 952 2678 [En.
977 2659 1020 2685 33.

385 2708 422 2713 —-
441 2691 512 2720 Caro
521 2691 600 2719 datus
611 2689 668 2718 ibat
676 2688 798 2717 alumno.
837 2687 854 2716 i.
867 2697 890 2716 e.
903 2687 1029 2721 domino,
1051 2688 1123 2716 auct.
1136 2687 1254 2716 Nonius.
1269 2687 1343 2716 conf.

244 2730 363 2760 Taubm.
375 2730 409 2759 ad
421 2729 474 2758 loc.
490 2727 563 2756 Valla
573 2726 645 2764 Eleg.
657 2725 704 2755 l.6.
715 2735 738 2754 c.
747 2735 768 2754 1.
791 2724 900 2760 [Cujus
911 2725 1008 2762 procul
1019 2725 1105 2754 dubio
1117 2723 1346 2754 sententiaverior

243 2769 399 2805 est‚semper
408 2767 437 2796 id
448 2775 552 2796 nomen
563 2765 662 2794 Paffive
674 2764 752 2797 sumi,
763 2769 793 2791 ut
802 2762 846 2791 vel
860 2772 894 2791 ex
907 2763 952 2791 hic
963 2762 1089 2791 adductis
1098 2761 1170 2791 locis
1182 2762 1286 2799 liquere
1295 2773 1346 2800 pu-

243 2812 273 2836 to
285 2817 292 2843 3
309 2815 467 2843 quanquam
476 2804 559 2833 video
570 2803 666 2832 Nonni
678 2801 819 2830 sententiae
828 2800 911 2829 etiam
922 2801 951 2828 in
960 2800 1088 2837 Lipsiensi
1099 2800 1239 2829 Thesauro
1256 2801 1347 2830 calcu-

243 2844 303 2874 lum
314 2844 453 2878 adjectum
462 2864 469 2877 ‚
489 2841 537 2871 ubi
549 2849 691 2878 perperam
702 2838 811 2868 sewius
820 2838 855 2867 ad
866 2838 938 2876 Virg.
949 2849 974 2873 4.
990 2838 1050 2868 [ΕΠ.
1062 2847 1105 2874 72.
1125 2848 1176 2874 pro
1187 2838 1347 2868 Taubman-

245 2892 283 2911 no
293 2882 421 2911 adfertur.
444 2880 542 2908 Verum
552 2878 685 2915 prolixius
694 2876 752 2906 liaec
761 2876 898 2905 adstruere
907 2876 1017 2905 alterius
1031 2875 1086 2904 loci
1104 2876 1150 2904 est.

187 2923 210 2952 A
219 2932 261 2951 tu
270 2931 290 2949 Μ
301 2930 320 2948 Ν
329 2929 348 2948 A
358 2929 414 2954 R1,
435 2916 623 2954 [νιξοφιμὲοᾟ]
645 2914 721 2943 Alere
732 2915 758 2943 δι
768 2914 881 2943 Nutrire
895 2913 1035 2950 significat.
1053 2913 1132 2951 Apul.
1145 2912 1192 2947 l.8.
1204 2913 1239 2942 de
1255 2913 1344 2949 Asino,

224 2970 252 2998 p.
265 2968 328 2993 209.
354 2956 433 2993 Quos
444 2955 480 2984 ad
489 2953 581 2983 tutelae
592 2952 714 2991 praesidia
728 2951 832 2980 curiose
848 2951 956 2980 fuerant
966 2951 1107 2980 alumnati.
1129 2951 1203 2980 Hinc
1218 2951 1347 2981 Alumna.

224 3004 280 3031 tus,
301 2995 448 3024 Educatus.
494 2991 629 3021 Puellaein
643 2988 830 3028 penetralibus
840 2989 952 3025 virginis
961 2989 1117 3019 aluninatae.
1139 2989 1221 3019 Mart.
1238 2988 1343 3027 Capell.

225 3034 243 3064 l.
257 3044 282 3071 9.
297 3043 326 3071 p.
343 3042 406 3069 302.
427 3029 482 3061 Sed
496 3036 644 3066 utrumque
657 3037 715 3056 non
725 3026 786 3056 satis
795 3034 937 3063 receptum
948 3026 1058 3055 Latinis.

188 3071 210 3102 ‘A
220 3083 254 3101 ιι
264 3082 285 3100 Μ
296 3082 308 3099 r:
319 3080 339 3099 N
350 3080 368 3099 'r
378 3080 396 3098 u
406 3080 426 3098 M
441 3091 449 3103 ,
479 3068 579 3104 [τροφὴ
590 3084 597 3094 ‚
620 3064 762 3099 sim-gothi]
795 3064 1014 3093 Nutrimentum.
1046 3064 1105 3094 Cic.
1120 3065 1155 3094 de
1163 3064 1284 3094 Univers.
1301 3067 1342 3095 16.

225 3110 251 3139 N
254 3119 286 3138 ec
297 3118 362 3137 vero
376 3105 546 3136 desiderabat
558 3103 679 3133 mundus
689 3101 820 3131 alimenta
831 3103 962 3139 corporis.

223 3147 361 3176 Alimenta
373 3144 517 3174 &Cibaria
531 3141 670 3171 differunt.
713 3140 783 3169 Nam
794 3138 904 3168 illorum
921 3140 1035 3168 nominc
1049 3149 1080 3168 ea
1090 3140 1184 3168 omnia
1199 3141 1347 3169 continen-

242 3191 295 3216 tur.
302 3184 356 3212 sine
365 3183 463 3220 quibus
474 3181 509 3210 ali
520 3189 621 3217 corpus
632 3189 689 3207 non
727 3177 812 3205 otest:
834 3177 934 3205 horum
943 3187 1007 3205 vero
1018 3184 1125 3206 tantum
1135 3187 1194 3214 quae
1205 3178 1239 3206 ad
1249 3179 1345 3207 cibum

242 3222 391 3260 pertinent.
413 3220 508 3256 Itaque
519 3217 670 3254 jabolenus
681 3188 883 3258 Asimentorum
898 3214 986 3250 legato
1003 3216 1028 3243 Sc
1039 3215 1150 3247 cibaria.
1171 3217 1196 3244 Sc
1206 3216 1343 3250 vestitum,

244 3259 476 3289 &habitationem
483 3255 621 3286 contineri
630 3254 721 3283 tradit.
734 3253 753 3281 l:
765 3256 790 3280 6.
802 3252 836 3281 D.
847 3252 882 3280 de
892 3252 965 3280 alim.
979 3253 1004 3281 Sc
1016 3252 1099 3281 cibat.
1124 3252 1186 3290 Ulp.
1197 3260 1289 3282 autem
1302 3254 1347 3282 Ci-

243 3297 381 3326 bariorum
392 3296 482 3333 legato
491 3304 523 3323 ea
532 3291 668 3323 contineri
682 3296 773 3328 negat.
788 3288 806 3318 l.
819 3299 863 3318 21.
883 3289 917 3318 D.
928 3289 992 3318 eod.
1005 3300 1039 3318 ex
1048 3290 1236 3319 Hotomanno.

224 3334 341 3372 Largum
361 3333 532 3362 alimentum.
562 3331 631 3360 Plin.
645 3329 661 3358 l.
680 3339 720 3357 11.
738 3337 761 3358 c.
779 3337 820 3363 14.
860 3327 923 3356 Hoc
938 3327 1051 3364 quidem
1066 3328 1161 3364 attingi
1181 3334 1292 3357 vetant:
1314 3336 1346 3358 ut

243 3372 317 3408 largo
335 3371 467 3400 alimento
477 3369 567 3398 valida
577 3374 659 3398 exeat
672 3365 789 3396 soboles.

223 3408 374 3440 Liberalius
394 3407 567 3437 alimentum.
594 3405 663 3435 Cels.
684 3405 703 3434 l.
717 3409 777 3438 8.c.
798 3413 840 3431 10.
869 3401 1021 3431 Liberalius
1032 3401 1212 3438 alimentum,
1230 3402 1314 3441 longa
1329 3413 1345 3433 a

243 3447 309 3476 vino
332 3446 504 3474 abstinentia.

225 3484 364 3514 Alimenta
375 3484 459 3512 initia.
489 3481 571 3511 Ovid.
584 3490 609 3510 2.
632 3480 700 3509 Met.
717 3483 780 3513 288.

226 3522 365 3551 Alimenta
377 3526 517 3558 perpetua.
559 3519 590 3547 V.
620 3528 633 3546 Ρ
646 3528 658 3546 t
668 3528 682 3545 a
693 3527 729 3545 er.
739 3527 758 3545 ’r
768 3526 784 3545 υ
797 3526 814 3545 u
823 3526 845 3545 s.

225 3557 487 3589 Alimentaflanimae
498 3555 541 3586 vel
553 3557 630 3593 ignis.
661 3555 744 3583 Ovid.
762 3564 804 3588 ις.
818 3554 884 3583 Met.
899 3560 959 3588 532.
988 3550 1057 3580 Plin.
1075 3550 1092 3580 1.
1109 3561 1151 3588 14.
1167 3562 1190 3581 c.
1205 3561 1250 3583 20.
1281 3552 1344 3583 Faex

244 3596 301 3625 vini
313 3595 408 3624 siccata
421 3595 519 3632 recipit
530 3595 617 3631 ignes,
635 3603 666 3621 ac
679 3592 733 3621 sine
747 3591 880 3621 alimento
892 3591 986 3627 flagrat
998 3598 1047 3627 per
1056 3588 1091 3618 se.

226 3633 534 3669 Aliinentaignisarida.
557 3631 604 3659 sil.
617 3630 675 3659 Ital.
695 3630 741 3658 lib.
759 3638 800 3660 17.

226 3671 362 3701 Alimenta
374 3670 449 3699 lactis
459 3670 522 3698 dare
533 3677 628 3706 puero.
652 3667 734 3696 Ovid.
751 3677 774 3703 3.
797 3666 865 3696 Met.
878 3676 940 3704 315.

226 3709 361 3738 Alimenta
374 3707 498 3736 nubium.
534 3706 616 3734 (ivid.
633 3715 654 3733 1.
680 3705 749 3733 Met.
767 3714 831 3741 271.

225 3747 370 3774 Vitiorum.
392 3744 476 3773 Ovid.
487 3753 512 3772 2.
540 3744 607 3772 Met.
620 3747 697 3778 769.'

225 3784 395 3814 Aliinentuni
403 3782 511 3810 virtutis
522 3781 619 3809 honos.
644 3779 698 3807 Vixi.
712 3778 787 3808 Max.
807 3789 831 3807 2.
841 3782 866 3807 6.
881 3788 904 3813 ς.

224 3821 363 3851 Alimenta
383 3829 447 3848 arcu
463 3818 594 3854 expedire
610 3839 617 3849 .
643 3818 749 3844 Vittuiii
764 3815 810 3844 libi
825 3825 888 3844 arcu
901 3818 927 3845 ἃ
938 3814 1040 3849 sagittis
1053 3823 1182 3852 quterere.
1215 3814 1304 3845 Tacit.
1316 3818 1340 3845 6.

243 3861 312 3888 Anii.
328 3866 369 3892 «ιζ.
395 3856 542 3885 Artabanus
559 3855 588 3883 iu
600 3854 731 3890 llyrciiiiis
742 3860 864 3890 repertus
875 3854 921 3888 est,
943 3853 1036 3882 illuvie
1047 3853 1157 3889 oblitus,
1178 3852 1343 3883 &ali-menta

243 3906 307 3926 arcu
317 3894 477 3932 expediens.

838 874 893 904 Seu
907 880 936 903 tu
946 878 1099 912 parentem.
1140 871 1293 902 Lactanta.
1303 881 1348 901 21.

1824 37 1851 73 A
1942 36 1970 73 L
2065 36 2099 74 O

1444 118 1581 148 Alimenta
1601 127 1735 157 reponere
1752 118 1781 148 in
1803 120 1941 157 hyemem.
1971 120 2091 156 Quintil.
2105 121 2154 150 lib.
2171 127 2197 150 2.
2221 126 2281 159 cap.
2302 120 2345 150 16.

1444 157 1661 199 Subiiiinillrare.
1693 157 1762 198 Cels.
1777 157 1824 186 lib.
1845 163 1869 190 8.
1887 168 1947 195 cap.
1965 168 1986 186 r.
2030 159 2156 195 Interque
2165 170 2196 188 ea
2206 169 2282 188 vente
2296 159 2467 196 discurrunt,
2484 166 2554 199 *quas

1465 195 1506 223 his
1521 194 1684 223 alimentum
1704 194 1902 224 subministrare
1920 195 2053 223 credibile
2072 196 2117 224 cst.

1406 232 1428 261 A
1439 243 1455 260 ι,
1463 243 1471 259 1
1482 243 1502 260 M
1512 242 1525 260 E
1535 241 1555 260 N
1564 241 1581 259 T
1591 242 1608 259 a
1620 242 1634 259 it
1646 242 1653 259 i
1665 242 1682 259 U
1691 242 1702 260 s
1712 254 1720 267 ,
1751 233 1810 267 Adj.
1832 233 1919 269 Quod
1928 233 1963 261 ad
1974 233 2137 262 alimentum
2146 234 2284 270 pertinet:
2306 238 2338 262 ut
2353 232 2409 262 Lex
2418 233 2555 267 alimenta.⁴

1446 270 1485 297 ria
1497 291 1504 302 ,
1525 279 1585 306 quse
1595 269 1760 305 providebat
1770 278 1800 298 ut
1808 270 1967 299 filiialerent
1976 276 2104 308 parentes
2120 271 2155 299 ad
2164 271 2289 308 inopiam
2299 271 2432 301 redactos.
2460 272 2517 303 Cic.
2529 280 2554 309 8.

1445 306 1519 336 Fam.
1538 312 1562 335 6.
1592 308 1604 341 [
1621 307 1710 335 liniiio
1723 306 1751 335 V.
1768 307 1983 341 Manut.adloc.

1446 345 1624 373 Aliinentaiia
1641 343 1727 372 causa.
1763 344 1873 381 Ulpian.
1887 346 1915 373 in
1931 345 1947 374 l.
1968 345 2062 381 Quum
2080 345 2119 374 hi.
2134 345 2155 382 §.
2177 345 2195 374 si
2214 345 2314 374 eidem.
2335 345 2370 374 D.
2386 344 2421 374 de
2432 341 2554 380 transast.

1446 381 1623 410 Alinientaria
1638 382 1717 409 nitio.
1740 381 1867 411 martian.
1880 383 1935 411 inl.
1952 394 1978 418 4.
1997 383 2030 411 D.
2047 383 2088 411 Ad
2098 382 2148 420 leg.
2162 381 2265 418 ,Iuliam
2275 382 2395 420 peculat.
2453 414 2455 416 ,

1446 419 1660 453 Aliiiientarius‚
1682 418 1734 447 Cui
1745 419 1875 449 alimenta
1890 420 1979 457 legata
1989 420 2068 449 sunt:
2090 419 2267 458 saepelegitur
2278 421 2377 457 injure
2395 419 2487 457 civili,
2521 422 2553 456 V,

1466 456 1529 493 Leg.
1542 462 1567 489 8.
1579 457 1600 493 §.
1617 467 1642 491 9Δ
1665 457 1691 485 r&
1707 466 1751 492 24.
1773 457 1807 486 D.
1824 458 1860 486 de
1873 457 2014 486 Transact-

1446 494 1616 523 Aliiiientzirii
1635 495 1711 531 pueri
1724 516 1732 528 7
1749 494 1812 524 sunt
1829 495 1886 532 Qui
1899 495 2011 533 publice
2026 495 2144 524 aluntur.
2165 494 2218 530 Jul.
2235 494 2355 532 Capitol.
2373 495 2404 524 in
2421 497 2557 529 Antonino

1466 532 1514 561 Pio
1525 554 1533 566 ,
1549 542 1609 569 cap.
1622 537 1647 565 8.
1674 530 1778 562 Puellas
1792 533 1905 570 (inquit
1919 538 1925 561 i
1945 532 2128 562 alimentarias
2138 533 2168 561 in
2178 533 2308 562 Faustinae
2317 534 2454 566 honorem
2464 534 2559 568 Fausti.

1467 570 1562 598 nianas
1574 569 1725 598 constituit.
1755 571 1861 600 Gruter.
1875 570 2000 608 inscript.
2022 580 2100 600 mxx]
2109 581 2131 600 1.
2151 574 2176 600 6.
2197 570 2216 600 P
2228 571 2248 600 V
2259 572 2279 601 E
2288 571 2332 600 Rl
2363 570 2417 600 ET
2443 570 2463 600 P
2472 571 2585 606 VELaj')

1467 606 1546 636 LAE
1580 604 1858 637 ALIMENTAR.
2564 631 2591 642 i,

1411 643 1433 674 A
1443 645 1504 673 tiu
1516 648 1533 673 ὃ
1543 654 1561 672 N
1573 655 1581 672 1
1592 655 1625 679 A,
1660 654 1690 674 ae.
1714 645 1885 682 [maspedis]
1905 645 2000 674 Vicffus
2022 644 2196 675 necessarius.
2225 644 2317 675 Utitur
2334 646 2490 684 frequenter
2505 646 2577 678 Μεθ’

1449 681 1524 711 erob.
1537 682 1644 711 Saturn.
1655 692 1679 711 c.
1691 684 1752 718 4&
1764 694 1785 719 ς.
1805 683 1890 713 Plaut.
1912 682 1981 712 Pers.
1998 693 2021 711 1.
2032 692 2057 712 2.
2071 693 2093 711 1.
2125 683 2249 720 Quaestus
2260 684 2410 713 alimoniae.
2433 684 2504 714 Gell.
2519 693 2558 724 17.
2566 683 2581 704 *Ὗ
2603 708 2604 711 ,

1452 730 1463 748 1
1472 731 1495 754 ς.
1517 720 1656 750 Naturalis
1665 720 1804 750 alimoniae
1813 721 2035 763 fundamentum.
2057 721 2130 750 adde
2138 724 2211 750 Suet.
2225 720 2311 759 Calig.
2327 732 2351 751 c.
2365 732 2411 758 42.
2432 722 2559 754 Prudent.
2570 716 2579 750 ¹,

1449 757 1575 786 Cathem.
1589 769 1610 793 ς.
1628 769 1669 793 19.
1699 758 1768 788 Plur.
1781 769 1897 787 numero
1908 759 1970 787 ulus
1977 759 2014 787 est
2026 758 2105 796 Apul.
2118 769 2144 788 2.
2156 758 2226 788 Met.
2240 769 2255 787 a
2265 768 2306 796 pr.
2334 760 2400 789 Non
2411 760 2497 789 modo
2506 760 2586 791 sams}

1450 796 1540 832 guinis
1551 805 1646 825 verum
1655 797 1740 825 ctiam
1751 796 1945 825 alimoniarum
1955 796 2036 825 socia.
2548 798 2550 802 ’
2565 800 2568 829 ἶ
2579 803 2581 810 '

1409 833 1432 862 A
1442 844 1457 861 L
1467 842 1604 862 1MON1U
1614 845 1634 862 M
1645 856 1652 868 ‚
1683 835 1702 863 i.
1724 843 1749 863 n.
1774 834 1992 863 Nutrimentum.
2021 834 2105 862 Varro
2120 842 2142 861 ι.
2165 834 2200 863 de
2220 833 2253 863 R.
2264 833 2298 863 R.
2320 844 2344 864 c.
2357 841 2383 869 8.
2421 834 2475 864 Ubi
2490 828 2589 868 enimn

1448 876 1546 899 natura
1555 871 1686 907 humida,
1708 871 1746 901 ibi
1766 871 1847 901 altius
1862 872 1926 901 vitis
1943 871 2068 900 tollenda
2078 893 2086 906 ‚
2108 872 2183 907 quod
2198 873 2225 900 in
2245 874 2361 910 partu&
2376 872 2510 903 alimonio
2525 863 2590 912 viali

1448 917 1517 948 puni
1528 929 1536 943 ‚
1559 918 1617 937 non
1633 916 1664 938 ut
1684 910 1713 938 in
1731 909 1836 944 calice,
1857 911 1953 947 quaerit
1971 920 2088 947 aquam,
2109 908 2157 937 sed
2167 909 2261 939 solem.
2314 910 2393 940 idem
2407 910 2425 940 1.
2440 920 2464 947 3.
2484 921 2508 940 c.
2520 898 2596 944 mal·

1450 946 1517 975 Hzec
1529 947 1624 976 omnia
1636 954 1736 976 vocant
1745 947 1857 976 amellis
1872 947 2006 976 alimonio
2017 970 2025 981 ,
2047 947 2131 976 alvos.
2570 940 2585 983 ’Ψ

1410 983 1555 1013 ALi'rl‘JR
1566 995 1604 1019 Α,
1626 985 1757 1021 [θρέψις]
1777 985 1942 1015 Nutricatio.
1979 984 2049 1014 Gell.
2061 984 2108 1013 lib.
2127 994 2169 1014 12.
2182 995 2243 1023 cap.
2260 996 2282 1015 1.
2323 985 2390 1015 Non
2408 986 2564 1024 partionem
2579 989 2589 1009 ⁴¹

1447 1021 1543 1057 solam⁷
1554 1021 1600 1051 sed
1609 1022 1737 1052 alituram
1747 1032 1856 1060 quoque
1865 1023 1950 1052 feram
1961 1045 1969 1058 ‚
1992 1024 2017 1052 Sa
2028 1022 2124 1051 saevam
2134 1023 2295 1053 criminatus
2306 1023 2351 1053 est.
2559 1015 2567 1051 ¹.

1409 1060 1432 1089 A
1441 1071 1456 1087 L
1467 1061 1483 1102 ᾤ
1493 1069 1507 1102 ιζ.
1517 1081 1525 1094 ,
1546 1070 1584 1089 es.
1606 1060 1623 1089 f.
1648 1062 1663 1096 [
1675 1061 1753 1095 ἀλόκ]
1775 1060 1866 1090 Herba
1877 1062 1914 1090 est
1922 1060 2079 1089 amarissimi
2087 1060 2169 1090 succi.
2211 1061 2290 1090 Unde
2299 1060 2594 1099 permetapohoram‘i„

1449 1097 1521 1126 dixit
1533 1097 1675 1132 Juvenalis
1688 1120 1696 1133 ‚
1719 1102 1744 1127 6.
1766 1098 1820 1127 Sat.
1835 1104 1896 1132 180.
1940 1097 2001 1127 Plus
2013 1098 2089 1133 aloes
2099 1108 2181 1135 quani
2194 1099 2284 1128 mellis
2294 1099 2385 1128 habet.
2407 1099 2435 1128 h.
2457 1109 2481 1128 e.
2502 1099 2573 1131 Plus?

1448 1136 1640 1165 amaritudinis
1657 1145 1739 1173 quam
1751 1135 1917 1166 dulcedinis.
1939 1136 1981 1165 De
1993 1136 2045 1165 hac
2054 1136 2140 1165 herba
2149 1137 2186 1166 sic
2194 1136 2279 1166 habet
2290 1137 2359 1166 Plin.
2372 1136 2549 1175 lib.27.cap.4
2564 1151 2565 1154 ¹
2591 1168 2594 1174 ,

1448 1173 1516 1216 Aloe
1525 1173 1606 1202 scillae
1615 1173 1825 1210 similitudinem
1840 1174 1924 1203 habet
1934 1195 1942 1209 ,
1964 1174 2051 1209 major
2065 1175 2091 1203 ἃ
2103 1175 2297 1212 pinguioribus
2315 1175 2390 1204 foliis
2405 1184 2440 1204 ex
2452 1174 2544 1213 obliqu
2586 1191 2587 1196 =

1447 1208 1548 1240 striata.
1587 1210 1679 1241 Caulis
1696 1212 1755 1248 ejus
1765 1218 1842 1240 tener
1852 1213 1889 1241 est
1902 1234 1910 1247 ,
1930 1212 2030 1241 rubens
2043 1212 2167 1248 medius,
2186 1222 2245 1241 non
2255 1212 2393 1242 dissimilis
2403 1212 2544 1242 antherico
2576 1207 2604 1239 (ὑ

1447 1249 1541 1291 radice
1551 1259 1622 1286 una,
1644 1259 1695 1279 ceu
1705 1249 1768 1287 palo
1778 1251 1807 1278 in
1814 1257 1913 1279 terram
1925 1249 2054 1285 demissa,
2076 1251 2150 1287 gravi
2164 1251 2267 1286 odore,
2289 1251 2366 1288 gustu
2379 1260 2472 1280 amara
2485 1272 2493 1287 ‚
2509 1250 2535 1281 la
2572 1244 2586 1283 s.

1447 1286 1585 1316 datillima
1593 1297 1628 1317 ex
1637 1286 1717 1317 India
1728 1287 1855 1317 affertur:
1877 1287 1925 1316 sed
1934 1288 2053 1316 nascitur
2064 1290 2091 1317 δε
2102 1284 2131 1317 in
2144 1288 2202 1318 Asia
2210 1310 2218 1324 ,
2240 1289 2292 1318 διο.
2561 1284 2591 1324 2⁴3}

1409 1324 1431 1354 A
1441 1327 1483 1367 μδ
1493 1333 1531 1353 tu
1541 1335 1553 1353 s
1565 1347 1573 1360 ,
1594 1335 1644 1363 per
1663 1330 1692 1352 σὺ
1712 1325 1741 1354 di
1763 1325 1920 1363 lithongum
1940 1326 2086 1361 [Amastor]
2107 1326 2159 1355 fuit
2178 1326 2260 1364 Gigas
2274 1325 2382 1356 Titanis
2393 1328 2420 1357 δι
2430 1324 2523 1356 Terrae
2533 1321 2580 1362 fisi?

1447 1361 1501 1391 luis
1518 1384 1525 1397 ‚
1540 1363 1625 1406 'cujus
1634 1373 1704 1392 uxor
1714 1364 1745 1401 lp
1759 1364 1870 1393 jmedia
1883 1364 2051 1401 assNeptuno
2067 1363 2236 1401 compressa.
2262 1364 2351 1399 Otum
2362 1366 2389 1394 ἀ
2409 1363 2604 1403 ΕΡὴίᾶΙῑεηίἷμ

1448 1407 1560 1437 peperit
1570 1423 1578 1435 ,
1599 1401 1723 1438 gigantes
1738 1403 1873 1430 maximos
1884 1424 1891 1436 ‚
1913 1402 1960 1439 qui
1974 1411 2076 1430 noveni
2088 1401 2180 1440 digitis
2198 1412 2248 1440 per
2259 1402 2380 1441 singulos
2395 1402 2502 1432 menses
2509 1395 2604 1442 cre-‘fi‘

1447 1438 1566 1468 scebant.
1609 1440 1646 1468 Hi
1660 1439 1761 1468 Aloidae
1773 1439 1841 1468 dieti
1851 1439 1929 1468 sunt:
1952 1449 2069 1477 quorum
2080 1440 2210 1469 meminit
2217 1440 2289 1478 Virg.
2302 1444 2328 1470 6.
2346 1439 2409 1470 AEn.
2426 1445 2488 1477 582.
2564 1425 2583 1476 5?-

1526 1476 1580 1505 Hic
1602 1479 1628 1506 ἃ
1647 1476 1757 1506 Aloidas
1774 1478 1900 1514 geminos
1917 1478 2050 1506 immania
2066 1478 2124 1506 vidi
2433 1493 2437 1497 .
2560 1475 2593 1513 '‘52''

1526 1514 1668 1552 Corpora,
1695 1515 1742 1552 qui
1758 1514 1887 1544 manibus
1906 1525 2039 1553 inagnum
2055 1515 2210 1544 rescindere
2227 1514 2332 1545 coelum
2556 1515 2571 1543 sl

1525 1552 1661 1590 Aggreffi:
1683 1549 1840 1591 superisque
1863 1553 1961 1588 Joveni
1978 1553 2125 1582 detrudere
2147 1553 2251 1591 regnis.
2565 1544 2585 1581 ¹⁴3

1445 1587 1547 1620 Aloeus
1566 1591 1676 1628 impius.
1697 1591 1798 1620 Lucan.
1817 1588 1865 1620 lib.
1880 1595 1905 1620 6.
1922 1601 1986 1626 410.

1527 1628 1632 1666 Impius
1650 1629 1723 1658 hanc
1736 1628 1842 1666 prolem
1861 1628 1965 1666 superis
1984 1628 2096 1658 immisit
2110 1627 2220 1658 Aloeus.

1464 1664 1567 1703 Hygin.
1589 1666 1617 1695 F.
1637 1673 1680 1700 28.
1696 1667 1770 1696 Serv.
1784 1667 1819 1695 ad
1834 1666 1886 1696 loc.
1902 1666 1972 1704 Virg.

1408 1701 1432 1732 A
1441 1714 1456 1732 t
1464 1713 1481 1732 o
1490 1714 1507 1732 G
1518 1715 1527 1732 1
1538 1714 1557 1732 A
1568 1725 1577 1739 ‚
1597 1702 1730 1740 [aizou'ae]
1751 1704 1847 1733 Latine
1863 1704 2060 1734 lrratioiialitas
2076 1704 2087 1739 (
2102 1710 2133 1732 ut
2144 1704 2182 1732 ita
2192 1704 2284 1733 dicam
2295 1704 2307 1739 )
2334 1703 2510 1742 interpretari
2516 1714 2563 1743 pm
2600 1719 2604 1742 l

1446 1742 1521 1784 test,
1545 1751 1609 1770 cum
1619 1739 1724 1772 scilicet
1739 1752 1803 1771 vera
1815 1743 1884 1771 ratio
1896 1752 1954 1771 non
1969 1740 2151 1779 subjungitur.
2173 1742 2270 1771 Senec.
2289 1741 2324 1770 de
2339 1749 2427 1771 morte
2447 1742 2578 1775 Claiidii.=·'
2602 1753 2604 1773 f

1449 1779 1538 1809 Citius
1548 1780 1617 1808 mihi
1627 1790 1721 1809 verum
1735 1780 1831 1814 dicito,
1844 1790 1879 1809 ne
1889 1781 1939 1809 tibi
1949 1780 2052 1817 alogias
2063 1780 2212 1808 excutiam.
2244 1779 2298 1808 Ubi
2307 1780 2430 1817 interpp.
2456 1780 2485 1809 V.
2497 1782 2563 1819 Aug.
2600 1807 2603 1817 k

1448 1817 1483 1845 ad
1499 1817 1715 1856 CusulanAEpist.
1732 1822 1774 1852 86.
1799 1818 1914 1856 Alogiari
1926 1817 2113 1848 Immodicum
2123 1817 2315 1846 conviviorum
2324 1816 2420 1846 luxum
2435 1818 2565 1856 appellat..
2580 1851 2585 1855 ¹

1447 1854 1555 1898 Dicitur
1563 1856 1646 1884 etiam
1654 1855 1758 1893 Alogia,
1770 1856 1828 1891 [vel
1840 1857 1934 1894 potius
1944 1858 2045 1887 ammi.
2069 1855 2138 1885 V.H.
2148 1856 2187 1885 St.
2201 1855 2282 1884 Thes.
2288 1855 2348 1892 Gn]
2361 1865 2426 1884 cum
2432 1857 2564 1894 principis

1447 1892 1764 1960 iiberalfiategratiaque
1773 1916 1781 1929 ‚
1800 1894 1943 1924 necessitas
1957 1893 2160 1923 reddendarum
2169 1893 2310 1922 rationum
2320 1892 2441 1931 cuipiam
2453 1894 2567 1925 remitti·

1447 1940 1500 1960 tur.
1572 1941 1618 1960 inc
2557 1946 2560 1954 =

1408 1969 1430 1998 A
1440 1979 1482 2011 ¹10
1492 1979 1509 1997 c,
1520 1980 1528 1997 1
1540 1980 1547 1997 i
1570 1969 1684 1998 Crimen
1697 1991 1705 2004 .
1727 1968 1798 1999 Cum
1808 1970 1944 1999 rationem
1955 1969 2092 2007 quispiam
2105 1968 2223 1998 reddere
2232 1968 2387 2006 neglexerit
2399 1978 2496 1998 eorum
2504 1975 2581 2007 quaelz

1449 2017 1479 2035 in
1487 2007 1642 2045 magistratu
1657 2006 1772 2044 gesserit.
1812 2007 1911 2037 Caelius
1926 2006 1973 2036 lib.
1987 2013 2012 2041 8.
2031 2017 2091 2044 cap.
2104 2016 2128 2042 3.

1407 2044 1430 2073 A
1439 2055 1455 2072 t
1464 2054 1481 2071 o
1491 2055 1508 2073 G
1518 2056 1527 2072 1
1537 2055 1548 2073 s
1558 2055 1577 2073 ‘r
1587 2056 1596 2073 i
1607 2056 1644 2080 A,
1667 2041 1821 2081 [momine]
1842 2046 1885 2075 Est
1895 2048 1906 2080 <
1916 2052 1946 2074 ut
1956 2045 2039 2074 docet
2056 2044 2157 2074 Caelius
2170 2043 2219 2073 lib.
2230 2053 2255 2081 7.
2274 2054 2334 2082 cap.
2347 2043 2398 2080 6.)
2419 2053 2484 2074 cum
2493 2043 2565 2074 Red-¹

1447 2080 1601 2112 dendarum
1619 2083 1759 2112 rationum
1774 2083 1916 2112 necessitas
1926 2083 2091 2117 remittitur,
2113 2084 2208 2118 quae&
2219 2081 2313 2119 Alogia
2328 2082 2439 2112 dicitur.

1408 2119 1430 2148 A
1439 2130 1454 2148 L
1464 2130 1480 2148 o
1492 2130 1509 2148 c
1519 2131 1527 2148 i
1537 2130 1549 2149 s
1558 2130 1578 2149 T
1588 2131 1607 2149 A
1616 2143 1624 2156 7
1658 2118 1794 2156 [ἀλογίης
1804 2122 1818 2156 'J
1839 2119 2003 2150 Rationibus
2012 2119 2162 2149 reddendis
2176 2120 2249 2149 liber
2263 2122 2289 2149 &-
2304 2119 2417 2149 solutus.
2460 2120 2496 2149 Ut
2505 2119 2569 2150 Alo-,³

1468 2158 1522 2187 istae
1542 2165 1646 2188 tutores
1659 2159 1790 2188 dicuntur
1801 2159 1847 2196 qui
1857 2159 2104 2188 administrationis
2114 2158 2166 2187 suae
2177 2158 2297 2187 rationes
2307 2167 2365 2186 nou
2376 2158 2498 2187 reddunt
2507 2179 2515 2194 ‚
2534 2157 2564 2195 in
2578 2166 2580 2168 ’

1459 2205 1499 2230 .ς.
1513 2197 1532 2233 §.
1545 2208 1568 2232 5.
1589 2197 1623 2226 D.
1643 2197 1679 2225 de
1689 2197 1795 2226 admin.
1817 2203 1868 2225 tut.
1904 2196 1945 2226 Ita
1957 2197 2033 2225 enim
2049 2195 2078 2225 in
2097 2195 2214 2233 vulgatis
2230 2194 2435 2233 exemplaribus
2449 2195 2567 2233 legitur}

1446 2233 1570 2270 Quidam
1582 2235 1722 2264 decedens
1729 2234 1783 2264 suis
1791 2233 1855 2264 filiis
1864 2234 1979 2263 dederat
1987 2241 2093 2263 tutores
2107 2256 2115 2269 ,
2138 2236 2165 2263 ἃ
2177 2234 2315 2269 adjecerat
2327 2255 2335 2268 ,
2356 2233 2465 2271 Eosque
2474 2233 2571 2271 Alogis‘

1445 2272 1557 2339 Ιιὶῑιεῇἷῑε
1568 2272 1641 2339 νοῖΙο.
1676 2272 1714 2338 1Ιῐ]
1725 2272 1929 2310 exemplaribus
1938 2278 2030 2301 autem
2041 2272 2208 2301 Florentinis
2219 2271 2320 2309 legitur
2328 2293 2336 2307 ‚
2356 2271 2466 2309 Eosque
2480 2273 2566 2300 Aneo->

1458 2319 1502 2347 ogi
1528 2320 1559 2339 os
1571 2313 1595 2339 el
1609 2321 1624 2339 e
1639 2319 1673 2339 vo
1687 2320 1712 2339 o.
2544 2318 2552 2322 ¹

1407 2347 1429 2377 A
1439 2358 1454 2376 1.
1463 2351 1480 2377 ὅ
1490 2358 1507 2376 G
1517 2358 1536 2377 u
1547 2358 1558 2378 s
1569 2370 1577 2383 ‚
1598 2348 1775 2378 irrationalis.
1798 2346 1884 2376 Aliter
1897 2347 1989 2377 Lineae
2000 2347 2101 2385 alogae,
2123 2344 2217 2385 Spatia
2224 2347 2312 2385 aloga,
2327 2346 2413 2376 Pedes
2421 2346 2503 2384 alogi,
2517 2324 2574 2385 apes.
2602 2344 2604 2350 '

1446 2385 1528 2415 Mart.
1547 2385 1651 2424 Capell.
1673 2385 1720 2415 lib.
1735 2390 1759 2415 6.
1774 2394 1802 2423 p.
1819 2395 1882 2420 232.
1907 2387 1933 2416 δι
1950 2385 1999 2414 lib.
2012 2396 2035 2421 9.
2062 2396 2090 2423 p.
2104 2394 2164 2421 321.
2187 2386 2212 2414 ἃ
2229 2394 2289 2420 329.
2559 2397 2570 2405 ==

1407 2424 1429 2454 A
1437 2434 1453 2452 L
1463 2433 1480 2452 o
1490 2433 1508 2452 c
1519 2434 1528 2451 1
1537 2434 1584 2453 ΛΝ
1595 2436 1603 2453 ι
1618 2447 1626 2459 ‚
1648 2423 1818 2460 [othomam]
1841 2423 1970 2453 Haeretici
1983 2424 2095 2452 fuerunt
2105 2445 2124 2458 ,.
2138 2423 2174 2451 sic
2182 2424 2275 2452 vocati
2285 2429 2416 2459 tanquam
2434 2421 2490 2451 sine
2502 2421 2567 2459 Ver-3

1446 2460 1501 2496 bo,
1525 2469 1672 2500 propterea
1686 2462 1761 2499 quod
1783 2463 1802 2488 ὲν
1817 2462 1852 2497 τῷ
1871 2463 1953 2497 λόγρἷ,
1975 2461 2001 2490 li.
2024 2471 2046 2490 e.
2070 2461 2122 2490 Dei
2133 2461 2188 2489 lilio
2199 2482 2207 2495 2
2229 2461 2276 2498 qui
2291 2460 2374 2498 patris
2384 2459 2506 2489 Verbum
2518 2457 2579 2498 apa'.

1467 2500 1564 2566 elllaiubr
1575 2522 1583 2536 ,
1605 2500 1780 2530 divinitatem
1791 2508 1851 2528 noi-i
1858 2499 2037 2537 agnoscerent
2050 2521 2058 2534 ‚
2080 2498 2195 2535 joannis
2205 2498 2386 2536 Evangelium
2395 2497 2567 2536 respuentes-i

1458 2537 1510 2567 a.
1533 2539 1540 2566 i
1563 2543 1769 2568 .16.ca.1.

1406 2575 1578 2611 Atoioffl,
1618 2575 1649 2605 V.
1671 2547 1923 2613 si'ipra7Atoizns.
2560 2608 2562 2610 q

1406 2614 1428 2643 A
1436 2624 1452 2642 1.
1461 2623 1478 2642 o
1488 2624 1497 2642 1
1507 2623 1526 2642 T
1534 2624 1548 2642 Β,
1564 2636 1572 2649 ,
1595 2615 1609 2649 [
1624 2614 1730 2648 ἀλα-ιη]
1752 2612 1845 2642 Herba
1853 2612 1890 2641 est
1903 2612 1961 2641 vim
1971 2611 2075 2642 habens
2086 2611 2258 2650 soporificam
2269 2633 2278 2647 ,
2299 2621 2359 2648 quae
2383 2609 2438 2640 alio
2448 2611 2561 2642 nomine
2574 2608 2578 2623 ¹

1445 2651 1630 2689 Mandragora
1649 2651 1759 2680 dicitur.
1801 2650 1894 2687 Calep.
2553 2645 2567 2671 ¹?

1406 2688 1428 2718 A
1436 2700 1453 2717 L
1463 2700 1480 2718 o
1490 2699 1510 2718 N
1520 2700 1542 2724 E,
1564 2688 1733 2718 lnsulainter
1744 2688 1885 2718 Lebedum
1897 2688 1922 2717 ἃ
1932 2686 2014 2716 Teon
2027 2693 2142 2725 repente
2150 2693 2239 2716 enata.
2260 2684 2329 2715 Ptin.
2342 2685 2391 2715 lib.
2407 2695 2431 2715 2.
2444 2695 2504 2723 cap.
2516 2691 2569 2723 87.'
2590 2706 2592 2712 .

1443 2726 1489 2756 Est
1499 2728 1525 2756 ἃ
1537 2726 1624 2756 Alone
1634 2750 1642 2762 ‚
1664 2727 1810 2764 Opoidum
1823 2725 1961 2763 Hispaniae
1974 2726 2009 2754 ad
2020 2725 2107 2754 sinum
2122 2724 2291 2754 illicitanum
2300 2746 2309 2759 ‚
2336 2733 2365 2753 ut
2375 2724 2450 2761 apud
2459 2722 2569 2762 Melam}

2588 1560 2598 1583 t

2569 1594 2575 1608 i

2314 1627 2347 1658 V.
2370 1625 2498 1667 Apollod.
2509 1627 2526 1659 l.
2535 1618 2584 1677 ὐἷ’
2602 1650 2604 1658 .

1713 2755 1722 2765 ι

1444 2764 1561 2801 legitur,
1581 2765 1628 2802 qui
1647 2766 1730 2802 vulgo
1748 2764 1819 2801 Golfo
1835 2763 1984 2791 duanam...

1405 2802 1622 2838 ΑιοΝΕευε,
1661 2803 1692 2832 V.
1714 2802 1947 2831 Harmas-us.

1405 2840 1427 2868 A
1438 2850 1528 2868 torvi
1544 2862 1551 2874 ,
1571 2839 1670 2878 Populi
1684 2838 1891 2877 Mesopotamiae
1903 2860 1910 2873 ‚
1933 2837 2075 2874 Gordyaeis
2087 2838 2192 2873 junffl,
2218 2846 2267 2875 per
2278 2846 2346 2874 quos
2355 2835 2452 2866 Zerbis
2463 2835 2560 2865 fluviut

1444 2877 1473 2906 in
1484 2878 1592 2916 Tigrim
1601 2878 1683 2907 cadit.
1706 2878 1775 2907 Piin.
1793 2876 1839 2905 lib.
1849 2882 1873 2905 6.
1885 2886 1945 2913 cap.
1960 2880 2003 2904 26.
2559 2879 2574 2893 ·’

1405 2915 1427 2944 Α
1436 2926 1451 2943 i.
1461 2925 1477 2944 o
1488 2925 1507 2944 N
1517 2926 1536 2944 T
1546 2927 1555 2944 1
1565 2926 1583 2944 c.
1595 2925 1630 2945 ic
1640 2926 1654 2944 E
1664 2928 1679 2944 L
1690 2928 1697 2944 1
1711 2939 1718 2952 ‚
1742 2914 1878 2952 Hispaniae
1888 2913 1985 2951 populi
2000 2914 2027 2941 iu
2036 2918 2175 2942 conventu
2184 2912 2342 2950 Hispalensi.
2365 2911 2434 2941 Plin.
2447 2911 2493 2948 l.3.
2506 2920 2570 2940 c.1..

1405 2956 1636 2987 ALONTIUM.
1679 2954 1956 2982 V.AtuNriuii.
2560 2957 2561 2961 ¹

1405 2991 1427 3021 A
1437 3001 1476 3019 Lo
1485 3001 1499 3019 P
1510 3001 1523 3019 a
1538 3013 1545 3026 ‚
1568 2991 1670 3020 Graecis
1692 2986 1775 3019 Α’λοπῆ
1785 3012 1792 3024 .,
1817 2989 1868 3018 fuit
1883 2988 2032 3026 Cercyonis
2045 2988 2109 3020 filia.
2131 2994 2160 3016 ut
2172 2987 2282 3016 testatur
2295 2986 2406 3016 l'nusan.
2416 2987 2445 3016 in
2455 2985 2564 3022 Atticis..

1443 3039 1458 3058 a
1469 3029 1547 3064 cujus
1562 3029 1677 3057 nomine
1688 3029 1883 3066 cognominata
1897 3027 1983 3063 Alope
1994 3026 2138 3055 Theiiitlia:
2147 3026 2243 3054 civitas
2256 3035 2261 3054 τ
2285 3026 2319 3054 de
2328 3035 2380 3063 qua
2390 3025 2563 3063 mentionem,

1442 3067 1509 3095 facit
1525 3067 1603 3095 Hom.
1618 3076 1643 3095 2.
1654 3067 1729 3096 llizid.
1750 3065 1882 3096 Meminit
1895 3066 1920 3093 Sc
1933 3062 2086 3093 Strabolib.
2101 3074 2125 3099 9.
2149 3065 2174 3093 Sc
2184 3061 2250 3092 Plin.
2263 3062 2312 3092 lib.
2327 3075 2352 3098 4.
2365 3072 2426 3100 cap.
2437 3072 2462 3099 7.
2484 3059 2558 3094 confi

1443 3105 1537 3142 Steph.
1562 3104 1675 3141 Byzant.

1404 3141 1425 3172 A
1434 3153 1450 3170 i.
1459 3152 1476 3171 o
1485 3152 1499 3169 P
1508 3152 1521 3170 t
1532 3151 1548 3170 c
1558 3152 1571 3170 E
1583 3164 1591 3174 ,
1614 3141 1702 3171 Insula
1715 3140 1793 3170 estin
1802 3139 1892 3169 Ponto
1903 3138 2012 3168 Euxino
2023 3161 2030 3173 ,
2052 3144 2082 3167 ut
2091 3138 2188 3167 author
2202 3138 2240 3168 est
2253 3137 2321 3167 Plin.
2335 3137 2382 3167 lib.
2397 3148 2423 3174 4.
2442 3145 2501 3175 cap.
2516 3144 2555 3166 12·

1443 3179 1526 3209 &lin
1550 3191 1572 3215 5.
1590 3189 1650 3217 cap.
1678 3189 1719 3214 31.
1742 3176 1869 3207 Straboni
1890 3177 1907 3205 l.
1923 3186 1962 3205 ii.
1985 3179 2189 3205 atomi-,1.⁴.

1441 3218 1592 3254 Alopeces,
1615 3216 1729 3245 medicis
1740 3215 1900 3245 Carunculae
1911 3213 1973 3242 sunt
1991 3214 2092 3243 lumbis
2107 3212 2282 3247 circuniet‘ta’
2293 3235 2300 3246 ,
2325 3222 2391 3250 quas
2410 3212 2477 3242 item
2494 3211 2558 3245 φύσις

1458 3256 1530 3284 dixit
1545 3254 1667 3283 summus
1686 3254 1809 3289 ejusdem
1827 3253 1891 3282 artis
1908 3252 2007 3281 author
2027 3252 2211 3288 Hippocrates
2222 3261 2230 3288 ¹:
2253 3249 2357 3279 etiarnsi
2375 3250 2452 3288 psyas
2465 3249 2562 3280 Hiero-¹

1458 3302 1558 3330 nymus
1569 3292 1660 3322 Renes
1670 3293 1871 3329 interpretatur.
1895 3289 1958 3318 Cael.
1979 3290 2068 3326 Aiiti'q.
2082 3290 2155 3318 Lect.
2171 3288 2218 3317 lib.
2238 3299 2277 3324 ¹9·
2295 3298 2356 3325 cup.
2372 3298 2394 3317 1.
2416 3295 2484 3318 extr.
2570 3286 2573 3290 '

1402 3328 1744 3365 At0125e12i‚lii{iila‚
1784 3328 1815 3356 V.
1839 3335 2011 3355 litoreos.
2538 3359 2544 3366 .

1402 3368 1422 3397 A
1434 3380 1449 3396 ι,
1459 3372 1475 3397 ὃ
1485 3378 1498 3396 i>
1508 3368 1523 3397 i}
1534 3367 1569 3396 c'i
1580 3377 1599 3396 A
1611 3390 1619 3401 .
1642 3377 1672 3396 ae.
1695 3368 1841 3403 [ιὐωπτκιοι
1855 3364 1870 3400 ]
1892 3364 2005 3394 Morbus
2026 3363 2054 3393 iri
2069 3363 2160 3400 capite
2173 3363 2296 3392 humano
2309 3363 2334 3392 ἃ
2344 3361 2427 3391 barba
2439 3382 2445 3395 .
2467 3371 2501 3390 ex
2520 3370 2556 3390 νι-ι

1440 3406 1480 3434 tio
1494 3406 1642 3435 humorum
1654 3427 1662 3440 ‚
1692 3404 1739 3441 qui
1749 3403 1781 3433 fit
1792 3412 1855 3432 cum
1867 3403 2006 3439 profluvio
2025 3402 2198 3438 capillorum.
2240 3401 2318 3429 Dici..
2329 3412 2341 3427 11
2353 3399 2435 3438 vulpe
2448 3422 2455 3433 ,
2477 3407 2556 3436 quam

1440 3443 1526 3473 Graeci
1537 3449 1638 3473 vocant
1657 3443 1769 3473 ἁλώνηιῳι
1780 3463 1788 3475 ‚
1810 3440 1885 3478 quod
1899 3450 1930 3468 eii
1943 3439 2038 3468 crebro
2049 3437 2075 3467 id
2086 3448 2171 3476 genus
2185 3438 2270 3467 morbi
2285 3438 2410 3473 uitiatur.
2426 3437 2492 3466 Plin.
2505 3435 2549 3465 lib.

1441 3491 1486 3516 24.
1499 3491 1558 3518 cap.
1573 3491 1613 3516 19.
1645 3479 1748 3517 Lingua
1760 3478 1844 3508 herba
1864 3478 1920 3511 est,
1951 3487 2009 3514 qna:
2027 3477 2099 3505 circa
2122 3477 2214 3506 sontes
2227 3475 2362 3504 nascitur:
2384 3475 2462 3510 cujus
2479 3473 2557 3503 radix.

1440 3518 1617 3548 combusta&
1629 3518 1692 3547 trita
1706 3540 1713 3551 ,
1734 3515 1872 3553 alopecias
1884 3516 2023 3543 emendat.
2047 3515 2123 3543 ldeni
2139 3513 2187 3543 lib.
2201 3523 2244 3549 29.
2264 3523 2322 3550 cap.
2344 3517 2370 3542 6.
2401 3514 2427 3542 ὅ(
2443 3510 2490 3541 lib.
2516 3519 2552 3543 η.

1441 3567 1502 3593 ειιρ.
1519 3566 1562 3584 22.
1595 3556 1665 3585 item
1675 3554 1771 3584 Galen.
1795 3553 1869 3590 apud
1880 3552 2041 3590 Hippomt.
2054 3552 2101 3581 lib.
2115 3555 2141 3581 6.
2182 3551 2306 3580 Sentent.
2339 3550 2406 3579 Item
2419 3549 2491 3578 Paul.
2513 3547 2561 3578 Ib-

1461 3594 1497 3622 in.
1512 3593 1558 3622 lib.
1570 3602 1594 3629 3.
1633 3593 1703 3623 Sunt
1712 3600 1805 3621 tamen
1816 3591 1862 3627 qui
1872 3600 1887 3618 a
1897 3591 2064 3627 proprietate
2075 3590 2160 3618 urina’
2172 3589 2231 3623 ejus
2241 3587 2376 3621 animalis,
2389 3587 2442 3616 hoc
2455 3593 2554 3615 nornen

1441 3604 1556 3660 {naum
1570 3630 1664 3660 velint.
1707 3629 1761 3659 Ubi
1771 3628 1845 3657 enini
1856 3628 1884 3655 id
1896 3628 1995 3656 lotium
2009 3627 2091 3656 fuerit
2103 3626 2233 3659 affusum,
2255 3635 2270 3654 e
2282 3626 2394 3663 vestigio
2410 3625 2555 3653 infructuo-

1440 3668 1483 3697 sus
1496 3667 1698 3697 efficiturlocus
1708 3690 1716 3701 .
1736 3665 1920 3695 arescentibus
1935 3665 2025 3694 herbis
2035 3687 2043 3700 7
2064 3674 2116 3693 nec
2132 3662 2365 3694 sticcrescentibus
2379 3663 2466 3691 novis.
2491 3658 2552 3690 Cael.

1441 3705 1490 3734 lib.
1507 3716 1547 3734 10.
1561 3716 1622 3743 cap.
1636 3714 1680 3740 41.
1703 3707 1728 3734 ἃ
1744 3714 1783 3738 19.
1797 3709 1822 3737 8.

1402 3743 1423 3772 A
1434 3754 1448 3771 ι,
1459 3752 1475 3771 o
1487 3752 1547 3771 rac
1559 3754 1567 3771 i
1578 3754 1596 3772 A
1607 3754 1634 3778 s,
1658 3742 1738 3771 l'iscis
1753 3741 1851 3770 marini
1867 3749 1953 3777 genus
1964 3762 1971 3773 ,
1993 3737 2066 3777 apud
2081 3738 2148 3768 Plin.
2161 3738 2209 3767 lib.
2226 3747 2268 3771 ³2·
2289 3747 2348 3774 cap.
2368 3747 2408 3766 11.

1402 3781 1424 3810 Λ
1435 3790 1474 3807 to
1485 3790 1497 3845 ii
1509 3790 1521 3807 t
1531 3790 1547 3808 c
1557 3792 1564 3808 i
1575 3791 1592 3809 n
1601 3790 1615 3809 ε
1624 3791 1636 3809 s
1648 3803 1656 3815 ,
1677 3775 1843 3816 [ἀλωκικιδῖς
1856 3778 1868 3813 ]
1890 3778 1996 3806 Canum
2006 3787 2092 3815 genus
2103 3799 2111 3811 ,
2124 3786 2158 3805 ex
2170 3785 2238 3805 cane
2253 3777 2279 3804 ὁὶ
2288 3774 2372 3812 vulpe
2383 3779 2551 3812 prognatum·

1441 3818 1485 3845 Pol
1500 3827 1545 3846 ux.

1401 3855 1601 3891 Arcucis,
1623 3855 1682 3885 Uva
1701 3853 1802 3883 caudas
1822 3853 1949 3894 vulpium
1970 3852 2084 3881 imitata.
2106 3850 2175 3880 Plin.
2202 3850 2251 3880 lib.
2278 3860 2321 3886 14.
2344 3858 2404 3888 cap.
2426 3858 2452 3916 A·
2482 3849 2550 3914 &1²3⁶

2456 3895 2497 3914 to
2541 3899 2553 3908 ··
