2600 4177
497 80 526 113 C
624 80 658 115 Ο
756 82 793 117 Μ

118 167 211 192 rentur
219 184 226 195 .
246 166 310 191 ante
320 161 419 191 initum
432 160 589 197 suffragium
598 166 688 198 patres
699 163 823 191 auctores
832 160 946 192 fierent:
968 174 1003 193 rii‘¹
1015 163 1118 194 &ilicet
1129 163 1213 195 roh&-

119 202 154 227 ris
168 201 256 228 minus
267 200 379 228 haberet
389 221 396 231 ,
420 200 434 226 li
450 200 515 233 quid
528 199 661 234 populare
671 220 680 231 ,
702 199 824 235 putribus
836 202 926 230 iiivits
940 223 947 235 ,
970 201 1052 231 ldtuni
1064 211 1138 231 efflet.
1171 205 1209 231 lie

120 238 179 272 jure
194 243 304 270 autem,
327 239 351 265 S:
362 245 487 273 tempore
497 236 674 264 comitiorum
692 236 728 264 ita.
739 237 864 271 cognosci
879 246 995 274 poterit,
1018 241 1053 275 li,
1074 250 1133 276 quae
1144 241 1210 269 dua-

121 284 179 302 rum
191 273 280 309 legum
293 296 300 306 ,
323 274 398 303 [ΕΗ-(ι)
412 277 435 303 ὁ(
451 273 529 302 ruite
540 294 547 305 ,
569 273 651 301 suerit
661 273 794 302 sententia
806 296 813 308 ,
833 275 1027 305 consideretur.
1051 287 1133 313 quare
1149 277 1211 306 loca

121 311 175 346 ipss.
189 320 384 346 proponemus.
406 319 437 339 ac
451 312 588 345 primum,
610 310 683 344 duod
702 310 739 338 ait
753 311 779 338 in
798 321 829 338 ea
852 322 901 343 nro
916 314 1011 342 Sextio
1031 324 1088 350 cap.
1106 324 1146 348 ις.
1168 323 1210 351 pt.

120 347 218 376 iisd-:ni
231 348 389 377 consulibus
409 347 584 379 sedentibus,
606 354 686 383 atque
707 347 942 385 inspectantibus,
965 352 1018 380 lata
1036 352 1073 380 est
1092 350 1155 385 lex,
1176 361 1213 380 ne

120 385 239 421 auspicia
263 385 400 419 valerent,
423 394 456 412 ne
471 385 530 421 quis
547 385 742 420 obnuntiaret,
764 396 799 414 ne
815 387 945 426 quis—legi
961 389 1161 423 intercederet,
1181 394 1213 417 ut

120 424 249 451 omnibus
259 422 330 451 fustis
339 422 436 450 diebus
447 421 536 457 legem
547 422 616 450 ferre
628 421 737 455 liceret,
759 431 787 451 ut
805 423 849 452 lex
862 424 932 453 AEliu
944 447 951 457 ,
973 425 1018 454 lex
1035 426 1106 454 tulis
1121 435 1156 454 ne
1169 436 1213 454 va-

120 459 206 488 leret:
229 460 379 488 dicendum
391 459 427 487 est
437 481 444 492 ,
471 466 586 496 quatuor
600 458 659 488 illas
672 467 761 495 partes
772 482 778 494 ,
801 461 836 489 de
853 461 978 499 auspiciis
989 485 996 497 ‚
1018 465 1052 491 de
1063 462 1213 492 obnuntia-

120 498 215 530 tione,
236 496 490 528 deinterceslioue,
514 496 735 525 desiistisdiebus
754 520 761 529 ,
783 508 880 527 omnes
893 500 998 529 duabus
1009 500 1131 536 legibus,
1151 510 1211 537 quie

121 534 300 567 subjiciuntur
315 555 322 568 ,
343 533 413 563 ffilia
427 535 451 562 δι
466 533 538 562 Fufia
549 556 556 568 ,
578 534 780 568 comprehendi
790 557 797 568 ,
818 535 864 564 sed
875 544 928 565 tres
941 539 1045 573 priores
1055 538 1142 571 AElia,
1163 547 1213 575 po-

120 571 258 600 steriorem
271 577 362 599 autem
379 570 452 600 Fufia
468 580 474 600 τ
497 571 584 600 rursus
599 580 614 599 e
625 572 711 601 tribus
729 572 880 608 prioribus.
902 574 1022 607 eiusdem
1036 576 1143 611 generis
1155 595 1163 610 ‚
1186 577 1213 604 ἃ

121 609 191 645 quali
206 618 307 637 naturae
323 608 389 636 duas
401 608 470 637 effe:
493 610 601 638 tertium
618 609 768 645 separatam
780 631 788 644 ,
810 611 835 639 :it
853 619 983 646 tanquam
995 613 1124 641 alienam.
1148 622 1212 641 uam

120 646 239 682 auspicia
249 645 313 674 ideo
324 653 417 678 erant.
439 653 469 675 ut
482 646 738 675 eisetnbnuntiatio.
759 656 825 676 cum
845 649 919 677 enim
937 649 971 678 de
989 650 1058 679 caclo
1075 650 1213 678 servatum

120 683 204 717 esset,
224 690 284 712 tuin
302 682 452 712 ferentibus
470 683 557 719 legem
585 683 806 713 obnuntiabatur.
830 685 923 721 itaque
940 687 1123 723 auspiciorum
1139 686 1213 725 quali

119 722 212 758 partus
222 721 334 757 quidam
346 727 403 749 erat
413 722 603 751 obnuntiatio:
626 730 810 756 necunquam
821 722 953 752 servatum
964 726 1000 753 eit
1010 725 1045 753 de
1053 724 1132 759 cislo,
1145 725 1212 761 quin

118 758 315 787 obnuntiatum
333 758 381 791 lit,
402 759 455 788 sive
470 759 614 796 prospera,
636 758 688 787 sive
705 758 814 788 adversa
831 761 903 796 ligna
924 761 1027 791 essent:
1049 772 1133 799 quum
1152 771 1214 799 pto-

119 795 194 830 spera
204 795 398 825 confirmarent
409 798 436 825 id
450 820 457 830 ,
478 797 627 834 quodcum
638 795 744 833 populo
756 806 891 832 ageretur,
913 799 1023 828 adversi
1034 800 1213 837 impedirent.

141 840 264 870 ropterea
277 833 409 862 sublatum
421 834 605 863 esseatlotiio
623 843 727 862 morem
744 834 779 862 de
791 835 858 863 crelo
876 835 1018 871 servandi,
1040 837 1143 874 scripsit
1160 837 1212 866 Dio

130 871 166 899 ib.
180 876 221 904 38.
243 879 328 907 quum
340 878 432 901 tamen
444 878 523 901 antea
535 872 571 900 ita
581 871 727 907 diligenter
745 872 864 908 auspicia
875 873 976 902 servata
995 874 1101 909 essent,
1122 881 1153 904 ut
1171 874 1212 904 M.

119 908 196 937 Druli
207 909 312 945 legibus
321 931 328 942 .
350 911 410 945 quia
420 917 516 938 contra
527 909 645 946 auspicia
655 908 714 937 latae
723 909 924 945 judicarentur,
940 911 1047 941 senatus
1058 912 1214 942 decreverit

117 946 252 982 populum
263 956 320 975 non
331 948 426 976 teneti.
448 947 523 985 quod
536 947 593 976 Cic.
604 946 651 975 lib.
662 955 686 974 ι.
699 947 734 974 de
745 946 839 983 Legib.
854 957 896 983 3¹-
919 950 944 978 ὁὶ
953 949 1088 981 Pedianus
1099 950 1126 978 in
1137 959 1213 979 com-

117 985 253 1012 nienzario
265 985 436 1014 Cornelianae
458 988 535 1022 (pag.
545 990 623 1019 ¹789·
638 983 766 1020 Verburg.
781 986 792 1020 )
809 986 929 1014 tradidit.
950 995 1015 1023 ergo
1029 996 1094 1015 cuin
1106 988 1159 1016 hoc
1167 997 1215 1016 au·-

117 1020 267 1058 spicioriim
284 1030 383 1057 genere
397 1023 467 1059 quali
479 1023 645 1059 cognatione
657 1021 774 1057 quadam
788 1022 908 1052 cohaeret
918 1023 1102 1053 obnuntiatio.
1124 1033 1151 1053 at
1170 1025 1212 1054 iri-

119 1059 243 1087 tercellio
256 1059 323 1088 nihil
336 1059 647 1089 hubetcommunecum
662 1059 798 1096 auspiciis.
821 1061 941 1098 auspicia
959 1062 1034 1091 enim
1052 1063 1085 1091 ad
1103 1062 1215 1099 religio-

117 1107 182 1126 nem
196 1097 382 1126 referebantur
392 1120 400 1132 ,
421 1098 495 1134 quod
507 1107 521 1127 a
531 1096 616 1130 caelo,
639 1097 712 1125 idest
723 1107 737 1125 a
752 1098 867 1126 deorum
886 1099 1001 1128 numine
1011 1121 1018 1134 ,
1041 1102 1163 1137 pendere
1175 1100 1213 1129 vi-

117 1135 256 1163 derentur.
279 1135 531 1164 intercellioautem
546 1135 671 1163 liumanoe
683 1135 823 1171 potestatis
833 1144 906 1170 etat,
929 1140 955 1166 &
969 1146 1032 1165 cum
1044 1148 1058 1166 a
1069 1138 1213 1167 voluntate

117 1171 243 1208 semper,
264 1172 339 1201 nulla
351 1173 489 1210 religionis
500 1172 706 1206 observatione,
726 1173 857 1202 manabat
868 1195 875 1208 ,
898 1182 955 1203 tum
974 1175 1008 1203 ab
1023 1185 1055 1204 ea
1072 1175 1213 1205 vuluntate

118 1219 320 1246 nonnunquam
330 1232 339 1244 ,
360 1221 419 1248 quae
430 1211 462 1239 ab
473 1211 551 1239 omni
561 1209 698 1251 religione
706 1209 867 1245 dissentiret,
888 1214 914 1240 ἃ
923 1221 986 1240 cum
998 1212 1053 1249 ipsa
1062 1213 1134 1249 quasi
1147 1212 1213 1242 deo·-

118 1257 177 1276 rum
192 1247 333 1277 voluntate
349 1256 489 1284 pugnaret.
514 1254 660 1284 praeterea,
681 1248 787 1276 lervare
803 1249 838 1276 de
849 1249 934 1284 caelo,
957 1260 1107 1286 augurum,
1129 1258 1213 1287 atque

117 1286 244 1314 oninium
257 1286 337 1322 plane
350 1285 553 1323 magistratuum
575 1285 642 1318 suit,
663 1285 738 1321 quod
752 1284 832 1322 supra
847 1289 1018 1317 notavimus:
1041 1289 1214 1318 intercedere

117 1332 182 1351 vero
196 1345 203 1357 ,
226 1324 359 1352 duntaxat
373 1325 405 1352 ad
418 1322 542 1352 tribunos
554 1323 589 1359 pl.
604 1331 663 1350 tuin
674 1322 758 1351 veteri
768 1323 928 1353 sacratarum
942 1324 1034 1361 legum
1044 1325 1120 1361 jure,
1142 1334 1213 1360 tum,

119 1367 150 1390 ut
164 1371 215 1396 ego
224 1361 352 1394 ‚existimo
363 1382 370 1395 ‚
391 1361 457 1398 legis
470 1360 546 1389 stuli-<n
559 1359 628 1403 jusl'u
640 1361 781 1396 pertinuit.
811 1362 909 1402 loquor
928 1372 1020 1391 alutem
1039 1364 1074 1392 de
1087 1363 1213 1392 interces-

118 1398 193 1427 sione
205 1399 239 1426 :id
255 1399 390 1436 populum
403 1420 411 1433 ,
429 1406 514 1435 quum
530 1398 573 1426 lex
587 1400 711 1426 terretur.
733 1408 798 1427 nain
816 1409 844 1427 iii
860 1400 971 1434 senatu,
993 1410 1079 1436 quum
1095 1411 1115 1430 s.
1127 1411 1153 1430 c.
1166 1401 1214 1430 fie-

117 1444 160 1465 ret
176 1458 182 1471 ,
203 1445 260 1465 nou
277 1436 402 1465 tribunos
416 1436 451 1473 pl.
466 1442 573 1464 tantum
587 1457 595 1470 ,
616 1434 662 1464 sed
680 1444 777 1464 omnes
788 1457 797 1470 ,
817 1437 863 1472 qui
875 1439 973 1466 eadem
988 1440 1121 1475 potestate
1132 1460 1140 1473 ,
1160 1448 1215 1474 qua

117 1474 156 1507 ii,
178 1475 224 1510 qui
239 1483 259 1502 s.
272 1484 297 1503 c.
314 1474 445 1507 facerent,
467 1473 606 1508 majoreve
616 1472 718 1507 essent,
740 1474 895 1505 intercencli
908 1475 1066 1505 facultatem
1078 1475 1214 1512 habuisse,

117 1512 240 1540 diximus
250 1512 278 1540 in
288 1512 357 1540 libro
369 1512 403 1541 de
415 1512 524 1540 Senatu.
546 1518 627 1547 atque
639 1511 721 1539 etiam
732 1532 739 1545 ,
761 1512 836 1548 quod
847 1513 874 1540 in
885 1522 918 1541 eo
928 1512 999 1542 libro
1011 1523 1067 1542 non
1076 1514 1209 1549 diximus,

117 1550 247 1583 forenlis,
270 1551 346 1578 utita
359 1551 466 1583 dicam,
494 1547 730 1583 eratintercelsiO,
752 1559 837 1585 quum
848 1551 958 1587 praetori
975 1553 1011 1580 de
1030 1552 1134 1588 privita
1148 1562 1213 1580 con-

119 1587 248 1616 troversia
263 1588 424 1616 decernenti
444 1594 543 1624 praetor
553 1587 750 1615 intercedebat.
771 1587 849 1621 cujus
866 1588 975 1623 generis
994 1589 1113 1618 idoneus
1135 1589 1215 1619 locus

119 1625 171 1655 erit
186 1625 212 1653 iii
229 1624 299 1653 libro
322 1625 357 1654 de
373 1625 497 1658 ,ludit-iis.
521 1633 597 1652 nunc
620 1624 812 1661 persequamur
835 1626 997 1655 institutum.
1038 1626 1104 1655 Dixi
1117 1649 1125 1661 ,
1145 1626 1215 1664 legis

118 1663 194 1694 ffiliae
206 1661 283 1692 fuisse
295 1663 344 1691 tria
354 1662 401 1692 illa
411 1661 532 1691 membra
544 1683 552 1695 ,
572 1661 608 1690 de
618 1661 761 1699 auspiciis,
780 1662 814 1690 de
823 1663 1036 1693 obnuntiatione
1045 1685 1054 1699 ,
1074 1664 1109 1693 de
1130 1666 1214 1693 inter-

119 1700 239 1730 celsione
250 1722 258 1734 ,
281 1710 341 1738 quae
357 1701 472 1729 Clodius
487 1699 530 1729 sua
542 1699 602 1736 iege
612 1699 730 1728 sustulit:
754 1706 879 1736 quartum
893 1701 928 1729 de
941 1701 1012 1730 fastis
1029 1701 1127 1731 diebus
1140 1702 1215 1731 Fufia

117 1739 178 1776 lege
189 1737 331 1768 sancitum.
355 1739 445 1773 itaque
455 1739 483 1766 in
496 1739 623 1766 oratione
635 1737 670 1766 de
683 1737 833 1766 Provinciis
850 1738 1057 1775 consularibus,
1080 1739 1107 1768 in
1126 1748 1216 1769 extre-

120 1787 166 1805 mo
175 1799 182 1809 ,
205 1776 287 1814 paulo
299 1776 452 1805 distinctius
462 1775 592 1811 loquutus
603 1774 640 1804 est
649 1774 747 1804 Cicero
758 1797 765 1809 ,
786 1785 872 1812 quum
893 1784 976 1813 caput
987 1776 1056 1805 illud
1069 1799 1076 1812 ‚
1097 1777 1132 1806 de
1143 1777 1214 1807 fastis

119 1816 217 1844 diebus
226 1836 233 1848 ,
255 1814 398 1852 separatim
410 1824 424 1842 a
435 1813 546 1850 reliquis
556 1812 662 1850 posuit:
686 1813 789 1849 reliqua
799 1822 864 1841 vero
874 1815 924 1842 tria
934 1814 1086 1852 separatim,
1100 1816 1214 1852 quidem

118 1852 212 1888 &ipsa
226 1852 260 1881 ab
273 1863 306 1881 eo
317 1853 408 1889 capite
418 1874 426 1886 ,
447 1851 492 1880 sed
509 1848 564 1888 ipsa
574 1856 670 1880 tamen
681 1850 751 1879 inter
760 1850 786 1879 se
798 1851 949 1886 conjuncta
958 1873 966 1886 ,
988 1859 1017 1881 ut
1026 1853 1215 1882 dubitandum

117 1891 234 1920 minime
244 1890 292 1926 sit,
314 1893 379 1926 quin
393 1890 489 1919 liaecin
507 1898 561 1918 una
571 1888 631 1925 lege
641 1889 719 1917 sirmii
730 1888 848 1924 Fuerint,
870 1889 1033 1918 licutiiimul
1051 1890 1112 1919 sunt
1133 1900 1148 1919 a
1170 1891 1216 1919 ci-

116 1938 220 1957 cerone
232 1928 418 1965 pronuntiata.
443 1927 517 1964 quod
534 1926 553 1955 si
565 1926 593 1955 in
608 1936 662 1955 :ina
672 1926 733 1963 lege
743 1949 750 1960 ,
772 1935 808 1955 ne
820 1927 889 1955 illud
901 1927 1013 1963 quidem
1027 1927 1215 1957 dubitandum

118 1967 154 1995 de
163 1967 398 2003 dinibusleg'ibus,
420 1966 504 1999 AElia,
529 1965 650 1998 scilicet.
674 1965 699 1993 ἃ
713 1963 802 1998 Fufia,
825 1971 915 1993 utrum
934 1964 1128 2001 intelligamus.
1151 1975 1216 1995 nain

116 2004 136 2032 fi
161 2005 195 2032 de
213 2004 300 2033 tribus
323 2004 483 2039 conjunctis
516 2001 600 2031 unum
622 2001 734 2038 aliquod
759 2003 787 2030 in
810 2002 879 2030 Jhiia
898 2002 958 2039 lege
975 2003 1053 2032 fuisse
1072 2005 1214 2039 docuero,

119 2042 195 2073 ffiliae
207 2041 258 2077 legi
271 2043 296 2071 ἃ
310 2042 414 2079 reliqua
422 2042 477 2070 duo
488 2040 572 2069 tribui
583 2040 685 2069 debere
698 2062 705 2074 ,
727 2040 943 2069 concedendum
954 2061 962 2075 ,
985 2048 1014 2069 ut
1023 2041 1133 2077 opinor,
1151 2042 1213 2070 erit.

118 2080 227 2108 docebo
239 2087 331 2109 autem
345 2079 455 2108 Pediani
465 2078 554 2107 verbis
564 2077 808 2107 obnuntiationeni
820 2076 896 2107 ffiiiae
915 2077 981 2114 legis
998 2078 1085 2108 fliiss‘e.
1108 2088 1171 2108 nam
1183 2079 1215 2108 il-

118 2117 166 2146 lud
178 2119 205 2146 in
218 2117 340 2146 Pisonem
354 2128 378 2152 9.
403 2120 422 2146 A
444 2117 468 2146 P.
482 2115 594 2150 Clodio,
605 2115 678 2144 fatali
694 2121 824 2152 portento
839 2115 1020 2152 prodigioque
1036 2117 1154 2154 reipubl.
1170 2116 1215 2146 lex

117 2155 188 2186 AEiia
198 2158 222 2184 δι
235 2154 307 2184 furia
322 2155 412 2184 eversa
422 2155 459 2184 est
470 2177 477 2189 ,
499 2153 554 2191 ipse
569 2154 605 2182 lic
626 2154 838 2190 interpretatur:
861 2152 963 2190 Legem
983 2153 1047 2183 tulit
1061 2154 1088 2183 P.
1100 2153 1217 2183 Clodius

119 2194 245 2222 tribunus
257 2193 294 2230 pl.
311 2203 345 2222 ue
361 2194 421 2230 quis
438 2202 487 2229 per
498 2201 545 2220 eos
562 2193 622 2220 dies
633 2213 641 2225 ,
664 2191 762 2228 quibus
778 2200 842 2219 cum
865 2190 971 2227 populo
986 2193 1027 2228 agi
1044 2192 1158 2226 liceret,
1180 2192 1217 2221 de

118 2231 185 2260 caelo
200 2229 324 2260 servaret.
346 2237 461 2268 propter
472 2239 554 2266 quam
563 2230 736 2264 rogationem
750 2250 758 2263 ,
778 2228 816 2257 ait
827 2249 836 2263 ‚
857 2228 947 2265 legem
957 2228 1058 2258 Furiim
1070 2232 1095 2259 δι
1105 2229 1216 2266 ffiliam,

119 2269 329 2307 propugnacula
341 2271 365 2297 ἅ
376 2277 470 2297 muros
481 2267 686 2304 tranquillitatis
696 2275 777 2303 atque
794 2267 844 2295 orii
858 2288 865 2301 ‚
887 2267 1006 2296 eversam
1023 2267 1085 2297 else.
1108 2269 1218 2297 obnun-

118 2307 198 2336 tiatio
209 2307 284 2335 enini
295 2328 302 2341 ,
324 2316 384 2343 quae
396 2306 550 2343 pernicioiis
560 2304 666 2342 legibus
676 2304 821 2338 resiliebat,
842 2314 924 2341 quatu
935 2303 1006 2334 ffilia
1016 2305 1060 2333 lex
1071 2305 1219 2347 confirma-

119 2353 210 2376 verat.
228 2352 286 2373 erat
298 2343 412 2373 sublata.
435 2345 518 2372 miror
528 2351 638 2376 autem,
659 2352 708 2371 cur
721 2352 754 2370 eo
767 2342 830 2370 loco
843 2342 913 2370 niliil
932 2342 968 2371 de
986 2341 1119 2371 sententia
1138 2344 1217 2373 Fuliae

120 2383 186 2419 legis
200 2395 232 2412 ..u
246 2382 339 2410 liderit
352 2382 483 2410 Pedianus
495 2403 502 2415 ,
525 2391 609 2416 quum
620 2387 712 2409 tamen
722 2380 908 2417 ipsamlegem
921 2379 998 2408 simul
1010 2390 1074 2409 cum
1089 2381 1158 2410 rain
1170 2391 1219 2410 iio-

118 2420 226 2450 minae:
261 2429 315 2448 non
328 2422 402 2449 enirn
413 2418 739 2452 taritunitulitClodius,
760 2426 795 2445 ne
813 2419 873 2455 quis
887 2427 934 2454 per
952 2427 1000 2447 eos
1018 2418 1095 2453 dies,
1118 2418 1219 2455 quibus

119 2467 183 2487 cum
196 2458 301 2496 populo
313 2459 355 2495 agi
370 2457 483 2491 liceret,
504 2457 538 2486 de
548 2456 617 2485 caelo
632 2454 766 2489 servaret,
788 2455 863 2492 quod
881 2461 979 2485 contra
996 2455 1043 2485 lex
1060 2456 1220 2492 AEliajube..

120 2495 182 2524 bat:
203 2495 249 2524 feti
260 2496 341 2524 etiam
354 2517 361 2529 ,
383 2502 413 2524 ut
423 2496 551 2524 omnibus
565 2495 634 2522 fallis
645 2493 735 2530 legem
745 2494 808 2522 fetri
819 2492 931 2522 liceret:
953 2499 985 2522 ut
999 2501 1091 2531 aperte
1102 2495 1220 2523 demon-

120 2534 202 2563 strant
216 2532 263 2562 illa
274 2543 333 2568 quae
343 2532 405 2562 sunt
417 2543 432 2561 a
444 2532 523 2562 nobis
533 2541 566 2561 ex
577 2531 703 2560 oratioue
714 2541 763 2568 pro
776 2533 871 2560 sextio
883 2532 995 2560 recitata
1005 2553 1014 2566 ,
1035 2534 1061 2560 ἃ
1071 2532 1131 2561 haec
1143 2533 1170 2560 in
1187 2541 1220 2562 ea

120 2571 163 2601 D.»
174 2571 324 2608 provinciis
336 2575 378 2605 46.
422 2572 475 2599 iiut
489 2570 663 2599 statuendum
680 2570 760 2598 nobis
780 2571 834 2602 eli,
854 2568 947 2605 legem
969 2569 1069 2599 AEliani
1089 2579 1219 2605 manere,

120 2609 210 2647 legem
225 2609 327 2637 Fusiani
339 2618 395 2636 non
407 2608 461 2637 effe
476 2608 633 2644 abrogatam
646 2629 653 2642 ,
675 2616 731 2635 non
742 2607 873 2635 omnibus
887 2607 957 2635 taliis
970 2607 1060 2644 legem
1073 2608 1136 2637 ferri
1155 2608 1220 2637 lice-

121 2656 167 2681 re,
188 2656 273 2683 quum
288 2647 333 2675 lex
351 2646 469 2680 feratur,
492 2646 527 2674 de
543 2645 611 2674 caelo
630 2644 742 2679 servari,
763 2644 921 2673 obnuntiati
939 2666 946 2679 ‚
968 2645 1105 2674 intercedi
1124 2645 1218 2676 licere.

121 2684 222 2713 verum
233 2705 242 2719 ,
267 2691 297 2713 ut
308 2684 414 2712 fortaii'e
425 2683 538 2713 mutilus
552 2683 685 2712 Pedianus
698 2704 704 2716 ‚
726 2682 790 2718 quia
799 2681 1000 2719 praetermiserit
1012 2684 1040 2712 id
1052 2684 1125 2719 quod
1142 2683 1220 2713 Fufia

122 2721 183 2759 lege
193 2722 288 2751 scitum
302 2721 415 2750 Clodius
428 2721 585 2758 abrogavit,
606 2730 663 2749 non
676 2720 742 2749 item
755 2720 903 2749 mendosus
914 2721 942 2748 in
959 2729 993 2749 eo
1014 2723 1090 2757 quod
1105 2722 1139 2750 de
1158 2722 1219 2757 lege

122 2760 191 2791 ffilia
205 2760 352 2796 posuimus.
375 2759 438 2788 satis
446 2760 521 2788 enim
533 2758 560 2796 pl
570 2768 615 2787 il‘lr':
625 2758 755 2794 loquitur.
775 2758 866 2794 itaque
876 2765 906 2786 ut
914 2768 962 2787 cut
974 2759 1009 2787 de
1019 2759 1122 2788 mendo
1136 2758 1220 2797 suspi-

122 2797 346 2827 cemurcaulsarn
364 2796 417 2826 effe
433 2797 536 2825 nullam
552 2797 706 2825 videamus.
728 2804 810 2832 quare
827 2795 959 2824 babemus
974 2796 1051 2833 quod
1069 2797 1218 2833 volumus,

123 2835 366 2865 obnuntiationem
378 2835 412 2864 ad
423 2835 511 2871 legem
531 2834 630 2864 AEliam
640 2833 788 2871 pertinere.
811 2834 886 2870 quod
898 2834 915 2862 si
928 2833 1000 2869 hoc,
1021 2837 1120 2871 ergo&
1131 2835 1219 2868 illud,

122 2873 242 2910 auspicia
253 2882 363 2909 quoque
372 2895 379 2906 .
400 2883 416 2902 a
426 2872 524 2909 quibus
534 2871 710 2901 obnuntiatio
727 2872 866 2900 derivatur
876 2892 883 2906 ‚
904 2872 930 2900 &
948 2871 1171 2902 intercessionem
1183 2873 1220 2902 ad

123 2911 240 2940 eandem
251 2910 341 2947 legem
353 2911 500 2947 pertinere.
522 2912 565 2943 &,
589 2909 605 2938 si
617 2910 675 2938 haec
687 2909 736 2937 tria
745 2909 778 2937 ad
791 2909 878 2950 legem
892 2908 991 2938 AEliarn
1003 2930 1011 2944 ‚
1033 2919 1118 2938 unum
1131 2910 1216 2946 illud,

125 2949 199 2986 quod
212 2948 348 2985 reliquum
360 2949 412 2980 est,
435 2949 470 2977 de
479 2947 551 2976 fastis
560 2946 676 2981 diebus,
697 2947 732 2975 ad
758 2947 858 2975 Furiam
875 2947 1013 2983 pertineat
1032 2947 1138 2976 necelse
1157 2949 1219 2978 erit.

122 2987 241 3015 eandem
253 2985 391 3022 utriusque
402 2985 470 3023 legis
482 2985 661 3019 sententium,
681 2985 730 3013 nisi
739 2983 818 3013 fallor
828 3005 836 3018 ,
854 2984 944 3020 attigit
956 2984 985 3013 in
993 2985 1117 3022 epistola,
1137 2985 1220 3021 Quae.

123 3025 176 3058 ris,
198 3023 245 3053 iib.
264 3034 285 3053 ι,
297 3024 330 3053 ad
343 3027 425 3052 titt.5.
455 3033 540 3060 quum
552 3023 606 3052 ait:
632 3023 718 3051 Lurco
729 3029 822 3051 autem
833 3022 960 3065 tribunus
978 3022 1051 3060 pleb.
1070 3024 1116 3059 qui
1135 3024 1220 3060 magi.

123 3062 235 3091 stratum
249 3061 325 3090 simul
335 3071 399 3090 cum
410 3061 470 3097 lege
481 3061 550 3090 ffilia
562 3061 624 3089 iniit
634 3082 641 3094 ‚
663 3059 766 3088 solutus
775 3059 813 3088 est
825 3061 850 3088 Sc
867 3060 938 3089 Jhua
950 3081 959 3093 ,
980 3061 1006 3088 δι
1022 3059 1111 3095 Fufia,
1132 3069 1165 3090 ut
1181 3061 1220 3090 le.

123 3109 187 3137 geiri
197 3099 231 3128 de
244 3099 349 3128 ambitu
361 3099 450 3128 ferret.
474 3099 581 3127 inibant
593 3098 667 3127 enim
680 3104 785 3127 veteres
797 3096 915 3126 Romani
929 3097 1115 3134 magistratum
1132 3098 1221 3136 auspi-

125 3144 205 3166 cato:
229 3146 319 3174 neque
330 3137 448 3166 omuino
459 3136 610 3173 quidquam
623 3135 735 3173 publice
745 3157 753 3169 ,
774 3144 826 3163 nec
836 3135 911 3163 domi
923 3156 931 3169 ,
952 3144 1004 3164 nec
1019 3136 1124 3165 militiae
1134 3158 1143 3170 ,
1165 3137 1221 3165 sine

124 3174 254 3211 auspiciis
264 3174 417 3211 gerebatur.
439 3175 513 3209 quod
524 3180 617 3203 autem
628 3174 656 3202 in
672 3174 813 3202 tribunatu
825 3172 863 3209 pl.
876 3171 996 3201 Lux-coni
1013 3173 1173 3203 mandando
1183 3174 1220 3203 “fa-

127 3214 201 3242 tium
210 3220 268 3242 erat
279 3234 286 3245 ,
308 3218 338 3240 ut
348 3211 466 3248 auspicia
474 3211 657 3240 servarentur:
680 3211 708 3239 id
721 3217 751 3239 ut
760 3210 816 3247 ipse
829 3211 856 3238 in
868 3210 929 3245 lege
940 3210 976 3238 de
985 3210 1092 3239 ambitu
1104 3211 1220 3242 ferenda

126 3259 162 3279 ne
172 3250 307 3284 servaret,
329 3259 419 3284 neque
428 3248 615 3286 auspiciorum
625 3248 710 3277 ullam
729 3248 845 3277 omnino
862 3249 997 3276 rationem
1016 3250 1129 3278 haberet
1141 3272 1148 3284 ,
1174 3250 1221 3278 de.

126 3295 234 3317 cretum
246 3287 282 3316 est
293 3298 307 3315 a
318 3286 431 3316 senatu:
453 3296 543 3324 neque
553 3286 606 3315 hoc
614 3286 703 3315 solum
712 3308 720 3317 ‚
741 3285 788 3314 seu
800 3285 870 3314 illud
883 3284 959 3314 fimul
968 3307 975 3318 ,
998 3293 1028 3314 ut
1043 3286 1172 3316 omnibus
1182 3287 1221 3316 'fa-

127 3325 172 3355 stis
182 3325 270 3361 legem
282 3325 351 3353 ferre
360 3324 454 3361 posset.
478 3325 554 3359 quod
563 3324 609 3353 lex
624 3323 696 3352 Fufia
705 3323 831 3352 vetabat.
854 3323 919 3352 ideo
933 3324 1008 3351 enim
1018 3323 1097 3352 solvit
1109 3334 1172 3353 euin
1185 3325 1223 3353 se-

129 3364 243 3392 natus&
251 3362 318 3392 AElia
330 3362 390 3398 lege
402 3363 428 3391 ἃ
440 3361 512 3391 Fufia
521 3383 528 3396 ,
549 3369 580 3390 ut
590 3370 681 3397 neque
690 3360 874 3397 auspiciorum
883 3360 978 3396 religio
988 3381 996 3394 ,
1013 3370 1103 3397 neque
1112 3363 1223 3391 dierum

128 3401 197 3430 ratio
208 3400 413 3437 impedimento
422 3399 489 3429 effer.
501 3421 508 3433 ,
530 3408 584 3434 quo
594 3399 686 3428 minus
698 3399 738 3435 pri
743 3408 788 3427 mo
798 3407 907 3434 quoque
918 3406 1044 3434 tempore
1052 3400 1164 3434 perferri
1175 3400 1221 3429 lex

71 3448 83 3455 ἰ
130 3438 166 3467 de
177 3438 281 3467 ambitu
293 3436 388 3473 posset.
430 3437 485 3466 Has
498 3437 567 3474 ipsas
576 3436 652 3473 leges
665 3437 690 3465 ἃ.
701 3437 729 3464 in
741 3436 867 3465 oracione
883 3445 933 3473 pro
945 3436 1040 3464 Sextio
1052 3436 1223 3480 lege'Clodia

127 3475 428 3510 fignificatabrogatas,
451 3484 536 3511 quum
549 3475 603 3503 ait:
627 3474 711 3503 Niitto
720 3483 780 3502 eam
790 3472 879 3510 legem
891 3495 899 3506 ,
921 3482 980 3509 quae
992 3475 1086 3502 omnia
1110 3483 1166 3508 iura
1183 3485 1223 3504 re-

127 3513 264 3548 ligionum
275 3535 281 3545 .
304 3512 488 3549 auspiciorum
499 3534 507 3546 ,
529 3511 694 3549 potestatum
705 3533 713 3545 ,
734 3519 832 3540 omnes
843 3511 916 3547 leges
929 3532 937 3544 ,
957 3510 1086 3547 quaesunt
1100 3514 1134 3540 tle
1143 3513 1202 3554 iure
1213 3533 1221 3548 ,

128 3553 155 3581 ἃ
166 3551 200 3580 de
210 3558 335 3587 tempore
345 3551 438 3586 legum
450 3550 633 3587 rogandarum
642 3570 650 3584 ,
670 3558 724 3577 una
734 3550 875 3585 rogatione
887 3547 999 3576 sustulit.
1028 3549 1098 3577 Nam
1108 3551 1156 3578 etii
1166 3559 1223 3579 non

130 3590 271 3621 nominat,
292 3587 380 3624 legem
391 3595 485 3616 tamen
497 3586 595 3616 ffiliam
611 3586 753 3623 significari
771 3593 877 3614 certum
893 3586 949 3618 eit,
971 3595 1056 3623 quum
1076 3587 1132 3629 alit,
1153 3587 1224 3624 Quae

129 3625 192 3656 sunt
204 3626 238 3654 de
250 3626 322 3660 iure,
344 3625 448 3654 Fufiam
457 3633 568 3659 autem,
590 3634 675 3661 quum
685 3623 807 3659 subiicit,
831 3623 863 3652 Et
873 3623 908 3651 de
922 3630 1056 3660 tempore.
1085 3634 1128 3659 jus
1147 3626 1225 3654 enim

129 3663 261 3700 intelligit
281 3663 458 3700 auspicandi,
478 3662 684 3695 obnuntiandi,
705 3660 916 3694 intercedendi,
937 3669 998 3697 quae
1012 3660 1136 3690 sanxerat
1156 3662 1226 3691 ffiiia

130 3701 194 3730 lex:
215 3708 325 3737 tempus
337 3708 427 3729 autern
439 3722 447 3734 .,
471 3710 525 3737 quo
544 3700 636 3733 legem
656 3699 768 3736 perferri
788 3708 846 3726 non
864 3697 978 3731 liceret,
998 3698 1078 3727 fastos
1094 3699 1226 3729 videlicet

81 3741 83 3744 '
131 3739 210 3773 dies,
231 3740 265 3780 de
287 3739 384 3774 quibus
406 3745 513 3767 caverat
537 3737 610 3766 Fufia
629 3735 685 3766 lex.
723 3745 775 3765 nec
793 3735 908 3769 dubito,
929 3736 1013 3772 quin,
1035 3745 1120 3773 quum
1137 3737 1224 3772 dixit,

131 3776 235 3805 Omnia
247 3786 303 3807 iura
314 3776 482 3812 religionum
494 3798 501 3810 ‚
522 3775 707 3812 auspiciorum
719 3795 727 3808 ‚
749 3774 915 3810 potestatum
927 3793 934 3806 ,
948 3772 990 3815 *ad
1004 3772 1166 3802 sententiam
1178 3784 1227 3812 po.

129 3814 184 3844 tius
204 3813 279 3843 liziiae
293 3813 361 3849 legis
371 3834 379 3847 ,
408 3822 489 3848 quam
507 3812 587 3842 Fufiae
596 3833 604 3846 ,
625 3811 796 3849 spectaverit.
819 3809 890 3839 nihil
908 3819 983 3838 enim
1004 3810 1103 3839 horum
1125 3811 1208 3841 video
1217 3833 1226 3847 ,

131 3850 205 3890 quod
217 3854 251 3879 ud
263 3849 365 3879 Fufiam
374 3850 465 3879 referri
475 3849 564 3888 possit.
585 3859 649 3878 nam
661 3858 711 3885 ego
722 3847 834 3884 quidem
845 3869 852 3881 ,
873 3848 902 3876 in
911 3847 995 3876 verbo
1011 3870 1018 3882 ,
1042 3848 1205 3891 Potestatuin
1217 3870 1228 3884 ,

132 3888 377 3918 obnuntiatione-m
388 3889 413 3918 64
426 3888 648 3918 intercessionem
658 3885 801 3923 significari
811 3894 892 3923 puto,
914 3894 974 3921 quae
982 3885 1052 3923 legis
1060 3885 1138 3918 AEliae
1148 3886 1228 3916 fuilse

153 3927 173 3955 V
183 3936 200 3955 o
210 3938 234 3956 i..
257 3926 277 3955 l.

1653 88 1683 125 C
1781 89 1816 126 O
1915 93 1954 128 M
2349 123 2367 156 5
2377 111 2423 154 87

1327 167 1381 203 jam
1394 167 1523 199 diximus.
1547 169 1590 204 ει,
1611 180 1769 206 quanquam
1780 172 1968 210 Auspiciorum
1982 197 1991 211 ‚
2013 178 2179 213 potestatum
2192 205 2199 216 ,
2221 183 2312 218 dixit,
2334 188 2368 216 ad
2382 190 2423 217 in-

1327 210 1555 248 terpretationem
1566 210 1756 239 antecedentis
1770 211 1844 240 verbi
1861 213 2055 250 Religionum:
2077 220 2152 254 quod
2166 220 2235 258 saepe
2249 223 2332 253 sicit:
2355 229 2380 254 S<
2392 227 2424 259 im

1328 243 1451 273 dictione
1464 268 1470 277 ,
1495 247 1658 275 l’oteltatum
1669 268 1676 279 .
1699 248 1724 276 ἃ
1734 249 1911 278 obnuntiatio
1924 252 2112 283 &intercessio
2122 257 2199 286 limul
2219 259 2417 291 includuntur·

1327 279 1412 309 solaui
1426 291 1518 312 tamen
1534 284 1778 314 obnuntiationem
1798 287 1832 315 ad
1846 287 2010 323 religionem
2034 291 2129 322 refero.
2152 304 2216 324 natu
2235 285 2423 330 intercessioni

1327 327 1391 361 cum
1405 320 1538 357 religione
1553 321 1621 349 nibil
1633 328 1707 351 erat:
1729 324 1805 359 quod
1818 325 1899 360 paulo
1915 333 1979 355 ante
1989 328 2179 361 demonstravi.
2223 333 2259 362 Ex
2273 336 2304 364 iis
2315 346 2374 372 quie
2386 343 2426 367 at-

1329 355 1460 398 tulimus,
1487 358 1564 392 satis,
1585 359 1702 395 opinor,
1724 361 1829 390 constat
1841 383 1849 395 ,
1871 362 2031 400 auspicandi
2043 388 2051 400 ,
2081 368 2283 406 obnuntiandi,
2308 373 2426 404 interce-

1328 392 1412 421 dendi
1426 404 1530 423 morem
1543 397 1616 432 apud
1632 396 1772 427 Romanos
1785 399 1881 435 fuisse:
1902 410 1962 437 quir:
1977 404 2117 439 pertinent
2125 406 2159 434 ad
2174 407 2216 441 jus
2227 410 2404 441 comitiorum
2414 423 2422 429 ·

1329 439 1385 465 quo
1398 431 1432 474 de
1444 441 1542 475 genere
1552 433 1596 462 lex
1610 434 1856 472 AElialoquebatur.
1876 439 1981 468 constat
1999 440 2066 470 illud
2083 452 2191 480 quoque
2206 466 2213 478 ,
2235 446 2306 476 fastis
2325 436 2425 479 diebus

1329 476 1385 494 non
1399 468 1503 498 licuille
1518 470 1609 512 haberi
1624 474 1736 513 coniitia
1756 473 1845 509 legum
1858 475 2033 507 ferendarum
2049 479 2139 509 caussa
2152 503 2159 516 ‚
2180 481 2224 511 sed
2238 486 2426 517 comitialibus

1329 510 1435 547 tantum
1450 528 1462 549 ¹,
1484 508 1557 551 quod
1574 508 1649 551 buna
1663 509 1725 545 iege
1742 511 1873 540 sancitum
1885 521 1950 542 erat.
1993 515 2219 553 impediebantur
2233 528 2324 551 autem
2337 526 2426 554 comi-

1329 547 1366 570 tia
1378 542 1471 572 multis
1480 545 1586 578 modis,
1608 555 1726 582 prunum
1743 548 1814 583 Jove
1826 550 1949 587 fulgente
1963 559 2094 583 tonante:
2117 556 2221 587 deinde
2232 579 2240 592 ,
2262 559 2278 587 li
2291 559 2426 592 sinistrum

1329 579 1437 608 fulmen
1456 581 1542 625 esset:
1564 589 1622 610 tum
1641 583 1656 611 si
1671 585 1731 627 quis
1745 595 1779 613 eo
1802 587 1898 617 morbo
1912 611 1920 622 ,
1942 590 1987 626 qui
2006 591 2159 629 insputatur
2174 616 2182 629 ,
2204 597 2364 633 corruisset3
2389 609 2427 630 eit

1329 626 1385 652 quo
1397 619 1543 658 comitialis
1554 620 1665 649 morbus
1676 622 1765 652 dicius
1776 625 1823 653 est.
1846 627 1984 662 postremo
2000 629 2016 656 si
2028 631 2153 660 tribunus
2166 631 2203 669 pl.
2216 633 2425 668 intercellisset:

1330 655 1404 696 quod
1415 656 1496 684 nebat
1510 657 1561 685 hac
1574 667 1642 686 voce
1652 659 1756 694 prolata
1766 681 1774 695 ,
1798 661 1874 691 Veto.
1916 664 2080 696 Notavimus
2094 670 2175 698 etiam
2197 670 2266 700 illud
2277 675 2350 710 apud
2363 674 2428 704 Gel.

1330 690 1399 720 lium
1411 713 1419 726 ,
1440 693 1501 736 lege
1511 700 1622 737 cautum
1636 694 1704 737 esse,
1727 705 1756 740 ut
1766 719 1774 732 ,
1796 708 1851 735 quo
1867 700 1913 729 die
1924 702 2043 739 auspicia
2056 713 2135 742 capta
2146 706 2248 742 essent,
2270 711 2370 741 eodem
2393 722 2426 742 ea

1328 729 1364 757 de
1378 738 1414 763 re,
1437 740 1516 765 cujus
1526 742 1563 760 rei
1576 732 1664 760 caussa
1675 733 1844 771 auspicatum
1855 738 1939 773 ell‘et,
1960 743 2072 771 comitia
2087 743 2299 776 absolverentur.
2321 749 2427 787 alioqui

1328 766 1471 833 {pglngpssi
1481 770 1507 798 ἂ
1519 770 1600 798 inane
1609 770 1707 807 populi
1716 772 1816 807 jussum
1827 781 1892 805 erat.
1930 776 1996 807 Haec
2005 788 2040 808 ex
2049 779 2120 810 libro
2133 782 2252 812 Manutii
2263 785 2297 814 de
2305 785 2426 824 Legibus

1309 840 1570 878 AEdilitiacomitia,
1592 843 1727 874 AEdilibus
1739 846 1874 878 creandis.
1896 848 2017 882 Varr.de
2029 853 2104 885 R.R.
2127 864 2152 892 3.
2166 867 2191 893 ς.
2223 858 2254 889 V.
2275 871 2414 892 ispius

1310 878 1423 922 Calata..
1458 880 1488 909 V.
1511 890 1624 916 caco,
1646 881 1716 912 Gell.
1730 883 1777 912 lib.
1792 894 1833 918 ις.
1844 895 1904 924 cap.
1919 897 1963 924 27.
1977 891 2003 919 ἀ
2021 891 2076 921 Liv.
2088 903 2134 928 40.
2151 904 2198 931 42.
2415 884 2424 893 ⁶

1310 916 1487 952 Centuriam,
1509 918 1632 947 instituta
1648 929 1663 948 a
1679 920 1774 949 Servio
1786 921 1892 954 Tullio.
1914 925 1944 956 V.
1967 926 2025 958 Liv.
2042 939 2064 959 ι.
2078 934 2124 961 60.

1309 953 1461 983 Consulum
1471 956 1594 984 comitia.
1617 956 1675 986 Cic.
1689 966 1714 986 2.
1726 958 1761 994 Q.
1776 960 1835 988 frat.
1845 970 1871 990 2.

1309 990 1489 1027 Consularia,
1512 992 1677 1024 Consulibus
1700 997 1838 1033 rogandis.

1328 1029 1403 1058 enim
1412 1030 1534 1059 comitiis
1550 1030 1746 1062 Consularibus
1760 1055 1767 1068 ‚
1789 1044 1846 1064 non

1308 1065 1428 1097 Curiata.
1451 1067 1637 1105 Gell-15·²7-
1682 1069 1711 1100 V.
1734 1070 1823 1109 supra.

1308 1104 1434 1147 Gratuita
1449 1127 1457 1140 ‚
1478 1106 1543 1135 Sine
1553 1106 1707 1143 largitione.
1730 1109 1788 1138 Cic.
1802 1120 1829 1146 4.
1850 1111 1903 1141 Att.
1919 1123 1961 1148 ις.
1977 1119 2046 1146 extr.

1308 1141 1444 1172 militaria
1456 1165 1463 1176 ,
1487 1143 1591 1173 urbana
1607 1166 1619 1187 ,Ι
1636 1148 1806 1189 communia.
1846 1151 1984 1182 Arnobius
1996 1152 2044 1183 lib.
2061 1163 2087 1184 2.
2110 1155 2244 1195 Nunquid
2259 1161 2428 1197 magistratus

1327 1180 1524 1222 peni-'populum
1534 1189 1633 1210 creatis
1645 1183 1669 1226 2>-
1681 1183 1823 1226 militatia,
1844 1187 1948 1218 urbana
1958 1210 1966 1223 ,
1987 1195 2150 1223 communia
2163 1205 2222 1229 quae
2240 1196 2299 1226 sunt
2313 1200 2428 1231 comitia

1326 1217 1437 1261 sci-tis?-
1452 1218 1579 1262 Appellat
1597 1227 1711 1262 comitia
1729 1222 1906 1261 Centuriata,
1937 1226 2065 1258 militaria
2078 1251 2086 1264 ,
2113 1233 2188 1267 quod
2207 1235 2329 1271 populus
2349 1247 2428 1270 more

1327 1255 1438 1298 militati
1448 1263 1617 1300 centuriatus
1629 1259 1658 1287 lit
1671 1260 1803 1301 :Uurbana
1813 1283 1821 1296 ,
1843 1262 1971 1293 Curiata:
1995 1266 2083 1296 Curiae
2093 1271 2167 1298 enirn
2178 1280 2254 1300 erant
2271 1274 2367 1303 uri-ani
2378 1285 2428 1313 po·

1326 1292 1398 1330 puli.
1438 1293 1777 1339 emmunim-Tritium,
1800 1302 1874 1336 quod
1890 1311 1925 1331 ex
1947 1303 2031 1333 totius
2048 1306 2146 1343 populi
2166 1310 2291 1338 tribubus
2310 1312 2427 1344 fierent:

1327 1337 1460 1374 erantque
1473 1341 1530 1360 non
1545 1342 1657 1369 propria
1666 1341 1774 1365 tantum
1788 1337 1884 1367 urbani
1896 1340 1994 1378 populi
2005 1363 2013 1377 ‚
2034 1341 2080 1372 sed
2090 1345 2176 1375 etiam
2189 1347 2280 1377 rustici
2293 1350 2318 1378 δι
2334 1349 2428 1380 subur-

1331 1368 1404 1397 bani.
1429 1367 1576 1399 Turnebus
1589 1371 1694 1400 iidvers.
1710 1382 1748 1407 ¹3·
1767 1383 1808 1407 ¹4·

1309 1404 1451 1435 pontificis
1467 1407 1601 1443 maximi,
1623 1409 1733 1445 Qubus
1751 1411 1877 1443 Pontifex
1894 1416 2031 1447 maximus
2042 1418 2196 1450 creabatur.

1330 1452 1356 1472 2.
1373 1449 1414 1477 ¹8-
1439 1443 1589 1475 pontificia.
1613 1448 1741 1484 proCoel.
1762 1459 1802 1484 ¹9·

1308 1479 1513 1511 Proconsulatia
1524 1504 1532 1515 ,
1554 1485 1580 1512 ἃ
1591 1483 1776 1521 Propraetoria.
1799 1486 1829 1517 V.
1852 1487 1909 1519 Liv.
1922 1495 1948 1524 8.
1962 1500 2007 1527 23.
2021 1493 2047 1521 ἀ
2060 1502 2102 1523 ιο.
2113 1503 2160 1531 24.

1308 1518 1470 1554 Quaestoria.
1493 1520 1551 1550 Cic.
1566 1530 1589 1558 7⁴
1607 1522 1679 1551 Fam.
1697 1533 1737 1556 ιο.

1308 1555 1479 1586 Recentibus
1490 1560 1611 1588 comitiis
1621 1560 1649 1588 in
1661 1560 1793 1591 Senatum
1804 1562 1954 1594 introducti
1962 1565 2194 1606 haruspices.cie.
2202 1581 2224 1602 ι.
2236 1572 2272 1602 de
2281 1572 2414 1615 Divin.33

1311 1594 1493 1624 Sacerdotum
1507 1597 1629 1626 comitia.
1654 1597 1711 1627 Cic.
1729 1600 1764 1628 ad
1778 1600 1851 1630 Brut.
1868 1612 1891 1637 5.
2417 1598 2426 1608 ’

1308 1631 1479 1661 Tribunicia.
1504 1634 1562 1663 Cic.
1578 1644 1600 1663 i.
1615 1637 1667 1664 Att.
1683 1649 1704 1665 ι.
1726 1637 1830 1667 Sallust.
1846 1638 1914 1669 Bell.
1927 1640 2054 1678 jugurth.

1308 1668 1426 1699 Tributa
1437 1692 1445 1705 ,
1467 1672 1573 1700 curiata
1584 1694 1592 1707 ‚
1613 1676 1766 1703 centuriata
1780 1678 1904 1707 comitia.
1946 1678 2003 1708 Cic.
2018 1689 2044 1709 2.
2062 1680 2098 1710 de
2109 1681 2181 1720 Lege
2192 1683 2242 1723 Agr
2261 1688 2284 1715 6.
2308 1686 2386 1719 Idem
2398 1698 2426 1722 τ,

1325 1707 1363 1735 de
1377 1707 1445 1745 Lege
1458 1712 1516 1751 ligr.
1527 1718 1572 1752 ²17·
1595 1710 1664 1739 Geli.
1678 1710 1726 1741 lib.
1743 1722 1784 1748 ¹³-
1798 1723 1857 1752 cap.
1873 1725 1914 1749 ις,
1926 1716 1952 1745 &
1963 1716 2010 1746 lib.
2027 1728 2066 1753 ις.
2080 1728 2139 1756 cap.
2154 1730 2197 1757 27.
2241 1723 2270 1752 V.
2293 1724 2428 1765 Suffragia

1328 1746 1470 1787 quomodo
1482 1748 1545 1788 terri
1557 1746 1675 1777 solerent
1686 1771 1694 1782 ,
1714 1750 1745 1778 in
1765 1760 1777 1779 s
1788 1760 1806 1779 u
1815 1762 1849 1780 ri:
1861 1762 1875 1781 a
1884 1762 1905 1782 A
1916 1762 1934 1781 e
1945 1765 1962 1782 ο
1974 1766 1986 1782 a
1996 1777 2004 1789 ,
2026 1757 2052 1785 δι
2063 1758 2145 1793 paulo
2154 1758 2233 1797 supra
2243 1761 2324 1792 dicta.

1308 1781 1535 1827 Tributacapitis
1552 1787 1667 1815 comitia
1678 1796 1734 1816 non
1746 1795 1813 1817 rata.
1851 1790 1912 1820 Cic.
1925 1800 1949 1827 3.
1969 1793 2006 1822 de
2022 1793 2112 1832 Legib.
2125 1806 2174 1832 45·
2200 1799 2329 1830 Praeterea
2338 1811 2432 1839 neque

1327 1822 1430 1850 tributa
1441 1823 1539 1859 capitis
1549 1824 1663 1853 coniitia
1674 1831 1729 1854 rata
1736 1825 1790 1854 esse
1801 1827 1917 1864 possent.

1308 1858 1378 1901 Vera
1386 1861 1499 1888 comitia
1508 1862 1533 1890 δι
1544 1862 1713 1905 adumbrata.
1755 1863 1812 1893 Cic.
1825 1875 1850 1894 2.
1864 1867 1900 1895 de
1912 1866 1983 1905 Lege
1995 1868 2054 1906 Agr.
2066 1878 2110 1905 30.
2131 1871 2193 1902 Sint
2212 1874 2293 1911 igitur
2312 1874 2430 1906 Decem-

1328 1906 1379 1939 viri
1392 1906 1482 1933 neque
1496 1907 1566 1927 veris
1577 1900 1715 1943 comitiis,
1736 1900 1791 1930 hoc
1800 1903 1839 1931 eli
1849 1904 1947 1941 populi
1963 1905 2097 1944 suffragiis
2107 1930 2116 1943 ,
2138 1919 2227 1947 neque
2243 1912 2299 1941 iliis
2314 1915 2349 1941 ad
2370 1914 2432 1951 spe-

1328 1943 1401 1975 ciem
1416 1942 1498 1971 atque
1519 1936 1553 1964 ad
1568 1936 1777 1979 usurpationem
1797 1941 1937 1972 vetustatis
1952 1953 2002 1981 per
2022 1954 2097 1975 xxx
2111 1946 2223 1979 lictores
2243 1950 2431 1989 auspiciorum

1329 1973 1410 2001 caula
1419 1973 1589 2003 adumbratis
1598 1975 1747 2004 constituti.

1313 2008 1455 2039 Abstinere
1465 2012 1594 2041 comitiis.
1637 2013 1666 2042 ln
1688 2022 1707 2042 A
1718 2023 1751 2043 as
1760 2024 1780 2043 T
1790 2025 1799 2043 ι
1807 2024 1828 2044 N
1837 2024 1852 2044 iz
1860 2025 1886 2046 o.

1309 2046 1397 2090 Datus
1407 2048 1488 2077 alicui
1499 2050 1666 2096 magistratus
1678 2051 1762 2081 nullis
1773 2054 1903 2085 comitiis.
1926 2054 1984 2086 Cic.
1996 2065 2022 2087 2.
2035 2057 2070 2088 de
2078 2056 2154 2098 Lege
2169 2060 2227 2099 Agr.
2241 2071 2270 2098 4.

1309 2083 1429 2114 Differre
1440 2094 1562 2116 comitia.
1583 2088 1642 2117 Cic.
1659 2098 1681 2117 i.
1698 2090 1751 2119 Att.
1770 2099 1794 2119 1.

1309 2121 1427 2165 Edicere
1436 2125 1563 2168 comitia.
1598 2124 1652 2155 Liv.
1667 2136 1691 2161 3.
1706 2135 1747 2164 37.
1770 2127 1962 2166 Expectabant
1978 2141 2062 2170 quam
2077 2143 2146 2165 mox
2157 2135 2323 2168 Consulibus
2337 2147 2432 2171 creans

1328 2161 1373 2189 dis
1389 2170 1503 2190 comitia
1518 2163 1704 2194 edicerentur.

1309 2197 1418 2228 Facere.
1441 2199 1500 2228 Cic.
1513 2210 1540 2235 4.
1556 2202 1607 2228 iltt.
1625 2211 1664 2235 ις.
1742 2236 1745 2238 ,

1311 2236 1422 2265 Gerere.
1437 2236 1526 2283 Cio-3.
1539 2237 1574 2266 de
1587 2237 1821 2276 Legib.45.Qu0d
1831 2241 1944 2271 comitia
1953 2242 1999 2273 illa
2011 2244 2098 2275 effent
2108 2248 2192 2278 armis
2199 2249 2272 2286 gesta
2279 2251 2433 2283 servilibus.

1311 2273 1429 2303 Habere.
1471 2275 1528 2304 (Ac.
1541 2285 1590 2319 pro
1602 2276 1691 2306 Plane.
1706 2288 1750 2311 ⁴9.
1775 2279 1852 2308 [dem
1866 2290 1891 2308 2.
1905 2281 1941 2310 de
1954 2281 2046 2312 Divin.
2061 2296 2105 2318 44.
2133 2283 2203 2321 Jove
2224 2296 2340 2318 tonante
2350 2311 2359 2325 ,
2380 2291 2437 2320 ful.

1328 2318 1444 2348 gurante
1455 2333 1464 2348 ‚
1484 2320 1598 2342 comitia
1608 2315 1705 2351 populi
1719 2315 1819 2345 habere
1830 2318 1915 2346 nefas.
1954 2319 2061 2350 idemra
2081 2322 2183 2353 Graecis
2199 2325 2372 2357 observatum
2392 2329 2433 2358 vi-

1328 2350 1426 2378 detur:
1449 2359 1513 2379 nam
1522 2353 1598 2396 apxud
1609 2361 1656 2380 eos
1668 2352 1761 2390 pluvia
1773 2356 1928 2385 &tonitrua
1938 2358 2050 2388 comitia
2061 2359 2238 2392 dirimebant.
2276 2364 2433 2403 Aristopha-

1329 2396 1379 2416 nes
1390 2409 1397 2421 ‚
1409 2386 1517 2430 'dismas’
1533 2391 1563 2415 'tn
1574 2410 1582 2422 ,
1609 2391 1631 2426 ις
1651 2390 1714 2424 ῥανὶς
1732 2390 1834 2422 βέέληκέ
1849 2402 1891 2427 με.
1923 2393 2081 2426 Turnebus.

1310 2424 1431 2455 Comitia
1440 2425 1475 2454 de
1489 2436 1535 2455 reo
1547 2426 1655 2456 habere.
1697 2428 1751 2458 Liv.
1767 2439 1791 2463 ς.
1809 2438 1852 2464 ²4·
1874 2429 1905 2460 In
1916 2441 1993 2462 mora
2009 2433 2127 2465 Tribuni
2141 2443 2234 2473 erant,
2257 2440 2304 2475 qui
2315 2441 2433 2471 comitia

1329 2462 1484 2499 Quazstores
1495 2464 1531 2493 de
1543 2474 1591 2493 reo
1600 2464 1703 2495 habete
1712 2487 1721 2501 ‚
1743 2467 1791 2496 nisi
1802 2468 1880 2505 ptius
1894 2469 1931 2498 de
1942 2469 2005 2508 lege
2022 2471 2117 2503 habita
2132 2475 2219 2505 effent
2230 2497 2239 2512 ,
2261 2477 2382 2514 passuros
2404 2479 2433 2509 se

1332 2501 1480 2537 negabant.
1513 2501 1638 2532 Budaeus.

1310 2538 1439 2569 lndicere
1460 2539 1593 2575 comitia,
1615 2540 1679 2578 plus
1695 2540 1733 2570 est
1752 2550 1834 2578 quam
1848 2542 2018 2575 Concilium.
2056 2547 2128 2577 Geli.
2141 2548 2178 2578 lib
2205 2560 2246 2585 ις.
2260 2560 2374 2590 cap.27.
2406 2554 2434 2584 Is

1331 2577 1378 2619 qui
1387 2585 1448 2619 *non
1460 2577 1615 2621 universum
1627 2579 1765 2622 populum
1775 2601 1783 2614 ‚
1805 2580 1850 2609 sed
1861 2591 1968 2619 partem
1979 2584 2100 2622 aliquam
2112 2587 2202 2617 adeffe
2211 2589 2301 2625 jubet,
2311 2600 2369 2620 non
2386 2601 2434 2621 co-

1332 2620 1427 2648 mitia,
1448 2613 1495 2643 sed
1504 2615 1789 2646 conciliumindicere
1800 2619 1886 2652 jubet.

1311 2651 1458 2694 Inquiuata
1467 2652 1611 2690 largitione
1620 2654 1743 2684 comitia.
1782 2654 1840 2685 Cic.
1851 2657 1886 2686 de
1895 2655 1976 2688 Petit.
1988 2658 2098 2690 Consul.
2111 2672 2156 2695 4⁴-
2179 2662 2267 2693 Video
2286 2665 2362 2695 nulla
2377 2667 2433 2698 effe

1331 2690 1511 2732 comitiatam
1523 2691 1666 2728 inquinata
1679 2692 1826 2729 largitione
1835 2716 1842 2728 ,
1865 2695 1965 2732 quibus
1975 2706 2034 2727 non
2046 2699 2128 2737 gratis
2137 2700 2234 2738 aliquae
2251 2706 2381 2733 centutiae
2392 2715 2434 2736 re.

1333 2734 1465 2756 nuntient
1475 2727 1537 2757 suos
1553 2729 1675 2759 maxime
1692 2729 1868 2762 necessarios.

1314 2765 1414 2794 Obire.
1452 2764 1486 2794 V.
1508 2775 1525 2794 o
1535 2776 1550 2794 Β
1559 2776 1572 2794 E
1581 2776 1607 2795 o.

1312 2802 1489 2832 Obnuntiate
1499 2804 1630 2834 comitiis.
1673 2803 1731 2833 Cic.
1747 2805 1805 2835 Post
1815 2807 1870 2836 red.
1883 2807 1912 2837 in
1921 2807 2015 2839 Sentit.
2031 2821 2071 2840 ιο.
2093 2811 2194 2850 Legem
2214 2812 2356 2846 Tribunus
2373 2817 2435 2854 ple-

1335 2840 1376 2869 bis
1391 2840 1473 2876 tulit,
1495 2851 1530 2870 ne
1544 2841 1671 2879 auspiciis
1685 2843 1940 2882 obtemperaretur:
1961 2847 2170 2880 neobnuntiare
2187 2852 2310 2882 concilio
2329 2864 2375 2884 aut
2386 2864 2435 2885 co=

1330 2878 1437 2912 mitiis,
1457 2888 1492 2907 ne
1502 2879 1528 2908 le
1549 2880 1741 2909 iintercedere
1751 2882 1856 2912 liceret.

1312 2915 1532 2946 Obnuntiationi
1556 2927 1586 2946 us
1596 2919 1774 2961 comitiorum
1782 2920 1910 2963 quotidie
1920 2920 2016 2959 singuli
2028 2922 2088 2955 dies
2097 2924 2237 2957 tolluntur
2245 2949 2255 2963 ‚
2275 2937 2375 2967 magna
2384 2939 2435 2960 voa

1333 2953 1439 2982 luntate
1450 2953 1587 2984 bonorum
1597 2965 1734 2986 omnium.
1755 2956 1815 2987 Cic.
1827 2968 1849 2995 3.
1865 2958 1901 2995 Q.
1912 2959 1974 2989 frat.
1990 2969 2016 2997 3.

1314 2990 1454 3028 peragere.
1497 2992 1527 3021 ln
1547 3002 1562 3020 P
1573 3002 1610 3021 aa
1620 3003 1638 3021 Α
1648 3003 1667 3021 G
1676 3003 1703 3023 o.

1313 3028 1482 3059 Perscribere
1491 3037 1550 3058 tota
1559 3031 1680 3060 comitia.
1701 3030 1762 3061 Cic.
1771 3042 1797 3066 4.
1811 3033 1864 3062 Att.
1882 3043 1924 3069 ις.

1313 3066 1482 3133 Protei-idi?
1494 3089 1503 3102 ‚
1524 3067 1586 3134 vel[3
1608 3075 1638 3098 ut
1649 3069 1695 3135 alisi
1705 3068 1818 3106 legunt,
1839 3071 2000 3102 Prottudere
2018 3073 2131 3104 comitia
2154 3074 2318 3106 inmensem
2334 3077 2436 3114 janua-

1335 3113 1415 3133 l'lh'm.
1474 3115 1497 3133 C.
1515 3115 1555 3133 ΙΟ.
1586 3115 1639 3134 am.
1655 3115 1670 3134 2
1691 3129 1697 3135 .

1314 3140 1436 3179 Rogator
1447 3143 1625 3172 comitiorum
1635 3144 1727 3179 justus.
1750 3144 1808 3174 Cic.
1821 3156 1846 3174 r.
1861 3145 1897 3175 de
1908 3146 1998 3177 Divin.
2012 3156 2054 3183 33.

1879 998 1937 1029 Cic.
1957 1011 2008 1039 pro
2028 1003 2138 1035 Mureti.
2162 1012 2205 1042 ιε.
2240 1007 2425 1047 Imperatores

1857 1038 2004 1070 verborum
2011 1041 2174 1080 interpretes
2186 1045 2355 1084 deliguntur.

2236 1421 2294 1453 Cic.
2311 1424 2341 1454 in
2352 1425 2426 1460 Ruit.

1277 3181 1355 3213 eon
1367 3190 1376 3207 i
1390 3183 1529 3214 tricis,
1551 3190 1576 3210 e.
1599 3180 1831 3218 [ὶὲχααςεωαιιρς]
1859 3186 1886 3213 ἃ
1902 3192 1918 3213 a
1934 3185 2077 3221 Comitiis,
2099 3188 2125 3216 δι
2142 3196 2157 3216 a
2176 3187 2299 3218 Comitio
2313 3189 2434 3228 dicitur,

1315 3223 1347 3247 ut
1358 3217 1447 3253 inquit
1460 3217 1594 3248 Buda‘us:
1618 3219 1702 3255 Quod
1714 3220 1748 3248 ad
1760 3221 1904 3250 comitium
1916 3243 1923 3256 ,
1945 3223 1987 3251 vel
2001 3221 2122 3257 Conutia
2133 3226 2262 3262 pertinet.

1317 3255 1383 3285 Dies
1393 3256 1547 3285 comitiales
1559 3277 1567 3290 ,
1589 3256 1645 3293 Qui
1655 3257 1920 3288 comitiisiiabendis
1930 3260 2013 3289 dicati
2027 3270 2120 3290 erant:
2142 3264 2170 3289 in
2186 3264 2286 3299 quibus
2303 3274 2366 3294 cum
2385 3275 2436 3304 po-

1337 3292 1404 3330 pulo
1413 3293 1455 3330 agi
1466 3293 1584 3327 licebat,
1607 3302 1637 3323 ut
1648 3295 1686 3323 ait
1696 3295 1857 3324 Macrobius
1868 3296 1922 3325 Sat.
1940 3307 1961 3327 ι.
1976 3301 2017 3327 ιό,
2039 3299 2064 3327 Sc
2076 3298 2175 3334 quibus
2197 3300 2263 3339 Pop.
2278 3302 2356 3331 Rom.
2369 3313 2440 3333 con-

1335 3331 1434 3358 venire
1453 3330 1557 3360 solebat
1567 3331 1600 3360 ad
1612 3331 1771 3369 suffragium
1788 3333 1943 3370 serendum..
1984 3334 2041 3364 Cic.
2060 3345 2083 3365 r.
2097 3339 2132 3372 Q.
2144 3337 2197 3367 stat
2217 3347 2244 3368 2.
2266 3338 2440 3379 Consequuti

1335 3367 1466 3397 suntdies
1474 3368 1629 3398 comitiales
1642 3391 1649 3403 ,
1670 3379 1719 3406 per
1729 3379 1798 3406 quos
1811 3372 1924 3400 Senatus
1937 3371 2031 3401 haberi
2044 3383 2100 3402 non
2113 3381 2230 3411 poterat.

1316 3404 1383 3434 Dies
1396 3406 1549 3435 comitiales
1558 3407 1750 3443 appellabant,
1771 3407 1909 3443 Quum‘in
1920 3410 2036 3438 comitio
2043 3412 2256 3443 conveniebant.
2276 3412 2379 3445 Festus.

1317 3441 1454 3472 Homines
1464 3444 1620 3473 comitiales
1631 3465 1638 3477 ,
1663 3444 1779 3481 Litigiosi
1790 3445 1929 3475 dicuntur.
1954 3446 2036 3476 plaut.
2051 3448 2125 3478 Poen.
2140 3458 2162 3483 ι.
2181 3459 2205 3479 2.
2222 3458 2249 3488 7.

1317 3480 1420 3510 Mensis
1431 3481 1587 3509 comitialis.
1622 3482 1684 3511 Cic.
1697 3497 1722 3514 a.
1740 3483 1796 3510 Ver.
1812 3492 1870 3517 ¹40-
1893 3481 1959 3513 Dies
1979 3486 2000 3513 is
2019 3493 2076 3514 etat
2097 3486 2235 3524 legitimus
2251 3489 2373 3519 comitiis
2387 3490 2441 3520 ha-

1338 3517 1437 3547 bendis
1449 3539 1457 3552 ,
1476 3520 1527 3547 ἃε.
1568 3518 1742 3553 Herodotus.
1763 3529 1850 3555 quum
1864 3520 1949 3550 Roma
1963 3524 2107 3552 revertitur
2118 3545 2126 3558 ,
2148 3525 2226 3560 dies,
2249 3534 2278 3554 ut
2289 3527 2345 3563 ipse
2354 3537 2438 3564 puta.

1337 3555 1402 3589 bat,
1425 3556 1583 3592 quindecim
1599 3563 1663 3584 ante
1677 3557 1805 3591 comitia.
1828 3556 1947 3588 offendit
1958 3569 2022 3589 euni
2041 3562 2163 3590 mensem
2182 3563 2370 3600 comitialem,
2391 3575 2441 3595 co-

1337 3593 1422 3621 mitiis
1434 3592 1535 3621 abhinc
1547 3593 1601 3625 iam
1612 3594 1720 3630 triginta
1731 3594 1840 3623 habitis.

1319 3629 1435 3660 Morbus
1447 3629 1606 3663 comitialis,
1629 3630 1860 3665 &masmim-iaia
1869 3655 1877 3666 ,
1898 3632 1980 3670 vulgo
1991 3632 2120 3664 Caducus
2131 3636 2249 3672 dicitur,
2269 3637 2335 3668 alias
2346 3639 2441 3670 Sacer:

1338 3670 1364 3696 ἀ
1377 3667 1489 3696 Morbus
1503 3667 1653 3696 Herculeus
1663 3689 1671 3702 ,
1698 3669 1773 3703 quud
1788 3669 1919 3699 Hercules
1930 3681 1992 3699 eum
2007 3672 2133 3702 morbum
2152 3672 2243 3711 passus
2259 3675 2299 3704 sit.
2341 3678 2439 3707 Dictus

1337 3704 1486 3733 comitialis
1496 3725 1504 3738 ,
1525 3704 1601 3739 quod
1613 3705 1726 3734 comitia
1737 3707 1832 3735 vitiare
1840 3706 1996 3737 diceretur:
2019 3710 2292 3749 interrumpebantur
2303 3715 2377 3742 enim
2390 3724 2439 3743 co-

1338 3742 1417 3771 mitia
1428 3749 1482 3777 quo
1492 3743 1538 3770 die
1549 3742 1648 3777 aliquis
1656 3743 1826 3772 concidilset.
1868 3745 1951 3780 Cato,
1976 3746 2062 3781 Quod
2073 3749 2187 3778 comitia
2198 3751 2345 3787 prohibere
2355 3751 2433 3786 solet,

1338 3787 1392 3808 nec
1412 3779 1441 3806 id
1459 3779 1573 3815 quidem
1589 3779 1656 3821 milii
1676 3780 1773 3808 tritium
1787 3781 1847 3810 suit.
1890 3780 1958 3811 Plin.
1971 3782 2018 3811 lib.
2034 3794 2073 3812 to.
2092 3794 2152 3822 cap.
2168 3797 2212 3820 ις.
2240 3788 2437 3818 Ceiutnicibus

1339 3817 1436 3846 veratri
1450 3815 1540 3844 semen
1552 3816 1712 3851 gratissimus
1723 3820 1818 3847 cibus:
1841 3828 1921 3854 quarn
1933 3819 1970 3848 ob
1982 3820 2088 3851 causam
2095 3832 2141 3852 eas
2153 3824 2318 3854 damnavere
2327 3826 2436 3860 mentae,

1342 3852 1476 3889 simulque
1485 3853 1654 3882 comitialem
1665 3862 1777 3891 propter
1783 3856 1911 3885 morbum
1921 3858 2017 3895 despui
2025 3858 2133 3890 suetum
2141 3882 2149 3897 ,
2172 3871 2254 3899 quem
2264 3862 2325 3892 solae
2336 3864 2438 3891 anima·
2475 3870 2481 3878 ’

1339 3890 1411 3920 lium
1419 3889 1541 3920 sentiunt
1550 3898 1649 3929 praeter
1661 3891 1814 3924 hominem.

1827 3929 1922 3960 Eece
1942 3940 1958 3961 2.
2345 3935 2438 3966 Homo
