2604 4222
127 136 196 173 650
563 130 592 164 C
693 129 727 164 O
828 128 860 163 N

126 213 147 242 C
155 217 172 241 ὃ
184 223 202 241 Ν
212 216 228 242 ὃ
239 223 252 241 r²
261 222 277 240 o
286 222 306 241 N
328 223 346 241 o
356 223 365 240 r
375 222 391 241 A
402 223 417 240 κ
429 224 446 241 A
456 222 467 242 s
476 223 504 242 rs
513 234 521 247 ‚
544 210 674 248 [κωνώπων
691 206 826 246 algscamr]
846 208 936 238 Insula
948 206 984 236 est
995 207 1072 241 juxta
1081 210 1209 241 quartum
1219 201 1278 232 Istri

166 252 263 280 ollium
274 272 281 284 ‚
302 251 377 286 quod
391 250 578 280 Pseudostoma
592 248 754 286 appellatur.
783 248 813 276 V.
837 247 904 276 Plin.
915 246 964 274 lib.
979 256 1002 278 4.
1019 252 1078 280 cap.
1091 251 1133 270 12.

130 289 152 318 C
163 292 232 318 ὄΝο
243 298 258 316 a
271 310 279 321 ,
299 292 359 318 atus
381 288 439 317 sum
450 311 457 321 ,
479 288 622 324 [vaginam
633 308 640 320 ‚
662 285 803 321 ένηχκςέω]
825 285 873 312 ari.
903 284 991 312 levius
1008 281 1046 309 est
1067 288 1149 315 quam
1167 279 1258 307 facere
1268 298 1277 312 ‚

168 329 281 356 auctore
294 326 413 356 Donato.
438 326 478 355 Est
488 326 562 354 enim
573 324 629 353 Niti
638 324 663 352 ἃ
672 324 735 352 dare
746 331 858 359 operam
871 326 901 350 ut
914 319 1018 356 aliquid
1029 318 1085 348 fiat.
1107 315 1277 347 Ter.And.1.

173 376 197 401 5.
210 374 252 399 ις.
491 379 528 384 -
538 370 597 391 tum
606 368 697 389 autem
708 360 762 389 hoc
775 360 855 388 timet
864 380 872 393 ‚

251 401 293 430 Ne
301 400 405 430 deseras
416 400 449 430 se.
481 411 503 429 P.
525 400 588 429 hem
601 420 608 433 ‚
630 407 719 434 egone
734 398 801 426 istuc
813 396 905 425 conari
914 403 1012 432 queam
1022 393 1036 422 2⁷

170 438 237 468 Scio
249 439 316 476 quid
331 448 438 468 conere.
460 437 523 467 Ter.
536 436 605 466 And.
616 447 642 470 4.
655 445 680 464 2.
691 445 735 464 20.

173 477 274 506 Conari
285 477 427 510 manibus,
450 475 572 513 pedibus.
595 473 658 502 Ter.
676 472 744 502 And.
756 482 781 505 4.
797 480 819 500 1.
832 479 875 504 ς2.

265 515 337 551 Ego,
360 513 514 551 Pamphile,
537 512 588 540 hoc
598 511 646 539 tibi
656 520 706 548 pro
717 509 823 538 servitio
835 508 942 543 debeo,

267 552 367 580 Conari
378 551 503 579 manibus
517 549 654 586 pedibus,
674 546 822 583 noctesque
833 548 858 576 &
872 546 931 575 dies

267 589 372 626 Capitis
382 588 534 625 periculum
544 586 620 615 adire
629 607 637 620 ‚
657 585 724 615 dum
735 584 836 621 prosim
852 584 913 613 tibi.

176 626 293 656 Occulte
304 626 406 662 aliquid
416 626 515 654 conari.
538 624 594 652 Cic.
609 633 659 661 pro
675 624 766 652 Deiot.
780 627 822 656 18.

176 664 282 695 Perdite
294 663 405 700 aliquid.
430 662 547 699 Quintil.
560 661 608 690 lib.
621 671 646 690 2.
659 670 719 698 cap.
735 668 775 688 12.

177 702 285 736 Aliquid
300 711 348 739 per
359 701 384 729 se
397 701 510 734 conari,
532 701 557 728 &
570 709 696 736 quterere.
719 696 838 734 Quintil.
855 695 904 726 lib.
916 704 943 725 2.
959 704 1019 733 cap.
1034 696 1060 724 6.

176 739 288 769 frustra.
313 739 381 773 Virg.
394 749 418 772 9.
432 739 493 768 ffin.
507 744 567 773 398.

175 777 275 805 Conari
285 776 388 813 aliquid
401 776 514 805 fallaciae
525 776 553 803 in
568 783 596 803 re
605 773 711 810 aliqua.
733 782 787 807 quo
799 772 844 801 fiat
860 771 962 801 minus.
984 770 1048 800 Ter.
1061 768 1130 799 And.
1147 775 1206 798 1.2.
1218 769 1265 797 2⁶.

175 814 309 850 Magnum
324 816 428 851 opus&
441 814 565 842 arduum.
589 811 645 840 Cic.
661 812 689 839 in
700 811 775 839 Orat.
791 819 833 845 ³3-
987 845 993 851 .
1266 841 1273 848 ι

175 852 259 888 Spem
269 851 423 888 aliquorum
435 860 515 888 quam
527 849 628 879 habent
637 850 665 877 in
677 849 767 885 aliqua
776 858 805 877 re
816 847 947 886 politam,
967 856 994 875 v1
1005 853 1168 882 extorquere
1179 852 1284 872 conari.

195 890 251 917 Cic.
271 900 291 918 1.
304 890 374 918 Verr.
387 899 431 917 21.
584 895 586 897 ’

176 927 364 955 Conarialicui
378 927 499 955 obviam.
520 924 584 954 Ter.
595 924 703 953 Phorm.
719 933 741 952 ι.
753 931 777 952 2.
790 931 817 952 2.
1056 957 1062 963 ,
1224 956 1229 962 .

176 965 294 999 Conari,
312 974 374 993 cum
384 963 528 992 infinitivo.
569 962 628 991 Cic.
641 971 666 991 2.
678 962 713 990 de
723 961 798 990 Orat.
815 963 859 989 61.
882 959 977 989 Poetas
986 966 1102 987 omnmo
1113 956 1184 993 quasi
1195 955 1285 985 ahena

194 1002 312 1038 quadam
323 1002 415 1037 lingua
427 1002 555 1038 loquutos
565 1009 622 1028 non
634 1009 721 1028 conor
731 999 872 1033 attingere.

140 1039 162 1069 C
172 1049 187 1067 0
198 1049 217 1067 N
229 1049 246 1067 A
257 1049 275 1068 N
286 1049 314 1074 s,
335 1040 415 1068 antis.
437 1039 532 1068 Partic.
555 1037 626 1075 Nep.
639 1046 683 1073 23.
699 1046 722 1074 3.
741 1036 851 1074 Alpicos
861 1031 1150 1071 conantesprohibere
1161 1031 1284 1066 transitu,

176 1077 308 1106 concidit.

138 1115 214 1145 C0N
225 1125 243 1143 A
254 1124 331 1143 Tun
342 1136 350 1148 ‚
370 1114 388 1143 i.
410 1123 437 1143 n.
455 1113 532 1143 ldem
543 1122 573 1141 ac
588 1112 719 1141 conatus.
758 1110 861 1139 Patere.
878 1109 926 1138 lib.
937 1117 1026 1151 ²·..²9·
1061 1107 1112 1137 Cn.
1134 1107 1284 1144 Pompeius

175 1162 217 1182 xx
227 1163 272 1181 ιιι
294 1161 381 1181 annos
403 1158 482 1181 natus
494 1173 502 1184 .
524 1150 634 1188 privatis
646 1156 675 1178 ut
686 1148 800 1185 opibus,
822 1149 858 1176 ita
870 1146 990 1176 consiliis
1002 1156 1099 1183 magna
1113 1144 1206 1188 ausus,
1227 1154 1285 1173 nia.

173 1189 329 1227 gnificeque
340 1196 438 1218 conata
447 1188 606 1220 exsecutus,
627 1188 661 1216 ad
677 1186 871 1215 restituendam
880 1184 1044 1221 dignitatem
1061 1192 1154 1226 patriae
1173 1182 1282 1226 firmum

175 1229 313 1257 contraxit
326 1228 486 1256 exercitum.
526 1227 572 1255 Sic
588 1225 658 1262 saepe
671 1225 768 1261 legitur
782 1224 856 1261 apud
869 1229 974 1254 veteres
985 1223 1014 1250 in
1035 1222 1106 1259 plur.
1126 1221 1174 1250 led
1184 1229 1229 1249 vix
1240 1221 1283 1249 in-

172 1266 282 1294 venitur
298 1266 326 1294 in
336 1274 450 1294 numero
460 1264 524 1302 slng.

175 1302 290 1339 Exsequi
302 1310 408 1332 conata.
432 1303 528 1331 Accius
538 1300 611 1337 apud
621 1299 694 1329 Non.
709 1308 732 1337 3.
747 1307 792 1336 73.

174 1340 295 1369 Obviam
308 1341 347 1369 ire
362 1341 477 1369 conatis.
498 1339 554 1368 Liv.
567 1346 612 1373 42.
629 1347 672 1367 11.

171 1376 278 1407 Patrare
291 1384 397 1407 conata.
421 1377 525 1406 Lucret.
538 1385 562 1412 3.
577 1378 639 1413 38⁶·

172 1415 308 1450 Peragere.
330 1415 428 1451 Juven.
446 1424 485 1449 ¹3·
502 1415 555 1443 Sat.
567 1423 632 1442 210.

174 1452 311 1482 Perficere.
334 1453 398 1482 Caes.
416 1464 437 1482 ι.
451 1452 517 1482 Bell.
530 1451 600 1481 Gall.
614 1459 638 1487 3.

135 1490 182 1520 eo
194 1500 331 1525 NAr10‚
353 1490 423 1520 onis.
444 1490 462 1519 f.
485 1490 548 1519 Sen.
561 1489 624 1518 Nat.
640 1486 740 1524 Quaest.
751 1495 777 1516 2.
796 1495 836 1516 12.
857 1484 976 1515 Conatio
990 1484 1121 1515 lineiCtu.

134 1529 208 1558 CON
218 1531 234 1556 A
244 1538 262 1556 'r
273 1537 326 1562 us,
348 1529 387 1557 us.
409 1537 446 1557 m.
466 1526 579 1563 [migffi
602 1527 679 1562 ὁρμὴ,
700 1524 862 1560 ἐπιχάςηιπς]
884 1524 942 1553 Cic.
953 1533 978 1553 2.
989 1524 1024 1552 de
1036 1524 1098 1553 Nat.
1112 1523 1195 1553 Deor.
1215 1529 1278 1552 122.

170 1565 254 1594 Dedit
266 1574 359 1594 autem
372 1566 468 1594 eadem
479 1571 575 1594 natura
584 1564 672 1593 beluis
686 1564 713 1593 ἃ
722 1562 826 1592 sensum
843 1563 870 1591 ἃ
882 1562 1038 1600 appetitum
1051 1583 1058 1595 ,
1079 1568 1109 1590 ut
1127 1560 1213 1590 altero
1232 1570 1280 1589 co-

169 1609 264 1632 natum
275 1603 406 1632 haberent
416 1603 450 1632 ad
461 1602 597 1632 naturales
609 1601 700 1640 pastus
716 1599 912 1638 capessendos,
933 1599 1021 1630 altero
1038 1598 1212 1629 secernerent
1230 1607 1279 1637 pe-

169 1640 257 1669 stifera
269 1650 283 1669 a
293 1640 460 1670 salutaribus.

170 1678 274 1707 Primus
285 1678 413 1714 cujusque
425 1677 516 1715 operis
527 1682 650 1707 conatus.
672 1673 791 1713 Quintil.
802 1674 852 1704 lib.
863 1683 890 1704 2.
905 1683 965 1712 cap.
982 1684 1026 1705 ro.

167 1716 289 1745 Conatus
300 1717 325 1745 &
334 1722 477 1753 apparatus
486 1715 602 1750 alicujus
612 1719 712 1751 gratus.
734 1713 793 1744 Cic.
806 1723 850 1743 10.
864 1712 942 1743 Fam.
958 1721 1002 1742 ιο.

166 1753 293 1783 Generosi
304 1761 428 1782 conatus.
450 1752 567 1789 Quintil.
579 1752 626 1781 lib.
637 1761 663 1781 2.
676 1761 737 1789 cap.
746 1762 774 1787 4.

165 1791 289 1828 Impetus
300 1792 326 1821 δι
337 1799 464 1820 conatus.
486 1791 543 1820 Cic.
556 1799 606 1828 pro
620 1788 695 1819 Sulla
706 1792 750 1825 76.

166 1829 245 1866 Capti
256 1835 370 1858 conatus
380 1828 481 1858 frustra.
502 1828 534 1858 In
555 1838 572 1856 c
580 1837 599 1856 A
609 1837 624 1857 P
634 1837 643 1855 ι
653 1836 680 1856 o.

165 1867 364 1903 Comprimere.
406 1866 436 1895 V.
458 1874 664 1895 comesum.
904 1898 909 1899 ⁷

164 1904 302 1933 conatum
312 1903 419 1941 longius
429 1909 532 1941 petere.
555 1901 675 1939 Quintil.
690 1900 737 1931 lib.
752 1910 794 1931 10.
808 1910 869 1940 cap.
880 1909 906 1938 3.

164 1942 285 1971 Conatus
296 1943 321 1971 &
330 1941 484 1979 lncoeptum
493 1946 588 1970 contra
595 1939 1048 1978 aliquem.Cic.2.inCat.27.Cujus
1057 1947 1108 1976 ego
1119 1946 1177 1967 non
1185 1936 1272 1968 modo

181 1980 295 2013 factum,
315 1978 360 2008 sed
369 1980 522 2016 incoeptum
536 1978 624 2008 ullum
635 1984 801 2007 conatumve
812 1984 908 2007 contra
922 1978 1039 2015 patriam
1051 1976 1273 2015 deprehendero.

162 2016 266 2053 Magno
276 2023 376 2046 conatu
387 2017 531 2053 studioque
540 2025 619 2053 agere
628 2015 744 2052 aliquid.
767 2015 824 2044 Cic.
837 2025 887 2053 pro
897 2015 995 2052 Quint.
1006 2020 1052 2051 48.

163 2055 252 2083 Nudis
263 2055 405 2084 conatibus
417 2055 517 2083 hastam
528 2053 660 2083 vibrabat.
680 2052 727 2083 Sil.
738 2052 787 2082 lib.
800 2062 842 2089 13.
860 2056 922 2083 161.

164 2091 315 2129 infringere
325 2099 438 2121 conatus
448 2091 672 2121 adversariorum.
704 2090 734 2120 V.
757 2101 766 2119 ι
776 2099 794 2120 Ν
804 2101 817 2119 r
826 2100 841 2119 R
852 2101 861 2119 1
870 2100 889 2119 N
899 2099 917 2119 G
926 2100 955 2121 o.

166 2129 279 2158 obstare
290 2129 433 2158 conatibus
444 2129 568 2164 alicujus.
601 2128 685 2158 Ovid.
698 2127 776 2157 Rem.
793 2129 883 2157 Amor.
898 2132 962 2165 683.

164 2166 311 2196 Prohibere
321 2176 416 2196 omnes
428 2166 541 2202 alicujus
553 2173 659 2201 motus,
680 2166 857 2202 conatusque.
879 2166 938 2195 Cic.
949 2175 976 2195 2.
988 2161 1110 2194 inCatil.
1124 2166 1170 2193 26.

164 2204 265 2234 Sedare
279 2210 411 2233 conatum
427 2204 575 2233 iracundiae
593 2203 645 2233 suae
659 2210 756 2232 morte.
794 2204 851 2233 Cic.
874 2204 909 2232 de
922 2203 993 2233 Clar.
1009 2202 1086 2232 Orat.
1098 2211 1143 2237 4²·
1175 2200 1271 2239 Populi

183 2242 279 2277 ingrati
293 2241 385 2278 pulsus
397 2242 494 2277 injuria
505 2263 513 2277 ,
535 2241 561 2270 se
568 2241 601 2270 ad
612 2241 701 2271 hostes
711 2240 830 2271 contulit
839 2263 847 2277 ‚
870 2246 1057 2278 conatumque
1065 2239 1212 2270 iracundiae
1220 2239 1272 2270 suae

184 2286 272 2308 morte
282 2280 394 2308 sedavit.
429 2279 469 2308 De
480 2279 638 2308 Coriolano.

127 2316 200 2346 CoN
211 2320 226 2345 A
237 2327 255 2345 M
266 2326 280 2345 a
291 2326 310 2345 N
323 2339 331 2352 ‚
352 2318 416 2346 inis.
439 2326 466 2345 n.
489 2317 606 2352 [πᾶεφ]
628 2315 712 2345 Ovid.
723 2326 750 2351 4.
766 2315 832 2345 Fast.
843 2324 907 2352 325.

257 2354 347 2388 Dixit,
369 2356 395 2383 ὁὶ
408 2355 508 2390 exiguo
519 2354 613 2382 funem
625 2355 773 2383 conamine
783 2355 875 2384 traxit.

163 2391 269 2420 Alarum
281 2401 415 2421 conamen
426 2392 559 2429 perditur.
581 2391 687 2420 Lucret.
701 2390 748 2420 lib.
765 2395 791 2421 6.
804 2400 866 2428 325.

164 2428 272 2458 Mobile
283 2439 428 2458 conamen.
450 2429 550 2458 Lucan.
564 2428 611 2458 lib.
624 2440 650 2463 4.
665 2434 728 2465 287.

256 2466 326 2495 Dum
341 2467 420 2495 dolor
428 2467 465 2496 est
476 2466 597 2503 ictusque
605 2476 720 2501 recens,
740 2467 765 2496 δι
776 2465 881 2495 mobile
890 2466 983 2495 nervis

253 2504 394 2533 Conamen
403 2504 506 2533 calidus
518 2504 718 2542 praebetcruor.
800 2504 817 2533 i.
830 2513 854 2533 e.
876 2503 968 2542 Agile,
989 2504 1015 2534 ἀ
1033 2508 1111 2533 motu
1122 2503 1214 2534 facile.

163 2540 300 2570 Validum.
322 2541 368 2571 Sil.
381 2541 427 2570 lib.
441 2553 464 2576 ς.
476 2551 537 2576 ²95·

250 2579 283 2609 Et
293 2579 395 2615 fragilis
410 2579 498 2608 valido
510 2580 655 2608 conamine
671 2577 782 2608 solvitur
794 2577 872 2608 ensis.

163 2616 303 2645 Conamen
318 2617 422 2645 sumere
435 2617 468 2645 ab
478 2617 579 2654 aliquo.
602 2616 684 2645 Ovid.
696 2622 721 2647 8.
736 2616 802 2645 Met.
817 2619 879 2651 366.

163 2654 267 2689 magno
281 2655 427 2683 conamine
437 2654 540 2691 aliquid
553 2663 639 2690 agere.
661 2653 745 2684 Ovid.
759 2663 781 2688 3.
800 2654 867 2683 Met.
882 2656 927 2683 60.

164 2691 257 2720 Primae
268 2702 366 2729 pugnae
379 2694 525 2721 conamine
535 2691 649 2721 contuso
659 2713 667 2726 ,
687 2691 828 2728 fractisque
838 2692 948 2729 coeptis.
970 2691 1018 2721 Sil.
1029 2691 1077 2722 lib.
1096 2701 1120 2722 1.
1131 2699 1174 2729 33.

128 2728 150 2757 C
161 2739 176 2756 o
189 2739 205 2757 N
218 2733 231 2757 Ᾰ
244 2741 262 2757 Μ
272 2740 285 2758 ιι
295 2739 341 2757 Ντ
351 2740 367 2758 υ
377 2741 396 2758 Μ
406 2751 414 2762 ,
436 2730 453 2757 i.
474 2739 500 2758 n.
523 2729 712 2765 [ἒπιχεὶςημω]
733 2729 802 2759 ΡΙίη.
822 2730 870 2758 lib.
888 2739 928 2764 ¹9·
941 2739 1002 2767 cap.
1014 2739 1039 2758 2.
1061 2731 1097 2759 de
1114 2732 1213 2768 Sparto
1229 2729 1270 2759 lo-

164 2776 248 2802 quens
261 2789 268 2799 ‚
290 2767 328 2795 nd
341 2767 458 2804 rcliquos
466 2767 526 2795 usus
538 2766 669 2795 laboriose
678 2766 802 2795 evellitur
814 2788 821 2800 ,
843 2767 959 2796 ocreatis
968 2768 1091 2796 cruribus
1102 2789 1110 2802 ‚
1131 2768 1271 2797 manibus-

164 2813 216 2838 que
233 2804 313 2833 tectis
328 2805 461 2839 manicis,
481 2803 663 2833 convolutum
683 2804 762 2833 osseis
779 2803 909 2841 ligneil've
929 2806 1114 2836 conamentis.
1150 2806 1179 2836 h.
1191 2815 1216 2835 e.
1238 2812 1269 2836 ut

163 2842 279 2878 opinor,
301 2843 472 2877 Adjumentis
483 2845 507 2871 ὁὶ
521 2842 804 2879 fulcimentisligneis.

126 2878 148 2908 C
159 2889 174 2907 o
185 2889 203 2908 N
215 2880 313 2908 Auiti
325 2889 337 2908 s
348 2902 355 2913 ,
376 2889 400 2908 e.
424 2881 482 2915 adj.
504 2879 567 2909 Coel.
582 2879 671 2908 Aurel.
688 2881 762 2908 licut.
777 2888 801 2914 ζ.
816 2889 839 2909 1.

126 2917 147 2945 C
157 2920 172 2945 ὂ
183 2926 201 2944 Ν
211 2926 227 2944 o
237 2926 247 2945 s
259 2938 266 2949 .
287 2917 417 2952 [κῶνῶι]
439 2918 572 2946 Placentae
582 2926 667 2953 genus
676 2917 712 2945 est
721 2917 795 2953 apud
809 2917 970 2946 Athenaeum
982 2939 990 2952 ,
1010 2927 1070 2954 quae
1087 2927 1122 2947 ex
1143 2918 1203 2948 uvis
1221 2918 1268 2949 fie-

165 2954 208 2982 bat
219 2953 297 2991 pallis
309 2956 334 2983 Sc
346 2964 406 2992 amy
419 2955 505 2984 'dalis
528 2954 558 2984 V.
580 2954 644 2984 Cael.
656 2954 966 2992 Rhodig.lib.9.cap.r6.
990 2955 1065 2991 [Nifi
1075 2962 1144 2986 errat
1155 2957 1265 2987 Caelius.

127 2990 149 3019 C
158 3001 174 3019 o
185 3002 202 3019 N
214 3002 258 3027 Qu
269 2995 283 3020 λ’
297 3002 313 3020 o
325 3002 339 3020 R
350 3002 366 3020 o
378 3014 385 3026 ‚
407 2966 607 3029 ἓπτξοιφωνιζω]
627 2995 680 3021 are.
703 2993 731 3021 [n
744 2993 902 3029 quadratam
915 2992 1029 3021 formam
1046 2993 1178 3030 redigere.
1201 2995 1267 3024 Var-

165 3039 194 3056 ro
210 3029 281 3065 apud
295 3029 401 3058 Nona.
413 3035 476 3064 453¹·
489 3031 515 3059 ἃ
529 3039 569 3059 12.
585 3040 611 3063 9.
632 3030 729 3059 Sidon.
739 3039 765 3059 2.
778 3030 893 3067 Epist.2.
907 3032 931 3059 δι
942 3040 968 3064 4.
980 3032 1006 3059 δι
1017 3039 1042 3066 7.
1065 3031 1202 3062 Columel.
1216 3033 1264 3063 lib.

164 3072 188 3099 8.
200 3076 258 3101 cau.
272 3076 295 3098 τ.
321 3067 354 3095 Ea
366 3068 500 3104 pernicies
511 3074 541 3096 ut
552 3068 669 3096 evitetur
678 3088 685 3101 .
707 3067 818 3105 perticae
828 3066 955 3096 dolantur
966 3067 993 3096 in
1003 3068 1135 3105 quadrum
1148 3092 1156 3104 ,
1178 3079 1214 3099 ne
1227 3078 1266 3101 te.

164 3113 205 3132 res
220 3104 319 3132 lwvitas
333 3113 425 3133 earum
448 3105 663 3142 supersilientem
681 3105 820 3134 volucrem
841 3114 896 3133 non
919 3106 1049 3142 recipiar,
1071 3108 1264 3144 conquadratae

165 3141 265 3169 deinde
273 3141 364 3170 foratis
379 3142 488 3172 duobus
499 3143 614 3172 adversis
625 3143 951 3180 parietibusinduuntur‚
972 3143 1008 3172 ita
1017 3164 1024 3176 .
1037 3146 1089 3173 &c.

127 3176 404 3212 CONQUAESTOR.
428 3180 456 3209 V.
477 3190 744 3215 coNQursr‘roR
760 3201 768 3215 ‚
789 3180 817 3208 in
838 3189 1042 3215 CONQurao.

127 3215 149 3243 C
161 3225 176 3242 o
187 3225 203 3242 N
214 3226 256 3251 Qu
270 3226 286 3244 A
298 3225 309 3245 s
318 3226 329 3245 s
338 3226 371 3251 ο,
392 3218 564 3253 [eo-morino]
584 3221 636 3247 are.
659 3218 792 3255 frequent.
813 3219 882 3247 Cato
893 3227 954 3256 cap.
969 3227 1010 3253 5².
1032 3218 1153 3254 Qualum
1165 3221 1193 3250 in
1200 3222 1266 3251 :idi-

165 3260 192 3280 to
207 3262 238 3281 ex
258 3263 310 3282 una
327 3261 401 3290 parte
420 3262 592 3292 perpetuum.
633 3256 659 3284 Si
674 3265 738 3284 vero
755 3256 825 3285 calix
844 3257 914 3290 erit,
935 3256 1128 3292 conquassato:
1149 3267 1213 3288 cum
1229 3269 1264 3289 eo

164 3290 242 3325 qualo
255 3312 262 3324 ‚
282 3298 327 3319 aut
338 3291 422 3320 calice
438 3293 464 3321 in
478 3293 600 3322 scrobem
611 3293 718 3329 ponito.

165 3327 266 3371 Corpus
277 3329 490 3365 conquassatum.
511 3330 616 3359 Lucret.
632 3331 677 3359 lib.
688 3340 711 3365 ῃ.
722 3339 786 3365 442.

164 3364 341 3406 Conquaisare
359 3368 501 3401 nationes,
523 3378 571 3405 per
590 3368 796 3398 translationem
809 3390 816 3403 ‚
843 3377 893 3405 pro
915 3367 1040 3404 vastare,
1061 3369 1087 3399 &
1108 3376 1261 3403 conterere.

180 3401 236 3465 Cic.
248 3404 378 3467 PJobsen'
396 3408 437 3439 5⁶·
469 3405 557 3434 Etiam
567 3413 673 3435 exteras
685 3407 811 3435 nationes
826 3406 900 3435 illius
911 3407 976 3435 anni
993 3407 1085 3436 surore
1103 3410 1263 3445 conquassa-

195 3447 220 3466 as
230 3448 252 3466 νι
278 3450 290 3467 e
312 3450 396 3469 amus.

162 3474 336 3520 Conquaisata
348 3486 423 3507 terrae
433 3479 552 3509 motibus
564 3479 668 3517 Apulia.
699 3479 755 3509 Cic.
771 3491 793 3510 1.
805 3482 841 3510 de
852 3481 943 3510 Divin.
955 3490 1000 3516 97.
1022 3481 1119 3512 Delata
1130 3483 1212 3512 etiam
1224 3485 1258 3514 ad

179 3512 305 3555 Senatum
323 3515 394 3544 labes
415 3517 468 3550 agri
490 3516 670 3551 Privernatis,
691 3528 773 3554 quum
788 3519 822 3547 ad
840 3518 976 3548 infinitam
991 3520 1169 3551 altitudinem
1190 3529 1258 3553 terra

179 3549 318 3579 deledrlset
329 3573 336 3585 ‚
360 3554 505 3588 apuliaque
515 3556 643 3584 maximis
652 3563 728 3584 terrae
740 3557 860 3586 motibus
872 3557 1046 3593 conquassata
1056 3558 1131 3588 ellet.

161 3585 261 3657 ll'lliebns³7
277 3590 304 3651 ἔ(
318 3591 406 3619 omnis
421 3593 535 3627 potcllas
550 3594 647 3621 animae
658 3593 855 3630 conquaisatur.
894 3594 910 3622 i.
923 3604 946 3623 e.
969 3594 1125 3632 Diffipatur.
1149 3595 1257 3627 Lucret.

222 3645 227 3651 .
259 3646 263 3652 .
294 3635 338 3653 00.

122 3659 170 3688 Co
181 3669 199 3687 N
209 3670 253 3696 Qu
266 3671 282 3688 A
294 3671 321 3689 ss
333 3666 346 3690 Ᾰ
357 3672 374 3690 τ
384 3672 392 3708 ¹.
402 3672 418 3690 o
432 3685 439 3697 ‚
459 3666 534 3708 finis.-
552 3666 570 3694 f.
592 3662 796 3702 [wm'maerfflan]
817 3668 873 3697 Cic.
886 3680 912 3704 4.
924 3667 1004 3698 Tusc.
1018 3679 1061 3706 23.
1095 3671 1189 3708 Itaque
1208 3672 1256 3703 illa

158 3697 214 3725 duo
226 3719 233 3730 ‚
255 3699 363 3727 morbus
376 3702 400 3728 ὁ(
415 3710 554 3744 aegrotatio
568 3725 574 3737 ‚
596 3713 630 3732 ex
648 3705 731 3734 totius
742 3706 907 3736 valetudinis
921 3708 1045 3744 corporis
1057 3709 1256 3747 conquaisatio-

159 3744 193 3762 ne
205 3736 229 3763 S<
245 3736 444 3771 perturbatione
455 3748 609 3775 gignuntur,

119 3773 166 3800 Co
178 3781 195 3799 Ν
206 3782 251 3806 Qu
263 3782 278 3816 A
290 3782 308 3799 rr
319 3782 330 3800 a
342 3782 357 3800 a
368 3783 385 3800 N
396 3784 412 3801 o
423 3795 429 3806 ‚
450 3778 500 3803 are.
520 3778 642 3813 Ιζζεηίζω
657 3777 713 3809 »αἰξὶ
725 3778 852 3817 via-ay]
872 3781 953 3811 Glols.
977 3781 1032 3811 Lat.
1048 3782 1094 3814 Gr.

118 3810 140 3838 C
152 3818 195 3851 oN
207 3819 251 3850 qu
262 3819 275 3837 ε
287 3820 299 3836 κ
310 3819 348 3837 oa
358 3831 365 3843 ,
387 3811 498 3854 ιμιςίὶιιεΙ
512 3814 566 3855 snm
579 3837 586 3848 ,
602 3817 628 3856 -[
638 3818 796 3852 μόμφομαι]
817 3820 863 3848 eri.
894 3820 1074 3857 composrturu
1090 3832 1104 3852 a
1123 3821 1234 3860 Queror

156 3847 280 3880 ltjuldern
293 3848 329 3875 ell
340 3857 402 3875 cum
416 3848 526 3884 simplici
540 3852 802 3888 luolrgnificationis.
1245 3846 1254 3860 ⁹

152 3883 302 3926 Deplorare
317 3887 340 3912 ok
352 3887 479 3919 conqueri
492 3888 525 3915 de
537 3890 668 3925 realiqna.
708 3892 764 3920 Cic.
780 3903 801 3926 ς.
816 3893 888 3922 Verr.
900 3903 944 3928 4³-
966 3894 1056 3924 Tanta
1077 3898 1116 3925 vis
1134 3904 1191 3927 erat
1211 3899 1252 3927 in-

169 3922 298 3963 juriarum
312 3944 318 3953 ,
343 3930 371 3949 nt
385 3922 507 3950 homines
516 3927 622 3959 quidvis
632 3929 736 3963 perpeti
747 3950 754 3962 ,
775 3939 857 3965 quam
874 3942 931 3961 non
944 3932 977 3961 de
988 3934 1062 3963 istius
1073 3936 1206 3971 pravitate
1225 3938 1251 3967 8<

168 3967 273 3991 irnurns
285 3959 426 3996 deplorare
438 3962 462 3989 ἃ
473 3964 601 3996 conqueri
614 3983 624 3997 ‚
642 3964 765 3994 nullent.

1747 114 1778 148 C
1877 113 1912 148 O
2010 113 2045 148 N

1375 194 1515 232 Conqueri
1533 195 1560 224 δε
1572 194 1736 223 Lamentari.
1777 194 1919 233 Conqueri
1940 195 2080 224 fortunam
2101 195 2241 226 adversam
2251 218 2259 233 ‚
2282 206 2340 226 non
2357 196 2504 227 lamentari

1394 235 1486 263 decet.
1508 232 1568 261 Cic.
1582 241 1606 261 2.
1622 231 1704 261 Tusc.
1719 242 1762 265 ςο.
2339 248 2341 250 -

1376 271 1570 308 Nequicquam
1577 269 1711 305 conqueri
1721 271 1802 299 auris.
1823 270 1913 300 Catul.
1927 272 2025 306 Argon.
2039 273 2083 306 65.
2099 275 2161 306 164.

1471 308 1525 337 Sed
1534 308 1599 345 quid
1614 317 1665 344 ego
1677 308 1777 343 ignaris
1789 310 1974 346 nequicquam
1987 318 2146 346 conqueror
2157 309 2229 339 auris

1473 346 1621 375 Externata
1634 344 1708 374 malo
1721 346 1734 373 ἶ)

1380 384 1566 420 Conqueritur
1576 383 1637 411 tibi.
1659 382 1707 413 Sil.
1723 383 1772 413 lib.
1783 387 1809 417 8.
1821 392 1867 418 94.

1380 422 1520 458 Conqueri
1532 420 1646 456 aliquid.
1688 420 1745 450 Liv.
1763 431 1785 449 r.
1798 430 1841 456 53·
1864 421 1965 451 Sextus
1985 421 2059 452 filius
2078 422 2149 458 ejus,
2164 421 2211 457 qui
2223 421 2357 451 minimus
2370 421 2505 452 extribus

1399 466 1475 525 frat,
1496 459 1641 495 transfugit
1651 467 1685 488 ex
1695 458 1850 497 composito
1868 458 1990 494 Gabios,
2011 461 2096 497 patris
2115 461 2145 489 in
2164 460 2191 490 se
2204 460 2335 490 saevitiam
2344 459 2502 490 intolerabi-

1410 506 1454 525 em
1462 506 1645 533 conquerens.

1379 534 1524 563 Libidines
1535 556 1543 568 ,
1564 535 1621 563 vim
1632 555 1639 567 ,
1659 532 1843 563 contumelias
1851 533 1976 567 alicuius.
2000 533 2058 564 Cic.
2072 537 2098 564 6.
2111 534 2187 565 Verr.
2202 545 2263 566 ιιι.

1380 572 1498 602 Fallacia
1507 572 1588 600 verba
1596 572 1713 606 alicujus
1725 572 1867 608 conqueri.
1887 571 1981 601 Tibul.
1999 570 2046 601 lib.
2062 582 2085 608 3.
2097 582 2122 609 7.
2135 582 2181 602 20.

1380 610 1567 646 Conqueritur
1578 619 1688 638 mecum
1700 609 1800 637 mulier
1810 609 1934 639 fortunas
1944 609 2011 639 suas.
2036 610 2121 640 Plaut.
2139 610 2200 640 Mil.
2213 620 2240 641 2.
2258 619 2283 641 1.
2294 619 2341 649 47.

1382 647 1648 683 Multaconquestus
1659 668 1666 681 ,
1682 648 1734 677 ἃς.
1756 647 1839 676 Ovid.
1850 659 1877 683 4.
1891 647 1960 677 Met.
1976 656 2041 684 243.

1380 685 1521 721 Conqueri
1533 685 1577 714 de.
1617 685 1692 714 Suet.
1705 684 1735 713 in
1747 685 1855 723 August.
1870 695 1930 722 cap.
1945 694 1988 720 5¹-
2021 685 2137 715 Tiberio
2159 694 2271 723 quoque
2287 685 2322 715 de
2338 686 2439 716 eadem
2453 695 2502 722 re,

1399 722 1447 752 sed
1460 723 1610 752 violentius
1621 722 1697 760 apud
1707 721 1734 751 se
1742 732 1792 760 per
1802 723 1945 760 epistolam
1954 723 2140 761 conquerenti
2152 745 2160 760 ‚
2177 725 2215 753 ita
2224 723 2365 761 rescripfit.

1380 760 1424 790 De
1439 761 1539 796 injuria
1551 760 1668 796 alicujus
1683 769 1747 789 cum
1762 761 1855 798 aliquo
1866 762 2010 797 conqueri.
2050 761 2108 791 Cic.
2122 772 2147 796 ς.
2162 761 2236 792 Fam.
2247 772 2273 792 2.
2295 762 2367 792 Satis
2380 760 2504 792 habebas

1401 799 1471 827 nihil
1482 808 1527 828 me
1541 799 1625 828 etiam
1637 804 1732 827 tecum
1744 798 1780 828 de
1791 797 1832 828 tui
1842 799 1933 828 fratris
1943 799 2043 834 injuria
2050 799 2193 836 conqueri.

1380 835 1522 873 Conqueri
1542 846 1601 874 pro.
1643 836 1700 865 Cic.
1713 846 1764 873 pro
1774 837 1885 872 Sext.3.
1909 836 1987 866 Nihil
2006 837 2041 866 ab
2061 847 2095 866 eo
2115 835 2325 875 praetermissum
2344 837 2400 873 est,
2425 837 2502 875 quod

1399 881 1447 903 aut
1457 884 1506 912 pro
1521 873 1628 912 Repub.
1643 876 1875 910 conquerendum
1888 874 1942 903 fuit
1951 896 1959 906 ,
1980 882 2028 905 aut
2038 885 2089 913 pro
2104 884 2153 904 reo
2164 874 2372 912 disputandum.

1343 910 1392 941 Co
1402 921 1421 941 N
1431 923 1474 948 Qu
1484 921 1544 941 asan
1555 923 1563 940 1
1574 922 1591 941 o
1601 933 1610 947 ‚
1631 912 1702 941 onis.
1724 912 1742 941 f.
1765 911 1913 949 [μέμψις]
1933 912 1991 943 Cic.
2004 923 2028 943 1.
2042 913 2079 950 Q.
2093 913 2154 943 frat.
2168 923 2193 943 1.
2224 912 2278 943 Ubi
2300 912 2411 943 nullum
2424 913 2503 943 auxi.

1380 950 1449 979 lium
1459 972 1467 985 ‚
1484 949 1560 979 nulla
1570 949 1742 986 conquestio.

1380 988 1614 1024 Conquestionem
1630 989 1794 1025 exprimere.
1835 987 1904 1018 Plin.
1918 987 1967 1017 lib.
1983 997 2025 1016 10.
2036 997 2154 1026 cap.23.
2183 988 2258 1018 Hinc
2278 988 2435 1019 volantium
2453 987 2502 1019 illa

1399 1026 1560 1062 conquestio
1571 1025 1667 1055 labore
1677 1026 1810 1063 expressa.
1842 1027 1860 1055 i.
1872 1036 1897 1055 e.
1919 1026 1995 1055 velut
2006 1026 2128 1056 Extorta.

1342 1062 1366 1093 C
1374 1073 1391 1092 o
1401 1073 1420 1092 N
1432 1074 1477 1099 Qu
1488 1073 1502 1092 a
1512 1074 1523 1092 s
1533 1073 1553 1092 τ
1563 1074 1580 1092 υ
1588 1070 1617 1097 ε,
1637 1064 1676 1092 us.
1692 1073 1730 1094 m.
1752 1061 1984 1101 [μεμψιμθιβέοι]
2004 1064 2063 1094 Liv.
2075 1069 2101 1098 8.
2114 1073 2139 1101 7.
2162 1063 2239 1094 Tum
2250 1063 2339 1094 libero
2349 1063 2503 1102 conquestu

1380 1111 1482 1131 coortae
1492 1111 1574 1131 voces
1587 1101 1659 1130 sunt.

1340 1138 1364 1169 C
1373 1149 1389 1168 o
1400 1149 1419 1168 N
1431 1150 1475 1176 qu
1483 1150 1492 1168 1
1502 1150 1516 1168 rt
1524 1150 1536 1169 s
1546 1149 1564 1169 c
1572 1149 1589 1168 o
1598 1160 1606 1174 ‚
1630 1138 1725 1176 quiEvi
1736 1159 1744 1173 ‚
1764 1140 1890 1176 quietum
1903 1162 1911 1175 ‚
1932 1135 2063 1176 [ἥσυχοίζω
2071 1140 2088 1175 ]
2107 1140 2163 1169 e‘re.
2185 1139 2264 1170 Idem
2278 1139 2355 1177 quod
2366 1139 2500 1177 Quiesce-

1377 1187 1416 1244 ge.
1455 1178 1521 1244 Cits}
1530 1188 1553 1212 ς.
1565 1178 1600 1207 de
1610 1177 1669 1207 Fin.
1683 1187 1727 1213 ςς.
1748 1176 1880 1208 Videmus
1891 1178 1973 1216 igitur
1985 1185 2015 1208 ut
2035 1177 2232 1215 conquiescere
2251 1187 2289 1207 ne
2303 1178 2424 1208 infantes
2439 1178 2502 1216 qui-

1400 1225 1444 1245 em
1474 1225 1490 1244 o
1515 1223 1565 1245 int.

1377 1253 1419 1284 Ab
1430 1226 1512 1283 arenis
1521 1252 1724 1291 conquiescere.
1766 1252 1825 1283 Cic.
1837 1262 1888 1291 pro
1898 1253 1999 1283 Milon.
2014 1257 2058 1290 69.
2080 1253 2109 1283 Si
2119 1253 2243 1292 denique
2250 1252 2331 1283 Italia
2341 1263 2357 1283 a
2370 1252 2481 1284 delectu
2489 1274 2500 1289 ‚

1398 1292 1463 1321 urbs
1473 1292 1508 1320 ab
1519 1292 1601 1321 armis
1612 1291 1668 1320 sme
1679 1289 1795 1321 Milonis
1808 1290 1889 1321 clade
1899 1301 2042 1329 nunquam
2059 1291 2126 1321 esset
2136 1293 2328 1329 conquietura.

1376 1329 1581 1367 Conquiescere
1591 1329 1625 1358 ab
1636 1329 1869 1359 execrationibus.
1905 1328 1975 1359 Plin.
1991 1330 2021 1359 in
2036 1329 2134 1367 Paneg.
2147 1339 2207 1368 cap.
2221 1339 2264 1366 53.
2280 1336 2351 1359 extr.
2380 1328 2500 1359 Nullum

1395 1368 1490 1397 locum
1501 1390 1508 1402 ,
1529 1367 1638 1397 nullum
1649 1366 1703 1396 esse
1713 1372 1824 1405 tempus
1836 1389 1844 1402 ‚
1865 1377 1921 1404 quo
1930 1367 2099 1397 sunestorum
2108 1368 2267 1406 principum
2278 1376 2374 1397 manes
2386 1377 2402 1396 a
2411 1367 2501 1405 poste-

1394 1416 1488 1473 {orum
1500 1405 1725 1436 execrationibus
1736 1405 1941 1442 conquiescant.
1970 1406 1990 1436 i.
2001 1415 2026 1436 e.
2048 1405 2185 1444 Perpetuo
2203 1405 2306 1444 posteri
2321 1413 2370 1436 eos
2390 1413 2500 1435 execra-

1415 1450 1508 1473 untur.

1376 1481 1581 1516 Conquiescere
1590 1490 1605 1510 a
1613 1491 1642 1510 re
1652 1480 1751 1518 aliqua.
1793 1480 1850 1511 Cic.
1863 1490 1914 1519 pro
1927 1480 2011 1511 Corn.
2021 1481 2098 1512 Balb.
2110 1491 2135 1519 3.
2157 1481 2215 1519 Qui
2225 1487 2335 1511 tantum
2346 1481 2439 1519 potuit
2448 1481 2499 1510 im-

1393 1520 1495 1558 pertire
1510 1520 1577 1549 huic
1593 1519 1684 1548 studio
1699 1519 1833 1556 temporis
1845 1541 1854 1555 ‚
1882 1527 2018 1556 quantum
2035 1520 2093 1558 ipse
2104 1530 2119 1549 a
2133 1520 2253 1558 pueritia
2274 1519 2358 1557 usque
2373 1519 2409 1548 ad
2424 1519 2498 1548 hanc

1395 1565 1503 1587 aetatem
1521 1568 1536 1587 a
1553 1558 1694 1586 continuis
1706 1557 1786 1586 bellis
1800 1559 1826 1587 ἃ
1838 1557 1962 1587 victoriis
1973 1559 2143 1594 conquievit.

1375 1595 1576 1633 Conquiescere
1588 1596 1632 1625 ad.
1674 1594 1732 1624 Cic.
1745 1596 1774 1624 in
1786 1595 1864 1625 Orat.
1879 1605 1941 1633 ¹07·
1963 1596 2003 1626 Ita
2024 1595 2163 1634 postremo
2179 1594 2348 1631 ejiciuntur,
2368 1600 2448 1625 utne
2459 1594 2496 1625 ad

1394 1634 1456 1668 saxa
1471 1634 1586 1671 quidem
1604 1633 1708 1662 mortui
1717 1633 1924 1670 conquiescant.

1374 1672 1578 1709 Conquiescere
1590 1671 1626 1701 de
1639 1671 1742 1708 aliquo.
1771 1671 1829 1701 Cic.
1847 1681 1868 1701 1.
1883 1671 1959 1701 Fam.
1975 1681 1999 1701 1.
2021 1670 2113 1701 Tanta
2124 1670 2201 1700 enim
2211 1670 2249 1699 est
2259 1669 2424 1708 magnitudo
2432 1673 2496 1699 tuo-

1392 1720 1454 1739 rum
1465 1720 1528 1747 erga
1539 1719 1584 1739 me
1595 1710 1759 1739 meritorum
1768 1731 1776 1744 ‚
1796 1717 1828 1739 ut
1836 1710 1969 1746 quoniam
1985 1715 2014 1738 tu
2025 1731 2034 1743 .,
2055 1709 2104 1738 nisi
2117 1708 2240 1747 perfesta
2256 1718 2286 1738 re
2297 1730 2306 1743 ‚
2327 1708 2363 1737 de
2381 1717 2428 1737 me
2438 1717 2497 1737 non

1390 1748 1554 1785 conquiesti.
1595 1748 1612 1777 i.
1625 1757 1649 1776 e.
1672 1748 1788 1786 Propter
1798 1757 1843 1777 me
1855 1747 1978 1778 solicitus
1990 1746 2046 1777 effe
2066 1756 2126 1777 non
2144 1745 2262 1783 desiisti,
2284 1746 2378 1776 donec
2401 1746 2496 1776 confe-

1391 1788 1469 1816 ctum
1479 1786 1563 1815 fuerit
1572 1785 1717 1823 negotium
1728 1795 1831 1815 meum.

1371 1823 1612 1861 Conquiescerein
1625 1823 1698 1853 loco.
1739 1823 1932 1858 Cic.‘1.Att.3.
1962 1823 2024 1853 Uno
2041 1823 2070 1853 in
2088 1822 2154 1853 loco
2173 1821 2414 1860 conquiescimus,
2435 1831 2492 1860 quo

1391 1863 1502 1891 fratrem
1519 1862 1647 1899 quotidie
1660 1863 1849 1900 expectamus.

1371 1899 1573 1937 Conquiescere
1582 1901 1609 1928 in
1621 1900 1718 1929 eadem
1729 1900 1856 1929 mensura
1869 1899 2019 1929 honorum.
2058 1898 2123 1929 Sen.
2137 1898 2173 1928 de
2184 1897 2278 1928 Benef.
2293 1897 2342 1928 lib.
2352 1907 2379 1928 2.
2391 1907 2452 1936 cap.
2464 1907 2492 1928 2.

1389 1939 1478 1975 AEque
1484 1938 1600 1968 ambitio
1610 1947 1668 1966 non
1683 1939 1784 1975 patitur
1795 1947 1955 1975 quenquam
1966 1938 1996 1966 in
2008 1946 2040 1966 ea
2054 1936 2182 1967 mensura
2191 1936 2332 1966 honorum
2350 1935 2495 1973 conquies-

1391 1985 1454 2005 cere
1463 1998 1471 2012 ,
1493 1986 1547 2012 qua
1555 1976 1695 2012 quondam
1706 1977 1766 2012 ejus
1775 1976 1828 2005 fuit
1837 1975 1988 2012 impudens
1998 1980 2106 2005 votum.

1369 2013 1573 2051 Conquiescere
1585 2014 1613 2042 in
1623 2014 1720 2043 studiis
1732 2036 1740 2049 ‚
1760 2024 1812 2052 pro
1823 2013 1975 2043 Oblectati.
2008 2013 2066 2042 Cic.
2083 2023 2107 2042 r.
2121 2013 2175 2043 Att.
2184 2021 2230 2042 20.
2251 2011 2310 2049 Ego
2320 2016 2414 2042 autem
2424 2021 2493 2049 quo·

1389 2052 1459 2081 tidie
1469 2053 1556 2088 magis
1566 2075 1573 2088 ,
1595 2052 1670 2088 quod
1680 2052 1749 2081 mihi
1766 2052 1801 2081 de
1810 2051 1910 2081 forensi
1922 2051 2016 2080 labore
2028 2051 2162 2089 temporis
2175 2050 2255 2080 datur
2266 2071 2273 2084 ‚
2295 2050 2324 2079 in
2340 2050 2382 2079 his
2395 2050 2493 2080 studiis

1387 2090 1564 2126 conquiesco.
1605 2090 1682 2120 Idem
1693 2090 1729 2119 de
1740 2090 1850 2119 Amicit.
1860 2098 1906 2119 22.
1929 2088 2070 2126 Principio
2082 2089 2127 2118 cui
2143 2089 2234 2126 potest
2250 2086 2304 2117 esse
2314 2088 2370 2117 vita
2380 2089 2471 2118 vitalis
2480 2109 2491 2124 ‚

1389 2134 1419 2156 ut
1429 2129 1466 2157 ait
1477 2128 1579 2157 Ennius
1590 2149 1597 2163 ‚
1619 2128 1666 2165 qui
1678 2137 1735 2157 non
1746 2128 1828 2157 amici
1839 2134 1936 2157 mutua
1946 2125 2144 2156 benevolentia
2158 2124 2338 2163 conquiescat
2346 2126 2360 2155 ἰ)

1369 2165 1444 2195 AEtas
1455 2167 1544 2233 ῐὲᾉὶτα
1554 2167 1608 2232 jag-²⁷
1618 2165 1808 2203 ingravescens
1818 2166 1847 2195 in
1857 2175 1953 2195 amore
1965 2171 2048 2203 atque
2057 2165 2086 2193 in
2096 2163 2284 2194 adolescentia
2293 2172 2339 2193 tua
2349 2162 2494 2201 conquies-

1388 2211 1440 2233 cat.
1488 2214 1521 2233 1c.
1535 2213 1562 2233 2.
1596 2213 1648 2233 am.
1668 2213 1690 2233 1.

1367 2240 1442 2270 Bella
1452 2242 1545 2271 omnia
1553 2243 1611 2276 jure
1618 2242 1743 2278 gentium
1753 2239 1957 2277 conquiescunt
1967 2240 2069 2270 hieme.
2092 2238 2151 2269 Cic.
2170 2249 2221 2277 pro
2235 2238 2328 2268 Rabir.
2339 2238 2428 2268 Posth.
2441 2247 2489 2274 44.
2516 2261 2519 2266 .

1367 2279 1450 2308 Calor
1461 2279 1640 2317 conquiescit.
1682 2279 1751 2309 Cels.
1763 2279 1812 2308 lib.
1821 2282 1847 2308 6.
1863 2288 1923 2316 cap.
1936 2282 1962 2308 6.
1985 2278 2057 2308 Sect.
2071 2286 2115 2314 34.
2138 2277 2174 2307 de
2186 2276 2314 2315 Caligine
2330 2277 2488 2306 oculorum.

1386 2317 1596 2354 Velandumque
1606 2316 1715 2355 postea,
1736 2326 1790 2346 nec
1801 2316 1991 2354 detegendum
2009 2321 2084 2350 ante,
2095 2325 2177 2351 quarn
2194 2315 2277 2344 sudor
2286 2317 2312 2345 ἃ
2322 2313 2397 2344 calor
2411 2315 2489 2344 domi

1384 2356 1606 2392 conquieverint.
1645 2355 1769 2384 Subaudi
1790 2354 1889 2392 Caput.
1949 2354 2043 2390 [Puto
2059 2362 2124 2382 vero
2143 2363 2193 2391 pro
2216 2353 2316 2388 Domi,
2336 2352 2489 2390 legendum

1384 2393 1494 2423 Omnis.
1516 2393 1562 2422 Sic
1575 2393 1649 2422 enim
1663 2393 1765 2422 eodem
1779 2402 1841 2429 cap.
1855 2392 1919 2421 set‘t.
1931 2398 1957 2426 8.
1971 2393 1997 2421 δι
2008 2391 2074 2420 alibi
2087 2391 2183 2428 saepius
2194 2390 2325 2428 loquitur.

1364 2430 1470 2461 Febris.
1508 2431 1577 2460 Cels.
1593 2430 1677 2459 lib.2.
1690 2440 1751 2468 cap.
1762 2436 1788 2464 8.
1811 2431 1862 2459 Pus
1888 2439 2055 2466 quacunque
2075 2436 2152 2466 parte
2170 2429 2295 2466 corporis
2311 2429 2448 2465 erumpit,
2469 2428 2489 2457 fi

1385 2469 1423 2497 est
1434 2468 1494 2498 leve
1504 2490 1512 2503 ,
1533 2469 1628 2498 album
1642 2490 1650 2503 ‚
1672 2469 1696 2498 ἂ
1707 2468 1788 2498 unius
1797 2467 1898 2498 coloris
1909 2489 1918 2504 ,
1938 2468 1995 2497 sine
2003 2467 2062 2497 ullo
2076 2473 2153 2497 metu
2162 2467 2218 2502 est,
2239 2467 2266 2496 δι
2281 2476 2336 2504 quo
2350 2466 2437 2496 effuso
2448 2466 2489 2496 fe-

1385 2506 1440 2535 bris
1451 2506 1579 2544 protinus
1595 2507 1772 2543 conquievit,
1793 2508 1845 2536 διο.

1364 2542 1458 2574 Imbre
1469 2544 1691 2581 conquiescente.
1713 2543 1770 2574 Liv.
1781 2554 1825 2579 24.
1837 2552 1884 2580 47.

1364 2581 1560 2649 Inflammgtio.
1600 2581 1668 2612 Cels.
1678 2581 1727 2612 lib.
1737 2591 1762 2620 7.
1773 2592 1833 2620 cap.
1849 2592 1892 2617 19.
1913 2580 1942 2611 Si
1955 2579 2004 2610 sub
2015 2580 2058 2610 his
2079 2580 2263 2610 inflammatio
2279 2588 2337 2609 non
2355 2579 2488 2617 conquie-

1385 2626 1472 2654 vent,
1517 2630 1541 2649 c.

1364 2657 1472 2686 Litterae
1483 2656 1699 2695 conquiescent,
1720 2656 1769 2686 nisi
1781 2657 1848 2693 quid
1859 2657 1925 2686 novi
1936 2655 2067 2686 extiterit.
2088 2655 2147 2686 Cic.
2163 2663 2206 2685 12.
2223 2655 2276 2686 Att.
2291 2660 2334 2692 38.

1364 2695 1510 2732 Navigatio
1522 2701 1708 2725 mercatorum
1720 2694 1902 2732 conquiescit.
1924 2694 1982 2724 Cic.
1993 2704 2044 2732 pro
2055 2694 2126 2731 Lege
2137 2693 2236 2723 Manil.
2254 2704 2265 2723 r
2273 2703 2297 2729 ς.

1364 2733 1480 2770 Sanguis
1490 2733 1669 2769 conquiescit.
1709 2733 1727 2763 i.
1740 2742 1765 2762 e.
1787 2733 1894 2762 Sistitur
1904 2732 2113 2770 haemorrhagia.
2135 2730 2205 2761 Cels.
2219 2731 2266 2761 lib.
2278 2742 2302 2766 ς.
2312 2740 2372 2768 cap.
2386 2733 2432 2761 26.
2453 2730 2484 2762 Si

1384 2781 1480 2809 parum
1491 2771 1527 2800 sic
1540 2771 1649 2808 sanguis
1658 2770 1848 2808 conquiescit,
1869 2771 1966 2808 saepius
1975 2770 2127 2800 linamenta
2135 2769 2271 2798 mutanda
2281 2769 2353 2799 sunt.

1326 2808 1350 2839 C
1359 2818 1376 2837 o
1386 2819 1404 2837 N
1414 2819 1459 2845 qu
1468 2819 1477 2837 r
1490 2820 1521 2837 cr
1531 2812 1547 2838 A
1557 2818 1577 2837 τ
1588 2819 1607 2837 u
1616 2818 1627 2838 s
1637 2830 1646 2844 ‚
1668 2818 1683 2838 a
1692 2831 1700 2844 ‚
1721 2818 1777 2838 um.
1800 2818 1851 2846 pro
1858 2808 2066 2846 Quisquiliatus.
2089 2807 2157 2837 Plin.
2169 2807 2257 2836 Valer.
2273 2817 2295 2836 ι.
2307 2817 2333 2842 9.
2345 2816 2386 2844 pr.
2409 2806 2484 2835 Con-

1364 2847 1476 2883 quiliata
1488 2847 1549 2875 lana
1561 2846 1699 2876 obturare.
1742 2847 1771 2876 V.
1794 2846 1902 2876 Reines.
1919 2847 1977 2876 Var.
1992 2846 2065 2875 Lect.
2079 2855 2102 2882 3.
2113 2856 2141 2881 4.
2162 2845 2209 2882 qui
2223 2844 2290 2882 legit
2300 2843 2480 2874 Conculcata.

1364 2886 1379 2920 [
1392 2884 1470 2913 Forte
1481 2884 1664 2922 Conchyliata
1676 2907 1683 2919 ‚
1704 2884 1722 2913 i.
1736 2894 1761 2914 e.
1784 2883 1931 2922 Purpurea.
1973 2882 2071 2913 Solent
2091 2884 2167 2912 enim
2181 2882 2256 2912 hunc
2271 2881 2393 2912 colorem
2405 2881 2481 2912 haud

1363 2932 1425 2951 raro
1435 2923 1463 2950 in
1474 2922 1630 2959 panniculis
1641 2922 1791 2951 istiusmodi
1802 2922 2000 2951 commendare
2011 2922 2115 2951 medici
2128 2926 2194 2950 vett.

1325 2959 1372 2989 Co
1384 2970 1401 2988 N
1413 2970 1457 2996 Qu
1468 2962 1542 2989 iNrs
1553 2970 1569 2988 c
1579 2970 1595 2988 0
1608 2980 1615 2992 ,
1635 2962 1776 2996 conquexi
1787 2982 1795 2995 ‚
1824 2959 1993 2996 [bmxu'vr'sw]
2021 2961 2076 2989 ere.
2108 2969 2123 2988 a
2138 2958 2244 2994 Cunio,
2265 2958 2305 2987 ire
2318 2967 2326 2993 ;
2347 2957 2422 2995 quod
2441 2957 2480 2987 est

1360 2999 1435 3034 apud
1453 2997 1559 3027 Festum
1574 2998 1683 3027 Stercus
1693 2999 1792 3027 facere.
1833 2998 1894 3027 Hoc
1905 3005 1997 3027 autem
2010 2997 2148 3027 lnclinare
2160 2996 2186 3026 se
2198 2995 2346 3034 fignificat,
2366 2997 2480 3025 auclore

1360 3035 1464 3066 Nonio.
1488 3036 1572 3064 Plaut.
1583 3035 1676 3065 Cistel.
1686 3047 1713 3070 4.
1726 3045 1749 3065 1.
1765 3045 1788 3071 5.

1358 3110 1396 3140 Ps
1427 3073 1643 3139 dFaciundum'st
1654 3073 1762 3111 puerile
1771 3072 1896 3103 officium
1907 3096 1915 3110 ‚
1936 3071 2142 3109 conquiniscam
2155 3071 2190 3101 ad
2200 3070 2342 3102 cistellam.
2398 3069 2479 3100 Idem

1390 3121 1423 3140 eu
1448 3134 1453 3139 .
1469 3120 1491 3147 3.
1505 3121 1531 3140 2.
1543 3120 1586 3147 75.

1439 3149 1466 3178 Si
1480 3149 1670 3184 conquiniscet
1688 3148 1767 3177 isthic
1778 3169 1786 3183 ‚
1808 3154 1906 3177 ceveto
1918 3147 2006 3177 fimus.
2088 3147 2123 3176 ad
2144 3156 2229 3184 quem
2241 3146 2336 3176 locum
2349 3146 2383 3175 lic
2394 3145 2480 3175 Scali-

1358 3196 1405 3223 ger
1417 3209 1424 3222 ‚
1445 3187 1621 3223 Conquinere
1630 3208 1638 3221 ‚
1660 3186 1799 3215 decubare
1811 3188 1848 3215 eit
1861 3208 1869 3220 ‚
1889 3196 1904 3215 a
1916 3195 1971 3222 quo
1982 3185 2172 3222 conquinisco.
2215 3184 2257 3214 Est
2267 3185 2342 3214 enim
2353 3184 2476 3221 Conqui-

1357 3225 1477 3256 niscere.
1499 3224 1638 3254 Cernuum
1657 3224 1684 3253 se
1699 3223 1840 3253 inflectere
1850 3245 1857 3259 ,
1879 3223 1922 3252 vel
1944 3223 2079 3252 inclinare
2089 3244 2096 3258 ‚
2118 3229 2149 3252 ut
2170 3222 2277 3252 faciunt
2298 3220 2476 3251 exoneraturi

1358 3269 1492 3291 ventrem.
1531 3262 1702 3299 Pomponius
1715 3261 1907 3291 Attellanarius
1920 3262 1978 3296 ait3
2001 3261 2032 3291 In
2052 3268 2124 3290 terra
2140 3267 2171 3290 ut
2188 3259 2306 3290 cubabat
2327 3260 2420 3294 nuda,
2440 3259 2477 3288 ad
2526 3280 2527 3283 η

1359 3309 1423 3328 eum
1439 3307 1469 3328 ut
1487 3301 1641 3336 conquexi,
1664 3301 1716 3329 Sec.
1758 3299 1820 3328 Hoc
1838 3299 1923 3328 etiam
1945 3299 2083 3328 Cernuare
2102 3297 2250 3334 dicebant;
2273 3305 2429 3336 quanquam
2448 3297 2477 3326 &

1358 3336 1413 3366 hoc
1432 3335 1478 3364 οὶνῖἷ
1493 3334 1516 3365 ΞΓ
1527 3337 1680 3373 ἀσκολιμζων
1696 3337 1880 3374 accipiebant.

1320 3373 1343 3404 C
1353 3385 1369 3404 o
1381 3384 1400 3403 N
1410 3379 1475 3412 Qui
1486 3385 1499 3403 a
1511 3384 1527 3403 o
1541 3397 1548 3410 ‚
1570 3376 1672 3411 quisivi
1686 3397 1693 3410 ‚
1715 3375 1846 3410 quisitum
1857 3396 1866 3410 ,
1896 3371 2044 3411 [συζητὲω]
2066 3375 2120 3403 ὅτε.
2153 3372 2242 3403 Simul
2260 3372 2302 3402 vel
2321 3370 2475 3408 Diligenter

1355 3422 1477 3449 quaerere
1488 3414 1511 3442 &
1522 3413 1692 3449 investigare.
1714 3412 1780 3442 Caes.
1794 3421 1816 3442 π.
1831 3411 1898 3441 Bell.
1909 3411 1989 3441 Civil.
2001 3421 2046 3447 42.
2075 3412 2144 3441 [tem
2158 3410 2236 3448 Lysso
2246 3433 2255 3446 ‚
2277 3408 2473 3446 Parthinisque,

1356 3451 1521 3480 &omnibus
1533 3451 1663 3482 castellis.
1686 3451 1761 3487 quod
1769 3449 1837 3478 esset
1847 3449 1978 3478 frumenti
1991 3472 1998 3485 ,
2015 3450 2146 3486 conquiri
2157 3448 2238 3483 iuliit.

1354 3487 1454 3517 Verum
1467 3487 1571 3517 summa
1582 3499 1645 3518 cura
1658 3489 1803 3525 studioque
1814 3487 1986 3524 conquirere.
2009 3487 2069 3518 Cic.
2078 3498 2102 3523 4.
2117 3486 2199 3516 Acad.
2217 3495 2244 3522 7.

1355 3525 1524 3562 Conquirere
1534 3528 1668 3564 undique.
1710 3527 1768 3556 Cic.
1784 3535 1824 3555 12.
1837 3525 1909 3554 Fam.
1920 3534 1964 3560 29.
1997 3524 2030 3554 Et
2049 3524 2227 3554 incredibiles
2245 3522 2374 3556 angusti-x
2388 3531 2472 3560 pecu·

1371 3564 1558 3630 ni'ssrpistllicae
1567 3575 1627 3601 quae
1639 3563 1814 3602 conquiritur
1824 3564 1949 3600 undique
1961 3585 1968 3598 ‚
1990 3570 2021 3592 ut
2032 3563 2139 3600 optime
2151 3562 2254 3591 meritis
2264 3560 2398 3590 militibus
2406 3559 2472 3598 pro-v

1371 3610 1408 3629 ΠΗ
1434 3612 1447 3630 a
1469 3612 1484 3630 Ο
1498 3608 1602 3631 vantur.

1351 3638 1436 3668 Terra
1447 3641 1570 3676 marique
1585 3639 1748 3676 conquirere
1759 3637 1888 3674 aliquem.
1911 3638 1971 3668 Cic.
1983 3649 2007 3673 ς.
2020 3637 2093 3668 Fam.
2103 3647 2129 3672 9.

1350 3677 1391 3706 Ad
1402 3684 1518 3705 mortem
1529 3678 1662 3712 conquiri.
1683 3677 1785 3706 Patere.
1798 3675 1846 3705 lib.
1858 3686 1883 3705 2.
1896 3685 1940 3706 22.
1960 3676 1976 3705 i.
1994 3685 2018 3705 e.
2041 3674 2077 3704 Ut
2087 3674 2239 3704 occidatur.

1350 3715 1390 3743 nd
1407 3715 1578 3751 voluptatem
1590 3715 1694 3753 aliquid
1706 3715 1880 3751 conquirere.
1903 3714 1961 3744 Cic.
1975 3723 2001 3743 2.
2015 3713 2051 3742 de
2061 3712 2118 3742 Fin.
2133 3722 2143 3740 r
2153 3723 2194 3742 ιο.

1350 3752 1521 3788 Conquirere
1531 3754 1727 3790 &comparare
1743 3751 1907 3789 voluptates.
1928 3751 1984 3781 Cic.
1999 3761 2021 3780 ι.
2037 3751 2072 3779 de
2085 3750 2140 3779 Fin.
2153 3754 2199 3783 6ς.

1349 3789 1519 3823 Conquirere
1530 3797 1612 3826 atque
1622 3791 1723 3826 eligere
1738 3790 1865 3819 colonos.
1907 3789 1964 3819 Cic.
1976 3798 2002 3818 2.
2020 3787 2056 3817 de
2068 3787 2138 3825 Lege
2155 3789 2214 3825 Agr.
2226 3790 2270 3824 96-
2291 3786 2404 3817 Nedum
2422 3785 2464 3815 ist!

1367 3828 1401 3856 ab
1415 3826 1496 3856 Rullo
1508 3829 1531 3856 8<
1544 3827 1614 3856 Rulli
1626 3827 1760 3857 similibus
1771 3827 1915 3865 conquisiti
1926 3826 2097 3864 atqueeleeti
2108 3825 2221 3861 coloni,
2243 3825 2354 3864 Capuae,
2375 3825 2405 3854 in
2414 3823 2465 3854 do-

1366 3864 1470 3895 micilio
1482 3864 1612 3902 superbiae
1621 3874 1702 3903 atque
1713 3867 1741 3895 in
1753 3865 1862 3894 sedibus
1871 3866 1985 3895 luxuriae
1998 3863 2137 3893 collocati.

1347 3903 1478 3933 Amantes
1490 3903 1571 3938 vulgo
1582 3906 1754 3941 conquirere.
1776 3903 1895 3941 Propert.
1910 3903 1958 3932 lib.
1975 3913 1995 3931 1.
2008 3912 2034 3930 2.
2047 3910 2093 3937 23.

1426 3940 1492 3970 Non
1503 3940 1557 3971 illis
1565 3942 1685 3972 studium
1698 3941 1781 3979 vulgo
1793 3941 1956 3977 conquirere
1966 3944 2099 3970 amantes.

2317 3972 2462 4006 Historiam
