2600 4177
24 1268 27 1284 l

465 127 494 162 C
582 127 610 160 L
700 126 716 160 1

84 218 215 251 patronos
227 210 288 240 suos
297 210 373 239 omni
385 208 553 238 observantia
565 213 647 243 atque
659 206 791 243 obsequio
810 205 933 234 colerent
955 206 980 234 δι
994 210 1200 235 venerarentur.

86 251 144 278 Cic.
161 250 188 277 in
204 249 295 278 Divin.
314 252 357 276 66.
381 247 522 275 Clarissimi
539 245 588 273 viri
603 244 699 272 nostrae
713 244 834 272 civitatis
846 266 853 277 ,
875 244 1047 279 temporibus
1064 244 1177 280 optimis
1192 265 1200 277 ,

85 287 141 317 hoc
155 287 200 314 sibi
213 285 407 322 aiiiplill'imuni
421 283 694 321 pulcherrimumque
707 282 848 309 (lucebant
864 302 870 308 .
893 281 926 307 ob
943 280 1098 317 hospitibus
1117 281 1203 309 clien-

85 324 211 359 tibusque
224 323 276 351 suis
290 345 297 352 .
320 325 353 351 ab
364 322 465 350 exteris
476 320 635 348 nationibus
648 341 656 353 ,
678 329 736 354 quac
749 319 775 346 in
792 319 941 346 :imicitiam
957 321 1019 354 l‘op.
1034 319 1151 347 Romani
1163 319 1203 346 di.

87 362 249 395 tionemquc
261 359 347 387 eil'enr
358 381 365 393 ,
387 361 401 394 [
416 368 449 387 an
466 358 572 387 lss'ent‘?
595 357 626 385 Η.
642 357 708 391 St]
730 357 842 391 injurius
853 355 1010 393 propulsare
1023 378 1030 389 ‚
1053 365 1204 392 eorumque

86 399 209 428 fortunas
221 397 380 425 defendere.
423 396 462 424 Μ,
486 395 620 423 Catonem
634 393 712 422 illuni
724 393 875 430 sapientem
888 415 896 427 ,
918 393 1094 422 clarill'inium
1113 394 1204 422 virum

86 438 112 466 ἃ
127 433 366 472 ριιιᾱεηῑίίίιιιιυπι
378 455 385 466 ,
407 442 470 462 cum
488 432 582 460 multis
601 441 696 468 graves
719 432 881 460 inimicitias
903 430 1006 464 geiliss‘e
1025 431 1183 467 accepimus
1197 453 1205 465 ‚

86 479 199 512 propter
217 470 412 508 Hispanorum,
432 470 506 506 apud
528 479 598 505 quos
616 468 719 497 Consul
733 469 841 503 fuerat,
864 469 985 503 injurius.
1025 468 1064 497 Ex
1091 468 1202 497 Budaeo.

87 510 266 547 Quositaque
277 507 388 544 vassallos
409 508 518 544 (inquit
535 507 676 541 Bada-us)
698 514 815 540 vocant,
840 506 963 534 Clientes
978 505 1074 535 Latine
1085 506 1208 543 appella-

86 558 116 578 re
127 547 216 576 soleo:
241 547 267 574 ἃ
278 545 443 574 Clientelam
455 567 462 580 ,
486 544 695 574 Observantiam
706 544 792 581 ipsam
804 566 812 579 ,
834 545 859 573 ἃ
871 543 1032 580 obsequium
1047 565 1055 578 ‚
1077 544 1151 581 quod
1166 545 1209 571 ho.

88 584 319 620 magiumdicuiit,
341 582 506 612 clientelaris
521 582 604 611 officii
624 581 797 619 sponsionem
811 603 819 616 ,
840 582 1075 617 agnitionemque.

88 623 197 655 Cliens,
219 621 307 656 inquit
323 620 456 650 Charisius
470 620 509 649 lib
533 631 555 649 i.
570 620 728 649 communis
736 620 844 655 generis
853 620 898 648 est.
933 620 1100 652 invenimus.
1114 626 1207 647 tamen

105 661 130 690 &
143 659 281 688 Clientam
293 658 366 695 apud
382 659 519 687 Afranium
529 659 557 686 in
570 658 681 694 Pompa,
704 656 819 689 Interim
833 663 879 686 tua
888 656 1000 686 clienta.
1023 657 1056 686 Et
1067 658 1142 694 apud
1153 656 1210 686 Ho-

104 699 204 726 ratium
223 698 274 725 ἃς.
307 696 336 724 V.
361 696 430 725 infra
451 706 468 725 c
478 707 510 724 Li
524 706 595 724 [Νι
606 705 633 723 A.

86 736 223 771 Juvenum
234 733 372 762 nobilium
385 734 482 763 cliens.
506 734 572 762 Hor.
585 745 611 768 4.
624 732 715 761 Carni.
731 740 773 761 12.
789 740 833 768 ις.

88 772 209 809 Negotia
221 772 303 808 longa
314 772 458 801 clientum.
482 772 547 801 Hor.
562 780 584 805 z.
604 771 694 799 Carni.
710 781 734 803 ς.
751 778 794 804 53.

88 810 183 840 Cliens
195 832 202 843 ,
224 811 337 847 ponitur
359 811 442 839 etiam
455 819 504 847 pro
517 810 675 841 Sefftatore³
699 809 725 837 δε
745 807 792 843 qui
805 806 853 836 sub
865 807 952 837 tutela
964 807 1076 837 alterius
1095 808 1120 836 Sc
1136 806 1210 844 quasi

106 847 226 878 famulus
243 847 288 876 est.
331 847 415 876 Plaut.
432 848 507 876 iilen.
522 859 548 882 4.
560 857 586 876 2.
602 857 628 878 4.
652 844 775 874 Clientes
791 844 840 873 sibi
854 855 951 875 omnes
963 846 1061 875 volunt
1073 845 1127 875 eise
1140 845 1212 874 mul-

105 893 158 915 tos.
199 884 263 914 Caes.
282 895 303 913 1.
319 885 385 914 Bell.
401 885 471 914 Call.
482 895 541 922 cap.
559 895 582 919 5.
606 884 637 912 Et
647 892 747 912 omnes
767 882 901 917 clientes.
925 883 1112 921 obaeratosque
1131 883 1207 918 suos,

106 933 224 961 quorum
239 932 370 959 magnum
381 933 527 952 numerum
545 922 663 951 habebat
674 943 681 955 ,
703 921 805 949 eodem
815 921 962 950 conduxit.

88 961 217 995 Cliens&
230 961 380 990 familiaris.
419 961 476 989 Cic.
498 970 549 997 pro
564 960 638 989 Sext.
655 958 732 987 Rosc.
752 968 793 994 ¹9·
829 958 941 989 Mallius
963 959 1098 993 Glaucia,
1127 968 1211 996 quem

107 1000 161 1033 iani
173 1005 252 1027 antea
264 999 405 1027 nominavi
417 1020 424 1031 ,
447 1005 510 1027 tuus
521 997 608 1027 cliens
621 998 646 1027 Sc
658 996 807 1025 familiaris.

88 1037 182 1067 Cliens
197 1058 205 1071 ,
226 1046 274 1073 per
296 1037 506 1065 translationem
518 1045 568 1074 pro
582 1034 730 1072 Litigatore
747 1034 860 1072 ponitur
871 1057 878 1070 ‚
899 1035 979 1071 cujus
993 1034 1102 1065 causam
1116 1034 1213 1064 desen-

108 1075 149 1103 dit
184 1082 307 1103 atronus.

89 1084 184 1142 eueni}
201 1113 226 1141 δι
239 1111 388 1146 Patronus,
409 1111 555 1141 contraria.
583 1110 668 1139 Ovid.
683 1119 705 1139 ι.
726 1110 761 1138 de
778 1110 838 1139 llrte
856 1109 914 1139 Arii.
932 1114 976 1145 88.

77 1180 79 1184 .
168 1149 224 1185 Qui
236 1150 321 1178 modo
334 1156 467 1187 patronus
479 1171 486 1184 ,
508 1150 561 1184 jam
576 1149 653 1185 cupit
668 1147 721 1177 esse
736 1147 831 1176 cliens.

87 1187 192 1218 Innexa
202 1187 274 1217 fraus
285 1187 388 1217 clienti.
433 1187 502 1224 Virg.
513 1191 538 1216 6.
553 1187 613 1216 ffin.
630 1190 693 1220 609.
724 1185 754 1215 Id
776 1186 888 1215 Servius
907 1195 1069 1224 exponens,
1091 1185 1132 1215 Ex
1150 1185 1212 1223 Iege

107 1226 223 1261 (inquit
238 1227 247 1259 )
269 1226 419 1255 duodecim
431 1224 601 1254 Tabularum
615 1225 692 1252 venit
704 1245 712 1258 ‚
735 1224 764 1252 in
779 1224 880 1260 quibus
892 1223 1023 1261 scriptum
1044 1224 1082 1253 est
1093 1247 1101 1259 ,
1124 1224 1214 1253 Patro-

105 1273 158 1292 nus
169 1263 185 1291 si
196 1263 292 1292 clienti
303 1263 429 1292 fraudem
441 1263 553 1297 fecerit,
574 1261 648 1291 sacer
657 1262 722 1290 esto.
761 1261 790 1290 Si
809 1262 884 1290 enim
905 1262 1048 1297 Clientes,
1073 1262 1144 1299 quasi
1167 1272 1215 1290 co-

105 1300 196 1368 }ielrites
212 1301 293 1367 gukqt,
315 1302 443 1337 Patroni,
465 1300 536 1337 quali
551 1307 659 1338 patres,
682 1300 848 1329 tantundem
856 1299 894 1328 est
904 1300 1037 1330 clientem
1049 1322 1057 1336 ‚
1078 1306 1214 1338 quantum

139 1349 195 1368 ium
224 1350 237 1368 a
261 1349 316 1369 ere.

77 1378 219 1412 «Deiectus
230 1378 331 1412 cliens,
353 1377 371 1406 i.
382 1386 406 1405 e.
429 1376 625 1414 Contemptus.
648 1375 745 1405 Claud.
760 1384 785 1412 3.
800 1375 881 1405 Coris.
894 1375 968 1405 Hon.
980 1379 1025 1414 67.

90 1413 217 1452 Queruli.
238 1415 306 1443 Stat.
320 1426 345 1450 ⁴·
364 1414 430 1444 Silv.
440 1425 467 1449 4.
481 1423 527 1449 42·

26 1448 27 1453 ¹
77 1451 214 1484 'Devotus
226 1452 318 1482 alicui.
338 1452 438 1488 Juven.
453 1462 478 1487 9.
495 1452 549 1481 Sat.
566 1459 610 1488 72.

27 1511 29 1518 ,
55 1492 231 1523 ῦιιιῑΝτΑ
244 1512 252 1524 ,
274 1500 305 1519 ae.
327 1491 346 1519 f.
370 1487 510 1526 [Sagae-113³]
535 1489 586 1518 Etli
598 1488 692 1518 Cliens
709 1490 866 1519 communis
882 1489 1046 1525 sitgeneris,
1067 1489 1216 1527 legiturta-

91 1539 155 1560 rnen
170 1528 279 1557 Clienta
289 1550 297 1562 ,
319 1534 350 1557 ut
363 1528 440 1565 supra
453 1527 656 1557 observavimus
667 1536 700 1556 ex
714 1527 841 1557 Charilio.
865 1528 911 1557 Sic
922 1528 989 1557 Hor.
1001 1538 1026 1557 2.
1042 1528 1212 1564 Carm.18.7.

133 1567 195 1597 Nec
206 1565 356 1595 Laconicas
368 1565 437 1594 mihi

170 1604 298 1633 Trahunt
308 1604 429 1633 bonestae
444 1613 579 1641 purpuras
590 1602 708 1632 clientae.
750 1602 1216 1640 Al.Clientes.Plaut.Mil.3.i.194.

134 1642 232 1672 Habeo
241 1641 368 1671 eccillam
377 1641 508 1670 client-am
517 1651 608 1670 ineam
618 1641 793 1670 meretricem
804 1641 1050 1671 adolescentulam.
1136 1640 1216 1671 Idem

93 1680 165 1711 Rud.
175 1691 201 1716 4.
220 1690 241 1709 r.
255 1689 281 1709 2.
305 1679 367 1715 Jam
376 1679 491 1708 clientas
506 1680 623 1716 repperi.

57 1719 120 1749 CLi
131 1728 200 1747 su‘r
210 1721 226 1747 ἓ
236 1729 251 1746 L
261 1728 278 1746 A
291 1740 298 1753 ,
321 1727 352 1747 ae.
374 1717 393 1746 f.
417 1718 580 1753 [mm-cria]
606 1715 746 1746 Clientum
759 1716 922 1747 multitudo.
964 1717 1022 1747 Cic.
1045 1727 1087 1753 14.
1106 1717 1158 1746 Att.
1173 1725 1215 1746 12.

92 1757 151 1786 Scis
160 1766 242 1792 quam
253 1756 366 1793 diligam
375 1755 484 1784 Siculos
497 1776 505 1789 ,
527 1756 553 1784 8:
566 1764 650 1792 quain
660 1754 736 1783 illam
747 1755 907 1784 clientelam
918 1756 1060 1784 honestam
1079 1755 1215 1791 judicem.

93 1794 248 1827 Clientela,
269 1794 307 1823 est
318 1794 404 1823 etiam
416 1802 497 1828 quain
511 1792 698 1821 Patrocinium
717 1792 770 1821 live
784 1794 978 1829 Salwgardiam
990 1794 1117 1822 dicimus.
1141 1793 1218 1822 unde

111 1832 316 1862 Commendare
325 1853 333 1867 ‚
355 1830 399 1861 vel
411 1831 542 1861 Conferre
551 1830 615 1860 sein
627 1829 787 1860 clientelam
803 1830 915 1861 alterius
935 1831 1048 1861 dicitur.
1069 1831 1134 1861 Ter.
1146 1831 1217 1860 Eun.

115 1880 129 1907 ς
186 1908 272 1938 Thais
283 1908 354 1946 patri
366 1907 391 1936 se
402 1906 610 1936 commendavit
628 1907 657 1935 in
674 1905 835 1936 clientelam
855 1908 882 1937 c&
902 1907 997 1937 fidem.
1093 1907 1152 1936 Cic.
1167 1916 1218 1943 pro

112 1945 192 1976 Rosc.
205 1948 294 1974 Amet.
314 1950 373 1974 106.
397 1946 468 1974 Nam
478 1954 563 1981 quum
576 1945 679 1973 multos
697 1952 804 1974 veteres
827 1955 841 1973 a
858 1946 1010 1980 majoribus
1021 1944 1113 1974 Roscii
1128 1953 1220 1983 patro-

114 1994 167 2014 rios
180 1983 354 2021 hospitesque
369 1982 519 2017 haberent,
541 1992 639 2012 omnes
664 1991 713 2011 eos
737 1982 829 2011 colere
843 1990 925 2019 atque
945 1983 1088 2013 observare
1109 1983 1220 2012 destite-

113 2029 179 2051 runt
193 2043 202 2056 ,
221 2031 253 2050 ac
262 2021 289 2050 se
299 2023 326 2050 in
341 2021 511 2058 Chrysogoni
522 2020 605 2049 fidem
617 2031 648 2049 ac
657 2020 816 2050 clientelam
833 2022 1022 2051 contulerunt.

94 2059 191 2090 Essein
205 2059 260 2088 fide
272 2061 297 2089 ἃ
310 2058 439 2088 clientela
452 2059 577 2094 alicujus.
601 2058 660 2088 Cic.
681 2068 731 2096 pro
746 2058 825 2088 Rosc.
842 2061 930 2088 ilmer.
947 2064 1007 2088 10⁶.

97 2097 266 2128 Confirmare
279 2096 457 2134 amplissimas
468 2096 611 2126 clientelas
625 2102 754 2132 acceptas
774 2107 788 2125 a
803 2097 963 2132 majoribus.
1005 2096 1063 2126 Cic.
1083 2105 1124 2132 13.
1142 2095 1218 2126 Fam.

116 2140 161 2171 ⁶4-
183 2135 277 2171 Quare
290 2134 307 2163 si
320 2142 347 2163 te
358 2135 466 2163 fautore
475 2134 536 2163 usus
544 2135 596 2164 erit
607 2157 615 2170 ,
638 2135 715 2163 licuti
731 2135 889 2171 profecto&
902 2142 1009 2168 utetur,
1033 2136 1059 2164 δι
1078 2134 1140 2164 usus
1161 2135 1199 2163 est
1210 2157 1219 2170 ,

114 2172 446 2241 gmplislsimazplienteias
456 2180 584 2210 acceptas
598 2183 613 2203 a
623 2173 774 2209 majoribus
785 2173 950 2203 confirmare
959 2173 1074 2211 poterit,
1097 2175 1123 2203 Sc
1137 2172 1220 2202 bene-

137 2221 185 2240 ciis
208 2221 248 2240 uis
263 2221 279 2240 o
302 2220 395 2248 ugare.

35 2249 364 2283 *CLtnNTsLARis,
386 2258 410 2277 e.
435 2248 495 2284 Adj.
516 2247 577 2277 Vox
592 2249 664 2285 apud
677 2248 769 2283 JCtos.

62 2288 85 2318 C
95 2289 157 2317 Liii
168 2297 185 2316 A
197 2309 205 2322 ‚
228 2287 288 2316 atis.
310 2297 338 2315 n.
360 2287 485 2322 [κλίμα]
507 2286 600 2315 Graeca
613 2287 700 2316 dietio
711 2309 719 2321 ,
741 2296 802 2323 quae
818 2286 942 2324 Spatium
955 2286 1081 2324 amplum
1099 2286 1143 2316 vel
1161 2287 1222 2316 caeli

97 2325 141 2355 vei
152 2332 228 2354 terrae
239 2324 386 2362 fignificat:
408 2325 483 2360 quod
495 2325 579 2353 etiam
596 2324 712 2353 Traftus
735 2324 846 2353 dicitur.
890 2325 993 2353 Vitruv.
1016 2324 1064 2353 lib.
1082 2335 1104 2354 1.
1119 2335 1178 2362 cap.
1197 2336 1219 2355 ι.

96 2363 279 2399 Disciplinam
290 2373 355 2392 vero
367 2363 515 2391 medicinae
529 2362 635 2391 novisse
656 2369 768 2399 oportet
789 2369 903 2399 propter
923 2363 1119 2392 inclinationes
1137 2362 1197 2392 caeli
1211 2385 1220 2399 ‚

98 2411 157 2438 quze
169 2401 257 2430 Graeci
271 2402 384 2435 κλίματα
397 2400 496 2429 dicunt
509 2422 517 2435 ,
539 2402 565 2430 δι
579 2402 656 2429 aeres
677 2401 802 2429 locoruiii
815 2422 822 2435 ‚
845 2402 891 2437 qui
910 2400 971 2429 sunt
985 2400 1103 2430 salubres
1116 2409 1164 2430 aut
1175 2411 1222 2438 pe-

96 2439 227 2469 stilentes.
268 2438 407 2467 Columel.
421 2438 467 2467 lib.
482 2449 505 2473 ς.
522 2447 583 2476 cap.
599 2448 621 2467 ι.
651 2438 741 2467 Clima
761 2439 967 2476 quoquoveiius
981 2439 1087 2476 pedum
1107 2451 1123 2468 L
1134 2448 1152 2468 x
1172 2439 1220 2469 est.

97 2476 168 2506 Vide
180 2476 336 2507 Declinatio
347 2477 446 2505 mundi
461 2498 469 2511 ,
491 2477 520 2505 in
542 2486 560 2505 ι)
570 2486 583 2504 e
592 2486 609 2505 c
620 2487 651 2504 Li
663 2486 683 2505 Ν
693 2487 719 2505 0.

99 2514 188 2545 Clima
200 2536 208 2550 ,
231 2514 358 2553 Spatium
369 2514 442 2551 apud
455 2514 626 2543 astronomos
637 2514 708 2543 inter
722 2515 793 2543 duos
810 2513 958 2551 parallelos
970 2536 978 2549 ,
998 2524 1013 2543 a
1027 2515 1106 2550 cujus
1120 2515 1222 2552 princi-

117 2553 164 2591 pio
180 2552 264 2590 usque
275 2552 309 2581 ad
321 2552 406 2581 finem
422 2552 574 2581 dimidiatae
586 2552 661 2581 horre
673 2553 788 2581 variatio
806 2552 852 2581 est.
874 2551 999 2582 Budaeus.

40 2592 42 2609 *
62 2589 265 2623 CLimAeis,
286 2590 350 2619 idis.
375 2590 394 2619 f.
416 2590 582 2625 [κλιμακὶε]
604 2589 707 2619 Diniin.
730 2600 745 2619 a
769 2590 883 2624 κλίμαξ,
904 2590 992 2618 Scala.
1025 2589 1167 2620 Vitruvius
1180 2601 1221 2621 ιο.

102 2637 144 2666 ιη.
167 2630 195 2657 in
207 2628 394 2663 descriptione
409 2627 521 2657 ballistae
535 2650 542 2662 ‚
564 2628 733 2657 Climacidos
743 2627 817 2665 scapi
832 2627 978 2665 longitudo
990 2628 1158 2657 foraminum
1172 2636 1223 2658 tre-

99 2667 199 2696 decim.
223 2666 322 2696 Inaliis
333 2666 417 2695 codd.
439 2665 625 2696 Climaciclos.
648 2666 779 2695 Climacis
793 2675 825 2694 ea
838 2665 892 2699 est,
915 2666 1006 2702 inquit
1019 2665 1142 2696 Turneb.
1155 2676 1180 2696 2.
1198 2679 1220 2702 ς.

100 2714 160 2742 quae
179 2705 207 2733 in
227 2703 367 2741 catapulta
379 2710 492 2732 vocatur
503 2704 598 2736 adem}
609 2725 617 2739 ,
638 2704 666 2732 id
680 2704 717 2732 est
729 2704 831 2733 canalis
843 2726 849 2738 ,
873 2714 936 2733 nam
948 2705 977 2732 in
989 2704 1101 2733 ballistis
1117 2715 1223 2734 nomen

99 2749 203 2778 mutat,
225 2751 340 2782 propter
360 2741 612 2779 amplitudinem&
624 2741 819 2777 latitudinem,
842 2743 1020 2779 geminante,
1041 2742 1070 2770 id
1086 2743 1123 2772 est
1142 2743 1226 2772 scalu-

100 2780 127 2810 la
141 2787 264 2810 vocatur.
277 2780 411 2809 Ctelibius
421 2782 517 2808 auctor
528 2779 649 2814 Graecus,
665 2777 753 2811 γίνεται
775 2776 802 2805 δὲ
816 2780 827 2808 ἡ
844 2778 964 2812 κλιμακὶς
984 2778 1055 2809 ἔφηις,
1076 2778 1225 2816 :algmana

99 2818 314 2854 ιωιπισκώάζεται
331 2821 372 2861 (ιλιι
388 2816 514 2862 τῖε-σώζων]
526 2820 621 2848 ›ig-adim
639 2819 778 2852 maresa-⁹3⁸5,
809 2816 845 2844 ini
867 2815 891 2844 dt
914 2813 938 2843 ⁷1:
957 2829 1027 2852 μιιπν
1045 2816 1172 2857 ἐχινκνμπὶ
1199 2819 1225 2845 τι)

56 2877 68 2888 .
98 2856 213 2885 wanka-&0
229 2855 300 2882 bimas·
315 2864 413 2887 ιωινονοος
425 2866 559 2892 πεπημτοκ
578 2852 616 2882 ini
633 2855 655 2883 ’ἵζ’
672 2854 738 2886 κριτοὶ
761 2851 787 2882 τὲ
799 2856 873 2891 ,utimr
892 2858 990 2887 ιφυόιων
1003 2877 1011 2890 ,
1033 2867 1071 2882 avat-
1090 2857 1101 2892 ᾖ
1120 2859 1148 2882 τ’·
1165 2854 1226 2890 34νᾶ-

100 2890 162 2928 μῖμν
178 2895 308 2928 κλιμακίτ.

65 2930 113 2961 CL
121 2942 129 2959 ι
138 2942 159 2960 M
167 2941 187 2960 A
197 2941 215 2960 c
224 2941 242 2960 u
252 2942 268 2959 L
276 2942 309 2966 is,
323 2930 457 2961 Telorum
467 2930 608 2968 quoddam
618 2940 706 2968 genus
715 2930 777 2960 sunt
787 2930 907 2967 antiquis
917 2930 1045 2960 usitatum
1053 2931 1225 2969 &frequens,

101 2969 166 2999 teste
181 2968 253 2998 Gell.
266 2968 315 2998 lib.
331 2979 374 2998 10.
390 2978 451 3007 cap.
463 2978 510 3005 ²5·

66 3005 191 3037 CL'i‘MA
200 3016 219 3035 'r
229 3018 238 3035 1
249 3016 268 3035 A
279 3017 302 3041 s,
312 3017 342 3036 ae.
358 3017 394 3036 m.
409 3003 586 3043 [arpena-riou]
597 3006 690 3035 Terrae
701 3013 794 3035 motus
810 3015 905 3035 venus.
920 3007 1057 3036 ilmmian.
1074 3016 1116 3042 17.
1129 3017 1155 3043 7.
1171 3008 1225 3037 Cli.

102 3045 250 3082 matiae‚qui
260 3044 340 3074 limes
351 3051 463 3074 ruentes
473 3046 499 3074 ἃ
509 3043 850 3081 obliqui,urbes,aedifici.i.
858 3044 1020 3081 montesque
1031 3045 1222 3083 complanent.

67 3081 234 3118 CLi‘MAx,
255 3083 407 3118 [Κλίμαξ]
430 3083 513 3112 Mons
528 3083 566 3111 est
581 3082 667 3111 Strab.
687 3082 735 3111 lib.
750 3092 791 3116 ις.
822 3081 867 3111 Est
886 3083 970 3111 etiam
983 3104 990 3116 ,
1012 3083 1103 3118 inquit
1114 3105 1121 3116 ,
1143 3093 1225 3113 mons

103 3121 217 3150 nomine
227 3120 353 3155 Climax,
375 3120 531 3158 Pamphilio
542 3120 642 3157 pelago
657 3121 803 3155 adjacens:
827 3120 849 3149 is
863 3121 1002 3148 transitum
1016 3122 1120 3149 arctum
1143 3122 1170 3150 in
1195 3121 1226 3150 li-

102 3163 161 3188 tore
172 3157 320 3195 relinquit,
341 3159 388 3194 qui
399 3159 467 3187 mari
478 3158 628 3195 tranquillo
638 3158 759 3186 nudatur
768 3158 839 3186 adeo
848 3180 856 3191 ‚
878 3164 908 3187 ut
923 3158 974 3188 iter
984 3158 1151 3189 facientibus
1165 3169 1226 3198 per-

103 3197 164 3226 vius
174 3195 205 3225 sit
215 3218 224 3231 ‚
249 3195 349 3234 pelago
357 3203 450 3225 autern
462 3196 593 3225 affluente
609 3196 691 3225 undis
702 3196 866 3233 contegitur.

69 3231 114 3263 Cr.
122 3235 162 3263 iri
173 3243 192 3262 A
201 3243 219 3262 x
230 3255 238 3267 ,
260 3234 326 3263 acis.
348 3234 367 3263 f.
390 3233 532 3270 [κλίμαξ]
552 3233 649 3264 Latine
662 3234 765 3262 dicitur
774 3234 862 3262 Scala.

104 3271 148 3338 Εὲὶ
161 3273 192 3338 ἐι
210 3271 296 3309 figura
319 3271 457 3302 rhetori0a
469 3293 477 3307 ‚
508 3282 569 3309 quae
582 3272 640 3301 Lat.
652 3271 754 3301 dicitur
771 3271 902 3301 Gradatio
916 3293 924 3307 ,
955 3278 987 3301 ut
1005 3272 1080 3310 apud
1104 3272 1188 3303 Ovid.
1201 3281 1224 3311 3.

145 3320 159 3339 a
184 3332 191 3339 .
205 3319 251 3339 21.

183 3347 294 3377 Viderat
302 3346 393 3382 hanc,
413 3346 554 3384 visamque
564 3347 659 3384 cupit,
681 3347 843 3384 potiturque
855 3347 957 3383 cupita.

69 3384 132 3415 CL1
141 3394 162 3412 M
172 3394 191 3413 A
200 3394 218 3414 c
228 3395 294 3414 Tar.
306 3407 313 3420 ,
335 3385 397 3414 Eris.
419 3394 457 3414 m.
481 3382 670 3420 [κλιμακτδρ]
692 3388 786 3414 Annus
797 3384 916 3413 scanfiiis
925 3407 933 3418 ,
955 3384 1000 3413 seu
1011 3385 1151 3422 gradarius
1162 3408 1169 3421 ‚
1191 3386 1230 3416 se-

105 3420 186 3451 nibus
198 3422 366 3460 plerumque
377 3422 475 3452 fatalis.
513 3422 556 3451 Fit
565 3432 599 3451 ex
616 3422 851 3460 multiplicatione
863 3422 967 3460 septem
977 3432 1025 3459 per
1033 3433 1136 3452 novem
1147 3445 1155 3458 ,
1179 3434 1232 3453 un-

106 3459 180 3526 dqiit
187 3470 275 3490 annus
282 3461 463 3498 sexagesimus
472 3460 578 3490 tertius.
620 3460 660 3490 Eo
669 3470 744 3489 anno
755 3461 857 3490 mortui
867 3460 929 3489 sunt
949 3461 1104 3490 Aristoteles
1123 3462 1149 3491 &
1170 3462 1229 3491 Vir-

104 3507 132 3533 gi
145 3507 195 3528 ius.

106 3535 282 3565 climaffreras
292 3558 300 3571 ‚
322 3535 446 3565 Chaldaei
458 3541 560 3565 vocarit
573 3535 697 3565 Pericula
708 3536 770 3565 vitae
781 3557 788 3569 ,
809 3536 1039 3572 fortunarumque
1060 3535 1228 3567 hominum:

122 3583 183 3610 quae
193 3573 305 3603 Marcus
321 3573 404 3602 Varro
415 3573 568 3611 gravissima
577 3573 636 3603 fieri
647 3573 766 3603 affirmat
776 3573 937 3610 septenariis
950 3595 957 3608 ,
979 3573 1045 3602 teste
1058 3574 1159 3609 Gellio,
1178 3575 1227 3604 lib.

127 3620 222 3649 3.cap.
236 3622 278 3640 io.
320 3611 369 3640 iiiii
380 3620 473 3641 autem
490 3621 532 3640 Lx
543 3622 590 3640 ιιι
611 3621 695 3640 anno.
717 3611 751 3640 D.
770 3611 942 3648 Augustusin
952 3610 1067 3648 epistola
1086 3612 1120 3640 ad
1139 3612 1168 3640 C.
1182 3622 1232 3642 ne.

125 3656 222 3686 potem
231 3648 310 3678 suum
321 3671 329 3684 ,
352 3650 408 3678 Ave
420 3650 458 3678 mi
472 3650 520 3679 Cai
531 3671 538 3684 ,
561 3659 639 3678 meus
655 3648 1005 3685 ocellusjucundiffimus,
1027 3659 1111 3686 quem
1122 3649 1230 3686 semper

124 3687 235 3716 medius
245 3687 327 3716 fidius
338 3687 464 3716 desidero
473 3709 482 3722 ,
504 3697 590 3724 quum
601 3697 616 3716 a
634 3696 679 3716 me
691 3687 764 3716 abes.
801 3687 855 3715 Sed
865 3687 1004 3724 praecipue
1020 3686 1119 3716 diebus
1131 3687 1231 3717 talibus

126 3724 213 3760 qualis
224 3724 262 3753 est
273 3725 425 3753 hodiernus
439 3747 447 3758 ,
468 3725 543 3754 oculi
554 3725 608 3754 mei
629 3725 772 3760 requirunt
790 3734 884 3753 meum
904 3724 1020 3753 Caium:
1046 3734 1146 3760 quem,
1172 3727 1233 3754 ubi-

125 3771 237 3799 cunque
253 3764 279 3791 &
292 3762 345 3791 hoc
358 3763 404 3791 die
422 3763 495 3792 fuisti
512 3785 520 3797 ,
541 3763 618 3800 spero
638 3762 732 3791 laetum
746 3784 753 3796 ,
776 3763 802 3791 ἀ
827 3762 899 3791 bene
926 3761 1065 3791 valentem
1084 3763 1231 3793 celebrasse

125 3807 252 3836 quartum
276 3801 302 3828 ἅ
317 3799 512 3836 sexagesimum
532 3800 652 3829 natalem
666 3809 761 3829 meum
773 3809 780 3828 z
814 3809 878 3828 nain
899 3807 929 3828 ut
951 3800 1044 3834 vides,
1071 3802 1232 3835 κλιμοιιπῒρφ

126 3846 307 3866 communem
321 3837 459 3867 seniorum
469 3840 597 3867 omniurn
610 3860 617 3872 ,
642 3838 754 3866 tertium
774 3838 800 3866 &
812 3836 1011 3874 sexagessmum
1026 3847 1130 3867 annum
1150 3839 1233 3868 evali-

126 3883 196 3904 mus.
236 3874 276 3903 Ex
289 3874 360 3904 Gell.
372 3876 420 3904 lib.
438 3886 479 3911 ις.
492 3885 553 3914 cap.
569 3886 594 3912 7.
616 3875 684 3904 Plin.
700 3875 748 3904 lib.
761 3884 785 3910 7.
800 3884 913 3912 caprio.
937 3875 1006 3904 Rara
1017 3881 1112 3904 autem
1125 3874 1179 3905 esse
1192 3877 1232 3905 di-

126 3920 196 3941 cunt
207 3912 331 3949 longiora
343 3920 486 3950 tempora,
508 3913 737 3950 quandoquidem
759 3913 907 3941 momentis
930 3912 1059 3941 horarum
1079 3914 1233 3949 insignibus

125 3948 197 4019 ὶυιιγεε
207 3951 349 4018 dierpmve
357 3949 462 3990 septem
473 3958 555 3989 atque
574 3961 611 3980 ix
632 3952 800 3989 <quaeiioc'te
817 3959 849 3981 ac
861 3951 907 3980 die
918 3950 1111 3988 observantur)
1131 3952 1232 3990 ingens

192 3997 209 4018 o
221 3998 246 4019 L.
282 4010 289 4018 .

1736 124 2006 160 CL¹
2356 143 2423 180 545

1320 204 1550 238 turbanascatur.
1571 205 1824 235 scansiliaiinoruni
1846 205 1908 243 lege
1927 207 2063 241 occidua,
2085 217 2167 244 quam
2186 208 2358 242 cliinarfteras
2377 224 2426 251 ap.

1323 242 1428 279 pellarit
1440 266 1446 276 ,
1470 253 1525 271 non
1537 244 1593 272 fere
1607 245 1643 273 ita
1657 245 1755 280 genitis
1774 255 1788 272 L
1800 254 1816 272 x
1828 255 1891 272 ιιιι
1911 255 2016 273 annum
2031 246 2242 275 excedentibus.

1265 278 1287 308 C
1298 290 1311 306 1.
1322 290 1327 306 i
1343 291 1362 320 ixi.
1372 290 1387 307 A
1401 292 1415 307 L·
1434 292 1446 308 ι’
1456 285 1469 309 ᾗ
1481 292 1494 308 i<
1505 283 1516 309 ἶ
1526 292 1541 311 ς
1552 292 1567 310 υ
1578 292 1589 310 ς
1602 304 1610 315 ,
1642 281 1886 317 [ιλιμοιιιτηῢιοῗς]
1918 283 1977 318 Adi.
2017 291 2045 312 ut
2056 305 2062 313 .
2098 284 2306 314 Climmstffl'lcus
2325 296 2424 319 annus,

1304 317 1374 345 (ieli.
1393 318 1440 346 lib.
1461 329 1498 352 ις,
1517 330 1576 355 cap.
1589 329 1614 351 7.
1638 320 1822 349 Observatum
1839 321 1866 348 in
1888 321 1976 349 multa
1990 321 2135 350 hominum
2158 324 2309 357 memoria,
2330 335 2428 362 exper-

1304 361 1418 390 tumque
1431 356 1467 384 est
1479 378 1486 390 ,
1510 357 1536 384 in
1552 357 1704 386 senioribus
1719 357 1855 394 plerisque
1869 358 2001 387 omnibus
2018 358 2215 394 sexagessmum
2233 362 2344 390 tertium
2366 365 2429 393 vitae

1304 401 1408 434 annum
1423 403 1486 422 cum
1498 395 1623 436 periculo
1633 397 1657 425 St
1671 395 1750 424 clade
1760 395 1851 431 aliqua
1861 397 1955 425 venire
1966 418 1974 430 ,
1996 403 2043 424 aut
2052 398 2177 434 corporis
2188 419 2195 431 ,
2218 399 2363 436 morbique
2373 411 2432 438 gra-

1305 439 1402 459 vioris.
1426 438 1472 459 aut
1490 441 1550 459 vitae
1564 433 1693 462 interitus
1706 455 1713 467 ‚
1737 440 1785 461 aut
1794 434 2069 470 animiaegritudinis.
2110 435 2258 471 Propterea
2276 438 2323 473 qui
2338 449 2430 468 rerum

1306 467 1509 527 verborumque
1528 470 1680 499 illiusmodi
1703 471 1793 500 studio
1816 478 1963 507 tenentur,
1984 481 2049 501 eum
2067 473 2153 501 aetatis
2167 482 2272 502 annum
2287 476 2431 513 appellant

1307 517 1320 529 Χ
1343 516 1513 538 [Al-Lyl7lfflffi0h

1309 541 1535 586 Cliniaelericum
1545 550 1672 582 tempus,
1696 555 1745 582 pro
1763 546 1854 575 flrduo
1866 569 1873 581 ,
1894 546 2013 583 difficili,
2035 548 2191 582 contrario,
2214 550 2326 579 austere
2336 550 2429 582 Suida.

1328 579 1394 607 Plin.
1408 589 1432 608 2.
1448 581 1527 617 Epist.
1541 592 1585 610 20.
1610 582 1700 612 Habes
1712 583 1931 614 climactericuin
1941 593 2053 622 tempus
2063 607 2071 621 ,
2093 585 2139 615 sed
2153 587 2263 616 evades.

1269 616 1496 652 Ci.1NAMi-·.N,
1526 619 1553 648 V.
1579 629 1700 649 effluo.

1269 654 1292 682 C
1304 665 1335 682 i.i
1348 664 1366 682 Ν
1380 665 1392 682 ιι
1403 677 1410 687 .
1433 656 1544 691 [κλίνη]
1567 656 1664 686 Latine
1677 658 1774 688 Lectus
1784 681 1791 693 ,
1817 659 1927 689 Lectica
1938 659 1981 688 vel
1998 660 2090 690 Torus
2104 661 2307 692 discubitorius.
2341 663 2415 695 Hinc

1272 692 1294 722 C
1305 703 1319 720 L
1331 696 1343 720 ῑ
1353 702 1371 720 N
1384 695 1419 721 ic
1429 703 1451 726 ιι,
1464 704 1500 722 cs.
1510 694 1528 723 f.
1549 695 1664 729 [κλινυικ
1675 697 1687 730 ]
1700 697 1845 726 Medicina
1857 707 1917 733 quae
1930 699 2002 727 victu
2019 701 2044 727 ἂι
2061 699 2216 736 pharmacis
2227 701 2303 737 aegris
2312 704 2435 739 corpori.

1311 729 1362 772 bus
1375 731 1510 773 nied-etur.
1541 731 1609 760 PIin.
1623 731 1670 774 lib.
1685 743 1729 768 ²9.
1742 744 1803 771 cap.
1818 745 1839 764 ι.
1862 735 1888 764 Is
1904 745 1989 772 quum
2001 736 2093 766 fuisset
2101 747 2174 772 mos,
2186 737 2316 768 liberatos
2330 741 2435 771 morbis

1308 767 1464 809 scriberem
1475 769 1581 813 templo
1604 780 1662 812 ejus
1678 772 1733 805 dci,
1755 773 1821 808 quid
1831 773 1995 802 auxiliatum
2017 775 2102 809 esset,
2123 781 2154 803 ut
2173 776 2267 813 postea
2281 777 2433 808 {imilitudo

1309 806 1473 848 proliceret,
1495 807 1662 843 exscripsisse
1680 818 1711 837 ea
1727 810 1857 844 traditur,
1879 817 1961 847 atque
1982 814 2034 846 (ut
2054 813 2137 841 Varro
2157 814 2231 850 apud
2250 824 2302 843 nos
2320 817 2434 852 credit)

1308 853 1364 878 jam
1375 843 1482 881 templo
1495 852 1616 873 cremato
1629 867 1636 880 ,
1659 846 1801 876 instituiile
1818 848 1988 878 medicinam
2002 850 2073 879 hanc
2086 873 2094 885 ,
2116 861 2176 887 quae
2191 851 2300 881 Clinice
2310 861 2433 885 vocatur.

1308 881 1423 918 [Negat
1435 882 1592 912 Harduinus
1605 884 1639 912 de
1651 884 1726 913 Parte
1739 886 1886 914 medicinae
1904 895 1958 914 una
1977 897 2037 916 eam
2056 888 2275 925 appellationem
2295 891 2412 928 intelligi

1308 928 1406 984 {elilim
1418 920 1452 984 (ὗε
1463 920 1599 987 ιίκιιίνεὲξὲἑ
1638 923 1671 951 At
1683 921 1823 952 Clinicum
1835 929 1929 952 tamen
1939 924 2068 963 chirurgo
2078 927 2222 956 manifeste
2230 930 2354 966 opponit
2365 915 2439 960 Mar,-

1323 966 1347 984 ia
1360 966 1391 985 is.
1444 980 1449 986 .
1484 968 1526 994 eq.
1562 969 1568 986 i
1602 981 1608 988 .

1270 993 1294 1024 C
1304 1005 1320 1022 L
1329 998 1341 1023 ῐ
1351 1005 1370 1022 N
1379 996 1390 1023 i
1399 1004 1415 1022 c
1425 1005 1466 1024 us
1477 1017 1484 1029 ,
1507 997 1524 1025 i.
1548 1006 1585 1025 m.
1608 994 1766 1040 [ξλινικῖδς]
1788 996 1917 1028 Medicus
1930 1021 1938 1035 ,
1958 999 1992 1029 ab
2005 1000 2154 1031 invisendis
2168 1009 2333 1040 aegrotorum
2345 1004 2435 1042 lestis,

1309 1032 1381 1069 quasi
1393 1032 1538 1063 Leouahs.
1564 1033 1684 1064 Martial.
1700 1034 1739 1063 lib
1765 1044 1788 1063 1.
1804 1044 1847 1070 3¹-

1402 1070 1553 1109 Chirurgus
1563 1073 1667 1106 fuerat,
1690 1082 1765 1102 nunc
1781 1073 1819 1101 est
1831 1073 1946 1111 vespillo
1958 1073 2084 1106 Diaulus.

1440 1109 1536 1151 Coepit
1552 1120 1608 1146 quo
1627 1117 1736 1147 poterat
1748 1133 1756 1146 ,
1776 1111 1898 1141 clinicus
1921 1112 1975 1141 effe
1991 1114 2087 1143 modo.
2168 1115 2290 1153 Vespillo
2302 1118 2357 1153 est,
2379 1118 2438 1155 Qui

1310 1156 1426 1184 corpora
1437 1147 1517 1176 estert
1527 1148 1561 1176 ad
1572 1148 1737 1185 sepulcrum.
1777 1149 1919 1185 Quoniam
1928 1157 2020 1179 autem
2033 1152 2131 1181 Lectus
2142 1159 2198 1182 tam
2211 1155 2375 1185 cadaverum
2389 1158 2438 1192 est,

1310 1194 1392 1221 quarn
1415 1186 1609 1221 :egrotantium
1622 1208 1629 1219 ,
1652 1197 1709 1215 non
1729 1187 1825 1224 inepte
1848 1188 1950 1217 dicitur
1971 1188 2113 1224 Clinicus,
2134 1192 2182 1226 qui
2198 1192 2278 1221 effert
2292 1194 2437 1224 cadavera.

1311 1222 1414 1252 Clinici
1426 1224 1530 1252 medici
1540 1231 1617 1253 erant
1626 1225 1654 1252 in
1667 1225 1771 1260 majore
1783 1225 1880 1262 pretio,
1896 1236 1979 1263 quani
1989 1227 2119 1264 chirurgi.
2141 1228 2256 1264 Jocatur
2265 1231 2357 1268 itaque
2366 1232 2442 1261 Mar-

1310 1260 1384 1289 tialis
1396 1262 1425 1288 iri
1437 1261 1568 1291 Diaulum
1582 1283 1589 1296 ‚
1611 1263 1658 1299 qui
1667 1273 1724 1291 nori
1737 1263 1815 1292 aliter
1827 1263 1947 1293 clinicus
1958 1265 2012 1294 ess‘e
2020 1266 2113 1303 potuit
2122 1275 2137 1295 e
2147 1266 2278 1304 chirurgo
2289 1291 2296 1302 ,
2323 1279 2404 1305 quarn
2419 1270 2439 1299 si

1310 1298 1428 1336 vespillo
1440 1299 1524 1328 fieret.
1547 1299 1658 1328 carebat
1674 1301 1749 1329 enim
1760 1301 1889 1330 doelrina
1908 1301 2004 1331 clinici
2024 1304 2138 1333 medici.
2179 1304 2252 1334 Hinc
2269 1306 2440 1345 AEsculapius

1310 1337 1488 1366 medicorum
1500 1338 1629 1375 princeps
1641 1338 1765 1368 Clinicus
1777 1339 1851 1368 Deus
1865 1346 1982 1369 vocatur
2001 1341 2132 1370 Prudent.
2157 1343 2256 1379 Apoth.
2273 1354 2296 1372 v.
2311 1354 2373 1378 ²05-
2398 1346 2442 1374 ln-

1311 1374 1405 1411 script.
1433 1383 1512 1405 vetus
1534 1377 1608 1412 apud
1629 1376 1736 1405 Gruter.
1763 1387 1789 1413 p.
1803 1387 1865 1410 400.
1883 1388 1909 1406 n.
1924 1388 1949 1414 7.
1992 1379 2018 1408 P.
2043 1379 2216 1409 DECIMiVS
2244 1380 2269 1410 P.
2293 1381 2321 1410 1..
2345 1382 2440 1413 EROS

1310 1412 1463 1443 MERVLA
1486 1413 1646 1443 MEDlCVS
1668 1414 1834 1444 CLlNICVS
1856 1415 2066 1446 CHlRVRGVS
2088 1417 2299 1448 OCVLARivs.
2336 1421 2442 1456 [Hanc

1310 1450 1522 1487 inscriptionem
1538 1451 1596 1480 falsi
1614 1453 1703 1489 arguit
1714 1452 1732 1481 l.
1745 1462 1769 1481 c.
1783 1452 1943 1483 Harduinus
1955 1476 1962 1489 ,
1984 1465 2040 1492 quo
2052 1455 2111 1490 jure
2121 1455 2178 1492 ipse
2190 1456 2297 1484 viderit.

1312 1488 1399 1524 Quod
1410 1496 1501 1518 autem
1518 1489 1604 1519 lectus
1615 1490 1646 1518 sit
1656 1491 1739 1520 etiam
1752 1491 1922 1521 cadaverum
1933 1513 1941 1528 ,
1963 1492 2116 1530 funeraque
2134 1495 2164 1523 in
2182 1493 2262 1523 lectis
2273 1494 2440 1526 efferrentur

1330 1528 1438 1556 constat
1450 1537 1484 1556 ex
1497 1527 1545 1556 illo
1563 1527 1638 1557 Persii
1655 1537 1678 1562 3.
1695 1529 1750 1557 Sat.
1764 1538 1825 1565 103.

1405 1565 1479 1594 Hinc
1491 1565 1558 1594 tuba
1568 1588 1575 1600 ,
1597 1566 1722 1595 candelae
1731 1588 1739 1601 ‚
1761 1567 1933 1604 tandemque
1944 1567 2074 1598 beatulus
2089 1568 2146 1599 alto

1405 1603 1582 1641 Compolitus
1592 1603 1665 1633 leeto
1676 1626 1684 1638 ,
1706 1604 1854 1642 crassisque
1864 1605 1967 1635 lutatus
1977 1608 2107 1642 amomis,

1404 1640 1435 1670 In
1450 1649 1559 1685 portam
1575 1642 1678 1679 rigidos
1690 1642 1779 1685 calces
1789 1644 1926 1673 extendit.
1969 1682 1975 1687 .
2004 1645 2081 1674 Suet
2091 1646 2120 1674 in
2132 1644 2312 1684 Caes-CssP-84-
2326 1646 2444 1680 Lectum

1312 1688 1382 1759 ciis?
1380 1717 1386 1744 i
1391 1678 1473 1749 {hessis
1477 1680 1593 1747 ¹estiiilniocl
1596 1690 1681 1748 ιυεῐιηῑιῗι3
1685 1681 1779 1754 ῗὲὲῗιξίἃ
1781 1687 1824 1748 itti?
1831 1681 2031 1757 affigicqtgpigsqqs
2037 1683 2071 1750 git]
2075 1684 2192 1758 1ίῖζῖὲέιῖ
2196 1683 2306 1751 ἓιῗὲἓῖητξ
2309 1708 2370 1753 'non
2382 1725 2446 1763 pos-

1332 1756 1364 1784 iit
1374 1777 1382 1789 ,
1405 1757 1430 1784 ἃ
1441 1756 1475 1784 de
1486 1757 1565 1790 cujus
1578 1755 1663 1785 salute
1675 1756 1751 1785 nulla
1759 1756 1878 1793 amplius
1890 1757 1950 1793 spes
1961 1758 2008 1788 est.
2048 1758 2118 1788 Plin.
2134 1759 2182 1788 lib.
2194 1769 2239 1794 ²5·
2258 1769 2320 1798 cap.
2337 1773 2359 1797 ς.
2383 1763 2447 1792 Me..

1334 1793 1416 1822 detur
1435 1795 1473 1823 ita
1492 1794 1597 1822 morbis
1618 1795 1825 1828 comitialibus,
1847 1801 1879 1823 ut
1888 1796 2029 1831 diximus,
2050 1798 2200 1834 vertigini,
2221 1797 2445 1831 melancholicis.

1333 1830 1366 1860 Et
1380 1831 1463 1868 paulo
1480 1832 1556 1869 post,
1578 1831 1762 1861 Stomachicis
1774 1855 1782 1867 ‚
1805 1832 1926 1869 spasticis
1936 1855 1943 1868 ,
1970 1834 2078 1864 clinicis
2091 1857 2099 1870 ,
2120 1837 2171 1865 διε.
2214 1835 2342 1872 [Verum
2355 1839 2440 1868 Hard.

1332 1878 1368 1898 ex
1381 1869 1441 1899 Mis.
1456 1870 1569 1906 Cynicis
1580 1870 1675 1904 dedit.
1696 1869 1801 1899 sublata
1811 1871 1998 1901 distinftione.
2028 1873 2047 1902 i.
2058 1883 2082 1903 e.
2104 1873 2154 1903 His
2174 1875 2221 1911 qui
2242 1873 2348 1911 spasmo
2369 1878 2449 1915 cyni-

1333 1916 1366 1936 co
1378 1929 1386 1942 ,
1409 1907 1452 1936 seu
1465 1908 1528 1937 Oris
1540 1908 1703 1937 distortione
1718 1908 1892 1945 spasmodica
1904 1908 2039 1939 laborant.

1275 1945 1299 1975 C
1308 1956 1324 1974 L
1334 1956 1342 1973 1
1352 1954 1371 1973 N
1381 1955 1397 1973 o
1409 1955 1421 1973 p
1431 1948 1447 1974 ,ἱ
1459 1956 1475 1974 L
1485 1956 1498 1975 a
1509 1968 1516 1978 ,
1539 1955 1576 1975 es.
1600 1946 1618 1975 f.
1640 1946 1824 1982 [κλινοπυὲλη]
1845 1946 1969 1977 Palaestra
1981 1948 2055 1979 lecti.
2086 1948 2128 1979 De
2139 1949 2292 1979 concubitu
2304 1950 2447 1989 usurpavit

1315 1983 1391 2020 apud
1403 1983 1477 2012 Suet.
1494 1983 1680 2013 Domitianus.
1703 1984 1733 2013 V.
1757 1994 1817 2021 cap.
1832 1994 1878 2015 22.

1276 2020 1300 2051 C
1312 2033 1327 2050 L
1337 2032 1345 2049 1
1355 2030 1375 2049 N
1385 2031 1401 2049 o
1413 2031 1426 2049 Ρ
1435 2032 1451 2050 o
1463 2031 1480 2050 o
1492 2033 1499 2050 i
1511 2032 1527 2050 o
1540 2032 1569 2055 si,
1591 2022 1608 2051 i.
1631 2032 1658 2051 n.
1681 2020 1876 2058 [κλινοπέῶον]
1896 2022 1990 2052 Herba
2001 2033 2061 2062 quae
2072 2024 2194 2063 speciem
2206 2025 2270 2055 let‘ti
2281 2027 2386 2064 pedum
2397 2028 2448 2058 ba-

1316 2059 1378 2094 bet,
1400 2059 1511 2097 serpillo
1522 2059 1633 2094 similis,
1653 2059 1810 2096 surculosa,
1833 2060 1919 2098 palmi
1938 2062 2105 2098 altitudine,
2129 2064 2166 2093 de
2178 2073 2232 2100 qua
2249 2064 2307 2093 Plin
2330 2065 2379 2095 lib.
2394 2076 2442 2101 ²⁴·

1316 2107 1377 2134 cap.
1397 2107 1438 2133 15.
1456 2098 1545 2127 Ruell.
1564 2097 1613 2127 lib.
1627 2107 1650 2134 3.
1662 2108 1722 2135 cap.
1736 2103 1778 2134 56.
1814 2098 1908 2128 Potius
1924 2100 1959 2128 ad
1970 2109 2033 2129 eam
2046 2101 2121 2130 cline
2145 2102 2241 2131 odium
2255 2104 2389 2134 accedere
2406 2105 2447 2134 vi-

1317 2136 1398 2164 detur
1414 2157 1421 2169 ,
1440 2145 1522 2172 quam
1535 2136 1654 2164 officinae
1665 2143 1766 2165 vocarit
1785 2140 1938 2164 Montanum
1948 2138 2083 2174 pulegium.
2105 2112 2141 2168 Vp
2161 2139 2283 2169 Dioscor.
2302 2149 2326 2177 3,
2341 2151 2388 2177 90,

1277 2173 1300 2202 C
1310 2185 1325 2202 L
1336 2184 1343 2201 t
1353 2183 1373 2202 N
1382 2183 1400 2201 c
1411 2184 1428 2202 o
1437 2196 1444 2209 ,
1466 2184 1516 2211 pro
1529 2174 1618 2211 Cingo
1631 2181 1738 2203 veteres
1749 2174 1914 2211 usurparunt
1925 2197 1933 2209 ,
1957 2185 1973 2204 a
1987 2176 2085 2205 Graeco
2101 2177 2186 2206 zaddi.
2211 2177 2313 2208 Festus.

1278 2211 1344 2240 CLi
1354 2221 1373 2240 N
1385 2222 1393 2239 ι
1404 2221 1420 2240 A
1431 2221 1442 2240 s
1455 2233 1462 2246 ,
1487 2212 1637 2248 [Κλεινίας]
1658 2212 1781 2241 Musicus
1796 2213 1821 2242 &
1833 2212 2016 2251 philosophus
2029 2214 2108 2244 sediae
2122 2214 2298 2252 Pythagoreae
2311 2239 2319 2252 ,
2342 2217 2452 2255 liquan-

1317 2250 1353 2278 do
1363 2249 1397 2278 ad
1410 2250 1477 2278 iram
1494 2256 1690 2287 provocaretur
1705 2272 1712 2286 ,
1732 2251 1842 2287 sumpta
1864 2251 1953 2280 statim
1971 2252 2095 2288 cithara,
2118 2260 2210 2282 motus
2221 2254 2306 2283 animi
2328 2255 2447 2291 lenibat,

1315 2288 1392 2317 haud
1404 2287 1483 2316 aliter
1491 2298 1572 2325 quam
1584 2288 1702 2318 Achilles
1712 2311 1719 2323 ,
1742 2289 1789 2325 qui
1798 2289 1880 2317 iratus
1892 2289 1959 2318 stare
1969 2290 2004 2318 ad
2014 2290 2091 2319 littus
2101 2290 2206 2320 solebat
2216 2313 2223 2326 ,
2248 2293 2349 2323 eodem
2359 2294 2448 2326 ferme

1316 2325 1403 2354 modo
1413 2325 1540 2354 dolorem
1555 2326 1673 2355 leniens.
1698 2328 1800 2356 Aut‘tor
1816 2326 1915 2356 AElian.
1927 2327 1963 2356 de
1972 2327 2036 2357 Var.
2052 2328 2118 2358 Hist.
2137 2338 2177 2363 19.
2191 2338 2236 2366 23.

1317 2363 1421 2392 Clinias
1432 2363 1502 2393 alius
1513 2363 1661 2393 Alcibiadis
1673 2373 1758 2402 pater.
1798 2364 1831 2393 V.
1853 2364 1932 2394 Idem
1946 2375 1972 2395 2.
1990 2375 2013 2394 1.
2036 2366 2109 2404 Nep.
2124 2366 2192 2396 Plut.

1279 2401 1674 2434 CLiivica.CLiNicus.
1688 2402 2225 2438 C1.1NOPAL8,CL1NOP0010N.
2246 2405 2279 2435 V.
2301 2406 2330 2435 in
2350 2416 2448 2438 CLtNE.

1279 2439 1302 2468 C
1311 2451 1327 2468 L
1338 2443 1378 2468 iu
1387 2449 1404 2468 o
1415 2462 1423 2473 ,
1445 2443 1500 2468 are.
1523 2438 1642 2475 [mim]
1665 2440 1787 2469 Verbum
1803 2440 1929 2470 Graecum
1942 2442 2018 2478 quod
2031 2441 2141 2471 Inclino
2159 2442 2310 2479 significat:
2333 2454 2391 2474 non
2409 2446 2450 2476 est

1316 2479 1346 2506 iri
1359 2477 1406 2506 usu
1417 2477 1555 2515 frequenti
1567 2478 1613 2507 sed
1627 2485 1734 2507 tantum
1749 2480 1808 2513 ejus
1820 2479 1974 2516 composita
1984 2501 1992 2515 ,
2014 2479 2142 2516 Acclino,
2163 2480 2302 2518 Declino,
2325 2481 2449 2521 Inclino,

1317 2515 1447 2545 Reclino.
1487 2515 1580 2545 Habet
1593 2524 1686 2545 tamen
1700 2516 1806 2545 Lucret.
1821 2526 1847 2545 2.
1861 2525 1924 2553 ²43·

1408 2554 1502 2590 Quare
1513 2555 1598 2583 etiam
1610 2560 1692 2591 atque
1702 2555 1785 2583 etiam
1799 2554 1914 2592 paulum
1924 2554 2029 2584 clinare
2040 2556 2149 2585 necesse
2158 2557 2197 2586 est

1408 2592 1542 2629 Corpora.
1625 2592 1679 2621 Sed
1691 2591 1764 2621 Libri
1779 2592 1883 2629 vulgati
1897 2594 1923 2622 δι
1933 2593 2063 2622 nonnulli
2079 2594 2157 2624 MSS.
2177 2595 2283 2625 habent
2300 2595 2448 2627 Inclinare.

1315 2629 1411 2666 Quare
1429 2636 1523 2659 autem
1537 2629 1646 2659 Clinare
1657 2631 1812 2665 rejiciamus
1824 2652 1831 2664 ,
1853 2640 1918 2660 cum
1935 2630 2083 2660 Clinamen
2099 2642 2153 2661 vox
2168 2632 2199 2661 sit
2217 2635 2429 2671 receptissima?

1277 2667 1299 2697 C
1309 2679 1324 2695 L
1336 2679 1343 2695 ι
1354 2677 1372 2696 N
1382 2671 1398 2696 K
1408 2677 1426 2696 τ
1436 2677 1474 2696 us
1488 2689 1496 2703 ,
1518 2677 1533 2696 a
1544 2690 1552 2702 ,
1574 2678 1630 2697 um.
1655 2668 1714 2698 Cic.
1727 2668 1798 2698 Arar,
1813 2669 1842 2697 in
1856 2668 1953 2705 Pegaso
1964 2691 1971 2703 ,
1995 2679 2020 2698 v.
2034 2679 2076 2704 52.
2101 2670 2209 2700 Clinata
2225 2671 2265 2700 est
2276 2672 2387 2709 ungula.

1279 2705 1301 2734 C
1311 2716 1344 2734 Li
1356 2715 1376 2733 u
1387 2709 1402 2734 Ᾰ
1413 2717 1432 2734 Μ
1443 2715 1457 2734 a
1467 2715 1487 2733 N
1499 2727 1506 2737 ,
1527 2706 1591 2735 inis.
1614 2715 1642 2735 n.
1665 2706 1814 2742 [ἔκκλισις]
1837 2705 1945 2737 Lucret.
1959 2706 2007 2736 lib.
2020 2716 2045 2737 2.
2061 2717 2125 2744 292.
2147 2708 2190 2738 De
2203 2709 2387 2740 inclinatione
2395 2710 2452 2741 ele-

1318 2752 1481 2772 mentorum
1493 2745 1519 2773 ἃ
1531 2744 1686 2781 primorum
1695 2754 1845 2782 corporum
1854 2767 1862 2777 ,

1402 2782 1433 2810 ld
1445 2782 1510 2811 facit
1518 2782 1650 2817 exiguum
1662 2782 1803 2811 clinamen
1817 2783 2031 2820 principiorum.

1282 2819 1305 2848 C
1315 2823 1385 2854 Lio,
1398 2821 1439 2849 iis.
1461 2820 1480 2848 f.
1504 2820 1625 2855 [κλωὼ]
1651 2820 1712 2850 Una
1724 2830 1759 2849 ex
1773 2821 1867 2853 Musis.
1879 2830 1893 2849 a
1907 2820 1992 2858 gloria
2005 2823 2031 2851 &
2042 2821 2203 2852 celebritate
2212 2832 2303 2853 rerum
2312 2823 2450 2858 gestarum

1319 2867 1387 2894 quas
1401 2858 1493 2887 canit:
1516 2867 1620 2887 nomen
1630 2857 1713 2888 habet
1728 2869 1743 2887 a
1754 2858 1939 2888 verboGraeco
1950 2860 2029 2895 κλείω,
2043 2861 2117 2897 quod
2128 2861 2166 2889 est
2178 2860 2326 2891 Iaudo.VeI
2334 2872 2349 2890 a
2359 2863 2451 2891 nomi-

1319 2896 1454 2925 neGraeco
1470 2897 1560 2930 22i3,
1574 2896 1648 2932 quod
1662 2896 1699 2925 est
1710 2896 1806 2933 gloria,
1818 2897 1908 2926 fama:
1927 2904 2040 2935 propter
2052 2897 2166 2935 gloriam
2178 2908 2259 2935 quam
2271 2899 2376 2928 habent
2384 2910 2450 2937 poe-

1320 2940 1353 2962 tae
1365 2934 1440 2971 apud
1453 2933 1560 2969 docies,
1572 2940 1603 2962 ut
1613 2934 1653 2962 ait
1664 2934 1820 2963 Phurnutus
1831 2935 2189 2973 deNat.De0r.cap.14.Vel
2201 2944 2314 2975 propter
2324 2937 2450 2973 gloriam,

1320 2982 1381 3008 quae
1390 2982 1425 3001 eit
1442 2979 1587 3009 poetarum
1601 2971 1732 3001 laudibus
1743 2973 1838 3004 oritur.
1852 2979 1882 3002 ut
1893 2973 1932 3002 ait
1940 2972 2079 3003 Diodorus
2091 2973 2138 3002 lib.
2153 2984 2176 3008 ς.
2186 2984 2276 3011 cap.i.
2289 2975 2451 3009 fulgentius

1320 3016 1414 3038 tamen
1425 3032 1431 3041 .
1453 3009 1527 3044 Clio,
1548 3010 1653 3047 inquit,
1678 3011 1766 3048 priina
1777 3010 1918 3040 Musarum
1929 3011 2069 3049 appellata
2079 3011 2125 3040 est.
2149 3012 2176 3040 id
2187 3013 2224 3041 est
2235 3013 2368 3050 cogitatio
2380 3023 2451 3049 quae-

1321 3048 1413 3077 rendae
1423 3047 1553 3077 scientiae.
1592 3048 1716 3084 Quidam
1728 3049 1799 3077 banc
1816 3049 1934 3078 historiis
1948 3049 2059 3086 praeeffe
2076 3049 2252 3085 existimant,
2276 3051 2351 3087 quod
2370 3051 2452 3088 (ipol-

1320 3086 1391 3114 lonii
1403 3086 1703 3122 expolitoresinterrio
1717 3087 1919 3123 Argonauticon
1932 3087 2076 3116 affirmarit.
2118 3087 2214 3116 lalemi
2233 3098 2344 3125 quoque
2362 3097 2450 3117 mater

1321 3123 1384 3152 Clio
1399 3123 1477 3152 fuilse
1490 3123 1667 3161 perhibetur,
1689 3126 1714 3154 δι’.
1729 3125 1882 3161 Hymenaei.
1921 3124 1952 3153 ln
1969 3124 2105 3153 Adonidis
2117 3124 2227 3154 historia
2239 3126 2338 3163 legitur
2349 3148 2356 3159 ,
2380 3129 2452 3156 &ex

1322 3161 1455 3197 Magnete
1465 3161 1527 3191 Clio
1539 3161 1662 3198 genuiffe
1672 3162 1772 3191 Linum
1783 3185 1790 3197 ,
1811 3172 1894 3200 quem
1906 3162 1952 3191 alii
1970 3162 2078 3192 Urania:
2087 3161 2176 3192 filium
2185 3164 2384 3201 prodiderunt.

1323 3199 1418 3235 clitis,
1440 3201 1587 3237 genitivus.
1614 3200 1698 3230 Ovid.
1715 3211 1737 3229 i.
1753 3201 1789 3229 de
1801 3201 1863 3230 Arte
1877 3202 1934 3230 Am.
1950 3210 1995 3233 27.

1418 3237 1483 3266 Nori
1495 3237 1562 3266 mihi
1573 3237 1636 3266 sunt
1648 3238 1709 3267 visae
1723 3238 1784 3267 Clio
1799 3260 1806 3273 ,
1828 3238 1957 3275 Cliusque
1967 3237 2080 3267 sorores.

1286 3274 1309 3305 C
1318 3284 1376 3304 Lis
1385 3285 1404 3303 T
1413 3285 1432 3304 H
1442 3285 1456 3304 a
1466 3285 1486 3304 N
1498 3285 1532 3305 ss
1544 3297 1553 3311 ,
1575 3277 1590 3311 [
1604 3276 1760 3310 κλειέγέιης]
1784 3276 1887 3305 Primus
1896 3275 2044 3304 ostracismi
2061 3277 2156 3306 aue‘tor
2168 3278 2243 3311 apud
2257 3278 2453 3316 Athenienses,

1325 3313 1483 3351 primusque
1494 3323 1528 3342 eo
1540 3323 1641 3350 genere
1651 3314 1728 3342 exilii
1741 3313 1900 3343 muletatus.
1923 3313 1954 3342 V.
1976 3313 2097 3350 Rhodig.
2116 3315 2163 3343 lib.
2176 3314 2220 3344 ii.
2234 3326 2293 3354 cap.
2307 3328 2352 3351 44.

1286 3350 1309 3381 C
1320 3362 1335 3379 L
1344 3355 1356 3380 ῖ
1366 3361 1384 3379 Τ
1397 3362 1415 3380 A
1426 3361 1441 3380 a
1451 3362 1468 3380 c
1478 3361 1497 3380 H
1508 3362 1525 3380 u
1536 3361 1548 3379 s
1559 3374 1566 3385 ,
1588 3352 1798 3387 [κλάπιξχῶ]
1821 3351 1970 3380 ilistoricus
1983 3373 1990 3385 ,
2012 3352 2059 3388 qui
2073 3354 2098 3381 δι
2117 3352 2264 3382 Alexandri
2286 3364 2381 3383 comes
2401 3355 2455 3384 fuit

1325 3389 1353 3417 in
1365 3389 1611 3426 expeditionibus,
1635 3391 1660 3418 ἅ
1674 3390 1732 3424 ejus
1743 3399 1784 3417 res
1792 3389 1876 3426 gestas
1889 3388 2010 3425 scripsit:
2033 3390 2113 3425 cujus
2126 3391 2155 3419 in
2177 3391 2287 3420 historia
2308 3392 2453 3429 ingenium

1347 3428 1474 3462 robatur,
1496 3427 1563 3456 fides
1584 3427 1732 3455 infamatur
1744 3448 1752 3461 ,
1773 3434 1802 3455 ut
1820 3426 1912 3455 scribit
1925 3426 2046 3463 Quintil.
2061 3437 2104 3456 10.
2117 3437 2141 3457 1.
2172 3428 2261 3464 Hujus
2283 3431 2413 3460 meminit
2429 3433 2458 3461 Sc

1325 3436 1396 3494 Piin.
1408 3465 1455 3494 lib.
1472 3474 1496 3501 3.
1513 3475 1573 3502 cap.
1589 3476 1612 3498 ς.
1625 3466 1649 3493 i&
1661 3464 1708 3492 lib.
1720 3468 1745 3492 ό.
1758 3474 1818 3501 cap.
1830 3473 1841 3499 3
1853 3474 1874 3493 ι.

1286 3501 1309 3532 C
1320 3506 1356 3531 Li
1367 3513 1385 3531 T
1397 3513 1410 3531 a
1418 3514 1434 3531 L
1444 3514 1459 3531 L
1469 3513 1501 3536 ia,
1518 3512 1605 3531 arum.
1627 3500 1809 3537 [im'oaypaz]
1831 3501 1964 3531 dicuntur
1973 3502 2062 3537 Festo,
2075 3502 2186 3538 Quibus
2195 3503 2307 3534 sarcinae
2320 3505 2457 3544 colligatae

1323 3540 1407 3569 mulis
1419 3548 1572 3578 portantur.
1588 3539 1672 3568 Pluut.
1684 3538 1902 3574 Mostel.3.2.91.
1916 3539 1998 3569 Vehit
2010 3539 2137 3570 clitellas.
2152 3541 2251 3572 Hora.
2261 3543 2350 3573 Serm.
2366 3555 2392 3581 ς.
2406 3554 2452 3582 47.

1418 3579 1491 3608 Hinc
1504 3577 1571 3606 muli
1585 3576 1686 3614 Capuae
1701 3576 1818 3605 clitellas
1832 3583 1960 3613 tempore
1971 3584 2090 3614 ponunt.

1324 3615 1444 3645 Perserre
1457 3616 1575 3644 clitellas
1587 3614 1688 3650 aliquo.
1712 3613 1778 3642 Hor.
1797 3625 1817 3643 i.
1834 3614 1915 3651 Epist.
1932 3624 1972 3649 ιζ.
1988 3626 2014 3651 7.

1324 3652 1483 3691 Impingere
1492 3652 1611 3682 clitellas
1622 3674 1629 3685 ,
1650 3661 1699 3689 pro
1714 3651 1897 3688 impingendo
1914 3652 2022 3682 illidere
2033 3674 2042 3687 ,
2063 3653 2140 3691 apud
2156 3654 2226 3686 Hor.
2243 3665 2267 3686 1.
2281 3656 2364 3694 Epist.
2378 3666 2420 3694 η.
2430 3666 2457 3694 7.

1420 3692 1537 3723 Abjicito
1548 3691 1640 3726 potius
1652 3711 1659 3722 ,
1682 3698 1765 3724 quam
1778 3699 1832 3726 quo
1843 3689 1966 3727 perferre
1976 3691 2080 3726 juberis

1421 3728 1544 3757 Clitellas
1555 3728 1627 3755 ferus
1639 3727 1784 3763 impingas.

1327 3765 1444 3796 Clitellae
1459 3767 1522 3793 bovi
1543 3765 1605 3793 sunt
1621 3764 1764 3800 impositae.
1802 3763 1859 3793 Cic.
1878 3775 1902 3798 ς.
1917 3764 1969 3793 Att.
1985 3774 2027 3800 ις.
2057 3766 2076 3796 i.
2089 3776 2112 3795 e.
2144 3766 2289 3798 Provincia
2309 3769 2367 3799 hacc
2385 3771 2454 3799 mihi

1345 3813 1402 3832 non
1414 3803 1547 3832 convenit
1559 3824 1565 3835 ,
1586 3811 1643 3829 non
1659 3802 1745 3838 magis
1762 3811 1843 3837 quam
1861 3801 1924 3830 bovi
1938 3801 2058 3833 clitellae.
2101 3804 2131 3833 V.
2156 3804 2255 3835 Erasini
2267 3808 2414 3836 Chili‘adas.

1327 3840 1455 3872 Clitellae,
1478 3841 1566 3869 Locus
1577 3838 1672 3867 Romae
1684 3860 1692 3873 ,
1715 3848 1828 3876 propter
1844 3840 2054 3870 similitudinem
2065 3841 2238 3873 clitellarum.
2264 3847 2290 3874 Sc
2302 3845 2331 3873 in
2347 3846 2390 3874 via
2401 3845 2458 3874 fla-

1348 3879 1433 3907 minia
1445 3878 1505 3906 loca
1514 3877 1640 3914 quaedam
1651 3876 1759 3904 devexa
1770 3876 1886 3906 subinde
1899 3878 1924 3906 Sc
1935 3878 2059 3908 acclivia.
2085 3879 2185 3909 Festus.

1327 3915 1371 3944 Est
1382 3916 1464 3944 ctiam
1474 3915 1724 3957 'formeiitilgenus
1737 3916 1837 3943 eodem
1852 3916 1966 3944 nomine
1976 3917 2158 3954 appellatum.
2181 3918 2283 3948 Festus.

1288 3952 1311 3983 C
1320 3964 1335 3981 r.
1346 3964 1354 3981 i
1365 3962 1383 3981 'r
1393 3962 1431 3982 ιιι,
1446 3963 1459 3981 L
1470 3963 1488 3981 A
1500 3962 1516 3981 a
1525 3963 1534 3981 ι
1546 3962 1560 3982 υ
1572 3962 1584 3981 s
1597 3973 1604 3988 ,
1625 3962 1643 3981 ι.
1665 3960 1703 3981 m.
1725 3952 1955 4019 [στιγμκπὲῗεᾱὶυ
1970 3954 1983 3988 ]
2006 3956 2062 3992 Qui
2076 3955 2226 3986 clitellatus
2238 3956 2290 3985 fert
2300 3965 2399 4023 omer}
2414 3963 2454 3990 ut,

1910 3999 1926 4019 z
1936 3999 1952 4019 z
2385 3997 2456 4022 linus
