2667 4145
1257 61 1496 111 ss(0)ffl

205 161 318 200 rursus
339 172 384 198 ex
405 157 592 208 Lipfienfi,
622 157 658 194 ἃ
674 155 820 206 quidem
833 154 1030 194 continuo,
1056 162 1097 188 ac
1108 150 1217 198 paenei
1232 149 1366 187 unitim

207 216 448 258 apponerent,
476 207 714 255 voculamque
741 205 842 246 idem,
868 215 944 252 quae
969 202 1075 237 toties
1099 202 1136 235 in
1162 198 1227 236 illo
1255 210 1366 255 opere

207 260 396 306 repetitur,
419 258 557 305 quoties
577 255 724 304 sequens
740 265 814 290 vox
831 265 850 289 a
866 249 1095 300 praecedentis
1111 246 1367 295 fignificatione

207 319 285 345 non
307 307 399 348 abit,
426 312 563 342 mutato
580 301 666 340 licet
686 304 878 339 verborum
895 298 1042 338 ordine,
1065 298 1196 344 pariter
1214 307 1368 344 repone-

207 362 309 396 rent,
339 362 377 392 ut
395 367 424 391 e.
449 366 483 401 g.
508 352 628 389 videre
644 352 729 389 licet
748 352 785 387 in
803 348 1002 387 Acurure,
1027 344 1366 388 DECRETIO‚&C.&C.

207 404 267 442 Sic
283 403 449 440 AEssusco
475 403 512 438 &
532 401 791 440 AEauscaToR,
817 398 974 445 primum
993 393 1055 432 suo
1076 393 1162 431 loco
1182 406 1228 430 ex
1249 393 1367 441 Lugd.

207 453 335 489 iterum
359 454 396 488 in
417 451 479 488 AEs
502 462 546 487 ex
566 447 731 498 Lipfiensi
748 445 977 484 inserebatur,
1004 444 1041 481 &
1059 442 1312 482 AGUMENTUM
1330 444 1368 478 in

207 502 291 539 AGO
310 511 355 537 ex
374 498 503 537 eodem
516 527 525 541 ,
553 499 639 536 item
653 498 690 533 δι
707 495 767 533 suo
780 495 865 530 loco
883 503 928 527 ex
940 489 1056 541 Lugd.
1106 490 1164 527 Sic
1180 488 1368 526 ALBUMEN

207 552 244 588 in
263 548 388 587 eadem
412 547 581 587 columna
609 548 662 584 bis
686 543 862 592 positum,
887 536 934 576 fic
963 539 1225 578 CALEDON1U8‚
1253 536 1368 574 CANA·

207 604 286 639 R1A,
311 596 487 638 CANARH,
526 595 690 634 CAPITO,
725 591 900 631 CAPREAE,
928 589 964 626 δε
996 586 1061 623 alia
1096 585 1366 634 quamplurima.

205 647 248 687 In
269 646 371 686 ABEO
391 644 487 682 idem
510 643 614 682 Plinii
634 640 755 683 locus,
780 637 866 673 Abiit
891 636 1024 682 oppidum
1044 639 1074 670 in
1089 635 1191 677 villas,
1217 633 1288 671 fine
1308 645 1368 670 ex-

206 696 401 744 plicatione
424 695 474 730 bis
498 691 727 732 occurrebat,
755 690 793 725 in
820 686 1053 724 ACCIDENTIA
1078 684 1152 721 duo
1177 681 1368 729 Quintilia-

206 747 245 782 ni
271 745 351 782 loca
370 745 422 780 bis
441 739 722 780 adducebantur,
752 738 910 786 primum
934 747 979 772 ex
1007 734 1119 782 AEgro
1138 731 1365 780 Redempto,

206 793 335 830 deinde
370 804 414 828 ex
438 788 541 828 Deci.
564 799 593 832 5.
645 785 854 834 Cujusmodi
888 796 987 822 error
1013 785 1051 819 in
1084 780 1240 818 Livianis
1276 781 1367 818 locis

233 840 493 889 uamplurimis,
512 838 561 874 ob
575 836 707 873 citandi
724 833 894 872 diversam
907 835 1084 870 rationem
1098 830 1240 872 scilicet,
1256 842 1367 878 quum

203 855 399 938 §tephanus
429 886 641 928 Decadum,
666 883 777 923 Faber
793 884 836 921 ab
855 882 952 920 Urbe
974 880 1119 919 condita
1143 878 1272 916 Libros
1306 879 1367 915 de-

203 945 364 981 notaret,
401 936 490 973 mihi
521 935 687 972 occurrit.
735 934 778 972 In
815 931 1139 969 ACCOMMODATUS
1162 927 1260 964 idem
1289 927 1364 965 Cic.

201 984 304 1026 loeus
323 987 499 1023 continuo
517 984 761 1031 repetebatur,
787 982 824 1017 in
845 980 994 1019 ADDICO
1016 977 1113 1015 idem
1135 975 1226 1014 Livii
1242 976 1365 1019 locus,

201 1038 263 1076 ubi
285 1036 330 1072 de
348 1035 407 1072 usu
424 1034 526 1080 hujus
544 1033 643 1069 verbi
662 1034 700 1068 in
718 1031 886 1079 Augurali
912 1028 1113 1076 disciplina,
1140 1027 1297 1073 primum
1320 1038 1365 1062 ex

200 1085 260 1122 lib.
281 1096 337 1130 27.
362 1082 490 1121 deinde
509 1081 617 1130 paulo
635 1081 714 1129 post
733 1092 777 1118 ex
798 1091 831 1125 7.
851 1077 931 1116 bell.
955 1078 1041 1115 Pun.
1062 1075 1305 1116 afferrebatur,
1325 1074 1366 1111 fi.

198 1134 402 1182 militerque
422 1132 527 1180 plane
548 1132 585 1167 in
609 1141 641 1166 v.
667 1129 853 1167 ADMVTTO
882 1127 1035 1175 ejusdem
1052 1124 1254 1171 disciplinae,
1276 1136 1365 1160 erra-

199 1191 277 1220 tum
304 1183 377 1219 suit.
424 1182 465 1219 ln
490 1180 740 1217 Amazonicus
759 1178 882 1219 Plinii,
909 1179 946 1213 in
969 1175 1175 1213 AMBACTus
1204 1171 1361 1215 Caesaris,

197 1233 237 1270 in
254 1231 424 1269 AMBITUS
445 1229 588 1266 Senecae
606 1225 749 1274 Tragici
767 1227 868 1264 locus
886 1225 993 1266 idem,
1018 1223 1202 1271 perpaucis
1223 1224 1364 1269 interje-

198 1281 260 1318 <stis
272 1275 659 1322 lineis,0ccurrebat.1n
668 1276 813 1318 ARBOR,
825 1282 960 1312 veteres
972 1274 1006 1310 δε
1018 1271 1113 1306 Arbos
1124 1274 1161 1308 in
1171 1270 1359 1318 nomsmg.

199 1329 334 1371 dixisse,
357 1341 375 1365 a
392 1327 572 1376 principio
598 1326 726 1372 pariter
755 1325 792 1360 Bc
810 1324 854 1361 ad
883 1323 990 1361 finem
1018 1320 1180 1357 dittionis
1206 1319 1361 1366 ejusdem

196 1378 449 1417 inculcabatur.
497 1375 538 1412 ln
572 1372 712 1411 BELLUS
739 1372 836 1410 idem
873 1371 948 1412 Cic.
975 1369 1096 1411 locus,
1131 1370 1169 1406 in
1194 1367 1360 1408 BUCCINA

195 1428 390 1474 Propertii,
416 1427 453 1462 in
478 1423 669 1462 CAPITALIS
693 1422 805 1459 rursus
826 1421 903 1460 Cic.
921 1422 957 1457 in
979 1419 1196 1458 CAUPONIUS
1210 1417 1358 1466 Justini,

194 1479 235 1514 in
260 1476 409 1514 Civmis
429 1473 503 1512 Cic.
527 1473 565 1509 in
591 1468 738 1507 CLASSIS
761 1471 797 1508 &
825 1469 1011 1509 CONFERO
1030 1464 1183 1512 Quintil.
1224 1467 1266 1504 in
1285 1466 1360 1505 Co-

193 1529 341 1562 MITIUM
357 1523 549 1562 Varronis,
574 1521 613 1556 in
640 1517 929 1556 COMPETENTER
949 1515 1045 1552 idem
1067 1515 1212 1563 Ulpiani
1235 1514 1358 1558 locus,

194 1574 252 1612 sed
271 1574 390 1622 primo
402 1576 602 1618 corruptus,
620 1569 657 1604 in
673 1566 901 1605 CONSTITUO
920 1564 995 1602 Liv.
1016 1566 1053 1602 in
1071 1563 1358 1602 CONTERMINUS

193 1623 284 1662 Plin.
303 1623 340 1658 in
359 1621 552 1659 CONTERO
576 1617 763 1655 Ciceronis
783 1627 882 1663 paene
903 1614 1046 1660 jundlim
1062 1612 1187 1650 eadem
1202 1612 1283 1649 loca
1303 1625 1358 1649 re-

192 1672 414 1722 petebantur.
463 1666 546 1705 Scio
562 1666 796 1703 inconcinnas
814 1658 986 1709 eiusmodi
1003 1663 1234 1710 repetitiones
1251 1663 1358 1698 etiam
1411 1671 1436 1710 p

192 1723 231 1758 in
243 1716 471 1768 Lugdunenfi
494 1715 621 1753 codice
638 1713 915 1763 quamplurimas
940 1712 1091 1754 exstare,
1122 1709 1180 1747 sed
1200 1717 1299 1748 erant
1317 1710 1358 1747 il·-

190 1770 235 1808 ]ae
249 1767 434 1809 tollendae,
460 1776 536 1802 non
554 1762 742 1811 augendae,
769 1772 902 1799 novam
922 1761 1120 1798 editionem
1140 1761 1355 1797 curantibus.

190 1818 320 1858 Praeter
339 1816 424 1851 Fabri
442 1815 621 1858 Thefiturum
637 1813 744 1849 etiam
757 1813 835 1846 Sam.
853 1809 950 1854 Pitzfii
969 1812 1196 1856 Antiquitatum
1214 1812 1292 1852 Qum.
1304 1812 1358 1843 Le-

192 1871 277 1903 xicon
296 1865 485 1914 diligenter
502 1861 699 1900 admodum
718 1859 925 1900 contulisse,
952 1865 993 1895 ut
1021 1858 1105 1894 inde
1130 1867 1208 1906 quae
1228 1857 1272 1894 ad
1299 1868 1357 1894 or-

192 1915 349 1955 nandam
367 1924 497 1951 novam
523 1911 614 1948 hanc
631 1910 826 1947 editionem
849 1909 1026 1956 pertinere
1048 1906 1271 1954 Judicabant,
1297 1919 1359 1943 ex-

193 1970 401 2012 cerperent,
428 1961 538 1999 iidem
555 1958 634 1996 Viri
652 1957 783 1997 Clariis.
804 1958 890 1994 citra
918 1958 1108 1993 vanitatem
1136 1955 1213 1992 sane
1232 1956 1357 2003 praedi-

191 2020 284 2052 cant.
296 2013 421 2051 Mirari
432 2021 516 2047 vero
528 2009 708 2049 convenit,
719 2018 830 2055 quum
839 2006 918 2042 talia
931 2007 968 2042 in
980 2005 1053 2053 ipso
1064 2004 1234 2052 Stephani
1247 2016 1357 2052 opere

192 2063 336 2101 ferenda
362 2060 427 2098 effe
452 2059 589 2107 ingenti
606 2056 790 2094 stomacho
811 2061 965 2103 negent,
993 2066 1056 2091 cur
1076 2053 1235 2103 quaedam
1255 2053 1361 2102 plane

193 2123 289 2149 nova
305 2108 478 2147 vocabula
494 2136 503 2150 ,
532 2108 568 2144 &
587 2115 709 2143 recens
728 2106 770 2142 ab
790 2102 1085 2151 auetoribus'ipfis
1107 2114 1151 2139 ex
1172 2102 1360 2140 vernacula

193 2162 299 2208 copia
313 2158 460 2196 confiCta
470 2185 479 2198 ,
504 2156 627 2193 letiori
643 2166 710 2202 pro
722 2154 886 2203 Antiquis
901 2165 945 2189 ex
957 2153 1085 2189 eodem
1095 2150 1223 2189 Pitisco
1236 2153 1360 2189 obtru-

194 2210 291 2251 dant,
309 2215 348 2246 ut
364 2208 440 2244 sunt
454 2218 519 2254 eg.
532 2204 768 2241 mensurarum
781 2201 1081 2240 nominaBARlLls
1099 2201 1135 2237 &
1147 2198 1358 2240 ismeone&

193 2270 263 2299 nec
288 2257 381 2306 ipsos
403 2255 492 2292 adeo
520 2251 820 2294 animadvertisse,
846 2251 958 2288 hosce
986 2247 1053 2286 esse
1080 2248 1197 2290 illius,
1224 2247 1359 2298 alioqui

195 2304 472 2347 elaboratiffimi,
499 2304 618 2352 operis
634 2308 762 2339 naevos
791 2300 945 2341 Ceterae,
964 2297 1161 2345 cujusmodi
1174 2297 1252 2339 sint,
1273 2306 1358 2345 quas

188 2358 362 2407 'praeterea
383 2356 420 2391 in
439 2365 530 2401 opus
548 2351 644 2389 idem
656 2349 886 2391 contulerint,
901 2360 1003 2390 curae,
1016 2359 1098 2384 cum
1109 2347 1265 2394 ipsorum
1283 2357 1359 2382 ver-

195 2408 249 2444 bis
266 2403 483 2454 cognoscere
495 2402 620 2442 liceat,
644 2411 722 2436 mea
739 2398 1055 2436 commendatione
1075 2395 1166 2432 nihil
1183 2407 1273 2442 opus
1291 2394 1357 2431 esse

194 2461 297 2506 puto.
340 2452 423 2492 Hoc
444 2463 518 2488 uno
541 2449 629 2486 mihi
651 2449 789 2497 optime
806 2447 947 2484 lestoris
971 2445 1173 2482 commodo
1196 2443 1358 2481 studuiffe

195 2504 382 2544 videntur,
407 2499 508 2549 quod
531 2498 673 2533 Ciceronis
691 2497 781 2534 locis
804 2495 972 2531 Alexandri
990 2498 1057 2529 Saos
1079 2493 1273 2531 se&i0num
1293 2504 1358 2529 nu..

194 2564 314 2590 meros
329 2580 338 2594 ‚
366 2549 452 2587 ficut
471 2546 676 2593 Verburgianae
696 2546 863 2582 editionis
885 2545 1036 2592 margini
1065 2542 1228 2591 adscripti
1257 2543 1356 2584 sunt,

194 2597 425 2649 subjecerunt.
476 2596 582 2642 Quos
599 2594 662 2643 ipsi
681 2593 826 2643 quidem
852 2593 956 2644 salso,
979 2599 1019 2629 ut
1034 2592 1094 2629 suo
1117 2592 1202 2628 loco
1224 2591 1356 2628 dietum

195 2652 263 2693 est,
290 2649 471 2684 Aldinarum
489 2646 699 2694 pagInarum
719 2643 784 2682 esse
804 2648 982 2690 putarunt.
1031 2639 1257 2678 Tametfihas
1268 2652 1358 2688 quo-

194 2711 264 2748 que
285 2698 429 2746 paginas
443 2723 452 2736 ,
482 2705 567 2743 quas
585 2692 743 2730 similiter
761 2691 981 2739 Verburgius
1002 2688 1194 2737 adscripsit,
1231 2701 1361 2727 eorun-

192 2749 277 2785 dem
297 2755 530 2783 numerorum
546 2741 721 2778 beneficio
740 2742 899 2777 invenire
919 2745 1130 2787 promptum
1154 2737 1205 2774 iit.
1253 2737 1358 2776 Cete-

193 2806 274 2835 rum·
291 2797 328 2832 in
351 2794 417 2831 hac
438 2802 584 2840 quoque
603 2790 759 2838 ipsorum
784 2799 892 2838 opera
911 2789 1082 2824 festinatio
1102 2786 1276 2824 nonnulla
1301 2798 1359 2834 ap-

194 2851 305 2894 paret,
328 2842 372 2880 de
391 2853 459 2888 qua
478 2840 672 2877 admonere
691 2838 860 2875 leoorem
878 2835 1013 2875 necesse
1023 2835 1150 2874 habeo.
1199 2835 1359 2883 Compe-

195 2896 225 2931 ri
244 2894 339 2930 enim
358 2890 516 2939 ipsorum
535 2899 705 2926 numeros
724 2887 875 2924 editioni
900 2885 1075 2933 Verburg.
1101 2885 1295 2922 Amstelod.
1319 2886 1357 2920 in

196 2949 278 2985 8vo.
298 2941 392 2978 Anni
418 2947 522 2985 1724.
553 2947 622 2986 qua
646 2937 792 2978 utebar,
827 2932 1004 2983 saepisfime
1024 2946 1101 2970 non
1123 2934 1356 2981 respondere,

197 3003 264 3027 nec
282 3001 359 3026 raro
381 2990 486 3026 etiam
507 2987 572 3024 alia
588 2986 687 3027 loca,
712 2995 778 3032 pro
792 2983 868 3027 his,
895 2995 971 3032 quae
992 2982 1161 3031 adscripta
1179 2982 1279 3024 sunt,
1309 2981 1358 3017 al-

194 3040 325 3087 legari,
356 3036 603 3085 nonnusquam
621 3063 631 3077 ,
658 3034 756 3071 velut
775 3034 884 3083 animi
899 3033 1028 3080 gratia,
1062 3039 1195 3068 temere
1217 3031 1357 3079 prorsus

198 3098 367 3126 numeros
387 3086 488 3123 falsos
510 3083 701 3132 adscriptos
714 3081 789 3119 esse.
828 3080 963 3128 Quod,
984 3080 1008 3116 fi
1027 3080 1141 3117 studio
1154 3080 1280 3117 faftum
1296 3080 1354 3121 est.

200 3148 273 3185 quo
294 3134 441 3172 confilio
460 3135 609 3172 fecerint
626 3143 703 3169 non
721 3130 896 3180 intelligo.
947 3129 1026 3167 Nec
1050 3129 1123 3166 hoc
1146 3141 1292 3177 quoque
1311 3130 1358 3165 fa-

200 3186 267 3223 cile
288 3183 469 3233 quisquam
489 3182 666 3222 laudabit,
695 3180 795 3229 quod
814 3182 851 3217 in
874 3181 935 3220 iis,
959 3189 1036 3226 quae
1055 3189 1100 3214 ex
1123 3177 1256 3222 Lipfienfi
1286 3176 1357 3211 The·
1402 3187 1426 3224 p

193 3235 282 3278 samo
309 3231 577 3280 excerpserunt,
615 3229 798 3268 austorum
822 3229 903 3265 loca
927 3228 1060 3275 ziphris
1081 3225 1261 3274 designare
1281 3227 1357 3262 satis

199 3283 404 3322 habuerint,
433 3276 561 3317 omissis
586 3281 596 3316 i
625 3279 742 3316 sorum
762 3278 886 3315 verbis.
934 3276 1023 3321 Quo
1051 3274 1177 3311 fastum
1203 3275 1270 3317 est,
1298 3282 1355 3317 ut,

203 3337 317 3368 errato
335 3331 371 3366 in
389 3329 545 3365 numeris
567 3339 584 3364 a
612 3327 734 3369 misso,
773 3324 1035 3374 quampiurima
1062 3324 1182 3362 frustra
1201 3322 1357 3372 appofita

201 3380 283 3421 sint,
311 3390 356 3415 ne
375 3377 460 3426 quid
477 3376 605 3414 addam
622 3376 665 3414 de
685 3376 844 3413 molestia
863 3373 1077 3423 inquirendi.

248 3427 317 3464 Sed
337 3434 376 3463 ut
388 3426 430 3462 ud
445 3437 560 3462 meam
578 3425 720 3462 tandem
741 3419 897 3473 op'ellaui
912 3422 1077 3459 accedam
1089 3450 1099 3463 ,
1125 3422 1283 3469 primum
1298 3430 1358 3457 ve-

201 3477 263 3512 lim
281 3478 317 3512 in
340 3477 498 3512 animum
518 3485 664 3510 revoces
680 3475 764 3515 tibi,
791 3472 828 3511 B.
842 3472 882 3511 L.
908 3473 946 3508 id
965 3471 1063 3520 quod
1086 3469 1186 3518 supra
1199 3472 1357 3518 ingenue

202 3524 299 3562 salsus
323 3524 416 3565 sum,
449 3520 641 3570 planiffime
662 3522 740 3558 data
769 3521 835 3559 esse
864 3522 969 3558 verba
992 3519 1080 3556 mihi
1109 3521 1145 3555 in
1177 3520 1356 3565 principio

200 3574 306 3621 primi
327 3571 520 3608 &secundi
538 3571 742 3612 voluminis,
768 3573 813 3607 ita
829 3578 883 3612 ut,
903 3578 1052 3618 propter
1071 3570 1266 3616 ingentem,
1291 3578 1357 3614 op-

200 3624 413 3669 timamque,
432 3631 535 3667 quam
550 3621 712 3666 protinus
731 3619 774 3655 de
793 3631 902 3666 opere
921 3628 1157 3664 conceperam
1174 3644 1183 3658 ,
1215 3617 1357 3671 opinio-

199 3682 295 3711 nem,
322 3671 438 3706 minus
455 3670 592 3704 intento
608 3669 748 3709 animo,
772 3668 938 3705 nonnihil
958 3670 993 3703 in
1016 3665 1135 3702 multis
1155 3670 1247 3713 quan
1267 3675 1356 3700 con-

199 3721 378 3758 niverem,
410 3717 526 3753 donec
548 3728 653 3764 quarn
679 3716 888 3752 mendosum
910 3728 950 3752 ac
972 3715 1136 3751 vitiosum
1159 3725 1249 3761 opus
1275 3712 1356 3749 esset

198 3768 234 3803 in
258 3765 332 3814 ipso
352 3764 535 3813 progressu
560 3765 689 3800 laboris
713 3763 838 3800 clarius
867 3765 1038 3812 perspexi.
1087 3761 1142 3801 lbi
1170 3773 1256 3799 vero
1287 3763 1357 3808 pri-

194 3827 295 3852 mum
319 3816 482 3850 omnium
512 3817 625 3847 Errores
644 3813 871 3858 typographia-os,
898 3819 1079 3860 quotquot
1098 3812 1250 3854 offendi,
1278 3809 1357 3845 dili-

192 3871 319 3912 genter
336 3862 539 3910 expurgavi.
589 3859 744 3898 Tametsi
772 3862 870 3897 enim
891 3873 967 3896 non
989 3870 1136 3908 negem,
1177 3870 1236 3899 me
1257 3857 1356 3897 Lon-

1418 145 1599 184 dinensem
1621 145 1787 183 codicem
1802 141 2000 181 admodum
2020 141 2209 190 diligenter
2225 139 2293 177 hac
2305 144 2404 186 parte
2421 138 2585 178 curatum

1420 193 1650 244 comperisse,
1681 192 1793 231 abesse
1824 201 1942 230 tamen
1969 204 2046 229 non
2076 192 2213 240 potuit,
2244 190 2332 238 quin
2352 199 2431 233 opere
2448 193 2479 224 in
2500 190 2581 235 longo

1419 244 1630 282 mendarum
1651 243 1834 292 quidpiam
1854 244 2043 289 irreperet,

1846 303 1921 339 quas
1939 298 1994 324 aut
2017 290 2135 324 incuria
2150 286 2259 334 fudit,

1519 343 1587 375 Aut
1607 341 1735 374 humana
1748 351 1856 383 parum
1874 340 1955 372 cavit
1972 347 2091 373 natura.

1422 390 1491 428 Sed
1510 390 1585 426 haec
1602 388 1693 425 levia
1713 395 1820 425 errata
1835 387 1999 434 intelligo
2011 415 2019 428 ‚
2049 396 2197 435 quaeque
2212 383 2317 421 unius
2332 381 2518 419 alteriusve
2532 382 2591 419 lit:

1422 439 1542 476 terulae
1560 438 1774 484 adjectione,
1802 436 1859 473 vel
1879 435 2114 476 detrad'tione‚
2145 432 2202 470 vel
2223 430 2504 481 permutatIOne,
2530 430 2590 468 vel

1423 486 1713 542 transpositione,
1740 486 1840 522 facile
1864 484 1995 525 letior,
2023 495 2100 520 non
2132 483 2285 519 omnino
2310 479 2586 522 indofflffimus,

1421 547 1486 585 per
1505 538 1538 572 le
1557 534 1769 572 emendabit.
1821 532 1944 571 Veluti
1962 544 2073 581 quum
2098 532 2163 567 Gel.
2183 541 2250 578 pro
2277 529 2345 564 Gal.
2369 529 2499 566 lectum
2516 529 2584 572 est,

1424 587 1637 620 Grammaticos
1656 595 1723 632 pro
1739 586 1935 618 Gromaticos,
1961 585 2031 615 Baet.
2053 592 2122 628 pro
2140 583 2226 614 Praet.
2248 577 2380 612 Saeuiari
2399 589 2469 625 pro
2493 581 2589 623 jacu-

1423 634 1500 676 lari,
1532 633 1693 667 Voluerunt
1713 643 1781 680 pro
1805 635 1986 667 reimerum,
2011 630 2156 676 Aggerati
2175 638 2242 674 pro
2265 628 2443 672 Aggregati‚
2480 626 2587 661 Mulm

1422 694 1491 730 pro
1524 681 1633 716 MuHus
1650 709 1660 723 ‚
1712 683 1814 715 Palam
1842 691 1909 728 pro
1941 678 2075 719 Pallam,
2127 676 2341 710 Tuburcinium
2367 685 2436 722 pro
2468 673 2587 720 Tubici-

1421 734 1505 766 nium
1525 755 1535 772 ,
1584 733 1645 764 Hic
1683 740 1751 778 pro
1791 732 1873 765 Hinc
1889 752 1898 765 ‚
1943 729 2111 771 Principum
2150 735 2219 772 pro
2252 726 2430 766 Principium
2444 750 2456 766 ,
2501 722 2587 770 Qifi

1421 792 1478 828 que
1505 789 1571 828 pro
1594 782 1731 826 Qinque
1749 802 1758 814 ‚
1806 780 1852 812 Sit
1879 788 1948 824 pro
1974 778 2021 810 fit
2039 803 2048 817 ,
2101 776 2175 809 Cive
2212 783 2279 821 pro
2314 771 2387 807 Cibo
2407 797 2419 813 ,
2469 775 2586 807 Matri-

1421 831 1508 863 monii
1540 839 1607 874 pro
1644 829 1833 863 Patrimon,
1870 827 1906 862 ὃς
1936 826 2038 871 Cqstra
2068 834 2137 872 pro
2175 822 2334 866 Claustra,
2382 823 2484 856 Eurius
2510 830 2583 868 pro

1421 880 1544 918 Furius,
1593 876 1706 910 Mmtis
1728 886 1795 924 pro
1823 874 1945 910 Merite}
1961 898 1973 917 ,
2022 875 2134 919 Regum
2168 882 2236 920 pro
2271 872 2381 912 Rerum
2398 895 2410 913 ,
2461 872 2582 915 Utrius-

1419 938 1478 973 que
1517 935 1584 972 pro
1625 926 1776 973 Virtusque
1790 952 1801 967 ,
1854 918 1948 957 Tunc'
1976 933 2044 970 pro
2081 925 2177 957 Nunc
2197 948 2208 962 ,
2259 922 2472 954 Con-vexarunt
2509 917 2580 966 p'ro

1421 975 1628 1015 Convexavit,
1662 973 1731 1010 &c.
1805 971 1912 1010 Erant
1928 982 2015 1008 vero
2036 971 2144 1008 etiam
2161 969 2325 1018 gravio-ra
2346 967 2384 1005 ἃ
2408 967 2579 1016 infignia,

1418 1029 1544 1071 atque,
1582 1029 1622 1059 ut
1651 1023 1699 1059 ita
1732 1022 1869 1063 dicam,
1904 1020 2089 1068 Maiorum
2126 1020 2290 1068 gentium
2322 1016 2503 1065 quaedam,
2542 1018 2582 1054 in

1418 1073 1545 1120 quibus
1572 1083 1685 1108 errare
1703 1073 1809 1108 etiam
1824 1069 2018 1111 doctiores,
2059 1080 2101 1106 ac
2127 1075 2222 1106 certe
2244 1068 2375 1104 haerere
2393 1072 2581 1114 poterant,

1416 1129 1457 1159 ut
1487 1122 1524 1157 in
1551 1120 1697 1158 ABHINC
1717 1120 1835 1155 Plautus
1861 1131 1929 1168 pro
1962 1119 2097 1160 Flavius,
2123 1119 2162 1154 in
2190 1117 2372 1157 ACORNA,
2411 1116 2588 1157 Acanaceag

1414 1182 1486 1204 ¹rum
1517 1181 1585 1218 pro
1618 1170 1851 1210 Aculeatarum,
1888 1170 1927 1205 in
1955 1167 2110 1205 ACCUBO
2148 1166 2293 1201 inclinare
2319 1175 2387 1213 pro
2422 1164 2579 1198 Triclinia.

1416 1230 1466 1261 re,
1507 1220 1545 1255 in
1574 1218 1780 1256 ACCIPITRO
1801 1220 1904 1262 Jacere
1928 1228 1998 1264 pro
2019 1220 2182 1258 Lacerare,
2225 1215 2263 1252 in
2291 1214 2485 1253 ACTUTUM
2514 1216 2580 1247 Cae.

1415 1275 1480 1302 tera
1516 1279 1584 1315 pro
1623 1273 1738 1310 Extra,
1779 1268 1817 1304 in
1851 1266 2050 1304 ADIPATUM
2090 1264 2187 1300 Veluti
2226 1275 2295 1312 pro
2337 1263 2497 1305 Videlicet,
2539 1262 2580 1298 in

1414 1315 1524 1353 Acras
1550 1320 1678 1351 Externa
1709 1328 1777 1365 pro
1801 1318 1847 1349 Ex
1887 1318 1994 1357 tertia,
2032 1315 2070 1351 in
2088 1313 2242 1351 Arcisius
2265 1315 2389 1347 omitres
2409 1323 2478 1360 pro
2501 1313 2582 1345 Ma.

1415 1366 1486 1407 tris,
1528 1366 1565 1402 in
1599 1365 1769 1403 AMBIENS
1806 1363 1887 1399 Mihi
1914 1375 1983 1412 pro
2012 1363 2132 1405 Multi,
2181 1363 2220 1399 in
2257 1362 2387 1400 ALGEO
2427 1362 2586 1395 Concretid

1413 1422 1483 1462 pro
1517 1415 1678 1457 censeam,
1704 1416 1743 1451 in
1771 1413 1878 1452 AGER
1911 1415 2008 1449 Tertio
2034 1415 2066 1447 in
2090 1415 2167 1453 Ter,
2211 1422 2282 1460 pro
2317 1415 2394 1446 Itero
2427 1413 2458 1444 in
2494 1412 2577 1452 Iter,

1413 1464 1452 1500 in
1485 1463 1569 1501 AGO
1596 1465 1696 1500 Pilum
1724 1474 1794 1512 pro
1819 1463 1962 1504 Clivum,
1998 1464 2037 1498 in
2072 1459 2179 1498 ALBIS
2204 1472 2274 1509 pro
2312 1460 2418 1506 Elstera
2446 1458 2553 1493 ortella
2562 1482 2581 1502 ,Α

1411 1513 1451 1550 in
1484 1513 1655 1551 AMILCAR
1697 1510 1918 1555 Athenienfium
1951 1522 2020 1558 pro
2054 1508 2338 1555 Carthaginienfium
2358 1536 2370 1550 ,
2414 1509 2452 1545 in
2481 1506 2578 1545 ΑΜΟ

1410 1567 1498 1598 AEmo
1533 1571 1601 1609 pro
1645 1564 1759 1604 Acme,
1812 1561 1850 1598 in
1885 1559 2030 1597 ANCEPS
2074 1559 2214 1605 Frugibus
2243 1569 2314 1606 pro
2352 1558 2460 1603 fungis
2475 1584 2486 1599 ,
2536 1557 2578 1594 in

1411 1612 1562 1650 ANIMUS
1588 1611 1704 1647 Animis
1744 1620 1813 1658 pro
1855 1607 2010 1654 Affefflibus
2025 1635 2037 1650 ,
2074 1608 2114 1644 in
2149 1608 2317 1646 APPELLO
2354 1610 2578 1641 Tormentorum

1439 1672 1481 1698 ro
1527 1664 1663 1699 Telorum
1678 1687 1690 1702 ,
1739 1661 1777 1696 in
1817 1658 2002 1697 CALLIDUS
2050 1655 2178 1691 Verbum
2217 1668 2294 1705 pro.
2335 1659 2482 1697 Novum,
2536 1654 2575 1691 in

1412 1710 1600 1749 conterno
1632 1712 1718 1743 Luna
1748 1719 1817 1756 pro
1842 1707 1909 1749 sol,
1951 1708 1989 1743 in
2023 1703 2279 1746 CONJunc'no
2312 1704 2465 1748 Dffpatio
2503 1712 2575 1752 pro

1411 1760 1614 1804 Dispenfinw‚
1669 1759 1708 1794 in
1752 1756 1942 1795 CONVELO
1991 1755 2155 1801 Confirmat
2198 1762 2267 1801 pro
2320 1753 2487 1795 Convelat,
2535 1753 2582 1790 in·

1409 1807 1590 1846 CRISPANS
1638 1806 1757 1851 Capillos
1796 1815 1863 1852 pro
1897 1803 2056 1838 Cachinnos
2073 1829 2085 1845 ,
2135 1803 2175 1838 in
2214 1800 2403 1840 CURATOR
2445 1800 2581 1837 Mutuos‘

1409 1865 1479 1905 pro
1505 1859 1655 1898 Nuntios,
1682 1857 1719 1892 in
1750 1853 2003 1892 CURRICULUM
2032 1855 2107 1895 Rure
2136 1861 2204 1899 pro
2241 1854 2360 1893 Ratione
2377 1853 2444 1888 &c.
2491 1848 2576 1888 Huc

1409 1906 1565 1954 pertinet
1586 1904 1687 1954 quod
1708 1905 1745 1940 in
1761 1900 1970 1952 quibusdam
1991 1900 2175 1937 vocabulis
2191 1927 2201 1942 ,
2228 1899 2347 1937 nescio
2389 1899 2575 1942 uomodo,

1408 1962 1583 2003 perpetuo
1608 1953 1807 1991 aberratum
1830 1951 1913 1992 fuit,
1945 1956 1986 1986 ut
2011 1962 2040 1986 e.
2061 1961 2094 1997 g.
2128 1948 2265 1987 Decius
2285 1960 2354 1996 pro
2417 1950 2574 1991 ecimus,

1408 2005 1630 2052 praenomine
1644 2002 1853 2042 Brutorum,
1882 1998 2098 2048 Dionysius,
2119 2009 2186 2046 pro
2196 1996 2398 2047 Dionysus,
2423 1996 2577 2035 Testitu-

1407 2052 1456 2090 do
1479 2064 1545 2099 pro
1564 2050 1744 2093 Testudo,
1772 2050 1989 2087 scriberetur.
2035 2046 2217 2093 Maiorem
2244 2048 2492 2095 compilatoris
2516 2047 2576 2085 vel

1406 2102 1683 2149 negligentiam,
1727 2099 1784 2136 vel
1805 2099 2021 2147 imperitiam
2042 2097 2192 2138 indicat,
2234 2096 2334 2145 quod
2360 2096 2576 2145 plerumque

1405 2150 1579 2188 scribendi
1609 2148 1836 2196 compendiis
1870 2147 2040 2194 deceptus
2071 2147 2145 2182 fuie
2194 2145 2292 2184 'Cum
2311 2147 2348 2182 in
2372 2146 2576 2183 ANTONlUS

1405 2200 1572 2248 scriptum
1593 2197 1790 2247 reperisset,
1830 2199 1984 2230 Triumvir
2001 2199 2036 2237 R.
2059 2198 2093 2229 P.
2117 2198 2151 2228 C.
2181 2198 2212 2229 in
2238 2198 2473 2243 quinquennium
2503 2207 2574 2231 cum

1406 2250 1518 2294 Caesare
1537 2248 1574 2290 &⁴
1592 2247 1695 2292 Lepido
1718 2249 1902 2292 constitutus,
1937 2245 1958 2280 i.
1984 2256 2014 2280 e.
2044 2246 2201 2278 Triumvir
2220 2244 2380 2289 reipublicae
2402 2246 2574 2289 constituen-

1405 2298 1450 2332 ἄιε
1473 2300 1540 2335 &c.
1571 2295 1747 2345 reposuit,
1777 2296 1930 2329 Triumvir
1944 2297 1979 2335 R.
1996 2297 2028 2328 P.
2043 2301 2151 2327 creatus
2169 2295 2199 2327 in
2220 2292 2283 2334 &a
2328 2292 2428 2334 ‘Cum
2446 2295 2483 2330 in
2499 2293 2574 2331 DE.

1404 2348 1532 2380 CARNO
1554 2349 1648 2392 Veget.
1666 2345 1702 2379 de
1723 2350 1761 2388 Q
1785 2346 1877 2378 Veter.
1905 2344 1927 2378 i.
1946 2352 1978 2379 e.
2010 2345 2137 2388 Vegetius
2155 2342 2191 2376 de
2217 2346 2257 2385 Re
2278 2344 2457 2377 Veterinaria
2487 2345 2574 2380 cita-

1405 2388 1482 2432 tuin
1508 2392 1730 2436 offendisset,
1770 2392 1899 2429 vocula
1920 2388 2124 2438 interposita
2153 2394 2248 2437 reget.
2275 2391 2311 2426 de
2328 2395 2368 2435 Re
2391 2392 2485 2427 Milit.
2507 2392 2572 2428 Vei.

1405 2443 1587 2486 exhibuit,
1611 2446 1632 2480 i.
1654 2456 1682 2480 e.
1713 2444 1840 2488 Vegetius
1857 2441 1892 2474 de
1909 2444 1949 2482 Re
1970 2442 2093 2474 militari
2112 2448 2258 2475 veterion.
2307 2441 2347 2477 In
2367 2437 2580 2485 DEViiSCHO.>

1404 2503 1487 2530 cum
1507 2493 1697 2541 allegatum
1715 2489 1905 2539 reperisset.
1942 2488 2116 2524 feudalium
2136 2491 2186 2523 tit.
2201 2500 2235 2534 7.
2253 2488 2290 2524 de
2307 2492 2351 2524 N.
2370 2495 2401 2525 T.
2442 2492 2463 2527 i.
2482 2502 2512 2528 e,
2537 2483 2577 2526 de*

1403 2545 1531 2576 Natura
1536 2542 1645 2586 feudi,
1672 2539 1848 2589 reposuit,
1872 2539 1907 2572 de
1919 2541 2053 2573 Nautico
2064 2537 2181 2583 foenore.
2206 2539 2245 2574 in
2261 2538 2474 2576 DIVISlBILlS
2488 2552 2573 2578 cum

1405 2590 1604 2627 offendisset
1632 2594 1712 2638 Qin
1738 2588 1776 2630 &⁶
1799 2587 1918 2622 Tertull.
1941 2587 1976 2621 de
1998 2589 2132 2628 Anima,
2170 2586 2352 2631 exhibuit,
2386 2589 2512 2636 Qintil.
2533 2588 2574 2630 ὠ·

1407 2642 1528 2674 Tertull.
1554 2639 1648 2688 quasi
1664 2650 1796 2687 nempe
1816 2638 1851 2674 δε
1873 2634 2115 2682 Quintilianus
2138 2635 2262 2673 eadem
2284 2648 2376 2675 voce
2402 2628 2570 2676 nieretur.

1403 2687 1497 2726 Nam
1513 2689 1611 2737 quod
1630 2686 1750 2736 passim
1769 2686 1861 2733 ‘Gloffi
1880 2689 1945 2719 Lat.
1962 2688 2059 2719 Graec.
2077 2695 2146 2732 pro
2163 2688 2265 2720 Graeco
2281 2689 2349 2722 Lat.
2374 2687 2409 2723 ἃ
2422 2679 2573 2726 viciffim'

1403 2737 1478 2774 hoc
1499 2750 1566 2786 pro
1585 2737 1648 2774 illo
1665 2738 1790 2784 ponit,
1820 2733 1914 2783 quasi
1931 2734 2102 2770 nimirum
2119 2745 2232 2770 unum
2246 2734 2415 2784 idemque
2434 2735 2572 2773 Gloffm

1404 2788 1496 2824 rium
1513 2787 1564 2828 fit,
1584 2788 1619 2823 &
1641 2786 1731 2823 nihil
1758 2783 1891 2821 interfit
1909 2789 1990 2823 utro
2006 2782 2120 2818 modo
2140 2793 2276 2830 ponas,
2304 2785 2404 2834 quod
2421 2797 2488 2833 pro
2509 2788 2574 2820 Lu:

1402 2846 1472 2870 cano
1491 2839 1661 2870 Lucretium
1683 2837 1717 2872 ἃ
1739 2845 1807 2882 pro
1823 2834 1962 2867 Lucretio
1981 2830 2124 2868 viCiffini
2151 2835 2326 2875 Lucanum,
2355 2840 2394 2871 ut
2416 2846 2448 2871 e,
2470 2847 2504 2890 g
2531 2836 2571 2872 in

1404 2882 1549 2922 CEREUS
1569 2885 1604 2921 &
1622 2884 1838 2923 CONSISTO„
1866 2891 1933 2929 pro
1949 2880 2062 2916 Valerio
2076 2880 2189 2915 Flacco,
2216 2881 2364 2916 Valerium
2383 2886 2572 2922 Maximum,

1403 2934 1464 2970 ubi
1486 2932 1577 2968 Vater.
1602 2934 1769 2980 scriptum
1786 2931 1945 2971 invenit.
1971 2935 2012 2966 ut
2039 2929 2078 2965 in
2099 2928 2254 2967 ‘CERTUS
2282 2941 2366 2968 cum
2387 2931 2568 2970 Ablativo.

1403 2992 1471 3029 pro
1492 2983 1606 3017 Barthio
1629 2980 1756 3016 Barthol.
1781 2981 1802 3015 i.
1824 2989 1853 3015 e.
1880 2977 2101 3017 Bartholinum‚
2127 2977 2184 3014 vel
2200 2978 2395 3022 Embolima,
2419 2974 2577 3034 'opinorss

1402 3032 1439 3067 in
1459 3030 1586 3074 ARIES,
1642 3041 1681 3068 ro
1699 3031 1806 3063 Macro
1825 3026 2014 3062 Macrobium
2031 3027 2068 3062 in
2084 3025 2225 3069 BATUS,
2253 3036 2321 3075 pro
2348 3033 2464 3073 Papinio
2485 3035 2571 3076 Papi.

1401 3082 1523 3113 niarium
1541 3080 1708 3118 inLOUS
1734 3077 1899 3117 adducit,
1931 3087 1977 3112 ex
1997 3068 2126 3111 eader'n
2150 3077 2366 3124 compendia
2391 3078 2571 3128 scripturae

1403 3129 1572 3175 explendi
1591 3128 1730 3165 solerti-a
1753 3124 1856 3173 ipsius
1878 3123 2077 3172 profestum
2098 3125 2246 3162 videtur.
2305 3127 2348 3165 ln
2366 3126 2577 3165 ALEMANNI'

1430 3179 1559 3214 timum
1579 3176 1751 3220 Absurdttm
1765 3183 1863 3208 autem
1875 3176 1930 3218 est,
1958 3174 2093 3221 inquit,
2119 3174 2297 3221 quodputat
2313 3173 2573 3224 Qadratruupud

1402 3226 1565 3272 Agathium
1583 3226 1650 3263 ἃς.
1677 3224 1759 3260 dein
1779 3222 2122 3271 paucis‘interjeCiis,
2149 3224 2222 3257 Non
2238 3227 2329 3259 minus
2344 3221 2507 3269 absurdum
2522 3227 2571 3258 vi.

1401 3273 1509 3316 detur,
1536 3275 1615 3322 quod
1639 3273 1741 3317 scribit
1769 3271 1880 3313 Asinius
1909 3271 1997 3305 Italus
2024 3272 2091 3308 δερ.
2143 3268 2335 3310 Manifesto
2362 3282 2489 3311 ‘errore
2523 3271 2570 3311 ex

1401 3334 1476 3360 uno
1496 3323 1667 3372 scriptore
1688 3320 1808 3359 Afinio
1826 3319 2034 3365 Quadrato,
2059 3331 2169 3370 quem
2190 3320 2357 3370 Agathias
2380 3313 2573 3360 'Scholastiss

1402 3382 1463 3408 cus
1480 3372 1523 3408 de
1551 3373 1690 3419 origine
1710 3369 1976 3407 Germanorum
1996 3369 2118 3407 testem
2135 3370 2284 3419 allegat,
2307 3372 2406 3409 duos
2426 3372 2568 3408 faciens.

1400 3420 1549 3458 Acceffit
1571 3420 1677 3462 alter,
1701 3430 1778 3455 non
1801 3419 1919 3454 minus
1938 3420 2075 3466 turpis,
2105 3419 2206 3468 quod
2239 3418 2357 3458 eidem
2382 3420 2574 3468 Quadrato·

1401 3468 1607 3506 sententiam
1623 3469 1668 3505 de
1687 3468 1828 3515 origine
1849 3468 2006 3504 nominis
2026 3465 2317 3511 Al'lemanotnm‚
2347 3481 2365 3506 a
2389 3470 2484 3507 Lacu
2502 3469 2570 3507 Le-

1401 3528 1511 3554 man'o
1525 3546 1534 3560 ‚
1562 3519 1704 3558 tribu-it,
1731 3528 1813 3553 cum
1835 3515 1955 3552 auftor
1971 3519 2043 3564 ejus
2059 3514 2101 3554 sit
2115 3514 2226 3557 Otho
2250 3517 2484 3566 Frifingensffi,
2508 3519 2570 3566 qul

1401 3573 1521 3602 tamen
1545 3578 1621 3604 non
1639 3566 1791 3606 Lacum,
1818 3564 1874 3602 sed
1895 3564 2059 3605 Fluvium
2077 3567 2303 3605 Lemannum
2333 3570 2447 3616 ponit.
2498 3566 2570 3604 Sed

1401 3614 1447 3650 de
1482 3614 1537 3651 his
1587 3615 1668 3652 alias
1702 3614 1981 3662 disquirendum.
2045 3616 2203 3701 (ἧιέοῑίεε
2235 3628 2322 3653 vero
2358 3616 2569 3655 sententiam

1402 3663 1604 3705 auctorum,
1625 3673 1718 3713 'quos
1743 3662 1938 3711 exscripsit,
1969 3672 2044 3702 n'on
2062 3678 2079 3701 a
2110 3672 2229 3712 ecutus
2244 3664 2303 3707 fit,
2330 3666 2389 3701 vel
2412 3667 2567 3704 omnino

1402 3716 1611 3758 perverterit
1626 3740 1635 3754 ,
1659 3712 1930 3760 propemodum
1941 3712 2057 3761 'pudet
2080 3715 2217 3752 referre.
2266 3712 2309 3751 In
2336 3713 2500 3752 DICELLA
2522 3725 2569 3750 ex

1402 3761 1495 3797 male
1525 3759 1707 3798 intelleti0
1746 3761 1864 3798 Caelio
1899 3764 2041 3798 Dicellam
2083 3765 2118 3800 &
2155 3763 2312 3798 Macellum
2347 3765 2385 3800 in
2424 3760 2569 3801 Enfium

1402 3819 1533 3858 genere
1554 3811 1689 3857 posuit,
1724 3811 1762 3846 in
1780 3809 1970 3847 DIBAPHUS
1988 3816 2142 3847 strumam
2167 3812 2204 3848 in
2224 3820 2346 3859 tergo,
2375 3811 2507 3846 Gibbum
2531 3812 2569 3848 in

1401 3857 1545 3907 pedore
1557 3859 1771 3900 collocavit,
1795 3860 1834 3895 in
1844 3858 2053 3897 AGROTERA
2065 3872 2133 3909 pro
2148 3861 2221 3910 Iliffo
2236 3860 2361 3899 Atticae
2371 3860 2481 3899 fluvio
2492 3862 2570 3904 Nes-

2499 3909 2571 3953 stem
