2604 4222
197 128 270 160 420
628 112 656 145 C
752 112 779 144 A
875 106 905 140 N

239 206 263 233 3.
275 207 301 232 4.
322 196 427 226 Furfur.
449 193 529 224 verba
540 194 601 223 sunt
611 191 736 221 Turnebi
752 200 791 223 ις.
803 192 844 217 16.
885 186 992 223 [Cujus
1006 181 1132 220 opinioni
1140 181 1275 224 ¹codicum
1285 187 1351 206 con-

238 235 329 264 sensus
339 240 480 270 repugnat.
512 232 543 261 V.
563 230 681 261 Tertull.
693 228 804 266 Apolog.
818 235 878 262 cap.
897 229 939 253 16.
955 225 981 252 St
992 222 1026 250 ad
1042 222 1104 250 Nat.
1128 219 1175 247 lib.
1192 227 1213 246 1.
1235 227 1296 253 cap.
1309 226 1351 244 12.

204 310 227 340 C
238 279 313 339 {isin}
322 320 341 338 A
352 272 446 338 Eli-gnjzR
456 318 464 335 1
475 319 483 335 1
497 307 514 336 l.
527 315 552 335 2.
575 305 637 334 cod.
650 302 760 333 Theod.
774 302 808 329 de
819 298 964 335 Collegiat.
979 296 1025 325 tibi
1037 294 1179 331 §.igniferis
1190 293 1351 329 junguntur.

204 348 445 380 CANTATOR,
468 345 719 374 CANTATaix,
741 339 967 369 CANTATio,
998 336 1028 362 in
1050 341 1157 361 cANo.

206 382 780 418 CANTEssius,V.CANT1-113n1us.
1206 404 1244 409 ..

207 423 230 453 C
241 434 259 452 A
271 431 422 451 NTHA.31
433 430 486 453 As,
507 429 538 447 ae.
558 428 594 446 ni.
617 416 739 445 Gemma:
752 412 857 449 species
869 431 877 444 ‚
898 419 958 446 quae
968 407 1157 437 scarabeorum
1174 405 1292 441 effigiem
1309 402 1355 431 ha-

246 461 310 490 bet:
333 460 436 496 quippe
445 453 677 488 Graeciwfiu'gm,
700 447 958 479 vocantscarabeos.
983 445 1051 475 Plin.
1064 445 1169 486 lib.*37.
1187 452 1247 479 cap.
1266 451 1306 484 ιι.

208 498 311 529 CANT
321 507 339 525 H
349 499 387 525 Ar.
397 507 404 523 i
415 506 426 524 s
438 517 445 529 ³
467 495 538 522 iilis:
560 491 603 521 vel
625 491 646 519 C
657 501 675 518 A
685 499 704 518 N
714 497 763 516 ἰιι
773 498 791 515 A
802 488 837 514 ιιῖ
849 496 892 514 oA
903 507 911 520 ,
935 494 966 513 ae.
989 482 1158 518 [nistresis]
1183 481 1297 512 Vermis,
1310 477 1355 508 vel

246 535 338 565 musca
346 534 438 571 potius
450 532 543 561 viridis
556 551 563 565 ,
585 530 613 556 in
632 527 786 556 summitate
807 530 947 552 ramorum
964 520 1064 562 fraxini
1080 521 1106 548 ὁὶ
1122 519 1200 548 olivae
1221 516 1352 545 niscens:

247 574 325 608 cujus
337 570 466 600 sucrusin
478 577 559 597 venas
578 564 724 599 inaressus,
745 570 775 591 ut
788 569 927 590 venenum
945 559 1097 588 interimit:
1119 559 1144 586 St
1156 557 1280 585 humano
1297 563 1356 583 cor-

227 612 307 649 ‘pori
319 608 466 645 applicitus
478 628 485 639 ,
507 600 712 639 velicusfflenas
729 601 842 629 humore
851 598 926 627 facit.
949 597 1032 626 Ovid.
1043 596 1070 624 in
1079 595 1163 637 lbin,
1180 598 1242 629 308.

325 645 525 675 Cantharidum
541 642 635 670 succos
649 641 732 668 dante
749 645 862 675 parente
875 636 961 664 bibas.
1044 632 1113 662 rim.
1129 632 1178 661 lib.
1191 640 1234 666 29.
1257 639 1317 671 cap.
1327 640 1353 664 4.

246 685 277 715 ln
287 681 493 713 cantharidibus
504 688 601 716 magna
612 677 722 714 quaestio
736 686 742 705 :
763 675 894 712 quoniam
910 672 976 711 ipsae
990 680 1098 701 venena
1109 669 1170 699 sunt
1181 675 1253 707 potae
1264 670 1357 697 velicae

245 732 309 751 curn
321 721 440 750 cruciatu
454 718 603 756 praecipuo.
739 751 744 756 ι

246 758 429 788 Cantharides
444 779 451 791 ,
472 765 522 793 pro
538 755 676 782 Veiieniita
686 758 810 788 potione.

265 797 294 825 L.
311 796 401 825 Crasso
413 793 584 823 cantharidas
594 789 729 827 lumplilse
745 788 855 816 dicitur.

210 834 233 863 C
242 844 260 862 A
270 844 290 863 N
299 843 318 861 T
329 843 348 862 ιι
361 843 378 860 A
391 842 404 860 i<
415 841 450 860 ir
460 841 473 860 a
482 841 493 860 s
506 853 513 865 ,
535 840 565 858 με.
589 828 651 856 Vini
661 826 833 856 transmarini
844 833 940 861 genus.
962 822 1028 852 Plin.
1039 821 1086 850 lib.
1102 830 1144 855 14.
1157 829 1218 856 cap.
1230 827 1255 856 7.

209 872 258 900 CA
269 880 316 900 NT
327 879 345 899 ιι
357 880 373 898 A
384 880 399 898 iz
411 881 418 897 i
430 879 477 898 usi
488 890 495 903 ,
519 869 536 896 i.
557 877 584 895 n.
608 862 788 902 [amydem]
811 861 1031 892 Promontorium
1053 859 1090 888 est
1109 859 1138 886 in
1153 858 1235 887 Sunio
1254 855 1353 890 insula,

246 909 337 938 stadiis
349 908 489 943 octoginta
501 916 515 934 a
524 905 652 933 Dracano
662 903 754 931 icaria*
767 901 860 929 insul-<e
873 897 1066 938 promontorio
1078 896 1177 925 distans
1188 917 1196 930 ,
1217 895 1265 931 qui
1279 894 1358 930 traje-

247 948 307 975 dtus
319 946 450 974 minimus
460 944 497 972 est
507 943 569 972 freti
578 941 723 976 interjecti.
749 941 823 968 Auci.
835 938 921 967 Str-ab.
934 937 982 965 lib.
997 946 1037 970 14.
1190 970 1195 975 Π
1269 969 1274 974 .

209 984 233 1014 C
242 994 260 1012 A
270 993 319 1011 NT
330 993 348 1011 ιι
359 993 374 1010 A
386 993 398 1010 re
412 992 427 1010 o
437 993 451 1009 1.
462 992 473 1008 r
484 991 503 1009 *r
513 990 533 1008 ιι
542 990 582 1008 ao
592 990 604 1008 s
615 1001 623 1015 ,
640 980 657 1007 i.
672 988 707 1006 ni.
731 975 978 1012 [ιὲανῖταξόλῆριῲι]
999 973 1087 1001 Locus
1095 970 1220 1000 Thraeiae
1231 977 1357 1005 exiguus,

248 1031 264 1051 a
276 1021 404 1050 Canthari
415 1020 501 1048 exitio
512 1019 602 1047 dic‘tus
612 1039 619 1052 ,
642 1016 717 1053 quod
728 1015 765 1043 ibi
775 1024 808 1043 ex
820 1014 897 1042 omni
909 1011 1071 1041 animalium
1082 1018 1182 1046 genere
1192 1007 1264 1036 solus
1275 1016 1359 1036 nece-2

244 1065 289 1088 tur
302 1058 455 1088 cantharus
496 1057 525 1085 V.
548 1056 615 1084 Plin.
634 1065 675 1083 ιι.
692 1058 737 1086 28-

209 1096 260 1126 CA
270 1106 290 1125 N
301 1105 349 1124 '1³11
360 1099 376 1124 A
387 1106 401 1123 r.
412 1106 429 1124 u
441 1105 452 1123 s
465 1117 472 1129 ,
496 1095 512 1123 i.
531 1103 567 1122 m.
590 1090 771 1128 [zmffiqgc]
793 1086 927 1117 Poculum
941 1108 948 1121 ,
970 1096 1026 1122 quo
1048 1084 1109 1114 usus
1130 1083 1168 1113 est
1180 1082 1259 1112 Liber
1269 1088 1355 1119 pater.

244 1134 314 1164 Plin.
331 1133 378 1162 lib.
394 1142 436 1168 ῃ.
455 1142 515 1170 cap.
532 1141 573 1160 ιι.
598 1126 644 1158 'Q
666 1129 771 1157 Marius
791 1128 850 1163 post
868 1125 1012 1153 victoriam
1030 1122 1198 1152 Cimbricam
1218 1120 1356 1150 cantharis

245 1171 349 1210 potasse
365 1193 372 1205 ,
393 1171 482 1199 Liberi
498 1170 580 1207 patris
595 1166 724 1203 exemplo
738 1188 744 1199 .
766 1164 890 1193 traditur.
930 1161 1056 1191 Macrob.
1069 1171 1091 1195 ς.
1109 1160 1216 1189 Saturn.
1233 1168 1293 1196 cap.
1309 1167 1354 1187 21.

245 1209 371 1246 Scyphus
385 1209 432 1238 Hei
440 1208 509 1236 culis
519 1205 651 1245 poculum
660 1205 697 1233 est
708 1226 715 1238 ,
737 1204 773 1231 ita
783 1209 812 1231 ut
820 1200 910 1230 Liberi
921 1200 1004 1237 patris
1015 1198 1170 1228 cantharus.

243 1245 376 1277 Parvulus
388 1246 542 1276 cantharus.
564 1244 662 1279 Juven.
677 1252 701 1277 3.
717 1241 770 1270 Sat.
781 1249 844 1273 205.
1033 1274 1038 1279 .
1097 1272 1105 1277 .
1279 1271 1284 1276 ¹

242 1284 334 1315 Plenis
349 1284 484 1313 cantharis
496 1283 600 1311 bibere.
641 1279 726 1309 Pla-ut.
738 1277 804 1307 Pers.
822 1288 845 1311 ς.
859 1285 884 1305 2.
896 1285 942 1310 40.
983 1274 1073 1310 [Eius
1089 1274 1205 1310 liguram
1221 1270 1356 1301 exhibent

263 1322 363 1352 tabulae
375 1321 557 1359 anaglypticae
566 1342 573 1354 ,
598 1319 628 1347 in
638 1317 738 1354 quibus
748 1316 833 1352 Orgia
844 1313 942 1342 Bacchi
952 1311 1075 1350 expressa
1095 1311 1156 1339 sunt
1167 1310 1242 1346 apud
1252 1308 1353 1338 Bellor.

263 1361 340 1390 unde
349 1360 435 1397 liquet
445 1358 600 1396 promiscue
609 1356 653 1385 vel
664 1355 792 1390 utrinque
802 1375 810 1388 ,
830 1351 874 1381 vel
891 1360 927 1380 ex
940 1361 995 1380 una
1014 1351 1147 1392 duntaxat
1158 1354 1235 1385 parte
1250 1346 1356 1390 ansatos

263 1398 409 1427 cantharus
420 1397 478 1426 fieri
489 1396 591 1425 solitos.
618 1393 650 1422 V.
672 1392 742 1422 Tab.
756 1400 798 1426 52.
814 1390 893 1425 54&
911 1392 952 1423 56.
975 1386 1135 1417 Admirand.
1193 1384 1258 1421 Quo
1273 1393 1357 1413 miror

263 1435 385 1472 magisin
402 1435 517 1464 dubium
531 1442 590 1462 rem
597 1440 695 1461 vocare
707 1430 747 1459 Cl.
764 1426 969 1458 Drakenborch.
981 1426 1016 1455 ad
1026 1424 1074 1454 Sil.
1087 1433 1112 1460 7.
1131 1426 1189 1458 196.

244 1473 398 1503 Cantharus
410 1494 417 1508 ‚
439 1473 520 1509 Aquae
533 1467 768 1506 conceptabulum
782 1465 896 1495 ludicris
915 1464 1010 1494 formis
1021 1461 1192 1492 elaboratum
1203 1482 1211 1496 ‚
1232 1469 1281 1503 per
1289 1468 1356 1496 quas

263 1521 333 1548 aqua
343 1511 408 1540 salit.
428 1509 500 1539 Paul.
521 1508 581 1537 inl.
602 1507 707 1536 Cetera.
731 1506 763 1534 D.
784 1504 820 1533 de
839 1503 921 1540 legat.
937 1512 960 1531 1.
985 1501 1042 1531 Sed
1067 1502 1093 1529 &
1111 1506 1307 1532 automataria,
1329 1499 1356 1527 ἃ

263 1549 386 1578 canthari
398 1558 446 1585 per
455 1556 522 1584 quos
534 1555 610 1583 aquae
620 1544 738 1577 saliunt,
760 1540 1004 1580 poteruntlegari:
1026 1538 1148 1567 maxime
1164 1536 1182 1565 si
1201 1535 1354 1579 imposititii

263 1586 323 1615 sint.
346 1586 466 1615 Alciatns
477 1585 579 1621 Parerg.
592 1582 639 1611 lib.
654 1592 678 1611 1.
691 1591 751 1618 cap.
761 1590 805 1609 20.
828 1579 950 1608 Dubium
961 1578 1014 1612 est,
1036 1576 1103 1613 quid
1114 1575 1168 1603 hoc
1179 1573 1243 1603 loco
1254 1573 1355 1602 sibive-

261 1623 316 1653 lint
325 1624 446 1653 canthari
459 1634 466 1652 ;
489 1622 537 1651 nisi
548 1621 666 1658 accipias
676 1629 726 1657 pro
740 1618 806 1647 vasis
817 1626 947 1655 aquarum
958 1637 966 1650 ,
988 1614 1088 1657 quibus
1103 1612 1257 1656 epistomia,
1277 1611 1307 1654 id
1317 1611 1356 1640 est

261 1662 317 1698 (ut
327 1662 409 1698 vulgo
420 1660 574 1694 vocamus)
594 1659 678 1695 spinae
692 1657 841 1689 adduntur,
862 1655 937 1684 unde
950 1662 1020 1690 aqua
1029 1657 1104 1685 exit,
1124 1650 1242 1686 ideoque
1253 1649 1356 1683 Salien-

262 1705 304 1729 tes
318 1697 386 1729 dic'ti
396 1698 499 1728 Latinis
510 1696 674 1727 aridioribus.
697 1694 924 1731 [Ornamentum
938 1692 992 1720 fuit
1004 1690 1039 1719 ad
1055 1688 1187 1731 Canthari
1202 1686 1357 1717 similitudi.

261 1746 325 1766 nem
339 1737 459 1766 effictum
472 1758 480 1771 ,
501 1742 532 1765 ut
543 1740 657 1773 apparet
666 1743 701 1763 ex
713 1731 787 1770 praef.
806 1731 919 1760 Ausonii
933 1728 1055 1759 Centoni
1065 1725 1207 1764 praemiffa.

241 1775 384 1806 marculus
393 1797 400 1810 ,
420 1776 438 1803 i.
449 1784 473 1803 e.
497 1772 644 1803 Malleolus
653 1770 796 1809 pultandis
807 1769 913 1798 foribus
922 1766 1057 1805 adpensus
1069 1765 1124 1793 hoc
1140 1764 1223 1792 etiam
1234 1763 1354 1807 ‘nomine

259 1814 428 1850 indigitatur.
467 1811 498 1840 V.
521 1811 605 1840 Plaut.
619 1809 695 1839 Men.
712 1818 735 1838 1.
749 1818 774 1837 2.
789 1810 834 1842 64.
874 1806 941 1842 [Sic
952 1804 1065 1842 quidem
1076 1803 1106 1831 in
1115 1800 1197 1831 Thes.
1211 1800 1281 1838 Lips.
1303 1810 1354 1829 un-

260 1851 296 1880 de
308 1851 367 1880 haec
378 1851 463 1887 petita
473 1849 542 1878 sunt.
583 1848 638 1877 Sed
649 1846 773 1884 inspecto
785 1845 869 1874 Plauti
890 1843 954 1873 loco
969 1841 1113 1880 apparebit
1129 1839 1300 1869 Cantharum
1315 1839 1354 1868 vi-

258 1888 503 1921 nariumintellitzi.
543 1885 576 1914 V.
598 1885 633 1915 ad
645 1884 698 1914 loc.
717 1891 774 1913 not.
789 1881 901 1912 Salmas.

240 1926 392 1955 Canthariis
402 1948 410 1961 ,
432 1924 542 1954 Caeleste
553 1924 659 1961 fignum
669 1923 698 1951 in
708 1922 825 1958 Aquario
835 1942 843 1955 ,
864 1929 898 1949 ex
909 1918 995 1948 tribus
1011 1916 1138 1947 constans
1149 1912 1241 1946 stellis.

238 1964 391 1994 cantharus
402 1962 552 1993 Scarabeus
562 1971 596 1991 ex
611 1960 799 1998 generationis
807 1958 914 1987 ratione
932 1966 1036 1986 nomen
1054 1955 1169 1984 invenit.
1207 1952 1353 1996 Canthona

258 2002 346 2032 Graeci
357 2002 461 2031 asinum
472 2006 590 2034 vocant,
612 1999 641 2027 id
657 1999 695 2027 est
706 1995 829 2029 &iffi-am:
852 1995 931 2025 Oron
951 2001 1044 2023 autem
1065 1993 1158 2022 semen
1170 2013 1178 2027 ,
1200 1993 1225 2021 ἃ
1238 1991 1352 2028 quidem

256 2039 378 2069 scarabei
398 2040 514 2076 proprie.
556 2038 601 2066 Sic
620 2046 686 2066 vero
703 2035 831 2073 progigni
848 2032 949 2063 animal
963 2032 1092 2066 tradunt,
1113 2030 1188 2068 quod
1199 2039 1252 2059 nec
1265 2029 1352 2058 tacuit

259 2077 424 2111 Aristoteles,
440 2076 493 2106 Ubi
504 2075 649 2105 cantharus
658 2074 723 2103 asini
734 2071 947 2102 retrimentaseu
958 2071 1084 2104 stercora,
1100 2078 1158 2110 quie
1175 2067 1273 2096 onidas
1281 2075 1352 2094 nun-

256 2123 379 2153 cupant,
404 2113 583 2144 &orbiculari
592 2113 649 2141 fere
660 2111 780 2141 visuntur
794 2110 878 2147 figura
890 2131 898 2142 ,
919 2107 1068 2138 offenderit
1081 2129 1089 2141 ,
1110 2105 1225 2143 insistit:
1248 2114 1280 2134 ac
1301 2114 1350 2142 pe-

256 2153 337 2182 dibus
347 2152 514 2190 provolvens
525 2173 533 2187 ,
554 2151 665 2180 interim
680 2148 829 2186 genitalem
846 2148 954 2177 urinam
973 2145 1100 2175 effundit.
1122 2143 1199 2173 unde
1213 2142 1349 2173 enascitur

255 2190 423 2220 vermiculus
433 2190 479 2227 qui
490 2198 556 2218 mox
567 2188 597 2217 fit
611 2187 765 2217 cantharus.
806 2184 872 2215 Cael.
888 2184 935 2213 lib.
947 2190 972 2218 8.
989 2193 1050 2221 cap.
1065 2194 1089 2218 5-

237 2228 389 2258 Cantharus
404 2227 529 2265 pilulam.
550 2225 664 2255 subaudi
675 2224 781 2259 Volvit,
802 2223 847 2252 vel
861 2223 986 2252 Exercet.
1011 2221 1141 2257 Ailagium
1156 2218 1230 2249 estin
1244 2227 1292 2248 eos
1302 2217 1350 2254 qui

256 2266 376 2303 castigati
388 2265 501 2302 saepius,
522 2263 593 2292 nihil
603 2263 770 2301 proficiunt:
794 2261 841 2290 sed
855 2260 930 2298 quod
942 2260 1119 2297 pertinaciter
1129 2257 1212 2286 semel
1227 2257 1349 2294 arripue-

255 2311 337 2337 runt,
358 2302 525 2341 pertinacius
543 2302 646 2331 fovent.
686 2299 772 2337 Quod
793 2299 869 2328 enim
885 2298 922 2327 est
940 2296 1053 2326 animali
1069 2295 1223 2333 ingenitum
1236 2317 1243 2328 ,
1271 2293 1348 2323 nulla

255 2341 381 2380 prorsum
397 2349 453 2378 arte
463 2340 569 2369 viceris.
610 2339 730 2368 Duftum
742 2337 871 2374 adagium
889 2346 905 2365 a
923 2334 1070 2364 Pilularuni
1082 2356 1090 2369 ,
1111 2333 1140 2362 id
1155 2332 1193 2362 est
1212 2331 1348 2361 orbicula-

253 2379 486 2446 CuTlstgrcorum
500 2376 546 2407 illa
558 2376 741 2412 volutatione,
762 2384 822 2412 quae
833 2374 871 2404 est
882 2373 1021 2403 cantharis
1031 2372 1184 2401 admodum
1194 2369 1346 2399 familiaris.

280 2427 300 2446 ³2
316 2438 320 2443 .
343 2426 350 2445 i
373 2439 378 2446 .
414 2439 419 2446 .
432 2426 463 2446 ca
486 2439 492 2445 .
523 2438 529 2445 .

236 2422 410 2489 Cantharusfi}
432 2426 530 2484 Niiiiiis
544 2451 592 2481 sub
606 2451 700 2489 lingua
723 2451 785 2488 Apis
799 2449 893 2484 bovis,
914 2458 997 2486 quem
1011 2446 1132 2484 AEgyptii
1149 2443 1278 2476 colebant
1299 2454 1348 2474 nu-

254 2493 337 2521 minis
346 2493 414 2522 vice.
435 2492 503 2521 Plin.
515 2490 563 2520 lib.
575 2496 600 2524 8.
616 2499 676 2527 cap.
689 2493 735 2523 46.
750 2489 789 2518 De
800 2488 853 2516 hoc
866 2488 996 2516 cantharo
1007 2487 1069 2515 vide
1081 2484 1145 2514 Crel.
1157 2484 1204 2513 lib.
1218 2489 1243 2517 8.
1254 2493 1313 2520 cap.
1322 2494 1344 2518 ς.

236 2529 390 2567 Cantharus
398 2539 447 2567 pro
456 2529 617 2565 Navigio,ut
627 2536 662 2556 ex
674 2526 831 2556 Menandro
842 2524 941 2563 probat
951 2523 1103 2556 Macrobs.
1117 2523 1344 2558 Saturn.cap.21.

236 2568 409 2601 Cantharus,
430 2567 524 2596 Genus
543 2565 632 2602 piscis.
674 2564 741 2594 Plin.
759 2563 807 2593 lib.
821 2572 864 2600 32.
885 2572 945 2600 cap.
962 2572 1004 2591 11.
1027 2560 1163 2590 Columel.
1181 2559 1229 2589 lib.
1242 2565 1267 2592 8.
1282 2569 1343 2595 cap.

257 2614 302 2641 17.
315 2612 384 2634 extr.
405 2605 478 2634 Nam
491 2605 516 2634 Sc
525 2603 630 2633 alecula
639 2602 725 2631 modo
737 2607 826 2639 capta,
848 2602 874 2631 δι
885 2600 1031 2629 cantharus
1042 2621 1049 2633 ,
1070 2596 1238 2635 exiguusque
1249 2597 1343 2635 gobio,

254 2643 306 2672 &a
347 2642 402 2671 Sed
414 2643 459 2671 alii
470 2643 515 2671 hic
527 2642 687 2671 Cammarus
697 2640 840 2669 exhibent.
880 2638 911 2668 V.
933 2638 968 2667 ad
986 2637 1052 2667 Plin.
1066 2635 1149 2665 Hard.

235 2680 399 2710 Zenodotus
410 2680 465 2715 ait,
488 2679 600 2709 Athenis
615 2678 777 2715 Cauponem
794 2676 872 2706 fuisse
886 2697 894 2711 .,
919 2676 1034 2704 nomine
1053 2673 1221 2704 Cantharum
1232 2695 1240 2708 ,
1260 2682 1344 2709 quem

253 2718 460 2755 obimposturas
473 2719 499 2747 Sc
509 2716 644 2746 maleficia
659 2716 758 2753 capitis
777 2714 921 2743 affecerint
936 2713 1082 2751 supplicio.
1123 2711 1240 2741 Proinde
1260 2711 1342 2747 vulgo

252 2762 416 2791 receptum,
438 2762 469 2784 ut
483 2756 512 2783 in
522 2754 642 2784 versutos
653 2762 685 2782 ac
705 2752 868 2789 impostores
887 2752 1043 2785 diceretur,
1065 2750 1203 2779 Cantharo
1224 2749 1343 2778 astutior.

252 2794 284 2822 V.
307 2793 407 2823 Erasm.
419 2794 501 2830 iidag.
516 2792 550 2821 de
564 2790 700 2820 Cantharo
711 2790 845 2819 statuario.
885 2789 916 2818 V.
938 2790 1007 2818 Plin.
1019 2799 1062 2825 34.
1076 2794 1102 2821 8.

235 2831 404 2866 Canthartis,
425 2831 443 2859 i.
463 2840 499 2859 m.
525 2829 608 2859 Poeta
630 2828 754 2858 comicus
773 2826 962 2863 Atheniensis,
1000 2826 1079 2862 cujus
1098 2824 1224 2855 feruntur
1243 2822 1341 2853 fabulae

252 2866 395 2898 nonnullae
405 2869 498 2906 positae
507 2878 522 2897 a
531 2867 623 2897 Suida.
1212 2882 1217 2886 .

197 2907 247 2937 CA
257 2917 276 2936 N
286 2917 305 2935 *r
318 2917 337 2935 ιι
348 2917 365 2935 A
378 2916 392 2934 R
401 2908 419 2935 ῠ
430 2917 445 2934 ι.
454 2916 472 2934 u
483 2916 494 2935 s
506 2927 513 2941 ,
544 2906 561 2934 i.
587 2914 624 2933 m.
658 2900 836 2939 [zoev‘fiiwv]
857 2901 953 2933 dimin.
976 2903 993 2932 i.
1012 2911 1036 2931 e.
1058 2900 1160 2930 Parvus
1175 2899 1323 2929 cantharus
1333 2920 1342 2934 ,

235 2945 334 2974 Bacchi
345 2944 449 2981 insigne
460 2943 535 2982 apud
545 2941 647 2972 Arnob.
661 2941 709 2970 lib.
722 2944 747 2970 6.
760 2940 807 2969 sub
817 2940 863 2969 fin.

196 2981 306 3013 CANT
316 2990 468 3017 HERIUS,
490 2982 507 3010 i.
526 2990 563 3009 m.
587 2977 747 3016 [nvaYlM&”
768 2979 811 3007 Gr.
832 2978 864 3007 H.
876 2977 942 3011 St]
963 2976 1054 3014 Equus
1065 2976 1202 3005 castratus.
1225 2973 1345 3004 Canthe..

233 3021 289 3049 rius
307 3021 361 3049 hoc
378 3020 456 3049 distat
472 3018 505 3048 ab
521 3018 542 3048 E
564 3027 599 3047 uo
612 3039 619 3053 ,
650 3017 724 3054 quod
739 3015 844 3045 maialis
857 3024 872 3044 a
884 3024 977 3049 verre,
997 3024 1085 3052 capus
1099 3024 1114 3043 a
1127 3013 1199 3051 gallo
1212 3034 1219 3047 ,
1241 3021 1343 3041 vervex

232 3058 267 3086 ab
281 3059 373 3087 ariete.
416 3057 457 3086 Est
466 3057 541 3086 enim
576 3055 716 3085 antherius
727 3076 734 3088 ,
756 3054 847 3090 Equus
857 3053 900 3081 cui
911 3052 1026 3081 testiculi
1040 3058 1226 3089 amputantur.
1241 3050 1342 3079 Festus.

230 3095 306 3125 Varr.
320 3105 345 3124 2.
358 3094 393 3124 de
402 3095 434 3124 R.
448 3094 479 3124 R.
493 3104 554 3131 cap.
566 3103 591 3129 7.
625 3093 736 3130 Propter
752 3091 827 3126 quod
844 3089 989 3119 discrimen
1010 3091 1130 3119 maxime
1144 3089 1297 3118 institutum
1311 3092 1343 3117 ut

230 3132 461 3169 castrenturequi.
502 3131 630 3168 Demptis
645 3130 708 3167 equi
722 3128 853 3158 testiculis
872 3127 943 3156 fiunt
959 3129 1114 3164 quetiores:
1140 3128 1165 3156 Sc
1181 3127 1246 3157 ideo
1265 3126 1341 3162 quod

229 3171 333 3200 semine
344 3178 455 3205 carent,
477 3170 495 3199 ii
505 3169 639 3199 cantherii
652 3167 802 3205 appellati,
823 3165 891 3195 utin
903 3163 995 3194 suibus
1004 3165 1135 3199 maiales,
1156 3164 1185 3192 in
1218 3163 1275 3192 allis
1287 3162 1342 3200 gal-

237 3208 351 3238 linaceis
369 3209 439 3246 capi.
488 3208 546 3237 Cic.
557 3217 582 3243 9.
604 3206 678 3236 Fam.
703 3210 744 3239 18.
793 3204 827 3233 Et
844 3203 918 3240 apud
934 3203 998 3231 Sen.
1022 3203 1104 3239 Epist.
1118 3207 1162 3235 87.
1181 3173 1344 3230 ‘Cantherio

229 3246 398 3281 vehebatur,
420 3247 445 3275 ἃ
461 3245 623 3284 hippoperis
635 3243 747 3281 quidem
761 3241 895 3278 impositis
906 3261 915 3275 ,
936 3247 966 3268 ut
976 3240 1069 3269 secum
1077 3239 1155 3269 utilia
1163 3245 1292 3275 portaret.

233 3283 376 3313 Cantherii
388 3284 483 3313 costas.
526 3283 595 3311 Vide
606 3281 711 3310 versum
722 3279 858 3309 Luciliiin
876 3289 898 3307 M
907 3287 983 3307 ANT
993 3289 1003 3306 1
1013 3287 1030 3306 c
1039 3287 1069 3306 A.
1094 3277 1140 3306 Sic
1155 3276 1249 3314 virgil.

322 3322 400 3358 Srrpe
410 3323 473 3350 oleo
487 3321 559 3350 tardi
575 3320 660 3349 costas
671 3319 786 3356 agitator
797 3316 891 3351 aselli,

324 3358 429 3388 Vilibus
439 3365 486 3388 aut
496 3365 592 3388 onerat
600 3357 700 3395 pomis.
782 3355 817 3384 H.
829 3355 869 3384 St.

229 3394 391 3425 cantherius
405 3398 432 3425 in
445 3396 519 3425 foss‘a.
562 3396 694 3431 Adagiuin
706 3394 734 3422 in
744 3402 809 3422 eum
818 3393 864 3429 qui
879 3389 982 3421 lacessit
991 3389 1027 3419 ad
1044 3398 1183 3426 pugnam,
1213 3398 1280 3419 mox
1298 3399 1342 3419 ea-

248 3433 289 3461 dit
299 3435 410 3468 animo,
444 3442 475 3462 ut
495 3434 622 3463 cominus
641 3432 773 3469 congredi
802 3440 858 3459 non
880 3430 988 3458 audeat.
1038 3428 1157 3456 Ductum
1177 3426 1304 3466 adagium
1326 3437 1342 3457 a

246 3472 393 3500 cantheriis
403 3472 479 3507 equis
489 3493 497 3506 ,
518 3472 565 3508 qui
577 3480 661 3508 quum
678 3469 778 3498 desecti
791 3468 909 3497 testiculi
922 3470 948 3496 ὁὶ
964 3466 1060 3494 exerta
1071 3464 1122 3493 lint
1133 3464 1185 3493 illis
1199 3465 1339 3501 genitalia,

246 3507 466 3543 languidiores&
479 3510 628 3545 degeneres
638 3508 718 3542 sunt,
739 3507 814 3544 quod
835 3506 938 3535 semine
952 3510 1070 3532 careant.
1103 3503 1170 3531 Vide
1192 3502 1289 3531 Erasm.
1308 3504 1337 3532 in

246 3543 364 3610 Cgiilliad.
379 3548 404 3575 δι
417 3548 492 3575 Alex.
506 3548 539 3576 ab
551 3546 625 3575 Alex.
639 3546 688 3575 lib.
703 3556 726 3581 ς.
749 3554 809 3582 cap.
825 3553 868 3579 ις.
903 3543 933 3572 V.
954 3542 1012 3571 Liv.
1029 3550 1073 3576 23.
1095 3549 1140 3576 47·
1169 3541 1195 3570 ἃ
1216 3540 1337 3570 Gronov.

245 3592 259 3609 3
304 3594 346 3611 OC.

225 3618 388 3648 Cantherius
398 3620 440 3648 vel
451 3620 593 3649 Canterius
613 3616 798 3656 [nai9iv&]
820 3617 978 3653 Genusjugi
991 3617 1019 3645 in
1030 3616 1121 3645 vinea.
1139 3613 1273 3644 Columel.
1286 3614 1334 3645 lib.

242 3669 269 3691 4.
282 3666 340 3693 cap.
359 3668 395 3685 12.
422 3658 513 3692 ltaque
526 3666 571 3687 aut
581 3668 687 3686 veteres
708 3664 763 3693 sne
780 3666 857 3685 novae
871 3657 990 3684 radicem
1010 3654 1109 3690 agant)
1130 3653 1277 3681 arundines
1296 3653 1335 3681 bi.

242 3704 291 3723 nus
302 3695 408 3731 singulis
421 3697 521 3723 vitibus
535 3696 751 3732 applicabimus:
773 3704 819 3723 aut
833 3694 849 3721 li
861 3693 978 3729 regionis
990 3692 1114 3720 (tundirin
1127 3690 1271 3728 permittit,
1290 3700 1335 3719 ve-

240 3737 298 3775 tera
310 3734 481 3768 deponemus
494 3734 596 3761 hastilia
609 3755 615 3765 ,
636 3733 735 3769 quibus
743 3734 928 3761 annectuntur
940 3727 1209 3766 iingulzetransversae
1221 3728 1332 3765 perticae

242 3779 271 3798 ln
287 3780 368 3797 imam
380 3780 425 3806 par
437 3779 483 3798 tin
495 3772 615 3798 ordinis:
639 3772 711 3806 quod
725 3780 809 3805 genus
822 3770 874 3805 iugi
888 3790 896 3802 ,
918 3772 1089 3797 Cantherium
1110 3772 1211 3795 vocant
1231 3765 1330 3794 rustici.

241 3806 310 3836 Plin.
327 3808 370 3835 lib.
390 3817 428 3842 i7.
442 3818 501 3843 cap.
517 3819 558 3836 ti.
581 3808 704 3842 Simplici
718 3809 780 3842 jugo
793 3809 898 3835 constat
911 3808 1036 3843 porrecto
1050 3805 1156 3839 ordine,
1176 3812 1259 3841 quem
1270 3810 1332 3832 can-

238 3845 358 3873 therium
371 3845 519 3880 appellant.
563 3846 758 3873 l'ediinientuin
771 3846 838 3872 Catu
850 3853 940 3872 vocat.

220 3882 377 3915 Ciontherii,
400 3883 496 3917 ligna.
520 3881 612 3909 Virruv
635 3883 680 3910 lib.
698 3894 720 3913 ς.
746 3881 1123 3919 Erc.intlieriiproniinentes
1133 3879 1167 3907 ad
1179 3884 1331 3908 extremam

237 3920 499 3959 ihggtundationem
511 3940 519 3953 ,
541 3918 620 3956 supra
633 3919 789 3948 cantherios
800 3919 914 3955 templa.
955 3918 1097 3948 Caiitherii
1108 3919 1177 3946 item
1188 3916 1329 3951 dicuntur,

849 748 907 779 Cic.
924 758 950 784 9.
964 747 1040 777 Fam.
1051 755 1096 776 21.
1117 745 1198 774 Caius
1213 741 1358 773 accusante

1891 95 1919 128 C
2019 96 2045 128 A
2136 94 2170 128 N

1460 173 1516 209 Qui
1527 172 1623 207 subjici
1636 173 1723 202 solent
1734 183 1748 203 a
1761 174 1842 204 fabris
1852 176 2011 204 materiariis
2021 197 2029 210 ,
2051 175 2118 205 dum
2131 175 2218 204 moles
2227 174 2355 204 arborum
2366 175 2464 207 secant.
2485 177 2548 208 Vul.
2589 177 2591 201 l

1460 221 1508 247 gus
1520 211 1629 237 caballos
1646 220 1732 239 vocar.
2589 203 2591 211 A

1440 249 1510 278 ltem
1521 248 1683 276 Cantherius
1695 271 1701 282 ,
1724 257 1753 278 ut
1764 251 1858 278 auster
1868 250 1905 278 est
1919 250 2011 283 Varro,
2024 250 2058 279 tle
2073 250 2104 279 R.
2118 250 2149 279 R.
2164 260 2189 279 2.
2207 261 2227 278 i.
2252 250 2335 279 Mons
2346 251 2382 279 est
2395 252 2421 279 in
2434 251 2545 284 Sabinis.
2588 264 2589 272 ¹

1404 287 1426 316 C
1437 297 1456 315 A
1465 295 1484 314 N
1496 295 1514 313 >r
1526 295 1545 314 ιι
1558 295 1569 313 Ε
1579 295 1593 313 R
1606 291 1640 328 ιο
1651 297 1664 313 t
1679 296 1693 314 u
1704 296 1715 314 s
1727 307 1734 319 ,
1757 287 1771 314 i.
1784 297 1819 315 m.
1835 288 1933 316 dimin.
1956 298 2005 324 pro
2016 287 2098 316 Parvo
2109 288 2284 326 pedamento.
2308 288 2442 317 Columel.
2454 288 2498 318 lib.
2508 284 2544 321 ιἰ.
2587 279 2590 309 i

1442 333 1502 367 cap.
1519 332 1542 358 3.
1563 324 1683 366 *Deinde
1695 333 1779 359 quum
1794 324 1909 354 fecerint
1925 325 2032 354 caulem
2044 348 2051 360 ,
2073 325 2268 355 humilioribus
2287 326 2357 362 quasi
2376 326 2547 358 cantheriolis

1442 363 1744 404 interpositis‘rigorem¹
1760 361 1882 391 stilorum
1896 363 2064 391 conservato.
2087 373 2149 392 nam
2165 363 2212 391 nisi
2228 364 2377 392 arundines
2393 364 2546 396 transversas

1441 407 1470 465 hri
1483 399 1597 427 niodum
1612 405 1709 435 Jugatae
1721 408 1807 428 vmeae
1822 400 1928 430 crebras
1946 400 2129 438 disposueris,
2150 400 2227 430 thalli
2241 409 2371 438 ceparum
2392 402 2479 431 ventis
2490 412 2549 440 pro.

1464 443 1604 464 eruentur.

1405 474 1426 503 C
1438 484 1455 502 A
1469 484 1487 502 N
1500 483 1546 502 TH
1557 483 1570 501 ii
1582 477 1645 502 RTN
1655 483 1673 501 u
1684 483 1696 502 s
1708 495 1716 506 ,
1737 483 1751 502 a
1761 495 1769 508 ,
1791 484 1847 503 um.
1871 474 1928 509 Adj.
1951 482 1981 504 ut
1991 497 1999 510 ,
2030 474 2200 505 Cantherino
2220 476 2273 504 ritu
2291 475 2436 506 somniare.
2466 475 2548 508 Plaut.
2585 483 2590 491 l*

1441 512 1519 554 Men.
1533 521 1558 540 2.
1573 520 1595 553 3..
1608 522 1653 546 44.
1680 511 1760 540 Certe
1771 511 1830 541 haec
1843 512 1942 541 mulier
1958 513 2121 541 cantherino
2133 514 2187 543 ritu
2206 514 2292 542 astans
2307 513 2433 544 somniat.
2454 514 2548 546 Solent
2584 526 2587 542 ς

1441 559 1516 577 enim
1525 558 1587 584 equi
1600 549 1698 577 stantes
1708 548 1858 584 somniare,
1883 551 1995 579 auflore
2009 550 2076 579 Plin.
2090 550 2137 580 lib.
2153 561 2194 580 10.
2205 561 2265 588 cap.
2278 551 2326 580 ult.

1440 586 1584 627 {iordeum
1595 586 1798 616 cantherinum.
1821 587 1956 617 Columel.
1972 588 2018 617 lib.
2030 597 2055 617 2.
2070 597 2130 626 cap.
2145 599 2169 624 9.
2206 589 2236 617 V.
2259 597 2279 617 ιι
2291 599 2307 617 o
2320 598 2361 617 an
2371 598 2453 618 EUM.
2584 576 2586 607 l

1441 624 1598 661 Lapathum
1611 625 1821 659 cantherinum,
1844 625 1931 654 Latini
1944 626 2091 655 Rumicem
2101 625 2248 663 appellant.
2270 626 2338 655 Plin.
2352 635 2397 656 20.
2409 635 2455 656 21.

1406 662 1427 691 C
1437 672 1456 691 A
1467 672 1484 690 N
1496 671 1515 689 rr
1524 671 1542 704 ιι
1554 671 1592 689 ιιι.
1602 672 1610 689 ι
1621 666 1637 690 A
1646 671 1665 689 'r
1676 672 1692 689 u
1701 672 1713 690 s
1723 684 1731 695 ,
1753 673 1767 691 a
1779 684 1787 697 ,
1808 672 1864 692 um.
1888 664 1945 698 Adj.
1975 664 2060 700 Quod
2075 664 2222 693 cantheriis
2235 663 2381 693 subnixum
2399 664 2444 693 est.
2468 664 2546 696 Colu.
2582 659 2604 700 J.

1442 699 1506 728 mel.
1518 699 1565 728 lib.
1581 709 1604 733 5.
1617 709 1677 736 cap.
1689 712 1714 742 ς.
1740 700 1849 729 Deinde
1859 710 1917 737 quae
1930 700 2125 738 pedaminibus
2136 702 2244 731 adnixae
2259 699 2448 740 singulisjugis
2461 703 2547 741 impo.
2582 716 2584 721 ·

1440 743 1544 766 nuntiir
1553 757 1562 772 ,
1583 737 1727 780 eas-rustici
1738 739 1919 767 cantheriiitas
1929 738 2078 776 appellant.
2581 725 2585 748 l

1404 774 1426 804 C
1435 785 1481 804 AN
1494 785 1512 802 *r
1522 784 1542 803 ιι
1550 785 1568 803 u
1578 784 1589 803 s
1601 796 1610 809 ,
1631 785 1648 802 i.
1662 784 1698 804 ni.
1720 776 1871 811 [aaziae]
1894 776 2006 805 Abantis
2018 776 2088 805 filius
2100 778 2172 806 inter
2181 777 2348 814 Argonautas
2358 776 2392 806 ab
2403 777 2545 814 Apollonio
2585 789 2602 812 w.

1443 823 1468 856 ι.
1484 822 1527 855 77.
1543 814 1568 841 ἅ
1579 823 1606 847 4.
1619 817 1697 855 ιιι-85.
1719 815 1831 850 ponitur
1843 835 1850 848 ,
1869 814 1992 851 itemque
2004 814 2037 843 ab
2051 814 2175 853 Orpheo.
2216 814 2379 852 Apollonius
2398 815 2467 844 dicit
2483 825 2545 847 eum
2599 830 2604 848 ι

1440 860 1469 916 ii}
1484 850 1569 894 Libya
1581 850 1706 888 perusie:
1729 851 1841 881 Flaccus
1852 859 1944 881 autem
1957 852 2047 881 noster
2060 854 2089 882 in
2104 852 2162 883 AEa.
2184 854 2282 890 Argon.
2299 862 2322 882 1.
2343 862 2408 888 451.
2427 854 2453 883 ἃ
2472 853 2501 882 in
2519 857 2552 885 6.·
2582 853 2584 867 '
2599 867 2604 884 i

1440 899 1458 926 p
1473 898 1558 917 enius.
2579 870 2585 925 l
2600 892 2604 925 ζ

1404 928 1612 960 CANTHus‚
1633 926 1651 955 i.
1669 935 1707 955 m.
1729 926 1856 962 [κοινῖὸς]
1877 927 1989 957 Ferrum
2009 937 2064 965 quo
2083 934 2149 957 rotae
2165 928 2354 957 extremitates
2374 928 2544 960 vinciuntur:
2578 930 2604 963 θ’

1439 1153 1562 1182 virtutib.
1586 1154 1612 1182 ἃ
1635 1153 1709 1182 vitiis
1727 1154 1879 1189 orationis,
1901 1154 2100 1184 Barbarismum
2123 1154 2249 1192 pluribus
2276 1155 2367 1184 modis
2385 1154 2552 1192 accipimus.

1440 963 1486 992 seu
1495 964 1588 1001 potius
1600 963 1702 1006 Lignea
1711 964 1756 1007 illa
1765 971 1830 993 rotae
1846 967 2005 995 extremitas
2015 988 2023 1000 ,
2044 975 2079 995 ex
2087 966 2181 995 multis
2193 966 2315 1003 partibus
2332 967 2421 995 curvis
2439 975 2548 1004 compa.
2583 941 2604 994 ..i

1441 1003 1492 1030 cta.
1504 1040 1506 1043 .
1533 1001 1603 1030 Sane
1615 1001 1720 1030 Picardi
1734 1002 1887 1038 quamlibet
1903 1003 2011 1032 illarum
2032 1005 2151 1041 partium
2161 1011 2263 1033 vocant
2273 1011 2429 1039 unergaemte,
2453 1003 2547 1036 Franci

1440 1048 1574 1074 nneyante.
1615 1040 1656 1068 Ad
1672 1041 1747 1075 quod
1763 1040 1854 1069 facere
1873 1041 1980 1070 videtur
1997 1041 2069 1071 illud
2087 1041 2250 1079 Hieronymi
2263 1042 2309 1070 lib.
2323 1051 2347 1077 3.
2367 1041 2432 1078 Reg.
2449 1050 2507 1079 cap.
2519 1051 2544 1078 7.
2583 1046 2585 1050 ’

1439 1076 1523 1120 Tales
1537 1083 1629 1106 autem
1643 1084 1711 1106 rotae
1725 1084 1803 1106 erant
1813 1078 1905 1114 quales
1919 1079 2009 1108 solent
2019 1080 2048 1107 in
2061 1089 2142 1109 curru
2159 1079 2217 1108 fieri
2229 1089 2235 1108 :
2259 1081 2284 1109 δι
2307 1088 2371 1108 axes
2390 1088 2501 1115 earum,
2520 1081 2547 1111 ἀ

1438 1115 1527 1150 radii,
1551 1117 1576 1144 δι
1593 1115 1701 1149 canthi,
1723 1116 1877 1145 &modioli
1888 1139 1896 1152 ,
1918 1118 2011 1146 omnia
2021 1117 2116 1146 fusilia.
2154 1117 2274 1153 Quintil.
2285 1117 2332 1146 lib.
2348 1127 2371 1146 1.
2386 1126 2446 1154 cap.
2462 1127 2486 1148 ς.
2507 1117 2546 1148 De

1438 1190 1532 1233 Unum
1543 1197 1640 1227 gente:
1662 1190 1741 1227 quale
1751 1191 1782 1220 sit
1792 1213 1799 1226 ,
1820 1192 1907 1229 liquis
1920 1193 2014 1222 Afrum
2023 1192 2068 1222 vel
2080 1193 2231 1230 Hispanum
2245 1192 2346 1222 Latinae
2362 1193 2483 1222 orationi
2496 1202 2553 1222 no..

1438 1229 1630 1258 meninserat:
1654 1236 1684 1257 ut
1694 1228 1805 1257 Ferrum
1817 1239 1871 1266 quo
1882 1238 1946 1259 rotae
1958 1231 2133 1267 vinciuntur,
2155 1231 2211 1260 dici
2225 1230 2293 1260 solet
2303 1230 2443 1260 Canthus:
2465 1240 2547 1267 quan·
2586 1235 2591 1261 ζ

1438 1275 1520 1302 quam
1532 1273 1708 1310 ‹eo-tanquam
1720 1273 1831 1303 recepto
1842 1269 1926 1298 utitur
1937 1268 2048 1298 Persius.
2088 1268 2115 1298 V.
2138 1268 2229 1298 Burm.
2243 1279 2270 1306 p.
2285 1278 2327 1304 52.
2350 1268 2452 1297 Badius
2465 1268 2546 1298 inter·
2587 1278 2594 1295 f

1436 1311 1598 1372 prestatturin
1608 1305 1812 1334 commentariis
1828 1305 1906 1335 Persii
1924 1306 2082 1343 Canthum,
2101 1306 2179 1336 Rotae
2195 1306 2454 1337 circumferentiam.
2474 1303 2542 1337 Perss
2576 1302 2594 1341 l.

1440 1352 1464 1377 5.
1496 1352 1510 1371 a
1524 1363 1530 1371 .
1543 1352 1588 1379 71.

1628 1396 1665 1400 —
1674 1379 1797 1417 quamvis
1807 1386 1920 1410 temone
1928 1381 1977 1411 sub
1987 1392 2044 1412 uno

1517 1416 1677 1447 Vertentem
1689 1417 1741 1447 sese
1756 1418 1848 1447 frustra
1862 1419 2000 1450 sectabere
2013 1419 2155 1450 canthum.
2584 1434 2586 1439 ·

1430 1453 1563 1499 *Canthpq
1572 1478 1580 1489 ,
1602 1456 1727 1499 [avesq]
1738 1456 1811 1485 oculi
1826 1465 1907 1486 vocat
1919 1457 2039 1487 Galenus
2050 1457 2098 1487 lib.
2111 1458 2147 1488 de
2156 1457 2211 1487 Usu
2219 1457 2339 1495 partium
2349 1480 2358 1495 ,
2380 1467 2449 1496 quos
2458 1458 2546 1496 Angu-

1405 1526 1407 1528 .
1457 1492 1499 1521 los
1509 1493 1643 1523 dicimus:
1666 1493 1732 1523 facit
1742 1500 1834 1524 autem
1842 1495 1974 1531 majorem
1983 1498 2008 1526 δι
2018 1496 2156 1525 minorem
2165 1495 2308 1525 canthum.
2592 1494 2593 1497 ¹

1403 1529 1635 1566 CANTrcum,
1657 1531 1907 1565 CANTtLssNA‚
1928 1534 2149 1569 CANTlLLO,
2171 1533 2333 1563 CAN'rio.
2371 1532 2403 1563 In
2431 1542 2541 1565 CANo.
2583 1528 2591 1564 J*

1402 1567 1424 1597 C
1434 1577 1454 1633 ,ἶ
1463 1577 1513 1642 ugr
1523 1579 1533 1597 1
1545 1579 1572 1598 oe
1580 1579 1595 1598 s
1603 1580 1613 1598 ι
1622 1579 1634 1599 s
1644 1591 1651 1605 ,
1673 1569 1849 1605 [xxi-siaiCis]
1869 1570 1939 1601 Urbs
1950 1571 2103 1602 Germaniae
2113 1570 2279 1601 Ptolemaeo:
2301 1571 2386 1601 hodie
2395 1570 2477 1609 vulgo
2486 1575 2547 1600 Am·

1454 1616 1465 1632 e
1499 1628 1505 1636 .

1400 1642 1942 1689 CANT1T0,'CANT1uncu1.A,
1964 1647 2186 1677 CAN‘russro.
2225 1646 2257 1678 V.
2279 1655 2390 1676 CANo.

1400 1681 1450 1710 CA
1460 1691 1505 1725 Na*
1516 1693 1526 1710 1
1535 1692 1582 1729 um
1593 1704 1601 1717 ,
1615 1692 1640 1726 ⁶1.
1661 1692 1689 1712 n.
1711 1684 1833 1719 [Κάντιον
1854 1684 1924 1721 ἄκρον
1939 1684 2007 1714 Ptol.
2019 1685 2033 1720 ]
2053 1685 2202 1715 Britanniae
2216 1685 2441 1723 promontorium
2455 1686 2482 1715 &
2491 1683 2544 1723 ipsa

1436 1719 1622 1764 regio'Caesari
1637 1720 1702 1750 Bell.
1718 1721 1788 1751 Gall.
1804 1724 1919 1759 5.13.&
1931 1733 1972 1759 14.
1995 1722 2110 1759 Cantia,
2131 1723 2219 1761 Regio
2239 1723 2330 1753 Bedae.
2350 1722 2436 1760 vulgo
2453 1727 2540 1752 Rem.-

1436 1757 1485 1786 ubi
1496 1766 1590 1788 Civitas
1600 1758 1748 1788 Cantuaria
1758 1779 1766 1794 ,
1786 1759 1870 1794 vulgo
1881 1761 2045 1800 Canterbmy.
2581 1758 2588 1783 ἰ

1399 1794 1554 1831 CANTo,
1577 1796 1760 1832 ΟΑΝΤοιι,
1783 1797 1950 1828 CANTus.
1990 1798 2022 1828 V.
2041 1808 2153 1828 CANO.

1398 1832 1422 1862 C
1430 1843 1481 1900 ιὲιὶι
1489 1843 1533 1901 pic
1543 1843 1563 1862 H
1570 1844 1615 1901 sib,
1632 1844 1666 1902 ge.
1688 1835 1707 1864 f.
1729 1834 1749 1864 F
1750 1835 1839 1907 lgvius
1850 1836 1888 1866 est
1897 1835 2058 1874 navigabilis
2067 1859 2076 1873 ,
2096 1838 2126 1866 iri
2141 1837 2265 1875 Gangem
2280 1836 2401 1867 influens
2410 1856 2420 1871 ,
2439 1840 2472 1865 ut
2482 1834 2544 1866 scri.

1456 1882 1464 1900 1
1521 1882 1618 1901 in.i.
1652 1882 1786 1910 .cap.1.
2579 1894 2582 1899 ·

1396 1907 1504 1953 CAN'u
1515 1919 1621 1939 Latus
1632 1932 1640 1945 ,
1662 1911 1744 1940 Nom.
1758 1917 1831 1954 gent.
1850 1910 1931 1941 Rom.
1953 1911 1994 1941 Ex
2010 1922 2063 1950 qua
2083 1913 2114 1942 C.
2133 1911 2281 1948 Canulejus
2297 1911 2440 1942 Tribunus
2457 1910 2542 1949 plebia

1435 1957 1482 1985 qui
1491 1957 1520 1977 A.
1535 1958 1562 1977 υ,
1577 1957 1678 1992 c.310.¹
1691 1957 1847 1986 rogationes
1857 1950 1925 1979 duas
1936 1949 2000 1980 tulit
2011 1972 2019 1986 ,
2041 1950 2078 1980 Ut
2093 1950 2234 1981 connubia
2244 1950 2334 1988 plebis
2345 1960 2409 1980 cum
2422 1948 2540 1987 patribus

1435 1985 1522 2015 essent
1536 1996 1697 2015 communia
1708 2009 1716 2022 ,
1738 1988 1763 2016 ἂ
1774 1995 1804 2016 ut
1815 1988 1882 2016 alter
1896 1987 1997 2017 Consul
2009 1989 2043 2017 de
2052 1988 2134 2026 plebe
2144 1996 2290 2018 crearetur.
2313 1988 2476 2018 Orationem
2485 1987 2541 2024 ejui

1436 2023 1562 2053 adversus
1574 2024 1706 2067 Consules
1716 2024 1780 2054 vide
1790 2026 1864 2063 apud
1879 2026 1985 2055 Livium
1994 2025 2041 2055 lib.
2053 2038 2079 2062 4.
2092 2037 2133 2065 pr.
2532 2042 2537 2048 ·
2568 2047 2571 2061 ι

1397 2060 1419 2090 C
1430 2071 1480 2108 'Ast'
1493 2072 1510 2090 u
1519 2073 1540 2090 M
1549 2084 1557 2098 ,
1578 2072 1596 2091 i.
1616 2072 1645 2105 ιι.
1669 2063 1740 2091 inter
1754 2063 1886 2100 simplicia
1896 2064 2082 2093 medicamina
2092 2065 2208 2094 refertur
2218 2074 2233 2094 a
2244 2063 2350 2094 Galeno
2359 2086 2367 2099 ,
2388 2063 2431 2094 his
2442 2063 2540 2102 verbis,
2561 2086 2563 2091 .
2584 2084 2587 2093 i

1433 2101 1542 2143 Canum
1562 2108 1702 2144 optimum
1718 2100 1852 2136 habetur,
1877 2103 1953 2139 quod
1969 2102 2162 2132 validissimum
2180 2103 2224 2132 est.
2262 2103 2408 2132 Invenitur
2423 2102 2541 2132 enimin
2576 2122 2578 2125 ν

1432 2137 1552 2166 metallis
1563 2160 1571 2173 ,
1593 2148 1621 2166 in
1633 2138 1733 2181 quibus
1742 2139 1894 2171 conflatur.
1917 2141 1943 2169 δι
1955 2140 2118 2176 quibusdam
2133 2140 2258 2170 litoribus
2277 2140 2369 2170 maris.
2407 2140 2482 2169 Vires
2496 2139 2540 2170 ha-
2560 2134 2573 2166 ι’

1434 2175 1499 2218 bet,
1522 2185 1617 2218 verum
1633 2185 1739 2219 'acriter
1757 2177 1936 2214 stringentes,
1958 2181 1983 2207 &z
2004 2179 2213 2215 quodammodo
2233 2178 2372 2208 causticas.
2412 2178 2479 2208 Haec
2495 2176 2539 2208 ille

1433 2213 1481 2242 lib.
1495 2214 1530 2242 de
1541 2213 1664 2251 Simplic.
1676 2214 1829 2244 Medicam.
1867 2216 1952 2251 [Hoc
1961 2216 2028 2252 quid
2038 2216 2069 2245 sit
2082 2216 2184 2246 nescio.
2479 2213 2484 2221 ⁴

1394 2253 1417 2284 C
1428 2261 1447 2279 A
1460 2261 1479 2279 N
1489 2261 1506 2280 u
1517 2261 1529 2280 s
1542 2273 1561 2295 ,'
1572 2262 1586 2280 a
1599 2275 1604 2287 ,
1627 2262 1683 2281 uni.
1707 2250 1826 2288 [πυλεὶς.
1843 2254 1975 2287 Adonem
1989 2254 2001 2290 ]
2024 2254 2083 2290 Adj.
2117 2254 2224 2283 Coloris
2235 2263 2340 2284 nomen
2353 2263 2435 2291 quam
2449 2252 2539 2292 proxi-
2558 2268 2560 2279 ι

1430 2298 1476 2318 me
1488 2299 1522 2333 ex
1534 2299 1629 2333 nigro,
1649 2296 1696 2319 aut
1705 2289 1781 2319 fusco
1791 2312 1799 2326 ,
1821 2297 1868 2320 aut
1877 2291 2002 2321 viridiad
2011 2291 2110 2321 Album
2120 2293 2278 2322 accedentis
2290 2314 2298 2327 ,
2319 2292 2488 2329 frequentius
2504 2291 2537 2322 de

1430 2326 1545 2356 homine
1564 2329 1682 2368 dicitur,
1704 2329 1749 2357 cui
1770 2329 1892 2358 candent
1906 2329 1960 2358 live
1975 2329 2070 2358 albent
2090 2330 2184 2368 capilli
2204 2340 2261 2369 prae
2280 2326 2432 2361 senectute.
2452 2329 2533 2361 Plaut.

1429 2364 1530 2408 Bacch.
1546 2376 1569 2401 5.
1583 2376 1655 2401 1.15.
1667 2366 1744 2395 Cano
1759 2367 1849 2403 capite
1857 2374 1939 2403 atque
1951 2367 2013 2397 alba
2026 2366 2118 2398 barba.

1428 2403 1601 2432 Ablinthium
1611 2412 1720 2433 canum.
1743 2404 1828 2433 Ovid.
1842 2415 1865 2440 ς.
1877 2405 1957 2434 sust.
1971 2413 2068 2440 13.21.

1509 2441 1584 2470 Cana
1594 2442 1668 2480 prius
1676 2442 1770 2479 gelido
1781 2442 1869 2472 desint
1878 2443 2011 2473 absinthia
2021 2442 2119 2473 Ponto.

1428 2479 1548 2508 Amator.
1569 2479 1663 2509 Tibul.
1680 2480 1727 2509 lib.
1744 2490 1766 2509 i.
1778 2485 1803 2514 8.
1815 2489 1860 2515 29.

1427 2516 1543 2545 Anilitas
1552 2526 1626 2547 cana.
1651 2517 1741 2547 Catul.
1753 2528 1796 2554 59.
1810 2522 1871 2548 162.

1426 2553 1520 2583 Barba.
1542 2555 1662 2585 Martial.
1674 2555 1722 2585 lib.
1734 2567 1760 2592 4.
1774 2559 1818 2591 36.

1491 2630 1495 2635 ⁵
1507 2592 1581 2622 Cana
1595 2594 1633 2622 est
1645 2593 1725 2623 barba
1737 2594 1803 2630 tibi,
1823 2593 1899 2632 nigra
1907 2594 1945 2624 est
1953 2602 2040 2625 coma.

1427 2629 1538 2667 Capilli.
1561 2631 1626 2660 l-lor.
1641 2641 1664 2661 2.
1675 2631 1764 2662 Carm.
1780 2641 1820 2662 11.
1838 2642 1881 2669 15.

1426 2668 1525 2705 Caput.
1549 2669 1632 2699 Ovid.
1646 2680 1669 2705 5.
1684 2669 1749 2699 Fast.
1764 2679 1808 2707 57.

1426 2705 1523 2735 Coma.
1544 2707 1606 2736 Sen.
1617 2708 1647 2735 in
1657 2707 1760 2738 Troad.
1773 2717 1798 2745 3.

1426 2744 1532 2773 Crines.
1554 2744 1642 2774 Catul.
1661 2755 1703 2781 59.

1425 2781 1591 2812 December.
1613 2782 1733 2813 Martial.
1743 2782 1792 2812 lib.
1809 2792 1832 2812 1.
1847 2792 1890 2819 50.

1484 2857 1489 2863 .
1506 2822 1540 2849 At
1548 2830 1632 2857 quum
1646 2821 1799 2850 December
1811 2830 1896 2851 canus
1906 2843 1914 2857 ,
1935 2821 1962 2851 ἂ
1977 2819 2075 2850 bruma
2088 2820 2237 2859 impotens.

1425 2853 1536 2887 Favilla.
1559 2858 1675 2893 Ovidg.
1689 2858 1759 2888 Met.

1425 2894 1517 2925 Fides.
1540 2896 1612 2933 Virg.
1626 2907 1648 2925 1.
1663 2896 1723 2926 AEn.
1735 2906 1780 2932 ²9·

1517 2933 1593 2977 Cana
1609 2934 1677 2978 fides
1689 2956 1696 2969 ‚
1721 2936 1746 2964 δε
1768 2931 1854 2964 Vesta.
1936 2934 1990 2963 Ubi
2011 2934 2140 2969 Servius,
2168 2933 2272 2964 Cariam
2285 2932 2369 2964 fidem
2385 2931 2470 2969 dixit,
2487 2929 2529 2962 vel

1443 2972 1521 3008 quod
1531 2981 1559 3000 in
1569 2982 1644 3001 canis
1655 2972 1815 3001 hominibus
1825 2972 1964 3001 invenitur
1975 2982 1981 3001 :
1997 2972 2042 3001 vel
2052 2972 2126 3009 quod
2137 2972 2162 3001 ei
2173 2972 2235 3001 albo
2246 2981 2340 3009 panno
2349 2971 2473 3001 involuta
2479 2979 2533 2999 ma·

1444 3019 1483 3051 nu
1494 3009 1674 3039 sacrificatur:
1699 3020 1748 3048 per
1758 3010 1833 3052 quod
1841 3010 1993 3039 ostenditur
2002 3032 2009 3045 ,
2031 3009 2116 3039 fidem
2128 3009 2230 3039 debere
2247 3009 2301 3038 effe
2310 3008 2449 3039 secretam.
2477 3007 2532 3038 No-

1444 3057 1506 3091 nius
1515 3052 1607 3076 autem
1616 3070 1624 3082 ,
1646 3048 1751 3077 Cariam
1762 3048 1846 3077 iidem
1857 3069 1865 3083 ,
1887 3047 2012 3077 Veterem
2024 3049 2050 3077 ἃ.
2060 3047 2202 3085 antiquam
2213 3048 2417 3086 interpretatur.
2570 3051 2571 3055 ’

1425 3083 1486 3115 Fila
1499 3095 1574 3114 cana.
1598 3085 1682 3115 Ovid.
1700 3095 1742 3121 15.
1755 3085 1822 3114 Met.
1838 3094 1900 3122 372.

1505 3123 1591 3159 Quaeq
1597 3133 1629 3152 ue
1643 3122 1731 3152 solent
1741 3123 1815 3153 canis
1825 3123 1938 3153 frondes
1947 3123 2074 3153 intexere
2081 3121 2135 3152 filis

1505 3161 1724 3198 Agrestestineae.

1425 3197 1546 3229 Fluctus.
1571 3198 1628 3228 Cic.
1641 3199 1669 3227 in
1685 3200 1757 3228 Arat.
1770 3207 1815 3235 71.

1518 3236 1578 3265 Nec
1588 3242 1718 3266 metuunt
1726 3246 1810 3266 canos
1821 3235 1961 3265 minitanti
1969 3243 2109 3265 murmure
2118 3235 2227 3265 fludtus.

1947 3275 2018 3304 -ἃ
2031 3273 2143 3304 horrida
2155 3283 2225 3304 cano

2559 2841 2563 2862 -.
2560 2823 2563 2832 ,
2559 2373 2579 2809 ᾗ-,Αῑπῗῄῆἠξμῌ
2565 2229 2568 2242 -

1423 3273 1504 3304 Gelu.
1528 3273 1597 3311 Virg.
1609 3284 1632 3310 3.
1645 3275 1744 3311 Georg.
1759 3284 1822 3310 442.

1516 3312 1615 3341 Bruma
1627 3312 1698 3350 gelu.
2553 3328 2555 3345 i

1422 3349 1536 3379 Laurea.
1560 3360 1609 3387 pro
1621 3350 1722 3379 Veteri.
1744 3349 1828 3379 Ovid.
1839 3357 1862 3386 3.
1879 3348 1947 3378 Fast.
1963 3357 2024 3385 142.
2552 3365 2555 3382 i

1423 3387 1503 3425 Lupi.
1526 3388 1608 3417 Ovid.
1622 3396 1646 3424 7.
1659 3387 1729 3417 Met.
1741 3397 1803 3423 550.

1422 3425 1507 3455 Mala.
1531 3425 1603 3463 Virg.
1616 3435 1641 3454 2.
1659 3425 1715 3455 Eel.
1727 3435 1770 3460 51.

1502 3463 1560 3501 Ipse
1569 3472 1620 3500 ego
1631 3473 1699 3492 cana
1706 3463 1794 3500 legam
1803 3467 1897 3490 tenera
1906 3461 2038 3500 lanugine
2048 3460 2128 3493 mala.

1421 3501 1513 3531 Mater
1524 3511 1601 3530 cana.
1621 3500 1738 3530 Martial.
1754 3499 1801 3528 lib.
1818 3509 1859 3528 12.
1874 3508 1917 3535 3²-

1502 3538 1535 3568 Et
1546 3548 1609 3568 cuni
1624 3538 1714 3567 sorore
1729 3547 1797 3567 cana
1809 3543 1895 3566 mater
1904 3537 2019 3574 ingenti.

2211 3461 2230 3492 i.
2242 3471 2266 3492 e.
2288 3460 2430 3500 Cydonea,
2452 3458 2523 3491 Serv.
2552 3461 2553 3465 ’

1421 3575 1552 3611 Montes,
1575 3576 1635 3605 Albi
1645 3586 1679 3605 ex
1689 3576 1760 3605 nive.
1783 3574 1852 3611 Virg.
1870 3584 1893 3604 1.
1908 3575 2008 3612 Georg.
2023 3583 2069 3612 43.
2583 3579 2593 3598 ν

1420 3613 1487 3642 Nix.
1511 3615 1575 3644 Hor.
1585 3624 1609 3643 2.
1626 3615 1801 3648 Serm..5.41.
2583 3607 2604 3658 ὴὲ

1420 3651 1531 3681 Pliimae.
1555 3652 1639 3681 Ovid.
1648 3661 1674 3682 2.
1689 3651 1756 3680 Met.
1771 3659 1832 3686 373.
1855 3649 1891 3679 sic
1901 3655 1982 3679 vocat
1993 3650 2101 3680 Plumas
2111 3650 2201 3688 cycni.
2326 3659 2328 3662 ·
2585 3655 2602 3685 *r

1420 3688 1528 3719 Pruina.
1551 3689 1623 3726 Virg.
1635 3699 1660 3718 2.
1675 3689 1771 3726 Georg.
1785 3692 1845 3724 376.
2590 3686 2602 3724 ‘i

1501 3727 1609 3763 Frigora
1618 3737 1670 3756 nec
1681 3734 1789 3756 tantum
1800 3734 1867 3754 cana
1875 3730 2004 3754 concreta
2015 3725 2122 3762 pruina.
2595 3719 2604 3734 ⁴

1420 3762 1513 3793 Puella
1531 3775 1598 3793 cana
1608 3765 1694 3794 fieret.
1715 3766 1732 3793 i.
1751 3773 1774 3793 e.
1799 3762 1902 3792 Vetula.
1924 3763 2046 3800 Propert.
2058 3773 2084 3793 2.
2100 3766 2196 3793 16022.
2595 3777 2604 3798 ις

1419 3800 1519 3831 Pulvis.
1541 3803 1639 3832 Claud.
1657 3813 1678 3832 i.
1690 3803 1724 3831 de
1737 3801 1816 3839 Rapt.
1830 3799 1951 3839 Proserp.
1967 3806 2029 3836 185.
2595 3796 2604 3811 “

1418 3839 1529 3868 Salina.
1554 3840 1636 3870 Ovid.
1656 3851 1679 3872 ς.
1698 3840 1764 3869 met.
1783 3848 1843 3874 590.
2543 3826 2545 3838 '

1417 3876 1536 3912 Segetes.
1558 3879 1575 3906 i.
1589 3888 1613 3907 e.
1638 3878 1761 3907 maturae.
1784 3876 1867 3906 Ovid.
1884 3885 1925 3905 10.
1938 3875 2007 3906 Met.
2021 3879 2084 3912 655.
2576 3866 2604 3911 ‚1E

1417 3913 1559 3945 Senectus.
1582 3916 1667 3946 Ovid.
1686 3925 1729 3952 14.
1741 3914 1824 3953 Epist.
1836 3923 1896 3948 109‘
2467 3947 2524 3979 Sim
2540 3926 2544 3960 ζ
