2604 4222
192 164 261 202 372
648 148 670 180 B
768 143 798 176 U
906 141 934 172 c.

192 237 214 268 B
224 246 264 265 ur:
275 246 291 265 ο
302 244 364 264 mu
376 245 413 267 ,0,
434 233 452 261 i.
474 240 501 261 n.
523 228 679 266 [ssass’c-izw]
700 224 791 255 Herba
801 245 809 257 ,
833 230 893 257 quse
906 222 930 249 Sc
946 217 1084 260 lister-alio
1096 216 1211 245 nomine
1225 213 1350 252 appella-

232 280 284 304 tur.
325 272 393 301 Ptin.
409 271 457 299 lib.
469 279 512 305 27·
526 277 584 303 cap.
599 277 622 301 ς.
646 265 717 294 Alter
729 263 762 291 ab
773 260 909 295 aliquibus
919 257 1075 286 Eubonium
1088 254 1258 292 apitct'zturf
1283 261 1350 288 quo-

232 312 307 341 niam
320 309 464 346 inguinum
476 305 691 344 praesentaneum
704 298 857 329 remedium
870 296 915 324 est.
958 291 1116 322 Cauliculus
1125 290 1164 334 sol
1179 292 1199 319 is
1211 290 1350 326 oblongis,

234 348 344 377 duobus
355 354 402 376 aut
413 345 502 375 tribus
512 365 520 375 .
541 343 570 371 in
578 340 722 370 cacumine
737 334 859 372 capitula
872 331 954 362 stellae
971 331 1057 359 morio
1075 329 1163 372 radiat
1174 341 1187 371 ³:

196 388 243 419 Bu
254 389 349 415 1111510
361 394 376 413 c
387 387 402 413 ἓ
411 395 427 412 r.
437 393 466 417 1³,
489 378 683 417 [ζεζωνοκυίιη]
704 373 821 405 Morbus
842 371 943 399 dicitur
961 368 1074 405 quando
1095 376 1154 395 inte
1169 375 1256 394 *inum
1269 364 1352 400 usque

233 424 267 453 ad
279 424 382 460 inguen
394 422 529 451 duntaxat
548 416 689 454 eruperit,
710 418 757 442 aut
777 407 949 439 decubuerit.
972 407 1074 436 Perott.
1095 405 1170 434 cons.
1189 403 1257 433 Cels.
1268 412 1292 438 7.
1310 407 1350 435 ¹8-

196 467 422 533 ΒιῗξῒζηῳυΑ,
443 495 712 525 110110οΑ0105,
737 486 955 519 Eumaeus,
979 482 1273 513 BuaurchAsr,
1293 476 1355 507 Bu-

236 545 374 569 EULUS,
403 533 434 562 V.
456 540 527 561 Bos.

197 574 386 605 Boeotum
407 571 522 602 Femur,
548 564 649 596 Herba.
673 561 705 592 V.
727 569 857 590 rarius.

623 651 648 684 B
747 648 780 684 U
881 647 909 681 C

199 758 322 788 BucA,
343 751 455 788 [sim]
476 747 623 787 Oppidum
643 746 682 776 est
701 746 922 779 Frentanorum,
958 742 988 771 in
1009 746 1105 780 quarta
1126 738 1210 770 Italiae
1232 736 1355 774 regione.

238 794 305 823 Plin.
318 791 366 820 lib.
381 799 404 824 3.
419 798 478 826 cap.
496 796 537 816 12.
552 787 577 816 &
588 785 686 814 Strabo
703 783 750 813 lib.
766 793 788 818 ς.

199 832 220 862 Β
231 842 248 860 u
258 840 274 859 c
283 840 301 858 A
310 839 325 858 s
336 850 344 863 ,
366 826 437 855 Vasis
452 834 546 862 genus.
570 823 670 852 Festus.
711 822 825 858 [Immo
835 819 929 849 Bacar.
951 828 977 856 q.
993 817 1026 847 V.

199 870 219 900 B
231 879 247 897 u
259 878 275 896 c
285 877 304 896 A
314 877 330 894 R
340 876 356 894 p
368 874 403 893 rA
413 885 422 899 ,
444 858 615 899 [βενωιεδίκ]
638 860 758 897 Lapillus
770 858 875 888 bubulo
885 856 964 887 cordi
975 855 1068 886 similis
1076 876 1084 891 ,
1106 853 1135 882 in
1144 850 1287 889 Babylone
1298 854 1358 878 tan·

235 913 293 934 tum
307 902 428 932 nascens.
453 900 520 930 Plin.
536 899 583 928 lib.
595 908 637 935 37.
655 908 715 935 cap.
732 908 774 926 io.

198 944 299 974 Bucc
310 953 325 969 A
339 963 347 973 .
369 939 497 977 [yn29351
511 938 523 973 ]
545 937 585 967 Os
602 936 648 965 est.
676 936 707 965 Iri
725 945 780 972 quo
803 933 960 963 notandum
975 931 1051 969 quod
1072 928 1112 959 Os
1127 929 1153 958 δι
1169 926 1260 969 Bucea
1274 947 1281 961 ,
1304 925 1357 954 five

234 980 306 1019 plur.
327 979 443 1010 Buccae,
465 985 522 1005 non
538 974 710 1005 Exteriorem
731 980 854 1011 partem,
875 971 930 999 hoc
951 970 989 999 est
1011 969 1103 1002 labia,
1132 966 1302 1009 significant,
1326 968 1358 992 ut

234 1017 333 1055 vulgus
349 1015 485 1045 existimat
496 1036 503 1048 ,
523 1013 570 1042 sed
585 1013 755 1042 Interiorem.
800 1010 844 1039 Est
859 1019 924 1046 ergo
937 1008 1028 1037 Bucca
1039 1029 1048 1042 ,
1068 1006 1186 1037 Interior
1200 1002 1247 1031 illa
1258 1011 1358 1030 conca-

234 1056 304 1086 vitas
322 1077 330 1087 ,
351 1054 426 1083 unde
439 1061 492 1081 vox
504 1051 596 1088 prodit
609 1073 617 1084 .
639 1052 664 1080 St
676 1060 728 1087 qua
738 1048 896 1086 concipitur
907 1046 996 1075 flatus.
1012 1045 1080 1074 Hor.
1097 1054 1118 1073 1.
1136 1043 1222 1072 Serm.
1236 1050 1259 1069 1.
1271 1049 1316 1076 27.

315 1092 393 1129 Quid
405 1090 491 1120 causae
501 1090 538 1118 611
549 1111 556 1122 ,
578 1089 678 1117 merito
691 1087 758 1125 quin
769 1086 823 1116 illis
837 1085 966 1123 ,Iuppiter
976 1082 1071 1112 ambas

314 1131 401 1160 Iratus
415 1129 516 1157 buccas
526 1127 627 1156 inflet?
710 1125 810 1154 limbas
821 1125 922 1152 buccas
938 1121 1047 1159 inquit,
1069 1120 1095 1148 h.
1110 1127 1135 1147 e.
1156 1115 1310 1152 Utrumque
1320 1113 1358 1143 la-

235 1174 279 1199 tus
291 1169 355 1197 oris.
378 1167 445 1196 Plin.
460 1165 507 1194 lib.
524 1175 533 1193 1
544 1175 565 1193 1.
585 1174 645 1202 cap.
660 1172 703 1200 37.
726 1162 797 1192 Infra
808 1161 904 1190 oculos
914 1159 1010 1194 rnalae,
1026 1156 1136 1187 homini
1149 1161 1276 1198 tantum,
1291 1161 1358 1190 quas

234 1206 315 1246 prisci
327 1214 411 1243 genas
422 1203 579 1236 vocabant.
600 1212 656 1231 xii
672 1200 826 1230 tabularum
843 1198 992 1228 interdicto
1003 1197 1062 1226 radi
1083 1205 1098 1224 a
1117 1194 1228 1223 feminis
1248 1201 1292 1220 eas
1313 1200 1358 1219 ve-

235 1248 334 1274 tantes.
370 1242 484 1272 Pudoris
495 1241 553 1270 haec
565 1240 650 1269 sedes.
694 1239 736 1268 lbi
755 1238 877 1267 maxime
893 1235 1047 1265 ostenditur
1062 1233 1154 1262 rubor.
1195 1229 1269 1260 Infra
1281 1238 1332 1272 *eas
1346 1249 1355 1263 ,

233 1282 403 1312 hilaritatem
418 1279 557 1316 risumque
575 1278 732 1307 indicantes
743 1298 751 1311 ,
772 1276 876 1305 buccae.
917 1274 985 1303 Haec
1002 1273 1101 1302 Perott.
1125 1279 1160 1300 ex
1171 1268 1249 1298 Valla
1269 1266 1316 1296 lib.
1327 1276 1355 1302 4.

235 1330 267 1350 ca
290 1343 296 1349 .
332 1329 357 1349 2.

234 1331 290 1396 Agl}
302 1331 357 1393 idm
369 1356 434 1386 infla
447 1355 557 1384 buccas.
579 1352 664 1383 Plaut.
678 1351 764 1381 Stich.
784 1361 807 1386 ς.
824 1353 850 1379 6.
864 1359 889 1386 7.
912 1348 986 1378 conf.
1006 1348 1104 1377 Horat.
1118 1346 1206 1383 supra.

234 1396 320 1426 Suffla
330 1395 456 1425 celeriter
468 1393 518 1422 tibi
528 1392 630 1421 buccas
639 1412 647 1425 ,
667 1390 739 1427 quasi
751 1388 913 1427 proserpens
925 1387 1018 1416 bestia.
1040 1384 1126 1414 Plaut.
1136 1383 1222 1413 Stich.
1236 1392 1260 1418 ς.
1272 1391 1297 1416 4.
1309 1389 1355 1416 42.

234 1433 365 1465 Fluentes
377 1433 481 1462 buccae.
519 1430 577 1460 Cic.
590 1429 650 1459 Post
661 1428 716 1457 red.
728 1428 757 1456 in
767 1428 860 1456 Sensst.
880 1435 922 1455 12.
942 1425 1065 1454 Primum
1076 1421 1226 1460 processit,
1247 1429 1300 1457 qua
1310 1428 1358 1447 au-

253 1472 380 1502 &oritate
390 1471 456 1500 vir‘?
477 1468 553 1503 vini,
575 1467 680 1501 somni,
702 1465 787 1503 stupri
797 1464 916 1503 plenus,
938 1461 1063 1492 madenti
1080 1470 1182 1495 coma,
1202 1456 1357 1495 composito

254 1509 358 1548 capillo
370 1531 377 1544 ,
399 1507 525 1546 gravibus
533 1505 621 1535 oculis
631 1526 639 1540 ,
660 1503 811 1533 fluentibus
822 1502 919 1532 buccis
928 1523 936 1538 ,
958 1499 1046 1539 pressa
1055 1507 1125 1529 voce
1136 1500 1163 1529 ἃ
1173 1495 1335 1527 temulenta.

234 1548 377 1586 Rumpere
391 1546 492 1576 buccas
503 1544 631 1574 tumidas.
652 1541 722 1572 Pers.
736 1552 760 1577 ς.
777 1541 832 1571 Sat.
847 1550 889 1577 13.

234 1585 425 1624 Purpuriss'atae
440 1584 543 1613 buccae.
586 1579 795 1611 Plaut.Trucul.
806 1589 831 1608 2.
844 1588 869 1608 2.
885 1587 929 1614 35.

333 1623 461 1660 Qiiaque
480 1621 540 1650 istas
558 1619 660 1649 buccas
673 1624 728 1647 tam
738 1617 812 1647 belle
821 1614 1018 1655 purpurissatas
1030 1612 1124 1642 habes-

235 1660 334 1691 Vetula
343 1662 438 1691 bucca.
460 1659 558 1695 juven.
577 1668 618 1686 10.
634 1657 689 1686 Sat.
705 1665 765 1692 195.

233 1700 332 1730 Buccae
344 1699 396 1728 suae
407 1697 545 1727 noscenda
555 1695 594 1725 est
608 1694 743 1724 mensura.
763 1693 864 1730 Juven.
878 1701 920 1722 rr.
936 1691 992 1721 Sat.
1005 1699 1049 1727 34.
1153 1725 1159 1732 ι

234 1738 321 1774 Quod
341 1738 370 1767 in
384 1737 501 1766 buccam
516 1734 625 1764 venerit
639 1755 647 1769 ,
668 1732 858 1762 Proverbium.
899 1729 958 1760 Cic.
972 1738 994 1757 i.
1010 1729 1064 1757 Att.
1076 1737 1103 1762 9.
1131 1725 1160 1755 Si
1177 1733 1236 1754 rem
1250 1723 1357 1754 nullam

251 1775 367 1805 habebis
378 1797 387 1812 ,
410 1774 486 1811 quod
497 1774 526 1802 in
540 1772 659 1815 buccam
670 1771 779 1837 vegerit
789 1769 911 1799 scribito.
933 1766 1054 1798 Martial.
1070 1765 1119 1795 lib.
1137 1773 1181 1794 12.
1193 1772 1239 1799 24.

505 1825 580 1832 ———
589 1819 701 1846 quicqui

324 1851 357 1881 In
371 1850 488 1880 buccam
499 1848 550 1878 tibi
559 1848 667 1878 venerit
677 1846 806 1884 loquaris.
894 1878 899 1880 .

235 1889 342 1923 Buccas
356 1911 364 1924 ,
385 1898 435 1927 pro
445 1885 633 1917 Tubicinibus
644 1886 716 1914 dixit
729 1885 829 1921 Juven.
842 1891 867 1919 3.
881 1881 936 1912 Sat.
949 1890 992 1919 35.

325 1926 477 1964 Quondam
489 1925 517 1954 hi
527 1924 683 1954 cornicines
697 1945 705 1958 ,
726 1925 753 1953 δι
769 1920 948 1958 municipalis
960 1926 1050 1948 arenae

325 1964 454 2002 Perpetui
466 1963 599 1997 comites,
622 1969 751 1998 notaeque
767 1970 816 1998 per
831 1959 935 1997 oppida
944 1958 1049 1987 buccae.

232 2004 340 2038 Bucca,
361 2012 412 2040 pro
433 2001 526 2031 Frusto
545 2000 634 2038 panis.
675 1998 796 2029 Martial.
810 1997 857 2026 lib.
875 2007 916 2026 ιο.
933 2007 957 2034 ς.
985 1996 1016 2024 in
1037 1990 1208 2023 maledicum
1224 1993 1356 2029 poetam,

313 2041 414 2071 Pontes
423 2049 473 2078 per
485 2038 563 2068 Urbis
573 2043 645 2067 erret
656 2037 738 2072 exul,
760 2038 786 2066 ἃ
797 2035 900 2065 clivos:

311 2079 442 2114 Interque
455 2086 551 2106 raucos
562 2076 676 2106 ultimus
693 2080 834 2111 rogatores

248 2146 249 2149 ,
314 2116 384 2147 Oret
394 2115 506 2145 caninas
519 2115 599 2152 panis
611 2113 733 2151 improbi
744 2113 856 2142 buccas.
949 2108 999 2138 Per
1008 2111 1126 2146 pontes,
1147 2103 1196 2134 ubi
1206 2103 1270 2133 sunt
1280 2112 1358 2132 men.

254 2154 320 2184 dici.
341 2154 513 2191 Rogatores,
536 2151 693 2182 mendicos.
733 2151 861 2184 Raucos,
881 2147 1037 2178 assiduitate
1052 2143 1176 2183 petendi.
1197 2142 1302 2172 Buccas
1315 2151 1358 2170 ca-

254 2192 355 2259 ninag,
377 2191 494 2235 canibus
513 2190 619 2220 dandas
638 2187 872 2225 objiciendasque.
913 2185 993 2215 Panis
1013 2181 1156 2221 improbi,
1177 2190 1235 2209 non
1256 2179 1357 2217 probi,

253 2240 311 2260 non
344 2239 400 2259 oni.

198 2269 355 2301 Buccui.
366 2277 384 2297 A
395 2289 403 2302 ,
425 2277 456 2296 ae.
482 2266 581 2295 dimin.
612 2264 754 2301 [γνάθων]
786 2262 867 2301 Apul.
884 2264 910 2291 6.
934 2260 1003 2291 Met.
1021 2269 1050 2297 p.
1065 2263 1127 2292 ¹82·
1153 2254 1237 2286 Tunc
1252 2254 1360 2298 Jupiter

234 2304 373 2345 perpressa
385 2304 533 2343 Cupidinis
545 2303 680 2338 buccula,
701 2311 841 2338 manuque
864 2300 899 2329 ad
920 2308 952 2328 os
972 2297 1053 2327 suum
1072 2295 1157 2325 relata
1168 2293 1356 2323 combasiavit.

234 2345 315 2376 Idem
329 2353 352 2379 3.
367 2354 394 2382 p.
412 2351 472 2379 137.
495 2342 572 2371 Suet.
586 2340 666 2371 Galb.
681 2350 776 2378 cap-4.
799 2339 912 2368 Constat
924 2359 932 2372 ,
954 2335 1105 2373 Augustum
1115 2341 1204 2371 puero
1218 2331 1309 2361 adhuc
1321 2330 1359 2359 sa-

235 2382 337 2412 lutanti
348 2381 374 2411 se
388 2381 460 2410 inter
471 2379 590 2416 aequales
602 2377 772 2416 apprehensa
784 2376 901 2406 buccula
915 2374 1011 2403 dixisse
1020 2396 1028 2409 ,
1042 2374 1094 2403 ἃς.
1328 2406 1333 2412 .

235 2419 357 2451 Buccula
368 2441 375 2454 ,
398 2418 461 2448 Pars
470 2417 578 2447 cassidis
590 2439 598 2452 ,
619 2426 668 2454 per
680 2425 762 2453 quam
776 2415 895 2443 mittitur
913 2412 1022 2450 spiritus
1036 2432 1044 2446 ,
1066 2419 1125 2447 quae
1141 2408 1260 2437 buccam
1279 2411 1356 2443 tegit.

254 2458 328 2488 Nam
339 2456 417 2486 cassis
428 2461 527 2493 caput:
550 2453 669 2483 buccula
688 2463 754 2483 vero
768 2452 896 2485 barbatas,
905 2458 994 2489 partes
1006 2455 1101 2478 armat.
1124 2446 1173 2475 Vel
1186 2446 1214 2474 in
1227 2454 1279 2482 qua
1292 2444 1360 2473 desi-

255 2502 357 2533 guntur
367 2494 451 2523 cristae
462 2495 491 2523 in
504 2492 611 2522 summo
623 2491 707 2529 galeae
717 2500 798 2524 cono,
822 2490 878 2518 uod
887 2489 983 2518 buccae
992 2496 1082 2526 parvae
1092 2484 1194 2514 habeat
1204 2482 1362 2512 similitudi-

255 2544 331 2564 nem.
344 2532 493 2569 [Posterior
506 2530 626 2568 exegesis
636 2529 700 2559 falsa
711 2529 758 2559 est.
770 2500 1071 2565 V.‹s.ipsdeM.R.3.5.]
1081 2520 1357 2559 Juven.10.Sat.134.

316 2571 413 2600 Lorica
423 2592 432 2606 ,
454 2571 481 2599 ἃ
492 2568 577 2598 fradra
589 2568 624 2597 de
636 2566 737 2597 casside
754 2565 871 2596 buccula
889 2565 1028 2603 pendens.
1110 2560 1192 2591 Unde
1207 2560 1237 2588 in
1248 2558 1359 2588 Comm.

257 2608 323 2638 Caes.
337 2608 437 2645 legitur
445 2607 598 2637 Buccarum
608 2613 728 2643 tegmen.

234 2647 279 2677 De
289 2646 416 2677 Bucculis
430 2646 459 2675 in
469 2643 622 2683 Catapultis
633 2665 642 2680 ,
662 2643 693 2673 V.
717 2642 822 2672 Vitruv.
838 2651 880 2670 10.
896 2649 938 2674 ις.
951 2640 977 2669 δι
991 2637 1069 2668 Baldi
1082 2636 1147 2666 Lex.
1163 2647 1191 2674 p.
1206 2643 1249 2671 17.
1271 2672 1277 2679 .

200 2685 222 2717 B
231 2696 250 2714 u
260 2695 277 2715 c
286 2694 329 2714 cu
340 2695 356 2712 L
366 2694 383 2713 A
393 2694 454 2713 R1U
464 2693 475 2713 s
487 2705 495 2719 ,
513 2684 530 2713 i.
551 2692 588 2711 m.
608 2681 785 2711 Buccularios
795 2680 824 2708 in
834 2678 894 2714 jure
902 2678 976 2707 civili
986 2686 1054 2713 quos
1066 2675 1180 2704 tandem
1187 2674 1340 2711 accipimus
1349 2672 1363 2700 ⁸?

236 2723 328 2759 inquit
337 2721 461 2752 Turneb.
483 2721 584 2750 merito
594 2721 669 2748 enirn
681 2718 839 2749 Baculatios
853 2739 861 2751 ,
883 2722 913 2745 ut
921 2725 1020 2745 vocem
1033 2713 1112 2743 nihili
1126 2734 1134 2749 ,
1157 2720 1294 2749 quamque
1307 2710 1358 2739 hac

238 2762 306 2790 inre
318 2770 376 2789 non
387 2758 548 2798 agnosceret
562 2756 787 2794 jurisconsultus,
810 2754 951 2793 explosam
967 2763 1036 2782 reor.
1059 2752 1117 2789 Ego
1137 2759 1184 2779 eos
1203 2749 1257 2778 esse
1275 2749 1359 2778 inter-

236 2806 330 2837 pretor
341 2820 348 2833 ,
370 2798 426 2834 Qui
437 2797 526 2834 galeas
535 2796 643 2825 faciunt
653 2816 660 2828 .
683 2803 718 2824 ex
728 2804 760 2823 ea
770 2792 908 2830 galearum
918 2798 996 2829 parte
1007 2813 1015 2826 ‚
1038 2799 1098 2827 quac
1108 2787 1227 2817 buccula
1237 2787 1340 2816 dicitur
1348 2808 1357 2822 ,

237 2836 366 2874 imposito
379 2836 503 2864 nomine.
544 2833 576 2863 V.
597 2829 670 2870 Lips.
679 2842 707 2861 u.
720 2832 740 2861 s.
763 2833 789 2861 δι
800 2830 864 2860 Lex.
883 2828 970 2859 Pitisc.
985 2829 1013 2858 in
1026 2827 1204 2857 Bucellarius.

199 2874 220 2906 Β
230 2884 275 2904 uc
284 2884 302 2903 c
311 2884 325 2903 13
336 2884 356 2903 A
367 2896 375 2909 ,
397 2883 427 2902 ae.
450 2872 468 2902 f.
491 2871 594 2908 [ἕνῖτσπ
605 2892 613 2906 ,
629 2867 744 2904 ψωμιεῖς]
765 2867 918 2899 Frustulum
930 2867 1046 2902 alicujus
1056 2865 1095 2894 rei
1105 2864 1160 2894 esui
1169 2868 1255 2901 aptae,
1274 2871 1360 2906 quan-

236 2919 297 2942 tum
306 2911 411 2941 scilicet
420 2911 508 2940 bucca
519 2908 669 2938 commode
679 2908 762 2945 capit.
804 2905 938 2943 Augustus
959 2906 988 2934 in
1007 2903 1122 2941 epistola
1141 2902 1177 2932 ad
1196 2901 1358 2935 Tiberium,

235 2950 310 2988 apud
321 2950 395 2979 Suet.
407 2949 437 2977 in
446 2949 504 2978 vita
514 2969 522 2981 ,
535 2956 596 2985 cap.
608 2949 652 2983 76.
675 2945 718 2975 Ne
726 2944 839 2981 Judaeus
849 2943 973 2981 quidem,
993 2941 1148 2974 miTiberi,
1170 2946 1226 2968 tam
1241 2938 1359 2975 diligen-

236 2994 278 3017 ter
294 2987 414 3017 sabbatis
431 2985 567 3022 jejunium
584 2984 690 3018 servat,
712 2992 793 3020 quam
802 2991 854 3019 ego
870 2981 954 3010 hodie
964 2980 1065 3010 servavi
1077 3001 1084 3014 ,
1106 2978 1190 3016 quiin
1200 2976 1301 3006 balneo
1313 2976 1360 3004 tle-

236 3025 388 3070 mumpost
398 3024 495 3054 horam
505 3023 625 3062 primam
642 3021 731 3051 noetis
748 3020 817 3049 duas
838 3019 957 3049 bucceas
974 3017 1161 3051 manducavi,
1180 3016 1257 3053 prius
1277 3022 1360 3051 quam

236 3074 274 3092 un
297 3073 370 3093 iinci
394 3071 479 3092 erem.

199 3073 424 3136 Buc{r‚L1,pA,
445 3110 476 3129 ae.
499 3098 518 3128 f.
541 3097 639 3127 dimin.
663 3094 810 3133 [ψώμιον]
830 3094 876 3125 ν61
890 3104 941 3132 pro
959 3093 1068 3123 Genere
1084 3091 1193 3126 edulii,
1212 3089 1259 3121 vel
1274 3090 1364 3120 etiam.

238 3149 289 3177 pro
302 3139 408 3169 Buccea
419 3138 542 3176 ponitur.
564 3134 685 3166 Martial.
698 3134 747 3164 lib.
760 3137 785 3162 6.
798 3142 843 3170 75.

328 3177 424 3214 Quum
436 3175 523 3205 mittis
536 3174 707 3211 turdumque
719 3171 787 3201 mihi
796 3193 804 3206 ,
825 3169 993 3208 quadramve
1004 3168 1139 3206 placentae
1148 3188 1157 3202 ,

366 3214 430 3244 Sive
440 3213 530 3243 femur
540 3211 643 3249 leporis
653 3233 662 3246 ,
683 3210 736 3240 five
748 3209 815 3247 quid
827 3208 870 3238 his
883 3207 986 3237 simile:

331 3251 473 3281 Buccellas
488 3250 586 3280 misisse
595 3256 657 3279 tuas
669 3255 708 3284 te,
720 3247 827 3281 Pontia,
844 3245 923 3275 dicis.
1043 3282 1048 3283 .

369 3290 422 3319 Has
437 3298 488 3326 ego
508 3298 566 3318 non
592 3288 710 3322 mittam,
731 3285 848 3318 Pontia,
870 3282 917 3313 sed
941 3291 995 3311 nec
1015 3286 1106 3310 edam.
1188 3277 1279 3313 Tuas,
1300 3277 1318 3308 i.
1333 3287 1358 3308 e.

237 3326 373 3362 Quastibi
386 3336 545 3364 paraveras:
567 3335 620 3355 nec
637 3325 747 3354 mittam
762 3322 878 3358 amieis,
900 3330 953 3350 nec
972 3319 1054 3349 edam
1073 3317 1150 3356 ipse,
1174 3317 1239 3354 quia
1257 3315 1360 3345 veneni

240 3363 303 3392 sunt
312 3363 449 3401 suspectae.

237 3401 373 3430 Buccellae
382 3407 533 3432 maceratae.
557 3402 635 3440 Apio.
649 3409 674 3437 7.
686 3403 713 3430 6.

231 3438 367 3467 Buccellae
378 3441 502 3475 majores.
524 3441 602 3478 Apic.
617 3449 641 3476 7.
657 3448 699 3468 11.
723 3437 798 3467 conf.
817 3441 843 3470 8.
858 3438 884 3465 6.
895 3435 922 3464 &
934 3441 959 3471 7.
972 3442 998 3469 9.

196 3475 218 3505 B
234 3486 251 3504 υ
263 3485 279 3504 0
290 3486 354 3504 cai.
364 3481 403 3505 Li‘i
414 3487 429 3505 a
439 3488 447 3505 1
458 3487 469 3506 s
479 3499 487 3512 ,
509 3487 532 3507 e.
555 3479 615 3514 Adj.
638 3482 686 3512 ut,
708 3474 876 3505 Buccellaris
886 3473 983 3502 farina.
1005 3468 1073 3499 Plin.
1093 3466 1183 3498 Valet.
1198 3476 1221 3496 1.
1235 3470 1262 3496 6.

195 3513 385 3543 Buccattfi
397 3523 411 3542 R
423 3524 454 3549 iz,
476 3516 506 3543 is.
541 3526 567 3545 n.
604 3516 685 3545 Forte
706 3523 751 3543 vas
772 3511 926 3550 coquendis
950 3507 1096 3539 Buccellis.
1129 3504 1254 3535 Marcell.
1273 3503 1354 3540 Enip.

235 3560 296 3587 cap.
307 3559 351 3586 ²3-
374 3551 404 3580 In
418 3551 566 3582 buccellati
577 3553 743 3590 decoquere.

195 3588 217 3620 B
226 3599 243 3617 u
253 3598 270 3617 c
279 3598 296 3617 c
305 3598 319 3616 a
329 3599 345 3615 L
355 3598 369 3615 L
379 3598 397 3616 A
408 3598 440 3616 R1
453 3599 469 3617 υ
479 3600 490 3618 s
498 3612 506 3624 ,
528 3592 544 3619 i.
564 3601 600 3620 m.
623 3588 846 3627 [Ιίκκεῶάϋῶ]
883 3586 982 3616 Suidas
1002 3581 1189 3612 Buccellatios
1210 3578 1356 3616 Gallograe-

233 3635 281 3668 cos
296 3625 385 3654 dictos
398 3626 474 3655 suiss'e
486 3627 594 3658 scribit:
617 3631 641 3658 ὅ(
653 3626 886 3656 Buccellariorurn
899 3624 1060 3661 regionem,
1080 3618 1295 3655 Gallograeciam.
1330 3616 1354 3645 ls

232 3673 279 3699 qui
296 3662 344 3691 sub
353 3663 490 3693 Theodos.
502 3666 561 3700 jun.
575 3667 701 3695 militiam
715 3664 831 3693 Roman.
846 3661 1005 3698 descripsit,
1026 3659 1121 3688 auctor
1134 3657 1171 3686 est
1181 3679 1188 3689 ³
1212 3654 1354 3684 Buccella-

231 3703 287 3730 rios
307 3701 412 3737 equites
434 3701 512 3731 fuisse
530 3704 556 3731 in
574 3704 696 3732 exercitu
719 3702 843 3731 Romano
856 3723 863 3733 .
896 3701 995 3737 quibus
1020 3696 1144 3732 magister
1167 3693 1286 3723 militum
1305 3701 1353 3728 per

233 3739 377 3768 Orientem
393 3747 523 3774 praeer-rt.
545 3741 665 3777 aliosque
679 3741 800 3775 juniores
814 3740 921 3773 dictos,
943 3737 1004 3766 aliis
1023 3735 1161 3763 senior-uin
1174 3741 1277 3761 nomen
1290 3729 1352 3758 fuis-

231 3776 272 3805 se:
300 3784 329 3804 ut
339 3775 493 3805 existimare
513 3777 610 3812 libeat,
632 3778 734 3806 milites
756 3778 853 3811 hosce,
877 3785 963 3813 quum
983 3773 1138 3802 miffionem
1158 3768 1328 3806 accepissent
1341 3788 1350 3802 ,

230 3813 406 3847 latrocinari,
431 3816 456 3842 ἃ
468 3822 545 3850 rapto
557 3816 647 3844 vivere
660 3815 760 3843 solitos.
791 3816 843 3842 ⁴Sed
857 3816 881 3843 8<
893 3811 1001 3842 sortasse
1011 3811 1100 3847 gentis
1113 3809 1211 3837 vitium
1223 3808 1277 3836 hoc
1288 3806 1349 3834 fuit.

230 3852 311 3917 {samri
321 3851 580 3917 “n{{¹¹.(3²¹¹¹⁰gs‘30i3
592 3853 728 3890 proximi,
747 3862 811 3881 cum
823 3851 978 3887 hujusmodi
991 3849 1072 3878 sociis
1086 3847 1231 3876 latrocinia
1241 3852 1351 3873 exerce-

252 3896 307 3917 rlsit.
349 3895 355 3916 1
380 3896 472 3917 Cikittls.

227 3925 412 3956 Buccellirios
422 3948 429 3957 .
451 3924 573 3955 Turneb.
589 3927 655 3955 Adv.
669 3936 713 3962 24.
728 3930 768 3955 16.
792 3936 825 3954 ex
838 3926 974 3954 Mauricio
985 3923 1071 3954 veteri
1090 3922 1223 3959 scriptore
1237 3943 1245 3953 ,
1266 3918 1350 3956 Equi-

247 3972 287 3994 tes
295 3964 348 3993 effe
358 3963 451 3993 scribit
460 3971 578 3993 armatos
589 3965 665 3994 zabis
687 3964 742 4001 (sic
756 3963 802 3993 ille
818 3973 984 3993 armaturam
1000 3962 1150 3991 loricarum
1171 3968 1260 3997 prope
1283 3956 1351 3987 tala-

1858 130 1882 163 s
1979 129 2007 163 u
2112 131 2140 164 c
2542 108 2546 133 ⁹

1464 209 1534 238 rium
1546 209 1690 247 appellati
1711 210 1736 240 δε
1748 211 1863 240 manicis
1876 211 1968 240 ferreis
1979 233 1987 244 ,
2009 216 2136 239 entitatos
2151 210 2282 248 quosdam
2292 212 2318 240 &
2329 209 2488 245 sagittarios.
2527 213 2548 244 1¹

1465 257 1566 282 magno
1577 255 1668 276 autem
1680 248 1786 277 bonor-3
1799 249 1847 277 lios
1860 249 1966 285 equites
1978 248 2055 277 soille
2068 257 2101 277 ex
2117 258 2151 277 eo
2163 255 2276 286 apparet
2289 270 2296 283 ,
2318 248 2394 284 quod
2412 249 2441 277 in
2456 250 2539 286 agmir.
2577 268 2579 270 -

1465 290 1528 351 {ipre
1555 284 1752 352 liigperatorem
1777 286 1916 315 exercitus
1938 286 2100 324 equitabant
2113 308 2120 321 ,
2142 287 2168 315 δι
2192 286 2252 324 post
2272 285 2462 322 sequebantur.
2488 297 2539 318 con

1479 332 1543 351 tem
1559 332 1573 351 2
1596 346 1601 351 .
1625 333 1666 358 ις.

1447 359 1634 404 Buccellai-ius
1651 361 1718 390 item
1734 360 1836 389 Assccla
1847 361 2010 398 &parasitus
2028 361 2075 398 qui
2088 360 2180 390 aliena
2189 360 2317 390 buccella
2329 361 2406 390 vivit.
2430 360 2461 389 V.
2481 361 2541 392 Glos

1466 398 1559 463 isidor.
1573 408 1601 426 in
1612 397 1713 427 lissecla
1726 421 1734 434 ,
1755 400 1781 428 St
1792 398 1901 428 Salmas.
1911 399 1946 428 ad
1954 399 2021 429 Hist.
2035 400 2100 436 Aug.
2111 409 2139 436 p.
2151 405 2215 435 238.
2239 399 2314 428 conf.
2339 399 2423 427 etiam
2442 396 2507 429 Lex.
2522 399 2539 430 P
2575 403 2603 434 :ts-

1481 445 1525 464 iic.
1539 445 1568 464 in
1579 445 1656 465 voce.

1411 472 1983 517 BuccrLLATuxi,i.n.[extagia-afldicitur
1994 484 2009 502 a
2017 473 2216 510 Buccea.Quid
2225 479 2319 503 autem
2328 472 2360 502 sit
2368 473 2544 505 Buccellatun

1450 511 1571 540 ostendit
1584 512 1742 541 Ammianus
1757 511 1843 541 Marc.
1858 512 1907 541 lib.
1925 521 1966 548 17.
1983 517 2009 544 8.
2023 511 2199 548 Firmatoque
2215 510 2340 545 confilio.
2353 511 2544 548 vigintidierur

1448 550 1631 584 frumentum,
1643 559 1679 578 ex
1694 559 1728 579 eo
1740 550 1815 586 quod
1826 550 1917 579 eratin
1928 549 2038 578 sedibus
2046 549 2279 584 consumendum,
2291 549 2327 577 ad
2336 548 2397 578 usus
2406 548 2544 587 diuturni&
2568 569 2570 575 ›
2583 564 2588 570 ·
2600 564 2604 570 ⁴

1450 593 1508 630 tem
1519 588 1677 630 excoctum,
1686 587 1884 623 buccellatum,
1899 593 1930 617 ut
1941 586 2024 623 vulgo
2034 586 2187 624 appellant,
2207 586 2328 616 humeris
2340 585 2472 624 imposuit
2481 587 2533 618 libe

1450 631 1521 653 tium
1534 624 1665 668 militum.
1687 625 1734 654 ubi
1743 625 1828 654 Vales.
1844 627 1869 655 δε
1879 624 2031 655 Lindenbr.
2047 625 2076 654 V.
2097 625 2234 660 Spartian.
2250 625 2279 653 in
2293 624 2380 661 Nigro
2391 633 2452 662 cap.
2466 634 2507 656 10.
2525 625 2543 656 P

1451 663 1536 691 stores
1550 662 1624 699 sequi
1638 664 1851 701 expeditionem
1860 662 2012 701 prohibuit,
2025 662 2183 692 buccellato
2195 662 2295 698 jubens
2306 662 2420 697 milites,
2440 659 2536 693 &omn

1451 706 1600 744 contentos
1612 700 1674 729 effe.
1697 701 1803 730 Seneca
1816 701 1898 739 Epist.
1910 706 1952 737 83.
1974 700 2076 730 Panem
2089 701 2191 730 siccum
2210 705 2300 730 vocat.
2343 700 2375 730 V.
2396 699 2462 730 Lex.
2480 700 2546 732 Pitist

1452 738 1526 767 conf.
1549 748 1577 767 m
1596 748 1936 768 DEBUCCRLLATUS.

1451 776 1536 843 VffeS
1547 776 1624 813 apud
1645 776 1723 814 Bapt.
1748 775 1912 814 Egnatium,

1501 836 1506 842 .
1538 821 1558 842 t.

1413 851 1651 895 Bucco,.5nis.
1673 861 1710 881 m.
2569 862 2590 891 ξ,

1491 889 1592 924 Stulti,
1615 889 1707 934 stolidi
1716 913 1724 927 ,
1745 890 1813 919 fatui
1825 912 1833 926 ,
1853 891 1950 928 fungi,
1971 890 2068 924 bardi,
2090 888 2187 918 blenni
2196 911 2205 925 ,
2226 889 2379 918 buccones.
2573 896 2589 924 ¹„
2601 906 2604 910 ·

1454 928 1536 964 Apud
1548 927 1641 957 Isidor.
1656 927 1703 957 lib.
1723 928 1809 959 10.B.
1831 929 1870 958 est
1888 928 2018 958 Garrulus
2032 928 2080 965 qui
2102 933 2210 957 ceteros
2230 927 2284 956 oris
2305 926 2493 965 loquacitate,
2512 936 2548 958 no.
2566 923 2579 948 ⁶*

1472 965 1548 994 sensu
1562 965 1717 1003 exsuperat.
2562 962 2580 980 ''

1451 1002 1596 1047 Buccones
1609 1026 1616 1036 ,
1638 1004 1773 1033 Homines
1788 1010 1923 1034 vocantur
1937 1004 2017 1033 tardi.
2059 1002 2140 1041 Apul.
2157 1001 2235 1041 Apol.
2253 1012 2281 1040 p.
2295 1011 2357 1038 325.
2386 1002 2415 1032 Si
2436 1012 2501 1032 cum

1471 1041 1596 1085 una-Ruti
1607 1042 1716 1072 fallacia
1726 1042 1933 1072 contendantur
1944 1064 1952 1078 ,
1973 1042 2062 1071 macci
2073 1040 2183 1079 prorsus
2199 1042 2225 1070 ἃ
2239 1040 2381 1070 buccones
2394 1039 2543 1071 videbuntu

1471 1078 1536 1116 Legi
1555 1086 1648 1109 tamen
1667 1081 1696 1109 in
1715 1080 1807 1110 lexico
1825 1080 2014 1117 Latinograeco
2037 1079 2179 1109 buccones
2201 1078 2256 1108 effe
2274 1076 2424 1115 maffeii-⁸5.
2446 1077 2537 1109 Turne

1471 1117 1538 1148 Adv.
1556 1127 1597 1155 17.
1610 1127 1655 1147 21.
1677 1119 1752 1148 conf.
1774 1118 1866 1148 Nicol.
1880 1119 1955 1156 apud
1964 1118 2106 1148 Stobaeum
2121 1117 2209 1147 Serm.
2227 1126 2271 1152 14.

1415 1153 1436 1184 B
1448 1165 1466 1186 u
1476 1165 1493 1199 c
1502 1165 1519 1184 c
1529 1165 1548 1184 u
1558 1167 1574 1184 L
1583 1166 1596 1184 iz
1604 1166 1624 1185 Ν
1633 1165 1654 1185 τ
1663 1167 1682 1185 u
1691 1166 1702 1190 s
1712 1179 1719 1189 ,
1744 1157 1801 1193 ssdj.
1825 1153 1989 1193 [ωεέςυμῶυ]
2010 1163 2040 1185 ut
2050 1177 2058 1190 ,
2079 1155 2171 1184 Homo
2181 1153 2367 1184 bucculentus
2376 1175 2385 1190 ,
2406 1153 2426 1183 i.
2441 1163 2466 1184 e.
2487 1154 2511 1184 G

1452 1193 1482 1222 di
1492 1203 1540 1222 ore
1549 1193 1593 1223 vel
1602 1194 1680 1224 malis
1690 1194 1863 1232 plenioribus
1875 1216 1883 1227 ,
1904 1200 1935 1223 ut
1945 1194 2036 1229 inquit
2047 1193 2174 1223 Budaeus.
2195 1193 2282 1222 Plaut.
2297 1192 2386 1222 Mete.
2399 1200 2423 1228 3.
2433 1202 2461 1228 4.
2474 1201 2518 1229 54.

1508 1231 1616 1261 Canum
1626 1254 1634 1267 ,
1657 1242 1751 1262 varum
1760 1255 1768 1269 ,
1788 1231 1960 1262 ventriosum
1970 1254 1978 1267 ,
2000 1231 2199 1262 bucculentum
2209 1253 2217 1266 ,
2239 1229 2414 1260 breviculum
2425 1251 2434 1264 ‚

1507 1270 1652 1316 Subnigris
1662 1270 1751 1300 oculis
1761 1293 1768 1305 ,
1791 1270 1920 1308 oblongis
1932 1269 2011 1299 malis
2021 1292 2029 1306 ,
2050 1268 2166 1307 pansum
2179 1267 2392 1306 aliquantulum.

1414 1305 1614 1344 Bucema,
1634 1318 1665 1338 ae.
1687 1308 1705 1338 f.
1728 1307 1864 1344 [βωωίννι]
1885 1318 1900 1337 a
1913 1308 2022 1338 Buccis.
2043 1307 2088 1337 vel
2104 1307 2156 1337 sec.
2172 1306 2247 1336 Varr¹
2271 1306 2301 1336 L.
2315 1305 2345 1336 L.
2369 1316 2393 1342 5.
2407 1314 2433 1343 7.
2463 1315 2479 1335 a
2498 1305 2551 1338 GE<

1451 1355 1532 1375 cano.
1571 1346 1701 1391 Manutio
1712 1346 1817 1376 Bucina
1826 1369 1834 1382 ,
1855 1346 1929 1384 quasi
1941 1346 2049 1376 Vocina
2059 1367 2068 1381 ,
2089 1355 2155 1375 cum
2175 1345 2268 1375 Isidor.
2292 1349 2335 1379 18.
2357 1354 2384 1380 4.
2424 1342 2535 1380 [Immo
2548 1357 2552 1375 :

1451 1384 1549 1414 Graeco
1558 1388 1656 1416 βωωινη.
1697 1384 1734 1413 Ut
1744 1385 1773 1413 in
1784 1384 1901 1422 quadam
1912 1385 2012 1414 Histor.
2031 1385 2150 1413 vitarum
2161 1382 2295 1413 Caesarum
2303 1381 2428 1412 Francos.
2443 1382 2481 1411 est
2491 1382 2512 1412 B
2547 1382 2551 1390 ¹
2566 1396 2567 1399 =

1451 1432 1488 1452 na
1499 1445 1506 1458 ‚
1527 1432 1584 1452 uno
1597 1432 1623 1452 c.
1636 1422 1754 1452 Fortasse
1764 1423 1800 1452 ita
1809 1422 1987 1452 scribendum
1997 1432 2054 1451 uno
2066 1432 2084 1451 c
2093 1444 2101 1457 ,
2121 1421 2176 1451 Sed
2188 1421 2263 1459 apud
2272 1420 2370 1450 Poetas
2378 1419 2500 1450 Buccina

1452 1470 1470 1489 c
1479 1470 1496 1489 0
1516 1460 1551 1504 H.
1567 1460 1606 1490 St.
1618 1461 1633 1496 ]
1664 1460 1878 1490 instrumentum
1889 1471 1944 1498 quo
1957 1460 2063 1497 signum
2074 1460 2194 1490 daturin
2206 1459 2305 1488 hosteis
2315 1459 2350 1488 ad
2366 1467 2497 1496 pugnam.
2517 1457 2538 1488 V

1452 1504 1508 1535 get.
1519 1498 1566 1542 lib.
1581 1507 1604 1534 3.
1615 1508 1676 1536 cap.
1688 1509 1710 1535 ς.
1733 1497 1834 1534 Tuba,
1850 1508 1911 1536 quae
1921 1498 2027 1528 directa
2038 1498 2094 1530 est,
2115 1496 2288 1535 appellatur:
2310 1496 2450 1533 Buccina,
2471 1494 2546 1534 quaei

1451 1536 1627 1575 semetipsam
1639 1546 1710 1566 atreo
1720 1536 1824 1566 circulo
1834 1537 1963 1566 flectitur.
1986 1536 2070 1566 Ovid.
2084 1546 2106 1565 1.
2119 1536 2189 1565 Met.
2204 1544 2234 1573 33
2243 1546 2267 1572 ς.

1604 1612 1610 1619 ·
1626 1612 1633 1619 .
1726 1589 1801 1596 -—-—
1812 1584 1877 1605 cava
1888 1574 2009 1604 buccina
2015 1573 2132 1604 sumitur
2140 1573 2181 1602 illi

1531 1611 1647 1657 Tortilis
1655 1634 1664 1648 ,
1685 1613 1716 1641 in
1726 1612 1813 1642 latum
1825 1622 1886 1651 quae
1898 1613 2009 1642 turbine
2021 1612 2117 1642 crescit
2128 1611 2162 1641 ab
2174 1611 2232 1641 imo
2244 1621 2252 1641 t

1531 1650 1672 1686 Buccma,
1694 1661 1754 1688 quae
1770 1651 1798 1680 in
1810 1651 1904 1680 medio
1915 1651 2047 1689 concepit
2059 1649 2107 1679 ubi
2117 1659 2179 1679 aera
2212 1655 2280 1680 onto
2290 1671 2300 1686 a

1531 1689 1626 1718 Litora
1637 1698 1706 1718 voce
1717 1688 1806 1726 replet
1815 1688 1863 1718 sub
1871 1695 1989 1726 utroque
1997 1689 2118 1725 jacentia
2126 1687 2193 1717 Phoe
2215 1697 2243 1718 ο.

1453 1725 1552 1758 inflata
1563 1727 1691 1757 buccina.
1713 1727 1799 1757 Ovid.
1814 1737 1836 1756 r.
1853 1726 1923 1757 Met.
1937 1736 1999 1763 340.

1610 1802 1616 1809 ἢ
1644 1781 1720 1786 ———
1728 1766 1754 1795 ἃ
1766 1765 1869 1795 cecinit
1878 1764 1962 1802 juffos
1970 1764 2066 1794 inflata
2074 1763 2192 1794 recessus

1532 1803 1663 1833 Buccina.

1451 1839 1554 1872 Rauca.
1576 1841 1649 1878 virg.
1665 1851 1706 1871 11.
1726 1840 1865 1878 AEn.474.

1531 1917 1552 1948 B
1610 1917 1616 1924 .
1645 1895 1719 1900 ——
1729 1879 1803 1909 bello
1816 1880 1864 1909 dat
1873 1880 1981 1918 iignum
1990 1887 2072 1910 rauca
2079 1883 2228 1909 cruentum

1554 1927 1663 1947 uccina.

1452 1952 1603 1985 Turmalis.
1626 1955 1725 1985 Claud.
1739 1955 1774 1984 de
1785 1954 1853 1985 Bell.
1867 1954 1942 1984 Gild.
1956 1963 2022 1993 447.

1452 1994 1494 2024 Ad
1505 1994 1610 2031 vigilias
1620 1994 1703 2023 etiam
1716 1993 1862 2022 mutandas
1876 1992 1945 2022 olim
1959 1993 2064 2030 signum
2080 1990 2176 2022 dabat.
2196 1991 2321 2030 Propert.
2337 1998 2363 2026 4.
2377 1999 2404 2025 4.
2415 1990 2462 2019 62.

1533 2032 1568 2062 Et
1578 2032 1634 2068 jam
1644 2037 1739 2070 quarta
1747 2032 1970 2061 canitventuram
1982 2029 2210 2061 buccinalucem.
2291 2027 2341 2058 Sil.
2351 2027 2411 2058 Ital.
2423 2037 2450 2065 7.
2462 2034 2523 2065 154.

1588 2085 1663 2091 ——
1672 2070 1794 2099 mediam
1804 2069 1892 2098 somni
1901 2078 1967 2099 cum
1980 2068 2100 2099 buccina
2114 2069 2229 2097 noetem

1955 776 2056 806 Annot.
2078 776 2109 805 in
2137 775 2267 806 Avidium
2291 774 2412 805 Caffium
2441 774 2544 808 Vulcati
2568 795 2569 799 =

2570 663 2604 855 4511.ss
2569 627 2604 647 ἶ.

1733 852 1789 888 Qui
1800 852 1905 890 amplas
1917 853 2018 882 buccas
2026 850 2130 886 habet,
2150 851 2251 881 fatuus.
2271 850 2357 881 Plaut.
2369 850 2469 881 Bacch.
2487 861 2548 888 5.1.=

1534 2107 1688 2137 Divideret.
1770 2107 1845 2137 conf.
1860 2106 1917 2137 Liv.
1930 2117 1955 2145 7.
1970 2116 2013 2144 35.
2030 2108 2057 2137 &
2068 2106 2134 2135 Lex.
2149 2105 2240 2135 Pitisc.

1453 2142 1586 2180 Buccina,
1599 2145 1731 2175 Pastorale
1740 2145 1964 2180 instrumentum,
1976 2154 2031 2183 quo
2043 2154 2109 2174 oves
2119 2143 2162 2174 vel
2172 2152 2273 2182 porcos
2283 2139 2425 2181 appellare
2431 2139 2544 2171 videntu

1473 2190 1505 2227 pt
1514 2182 1661 2221 sequantur
1676 2185 1701 2213 ἃ
1713 2182 1767 2212 sese
1777 2184 1805 2212 in
1817 2193 1927 2221 gregem
1942 2183 2086 2220 recipiant.
2109 2181 2247 2211 Columel.
2259 2181 2307 2210 lib.
2322 2184 2348 2209 6.
2365 2189 2425 2217 cap.
2438 2187 2482 2215 23·
2499 2176 2540 2208 Na
2578 2176 2580 2180 ”

1472 2222 1501 2250 id
1512 2231 1623 2259 quoque
1633 2221 1740 2259 semper
1750 2220 1911 2259 crepusculo
1920 2221 1978 2250 fieri
1991 2221 2093 2256 debet,
2113 2226 2144 2249 ut
2161 2219 2197 2249 ad
2215 2219 2313 2248 sonum
2331 2217 2458 2247 buccinae
2469 2223 2550 2254 pecus

1472 2259 1492 2289 si
1503 2260 1578 2297 quod
1589 2260 1618 2288 in
1631 2259 1702 2288 silvis
1713 2258 1878 2294 substiterit,
1893 2258 1970 2297 septa
1978 2266 2102 2296 repetere
2115 2256 2282 2287 consuescat.
2320 2255 2404 2284 Varro
2416 2264 2440 2284 2.
2457 2255 2492 2283 de
2501 2247 2559 2283 R.Rl

1473 2307 1533 2335 cap.
1548 2309 1575 2333 4.
1597 2296 1735 2327 Subulcus
1744 2297 1828 2326 debet
1836 2296 2029 2326 consuefacere
2037 2318 2045 2332 ,
2068 2296 2164 2325 omnia
2174 2302 2204 2324 ut
2217 2294 2322 2324 saciant
2333 2293 2368 2322 ad
2378 2292 2533 2322 buccinam.

1453 2334 1567 2366 Pastoris
1578 2335 1695 2365 buccina
1706 2342 1807 2365 cantat.
1829 2335 1950 2372 Propert.
1967 2334 2014 2364 lib.
2024 2345 2050 2369 4.
2067 2344 2109 2363 10.
2121 2343 2166 2369 29.
2194 2333 2243 2362 ubi
2264 2331 2296 2362 V.
2317 2330 2447 2361 Broeclzh.

1454 2374 1542 2404 Surda
1554 2374 1623 2402 1111111
1635 2380 1759 2411 gemeret
1769 2383 1848 2411 grave
1860 2373 1987 2402 buccina.
2024 2372 2122 2407 Juven.
2134 2381 2159 2408 7.
2181 2371 2236 2401 Sat.
2249 2379 2295 2407 71.
2319 2369 2439 2399 Surdum
2450 2366 2548 2397 dicitur
2576 2383 2579 2391 ι

1476 2422 1532 2440 11011
1542 2411 1630 2441 solum
1641 2412 1716 2448 quod
1728 2421 1783 2439 non
1795 2411 1888 2445 audit,
1909 2410 1955 2439 sed
1967 2411 2049 2439 etium
2062 2410 2136 2447 quod
2147 2419 2205 2438 non
2215 2408 2333 2438 auditur.

1453 2450 1588 2480 Buccinas
1599 2460 1614 2478 a
1625 2449 1713 2479 Tubis
1723 2448 1853 2478 nonnulli
1862 2448 1896 2477 sic
1905 2448 2075 2485 distinguunt
2087 2470 2095 2481 ,
2116 2447 2192 2484 quod
2213 2446 2266 2475 illae
2286 2455 2321 2474 ex
2332 2444 2453 2474 recurvis
2470 2441 2556 2472 anima

1473 2487 1542 2517 lium
1552 2488 1700 2517 cornibus:
1723 2487 1811 2516 Tubae
1819 2496 1853 2516 ex
1865 2496 1918 2515 aere
1931 2492 2079 2524 argentove
2094 2485 2195 2514 confici
2213 2483 2319 2513 soleant
2329 2505 2337 2517 ,
2358 2483 2394 2512 ad
2405 2481 2512 2512 animos
2520 2477 2556 2509 1111
2578 2491 2580 2494 ·

1474 2526 1556 2555 1110111
1568 2528 1594 2556 ἅ
1606 2535 1740 2563 equorum
1751 2525 1975 2554 inflammandos.
1987 2524 2116 2562 Apuleius
2127 2531 2201 2552 certe
2209 2521 2394 2557 lib.3.Flotid.
2406 2528 2450 2558 p.3
2459 2517 2542 2556 57.Bu

1475 2565 1567 2593 cinam
1578 2564 1720 2592 manifeste
1738 2573 1752 2592 a
1764 2562 1846 2592 Tuba
1858 2562 1990 2595 secernit,
2014 2571 2099 2598 quum
2109 2563 2167 2596 ait,
2185 2560 2329 2598 Siquidem
2340 2568 2410 2588 voce
2420 2555 2539 2587 hominis
2578 2564 2580 2570 '

1475 2602 1542 2631 tuba
1564 2602 1664 2630 rudore
1685 2602 1803 2635 torvior,
1825 2601 1850 2630 &
1863 2600 1921 2638 lyra
1934 2607 2074 2629 concentu
2094 2599 2240 2633 variatior,
2263 2597 2370 2627 &tibia
2386 2595 2480 2633 questu
2498 2592 2541 2622 del

1473 2639 1615 2675 stabilior,
1646 2641 1672 2669 St
1689 2639 1775 2668 fistula
1793 2638 1899 2668 susurro
1919 2638 2088 2674 jucundior,
2117 2638 2143 2667 δι
2163 2636 2282 2665 buccina
2300 2633 2450 2672 significatu
2465 2630 2538 2671 longi

1474 2679 1562 2715 quior.
1603 2677 1682 2715 Saepe
1694 2686 1787 2706 tamen
1796 2676 1946 2705 Buccinam
1957 2686 2009 2714 pro
2020 2675 2102 2705 Tuba
2114 2674 2227 2712 positam
2241 2673 2413 2707 invenimus,
2434 2676 2482 2700 aut
2498 2678 2528 2699 ce
2580 2694 2582 2698 .

1474 2726 1525 2755 pro
1536 2716 1721 2745 Instrumento
1735 2713 1810 2743 tubae
1821 2714 1898 2743 simili
1911 2723 1919 2749 ς
1941 2713 2063 2742 eundem
2072 2714 2100 2742 in
2109 2712 2184 2742 bello
2194 2711 2272 2741 usum
2283 2709 2412 2740 habente.
2454 2708 2510 2738 Cic.
2520 2712 2550 2745 pr

1475 2754 1586 2784 Murem.
1599 2763 1643 2782 22.
1666 2753 1708 2783 Te
1719 2752 1863 2789 gallorum,
1875 2751 1954 2780 illum
1964 2752 2146 2781 buccinarum
2157 2756 2255 2780 cantus
2264 2747 2426 2778 exsuscitat:
2447 2752 2477 2776 tu
2487 2744 2554 2775 atrio

1473 2801 1538 2820 nem
1553 2792 1670 2820 instituis
1683 2813 1690 2826 ,
1716 2790 1764 2819 ille
1779 2790 1868 2820 aciem
1879 2790 1994 2818 instruit.
2055 2789 2134 2826 [Ego
2149 2797 2215 2817 vero
2226 2795 2361 2823 nusquam
2372 2785 2466 2815 inveni
2477 2781 2556 2813 Bucci
2580 2798 2583 2808 s

1475 2839 1540 2858 nam
1549 2840 1599 2867 pro
1609 2829 1690 2859 Tuba
1703 2829 1819 2866 positam
1829 2849 1837 2864 ,
1859 2837 1912 2856 nec
1921 2837 1955 2856 ex
1968 2827 2022 2856 hoc
2032 2826 2089 2856 Cic.
2108 2826 2171 2855 loco
2187 2825 2217 2854 id
2230 2823 2417 2861 exsculpseris.
2458 2821 2488 2851 V.
2508 2820 2556 2850 Bar
2578 2824 2579 2828 ’

1474 2867 1575 2896 tliolin.
1586 2868 1621 2896 de
1631 2867 1693 2896 Tib.
1706 2875 1760 2895 vet.
1775 2866 1792 2895 l.
1804 2875 1827 2903 3.
1841 2875 1864 2894 c.
1878 2874 1902 2901 7.
1925 2865 2000 2894 conf.
2021 2873 2087 2893 mox
2106 2874 2121 2892 Β
2132 2874 2150 2892 u
2159 2873 2176 2892 c
2185 2872 2205 2892 11
2215 2873 2224 2891 1
2234 2872 2254 2891 A
2262 2871 2282 2891 N
2291 2871 2307 2890 o
2316 2871 2337 2891 s.

1456 2905 1578 2935 Buccina
1588 2906 1672 2934 etiam
1682 2914 1785 2933 nomen
1797 2904 1897 2941 oppidi
1908 2903 1936 2931 in
1953 2901 2046 2932 Sicilia
2056 2924 2064 2937 ,
2086 2902 2164 2937 cujus
2186 2900 2314 2929 meminit
2334 2897 2494 2935 Dionysius:

1474 2944 1589 2972 nomine
1600 2944 1684 2972 etiam
1693 2943 1767 2971 dista
1777 2941 1814 2971 est
1826 2941 1913 2971 insula
1923 2962 1931 2977 ,
1953 2940 2080 2971 Pontiani
2096 2938 2238 2969 Pontificis
2258 2937 2344 2967 exilio
2354 2938 2477 2967 &morte
2488 2933 2564 2963 clara.

1476 2982 1581 3017 [immo
1612 2981 1644 3010 V.
1666 2989 1852 3009 suciuuA.

1417 3018 1438 3048 B
1448 3029 1466 3048 u
1476 3029 1518 3048 cc
1529 3030 1537 3047 1
1547 3028 1566 3048 N
1576 3029 1595 3048 u
1605 3030 1625 3048 M
1639 3041 1646 3053 ,
1667 3019 1685 3048 i.
1708 3027 1735 3047 n.
1758 3017 1829 3046 dixit
1839 3016 1965 3046 Plin.lib.
1980 3025 2023 3045 11.
2034 3025 2094 3052 cap.
2109 3024 2152 3044 10.
2174 3014 2273 3044 Donec
2281 3022 2336 3042 una
2353 3019 2451 3041 omnes
2470 3007 2567 3039 excitat

1454 3058 1566 3094 gemino
1577 3064 1624 3086 aut
1635 3056 1736 3094 triplici
1746 3055 1867 3091 bombo,
1888 3054 2047 3084 utbuccino
2056 3053 2157 3090 aliquo.
2180 3052 2221 3082 De
2231 3051 2337 3088 apibus.
2360 3047 2562 3086 [Siclfid.18.4.

1454 3095 1624 3129 Buccinum,
1648 3094 1741 3124 Genus
1752 3093 1875 3122 conchae.
1912 3092 1982 3122 Plin.
2001 3091 2050 3120 lib.
2062 3101 2087 3126 9.
2100 3100 2162 3128 cap.
2175 3094 2217 3125 36.
2240 3087 2416 3119 Concharum
2425 3086 2460 3116 ad
2470 3092 2565 3123 purpu-
2582 3112 2584 3118 .

1475 3142 1516 3162 ras
1529 3134 1554 3162 St
1570 3131 1717 3169 conchylia
1727 3153 1734 3166 ,
1757 3131 1878 3167 (eadem
1891 3130 2005 3166 quidem
2017 3129 2055 3158 cst
2063 3129 2178 3157 materia
2189 3149 2197 3162 ,
2218 3127 2264 3156 sed
2280 3126 2359 3159 distat
2369 3130 2565 3161 temperamen·
2597 3128 2604 3148 1

1474 3176 1519 3199 to:
1532 3171 1543 3203 )
1565 3171 1620 3199 duo
1631 3169 1692 3199 sunt
1703 3178 1819 3206 genera:
1847 3168 2001 3197 Buccinum
2012 3168 2103 3195 minor
2112 3166 2234 3200 concha,
2248 3165 2283 3194 ad
2294 3163 2504 3193 similitudinem
2512 3159 2566 3201 05¹³?
2593 3138 2604 3188 1

1473 3208 1596 3243 buccini,
1616 3217 1670 3246 quo
1683 3207 1764 3236 sonus
1776 3207 1885 3236 editur:
1908 3205 1983 3234 unde
2000 3207 2026 3234 δι
2047 3204 2125 3233 causa
2136 3203 2264 3238 nomini,
2287 3201 2459 3231 rotunditate
2476 3196 2567 3227 crisin
2592 3192 2604 3224 fl

1473 3248 1597 3283 margine
1608 3245 1700 3275 incisa.
1740 3242 1863 3274 Alterum
1873 3265 1881 3279 ,
1897 3244 1949 3273 διο.
1984 3242 2088 3280 Vulgus
2098 3240 2230 3272 Italorum
2241 3239 2390 3278 praesertim
2401 3237 2476 3277 apud
2483 3235 2566 3266 vene·
2598 3226 2604 3259 1

1474 3290 1517 3313 tos
1533 3291 1614 3313 vocat
1630 3290 1700 3319 capas
1720 3283 1810 3318 longas.

1454 3322 1569 3351 Buccini
1580 3331 1711 3359 purpura.
1734 3318 1853 3356 Quintil.
1866 3317 1929 3348 Inst.
1945 3317 2022 3347 Orat.
2038 3326 2134 3347 12.10.

1454 3359 1642 3397 Hyacinthum
1652 3358 1771 3388 Romani
1781 3357 1935 3387 Buccinum
1942 3362 2053 3385 vocant.
2076 3354 2167 3385 Diosc.
2181 3363 2205 3392 3.
2218 3362 2262 3391 77.
2290 3351 2328 3382 111.
2355 3351 2516 3382 Bucinum..

1414 3398 1435 3428 B
1447 3409 1464 3428 0
1474 3408 1491 3426 c
1501 3408 1517 3426 c
1527 3399 1537 3426 ῑ
1546 3407 1565 3426 Ν
1576 3408 1590 3426 u
1601 3407 1612 3425 s
1621 3419 1629 3431 ,
1643 3397 1660 3425 i.
1675 3406 1711 3425 m.
1726 3396 1782 3431 Qui
1792 3394 1867 3424 canit
1875 3393 2000 3422 buccina.
2008 3393 2114 3422 Petron.
2125 3402 2186 3431 cap.
2197 3401 2242 3429 74.
2256 3391 2310 3420 Hic
2321 3389 2455 3419 buccinus
2465 3386 2563 3424 signum
2588 3389 2590 3391 '

1451 3436 1537 3465 tlt-dit.
1562 3433 1693 3472 lteniipse
1704 3431 1913 3470 Ciangortubae.
1933 3430 2024 3461 Barth.
2038 3430 2146 3461 Advers.
2163 3439 2204 3467 39.
2219 3433 2244 3459 6.
2266 3428 2340 3458 conf.
2364 3425 2422 3457 Vel.
2440 3425 2565 3461 Longum
2580 3461 2581 3464 Ἰ

1451 3474 1486 3502 tle
1497 3473 1625 3509 Orthogr.
1646 3483 1671 3509 p.
1688 3480 1771 3507 2243.
1803 3468 1927 3506 [Vereor
1941 3477 1971 3498 ut
1983 3470 2066 3498 recte.
2558 3499 2559 3502 Ἴ
2602 3477 2604 3479 ·

1412 3511 1432 3541 Β
1444 3522 1462 3541 u
1473 3522 1490 3541 c
1500 3513 1562 3540 eiu
1574 3521 1590 3539 ο
1602 3532 1608 3545 ,
1631 3508 1779 3546 [ἕωῳινίζω]
1799 3511 1854 3537 are.
1877 3507 1959 3537 Varro
1973 3516 1997 3536 2.
2010 3507 2044 3536 de
2052 3506 2085 3535 R.
2098 3505 2132 3535 R.
2144 3516 2170 3540 4.
2191 3504 2283 3534 Primo
2295 3511 2381 3540 quum
2389 3499 2563 3533 incluserunt,

1450 3559 1536 3585 quum
1550 3549 1729 3577 buccinatum
1741 3547 1797 3581 est,
1818 3545 1962 3583 aperiunt,
1985 3550 2014 3573 ut
2022 3544 2098 3573 exire
2106 3543 2225 3581 possint,
2242 3544 2293 3572 &c.

1448 3587 1504 3616 Ter
1516 3586 1682 3615 buccinavit.
1702 3586 1766 3614 Sen.
1786 3583 1917 3613 controv.
1931 3591 1955 3618 3.
1970 3582 2045 3620 praef.

1448 3625 1598 3654 Buccinate
1609 3624 1741 3657 domino,
1764 3622 1791 3651 in
1802 3627 1855 3650 vet.
1869 3620 1985 3658 interpr.
2003 3626 2072 3657 puto
2083 3619 2112 3648 in
2125 3617 2190 3648 Psal.
2212 3617 2247 3647 H.
2261 3616 2299 3646 St.
2541 3645 2550 3653 ⁸

1410 3662 1458 3692 Bu
1469 3674 1485 3691 c
1495 3673 1527 3691 01
1539 3672 1556 3691 Ν
1567 3666 1583 3691 a
1594 3671 1613 3690 ·r
1622 3672 1638 3690 o
1649 3672 1664 3689 11
1674 3684 1681 3695 ,
1704 3661 1766 3690 oris.
1789 3669 1826 3688 m.
1847 3658 2019 3694 [βυυωιςύε]
2037 3656 2102 3686 Cres.
2113 3666 2138 3685 2.
2151 3655 2218 3685 Bell.
2232 3653 2312 3684 Civil.
2325 3661 2368 3690 35.
2400 3651 2463 3688 Qua
2471 3657 2499 3679 re
2507 3655 2560 3692 arir-

1448 3700 1587 3729 niadversa
1599 3722 1607 3735 ,
1633 3699 1717 3728 Varus
1730 3720 1737 3733 ,
1760 3700 1901 3732 &terrore
1916 3696 2054 3724 exercitus
2065 3694 2178 3731 cognito
2189 3715 2198 3728 ,
2219 3693 2398 3722 buccinatore
2409 3690 2438 3718 in
2454 3686 2557 3728 castris..
2582 3694 2584 3713 ι

1448 3740 1473 3767 ἃ
1485 3739 1581 3775 paucis
1591 3738 1624 3766 ad
1638 3736 1757 3774 speciem
1768 3732 1952 3765 tabernaculis
1960 3733 2062 3762 relictis
2070 3754 2077 3766 ,
2099 3732 2134 3762 de
2144 3731 2224 3761 tertia
2234 3729 2327 3767 vigilia
2344 3727 2450 3758 silentio
2462 3731 2560 3755 exercl·
2583 3729 2585 3756 1

1447 3781 1507 3804 ‘turn
1518 3776 1546 3803 in
1560 3776 1696 3813 oppidum
1713 3774 1827 3803 reducit.
1858 3771 1886 3800 V.
1906 3770 2026 3800 Bai-thol.
2040 3770 2067 3799 d.
2080 3769 2098 3799 1.
2583 3789 2584 3793 ,

1444 3812 1610 3842 Buccinator
1625 3835 1632 3844 .
1655 3823 1704 3849 per
1727 3810 1848 3848 metaph.
1870 3814 1901 3838 ut
1912 3830 1919 3842 ,
1942 3808 2107 3837 Biiecinator
2136 3805 2252 3836 laudum
2282 3804 2407 3840 alicujus.
2447 3799 2503 3830 Cic.
2517 3797 2557 3827 16.
2582 3804 2585 3837 j

1465 3851 1538 3880 inm.
1551 3861 1594 3879 21.
1606 3851 1700 3886 Quare
1708 3849 1782 3886 quod
1795 3847 1936 3886 polliceris
1945 3853 1971 3874 te
1983 3845 2191 3874 buccinator-em
2199 3843 2258 3873 fore
2265 3839 2473 3872 existimationis
2484 3841 2556 3866 meae:
2584 3857 2585 3865 ,

1463 3888 1544 3917 firmo
1554 3889 1582 3916 id
1592 3889 1783 3925 constantique
1793 3887 1887 3915 animo
1898 3884 1980 3913 facias
1989 3883 2062 3912 licet.
2475 3912 2480 3919 Ι
2584 3899 2585 3914 .

1442 3925 1610 3955 Buccinator
1623 3927 1769 3954 nominum
1782 3945 1791 3959 ,
1812 3922 1937 3954 Minister
1953 3921 2000 3958 qui
2019 3929 2178 3958 praeconem
2191 3918 2363 3955 sequebatur.
2397 3914 2429 3944 V.
2453 3913 2557 3953 Pignql’·
2584 3927 2585 3938 ι

1463 3965 1499 3993 de
1511 3964 1586 3994 Serv.
1605 3974 1632 4000 p.
1647 3969 1713 3999 285·
2428 3988 2557 4019 Bucco,
