2604 4222
131 146 199 190 536
591 131 621 166 C
719 129 747 163 L
846 126 875 160 A

174 221 266 252 Gloria
277 220 373 250 clarus.
412 217 471 247 Cic.
484 224 510 245 2.
526 214 562 244 de
575 213 651 254 Orat.
666 219 728 244 ¹55.
749 247 754 252 ι

194 259 281 326 {loria
290 258 418 286 clariores
429 276 436 289 ,
458 260 504 283 aut
512 253 673 282 auctoritate
683 253 819 284 graviores
828 265 835 278 ,
855 252 872 271 a

216 296 321 325 fricant)
335 316 343 329 ’
365 293 396 322 ε’
411 292 491 321 Laello
503 312 510 325 ⁷
532 289 561 318 L·
574 287 664 317 Furia
679 321 737 359 pist.
756 327 798 355 ¹3·
811 316 858 346 lib.
872 325 898 344 2.
919 312 1008 344 Prisco
1020 333 1028 346 ‚
1049 311 1074 340 Is
1084 310 1138 340 erit
1147 308 1289 338 Voconius

175 329 541 405 likcgssgpssquiptieplzriuisfi
557 322 676 400 egdbnllsi
691 357 775 396 gradu
794 355 903 388 clarus,
923 352 1023 381 clarior
1048 348 1180 382 vitricus,
1201 347 1289 375 immo

215 415 273 438 ater
282 407 360 437 alius.
660 434 666 439 ¹

177 419 241 478 libe
254 456 310 474 uno
329 450 443 479 magnus
454 441 479 469 δι
490 438 588 468 clarus.
627 433 697 463 Plin.
710 441 732 475 ¹:

199 483 346 520 Pompeius
355 480 481 522 Julianus
490 498 499 511 ,
519 484 583 504 cum
594 478 685 503 cetera
698 476 737 499 vit

177 523 587 589 Νῗὲὅέἲᾶἳῗῑὲἔᾘὲῗξὲοωυε.
604 545 688 576 Ova.
702 552 744 581 η.
756 541 839 580 Epist.
854 548 898 577 ς..

176 596 315 670 giiigiiireie
322 586 556 664 gavdiiqiligcffiiliiits
565 594 702 658 :genere
714 627 771 647 non
781 615 899 646 obscuro
913 619 1003 643 natuS.
1025 611 1099 650 Virg.
1112 619 1137 641 ι.
1148 609 1210 641 AEn.
1226 617 1288 647 554.

366 681 402 686 -—-
410 663 587 698 Troianoque
598 669 612 688 a
623 656 755 693 sanguine
766 655 856 684 clarus
868 652 982 682 Acestes.

176 705 315 744 Sapientia
326 703 413 732 clarus
425 701 559 730 Socrates.
584 697 653 740 siin.
662 695 709 723 lib.
721 703 746 730 7.
759 703 820 730 cap.
834 701 877 727 19.

177 745 209 774 In
220 753 252 772 ea
262 742 373 771 scientia
385 737 533 768 clarissimi.
556 735 623 764 Plin.
636 733 684 776 lib.
699 736 742 769 36.
753 740 814 768 cap.
830 739 854 766 ς.
884 766 889 772 ⁸
944 765 949 770 ¹

175 781 295 811 Scientia
306 777 453 808 Medicina:
465 773 624 804 clarissimus
634 771 832 808 Hippocrates.
851 765 921 796 Plin.
932 763 980 794 lib.
992 773 1004 794 1
1012 772 1034 794 1.
1046 771 1108 801 cap.
1122 769 1149 799 7.

176 817 293 849 Achilles
305 816 401 845 clarus,
441 813 472 842 V.
496 821 515 840 A
524 821 541 840 c
551 819 591 853 H)
601 820 617 838 L
627 818 665 837 Lis
674 817 696 838 s.

175 854 338 885 Adolescens
352 850 523 881 clarissimus.
544 848 602 877 Cic.
619 858 647 882 4.
662 846 736 875 Verr-

174 895 274 923 Auctor
284 891 389 928 generis
402 887 570 918 clarissimus.
594 884 679 914 Ovid.
692 893 718 927 ἦ.
731 882 767 925 de
779 881 857 910 Pont.
869 887 949 915 9.19.

173 930 279 959 Domus
291 928 384 957 multae
397 927 475 956 clarae
486 926 511 954 δι
521 922 660 960 lugubres.
679 921 737 951 Liv.
749 919 798 949 lib.
811 927 837 956 3.

172 968 236 998 Dux
248 967 344 996 clarus.
367 965 431 994 Hor.
443 973 467 999 3.
484 964 574 991 earm.
591 971 614 990 1.
626 969 671 997 47.

172 1004 316 1042 Exempla.
339 1003 397 1032 Cic.
408 1011 433 1030 2.
443 1001 477 1030 de
486 1000 579 1030 Divin.
592 1004 618 1032 8.

170 1042 260 1072 Pacta.
281 1041 377 1070 Claud.
388 1043 413 1069 6.
426 1037 506 1067 Coris.
523 1037 597 1067 Hon.
609 1044 673 1071 435.

173 1080 281 1109 Genere
293 1079 366 1107 claro
379 1084 500 1106 tumens,
521 1075 586 1104 Sen.
600 1073 698 1102 octav.
713 1077 740 1106 8.

172 1117 275 1147 Gloria.
296 1116 381 1145 Ovid.
394 1124 419 1151 3.
432 1114 467 1143 de
475 1114 555 1143 Pont.
567 1121 593 1141 2.
610 1114 653 1147 36.

170 1155 278 1185 Honor.
298 1153 407 1183 Lucret.
420 1152 468 1182 lib.
482 1160 506 1188 3.
521 1154 566 1187 7⁶·

171 1192 280 1223 Lucifer
288 1192 351 1221 altio
361 1191 450 1220 clarus
463 1198 546 1226 equo.
566 1186 652 1217 Ovid.
670 1194 713 1229 [ς.
729 1183 799 1214 Met.
820 1186 881 1225 ¹8⁹.-

171 1231 279 1260 Lumen
291 1229 394 1259 clarum
405 1226 540 1258 extollere
551 1235 567 1254 e
580 1224 710 1253 tenebris.
732 1222 839 1251 Lucret.
856 1218 905 1248 lib.
918 1226 942 1254 3.
956 1227 980 1247 r.

170 1269 277 1299 Mortes
288 1267 367 1297 clara:
376 1276 427 1304 pro
439 1265 527 1303 patria
538 1262 677 1301 oppetitae.
700 1260 758 1289 Cic.
774 1270 797 1288 1.
808 1256 889 1302 Tusc.
907 1259 968 1284 116.
999 1291 1005 1297 .

170 1306 319 1337 Nobilitas.
356 1303 443 1334 Plaut.
454 1303 528 1332 Rud.
544 1313 570 1336 4.
582 1310 607 1329 2.
621 1305 666 1334 28.
689 1298 743 1328 Ubi
753 1295 887 1326 nobilitas
898 1303 959 1323 mea
968 1298 1019 1322 erit
1027 1289 1109 1321 clara.

169 1345 291 1374 Nomen.
313 1342 398 1372 Ovid.
414 1351 456 1370 11.
467 1340 537 1370 Met.
550 1344 614 1373 285.
1112 1365 1118 1371 ο
1194 1362 1200 1369 ,
1234 1361 1240 1368 .
1257 1361 1274 1367 ,-

170 1382 251 1420 Opus
259 1381 357 1410 clarius
365 1379 474 1409 nullum
481 1383 564 1406 extat.
581 1374 666 1404 Ovid.
681 1383 704 1409 3-
717 1372 753 1401 de
764 1373 827 1401 Arte
837 1371 896 1400 Am.
907 1374 970 1407 338-
984 1367 1027 1397 De
1040 1364 1157 1397 AEneide
1167 1360 1285 1399 Virgilii.

169 1419 248 1449 Patre
258 1418 331 1448 claro
342 1424 429 1446 natus.
453 1416 518 1445 Hor.
533 1424 556 1444 1.
571 1414 658 1444 Serm.
671 1416 698 1441 6.
712 1416 755 1448 58.

169 1456 305 1487 Parentes.
330 1455 398 1484 Hor.
414 1464 438 1484 1.
448 1454 533 1483 Serm.
545 1455 571 1481 ⁶.
838 1484 844 1490 .
926 1483 932 1488 Ι
1019 1480 1025 1486 -

170 1495 246 1524 Patre
256 1493 402 1524 clarissimo
414 1497 511 1525 natus,
531 1489 588 1519 avis
600 1510 609 1524 ‚
630 1486 790 1523 majoribus.
812 1483 871 1513 Cic.
884 1492 908 1512 1.
925 1492 954 1511 in
965 1479 1089 1523 (Σαὼ-,4.
1101 1516 1106 1521 ¹
1231 1513 1237 1519 ι
1254 1512 1260 1518 .

167 1532 258 1562 Pietas
270 1533 298 1561 in
308 1532 364 1560 hoc
374 1530 455 1560 clara.
481 1528 540 1558 Cic.
550 1536 600 1565 pro
608 1526 684 1556 Sext.
694 1528 720 1555 6.
743 1523 824 1554 Clara
834 1522 865 1552 in
873 1521 930 1551 hoc
939 1520 967 1550 P.
981 1519 1068 1550 Sextii
1079 1520 1168 1554 pietas
1181 1517 1284 1548 extitit,

189 1572 215 1600 <Sc
225 1569 356 1599 omnibus
367 1573 442 1606 grata
453 1589 461 1603 ,
481 1566 557 1602 quod
570 1586 579 1599 ,
593 1565 646 1594 &c.

168 1608 326 1644 Progenies.
348 1606 420 1644 Virg.
434 1615 459 1640 ς.
471 1604 533 1634 AEn.
549 1606 611 1639 564.

167 1646 270 1675 Proles.
292 1645 394 1674 Lucan.
410 1643 458 1672 lib.
472 1652 515 1670 10.
531 1644 576 1675 86.

168 1683 304 1721 Propago.
328 1682 435 1711 Lucret.
448 1680 495 1709 lib.
511 1689 534 1708 1.
547 1686 614 1744 422.
629 1714 635 1720 ⁴

168 1721 264 1759 Pugna
279 1720 352 1749 clara
363 1721 585 1749 &commemora
608 1714 659 1744 ilis.
680 1710 767 1742 Plaut.
779 1709 874 1756 l'seud.
887 1718 911 1738 1.
926 1719 950 1745 ς.
966 1716 1028 1737 ur.
1197 1739 1203 1746 ,

169 1758 291 1789 Rumore
302 1758 377 1787 claro
389 1757 464 1794 apud
482 1754 596 1791 vulgum
615 1752 677 1781 esse.
717 1750 809 1780 Tacit.
825 1758 868 1784 15.
882 1748 952 1776 Ann.
965 1751 1016 1788 48..
1033 1743 1059 1788 ls
1071 1740 1224 1778 Calpurnio
1241 1747 1288 1776 ge·

188 1806 255 1826 nere
266 1804 352 1830 ortus,
364 1804 397 1824 ac
406 1793 506 1823 multas
515 1790 683 1829 insignesque
693 1787 813 1818 familias
823 1793 937 1825 paterna
951 1782 1098 1813 nobilitate
1107 1778 1285 1815 complexus,

184 1834 258 1863 claro
269 1834 343 1871 apud
355 1832 468 1870 vulgum
476 1839 587 1860 rumore
597 1835 656 1858 erat
668 1849 677 1863 ‚
697 1836 746 1865 per
754 1826 885 1856 virtutem
899 1829 947 1853 aut
962 1821 1069 1861 species
1085 1815 1236 1849 virtutibus
1254 1814 1286 1844 si-

166 1871 306 1947 Sgiilssiisine
317 1908 390 1938 claro
405 1907 521 1945 genitus.
542 1905 608 1935 Sen.
618 1904 716 1934 Ostav.
734 1910 760 1939 3.

166 1948 291 1977 Senatus.
314 1945 412 1975 Claud.
426 1944 507 1975 Coris.
520 1943 599 1973 Prob.
612 1943 638 1972 Sc
648 1940 733 1978 Olyb.
748 1949 790 1975 19.
807 1976 813 1982 -

164 1987 182 2015 S
205 1985 303 2014 lendor
311 1984 399 2014 clarus
407 1983 488 2013 vestis
498 1990 651 2020 purpureae.
672 1978 780 2008 Lucret.
794 1972 844 2006 lib.
856 1983 883 2005 2.
896 1983 940 2011 50.

191 2025 223 2052 iri
233 2023 307 2053 clari.
330 2022 397 2051 Hor.
406 2030 433 2050 2.
445 2021 527 2058 Epist.
541 2029 564 2048 1.
576 2028 641 2053 250.
1085 2044 1091 2052 ³

165 2061 213 2090 Vir
238 2059 398 2090 clarissimus
415 2060 442 2088 δι
461 2056 652 2094 ampliffimus.
692 2053 750 2083 Cic.
766 2062 789 2081 1.
814 2051 850 2081 de
865 2050 942 2080 Orat.
958 2053 1019 2083 198·
1060 2045 1120 2076 CiC.
1144 2053 1195 2082 pro
1211 2042 1285 2080 Lege

184 2097 282 2129 Manil.
295 2107 337 2133 5¹·
371 2096 426 2126 Sed
444 2096 473 2124 in
486 2095 538 2124 hac
557 2092 655 2128 causa,
676 2090 783 2121 tametsi
797 2087 962 2126 cognoscitis
982 2085 1158 2127 austoritates
1178 2087 1288 2124 contra-

184 2137 238 2166 rias
254 2134 462 2164 fortissimorum
479 2133 601 2163 virorum
623 2131 649 2160 &
671 2128 898 2159 clariffimorum:
926 2133 1022 2154 tamen
1043 2121 1147 2151 omissis
1168 2121 1287 2149 auitori·

227 2174 286 2202 'bus
298 2195 306 2207 ,
325 2174 376 2202 ἃς.
971 2200 976 2206 ,
1056 2199 1062 2204 ,
1142 2196 1147 2202 ,

164 2180 302 2241 Vtiaitidari
313 2212 338 2240 δι
353 2208 490 2239 honorati.
532 2207 591 2236 Cic.
603 2206 639 2234 de
652 2205 763 2235 Senet‘t.
775 2212 820 2233 22.
841 2202 1081 2244 Manentjngenia
1092 2195 1213 2228 senibus,
1225 2203 1288 2223 rno-

184 2251 221 2279 do
232 2254 395 2286 permaneat
407 2246 529 2276 studium
541 2246 567 2274 &
579 2243 711 2272 industria
722 2251 728 2271 z
750 2251 803 2270 nec
815 2250 846 2269 ea
860 2239 949 2269 solum
961 2248 991 2267 in
1006 2236 1088 2267 claris
1101 2257 1108 2271 ,
1130 2235 1156 2264 δι
1168 2233 1286 2262 honora-

183 2288 218 2317 tis
228 2287 291 2316 viris
300 2308 308 2321 ,
329 2285 414 2314 sedin
428 2284 484 2313 vita
492 2283 575 2312 etiam
588 2282 693 2319 privata
704 2281 730 2309 ἃ
742 2279 843 2315 quieta.
1003 2313 1008 2319 .
1161 2309 1167 2315 Ι

164 2325 255 2355 Virtus
267 2323 339 2353 clara
349 2322 498 2359 &insignis
509 2320 632 2358 posteris.
672 2317 730 2347 Cic.
742 2317 778 2346 de
789 2316 874 2346 Amic.
893 2323 954 2343 102.
977 2313 1113 2341 Virtutem
1123 2318 1198 2338 enim
1209 2317 1286 2351 ama:

183 2364 210 2392 vi
223 2362 297 2391 illius
312 2361 372 2396 viri,
383 2370 442 2397 quae
451 2360 574 2388 extincta
584 2366 642 2386 non
653 2356 700 2389 est,
713 2364 765 2384 nec
773 2355 840 2383 mihi
852 2352 900 2382 soli
915 2350 1032 2395 versatur
1042 2355 1107 2378 ante
1117 2346 1224 2391 oculos,
1237 2354 1286 2389 qui

182 2400 259 2430 illam
269 2399 375 2436 semper
387 2399 417 2426 in
425 2396 555 2426 manibus
566 2394 667 2424 habui:
688 2393 735 2422 sed
756 2393 839 2422 etiam
851 2390 966 2429 posteris
982 2394 1034 2419 erit
1043 2388 1116 2418 clara
1125 2388 1152 2416 &
1160 2385 1282 2422 infigms.

163 2438 212 2467 Vir
224 2436 325 2466 nobilis
342 2437 368 2466 δι
385 2435 482 2465 clarus.
505 2434 563 2463 Cic.
573 2442 623 2470 pro
631 2431 723 2474 Rabir.
738 2430 825 2473 Posth.
838 2438 884 2464 ²³·

164 2476 219 2505 Viri
230 2480 416 2513 praepotentes
430 2474 456 2503 ἃ
472 2471 546 2502 clari.
569 2471 628 2499 Cic.
644 2479 694 2507 pro
704 2468 795 2498 Rabir.
808 2467 897 2497 Posth.
909 2475 956 2502 44.

164 2513 213 2543 Vir
221 2512 389 2543 clarissimus.
412 2511 471 2540 Cic.
484 2520 507 2540 1.
519 2509 554 2538 de
564 2507 642 2537 Orat.
662 2512 722 2542 ¹98·

163 2551 235 2580 Urbs
243 2550 309 2579 clari
323 2548 507 2586 cognominis.
529 2546 602 2583 Virg.
619 2550 645 2579 8.
664 2544 725 2588 AEri.
737 2549 782 2588 48.

259 2588 384 2617 Ascanius
394 2585 458 2615 clari
472 2584 576 2614 condet
586 2592 763 2620 cognominis
774 2580 881 2611 Albam.

163 2626 284 2657 Clarior.
305 2622 535 2659 ΓλαμωεέπςΘ]
555 2622 652 2650 Senec.
664 2619 778 2657 Hippol.
789 2629 814 2649 v.
826 2628 891 2656 744.

242 2662 384 2693 Pulchrior
399 2667 477 2690 tanto
490 2666 536 2689 tua
548 2659 637 2688 forma
648 2657 732 2692 lucet,

243 2700 350 2730 Clarior
359 2704 462 2737 quanto
474 2698 560 2727 micat
572 2696 639 2725 orbe
650 2695 734 2733 pleno
745 2716 754 2731 ,
773 2695 826 2724 &cn

161 2738 231 2778 Lyra
246 2737 354 2768 clarior.
375 2736 494 2767 Martial.
502 2734 550 2764 lib.
565 2744 607 2764 12.
623 2742 633 2761 1
643 2743 665 2763 1.

255 2776 341 2812 CuJus
355 2774 479 2812 l’impleo
489 2772 547 2810 lyra
556 2771 655 2802 clarior
668 2770 726 2800 exit
736 2769 770 2799 ab
784 2768 883 2798 antro?
1075 2804 1083 2812 ’

162 2814 330 2844 Clarissimus
341 2834 349 2848 ‚
371 2807 611 2848 [mammo]
631 2809 689 2838 Cic.
705 2818 756 2845 pro
772 2807 847 2836 Sext.
866 2816 928 2843 144.
962 2806 1056 2843 Quare
1075 2805 1218 2835 imitemur
1231 2813 1282 2835 no-

179 2853 245 2882 stros
256 2853 353 2881 Brutos
362 2872 371 2885 ,
392 2848 535 2883 Camillos,
557 2846 670 2882 Ahalas,
692 2845 793 2875 Decios
804 2865 812 2879 ,
834 2845 940 2874 Curios.
960 2844 1109 2879 Fabricios,
1130 2844 1282 2876 Maximos,

178 2891 326 2927 Scipiones
335 2911 344 2924 ,
360 2890 412 2918 &a
450 2886 484 2916 Et
496 2884 581 2923 paulo
589 2885 660 2922 post,
680 2883 734 2913 Sed
746 2892 791 2912 me
799 2889 924 2919 repente,
936 2881 1058 2918 judices,
1079 2882 1114 2910 de
1124 2881 1282 2910 fortissimo-

178 2938 241 2957 rum
252 2929 278 2957 &
288 2925 497 2956 clarissimorum
510 2923 614 2952 civium
626 2922 770 2965 dignitate,
790 2922 815 2949 8<
826 2920 1065 2963 gloria-dicentem
1080 2921 1106 2948 δι
1116 2919 1195 2956 plura
1207 2919 1282 2948 dice-

161 2957 1142 3040 ciiffiffiffpznitzufflgsfttffftzss.ffissiuffi‘ssssta’tssssiffigssgssfftffit.
1151 2957 1280 3024 Bidifid.

200 3064 206 3070 .
243 3064 249 3070 .
288 3041 362 3070 Hinc

125 3079 147 3109 C
155 3051 200 3108 Li
210 3052 246 3107 1³41
256 3088 268 3107 s
278 3079 309 3107 si
320 3088 340 3106 Μ
349 3081 365 3106 x
375 3086 395 3106 T
404 3084 422 3105 υ
432 3085 444 3105 s
454 3096 463 3110 ,
486 3075 528 3104 us.
549 3082 588 3103 m.
609 3071 758 3111 Dignitatis
768 3069 946 3105 vocabulum.
958 3070 993 3099 de
1008 3080 1063 3107 quo
1077 3069 1173 3099 Alciat.
1187 3078 1280 3107 cap.4.

161 3116 210 3146 lib.
223 3125 248 3152 ζ.
266 3115 408 3153 Dispunt‘t.
447 3113 490 3144 De
505 3113 539 3141 iis
550 3111 713 3146 dicebatur,
736 3109 782 3147 qui
801 3108 945 3138 Clarissimi
966 3108 1186 3145 appellabantur.
1218 3109 1282 3137 Am-

161 3155 244 3183 mian.
257 3163 301 3183 21.
319 3162 362 3190 ³¹·
384 3152 446 3181 Nec
455 3150 504 3180 sub
514 3159 548 3180 eo
559 3149 617 3179 dux
628 3147 770 3186 quisquam
785 3155 850 3176 cum
871 3144 1046 3177 clarissimatu
1064 3147 1212 3184 provectus
1231 3147 1279 3176 est.

160 3191 233 3221 conf.
256 3191 341 3228 Cang.
361 3189 444 3220 Gloff.
461 3188 518 3218 Lat.

123 3229 169 3259 CL
179 3239 198 3258 A
210 3239 225 3257 R
234 3238 249 3257 a
260 3251 267 3262 ,
289 3227 458 3264 [λαμπςῶς]
480 3226 548 3255 Adv.
569 3230 621 3259 ut,
642 3223 722 3253 Clare
738 3222 842 3252 lucere.
969 3257 975 3264 ·

159 3267 238 3296 Clare
255 3266 387 3304 crepitare
405 3263 545 3294 dentibus.
584 3261 671 3292 Plaut.
684 3260 755 3290 Rud.
767 3269 794 3290 2.
806 3264 832 3290 6.
848 3267 891 3296 5²·
919 3258 994 3295 Quia
1010 3257 1059 3295 pol
1080 3256 1153 3288 clare
1172 3259 1280 3296 crepito

160 3305 370 3371 thiiriglrieudlare.
393 3339 452 3369 Cic.
464 3347 491 3369 2.
504 3338 558 3368 Att.
569 3346 615 3367 20.
632 3335 754 3366 Varietas
766 3335 796 3364 in
806 3344 835 3364 re
848 3334 924 3364 nulla
936 3333 983 3363 sit:
1005 3339 1155 3371 aperteque
1163 3333 1280 3372 loquan.

160 3386 242 3445 Ctliiie'
251 3377 802 3451 &sicieiirrplpqlaalrgqffiriiffirqmsermssAE-l·
834 3411 853 3440 i.
875 3419 900 3440 e.
921 3408 1076 3439 Manit'este.

160 3454 239 3482 Clare
249 3453 335 3481 oculis
346 3453 448 3482 videre.
467 3451 552 3482 Plaut.
568 3450 628 3480 Mil.
649 3459 673 3486 3.
692 3461 712 3478 ι.
729 3453 772 3485 3⁶·
1039 3484 1044 3489 ι

159 3491 239 3520 Clare
248 3490 349 3519 dicere.
369 3490 435 3518 Ter.
447 3489 516 3518 And.
527 3499 554 3525 4.
567 3499 590 3525 5.
605 3498 647 3522 ις.
669 3487 751 3516 Unde
760 3487 820 3516 est?
841 3486 888 3515 dic
897 3484 977 3515 clare.
1018 3483 1065 3514 Sic

159 3528 239 3557 Clare
248 3528 376 3562 recitare,
396 3527 469 3564 apud
479 3526 565 3556 Plaut.
576 3525 644 3555 Pers.
656 3536 684 3560 4.
698 3534 722 3559 ζ,
736 3534 779 3561 30.

158 3565 238 3595 Nihil
248 3565 362 3598 clarius,
383 3564 452 3593 nihil
460 3563 581 3593 nobilius
592 3563 648 3592 illo.
671 3562 727 3592 Cic.
739 3572 764 3592 2.
780 3562 815 3592 de
826 3560 919 3591 Divin.

159 3601 309 3633 Nilindole
318 3601 482 3630 clariusilla.
504 3602 571 3630 Stat.
583 3610 609 3631 a.
629 3600 720 3630 Theb.
731 3605 794 3637 631.

159 3641 181 3670 A
204 3648 297 3677 parere
309 3639 415 3667 clarius.
454 3639 510 3668 Cic.
522 3645 548 3672 8.
562 3639 636 3668 Fam.
651 3648 692 3672 14.
716 3638 748 3666 Et
763 3647 817 3675 quo
837 3636 951 3674 propius
974 3645 1006 3665 ea
1027 3634 1172 3666 contentio
1196 3641 1278 3672 quam

198 3678 235 3706 eri
245 3676 351 3705 necesse
363 3677 415 3709 est,
436 3676 543 3705 accedit
553 3699 561 3710 ,
582 3686 616 3705 eo
628 3675 727 3705 clarius
740 3676 769 3704 id
783 3675 942 3713 periculum
955 3679 1080 3711 apparet.

110 3715 261 3746 'tunudire
271 3714 378 3742 clarius.
404 3712 512 3741 Lucret.
530 3714 577 3742 lib.
593 3723 615 3743 1.
629 3723 693 3749 920.

140 3752 172 3779 St
250 3751 333 3780 Nunc
343 3760 392 3787 age
403 3751 479 3786 quod
487 3750 604 3787 superest
615 3772 624 3785 ‚
645 3749 782 3788 cognosce
794 3771 802 3784 ,
824 3750 851 3779 ἃ
862 3749 963 3780 clarius
976 3748 1051 3779 audi.

156 3789 284 3820 Indicarc
300 3787 398 3816 clarius
407 3787 519 3823 aliquid.
542 3788 607 3817 Hor.
619 3799 644 3822 4.
658 3788 748 3816 Carni.
763 3793 789 3821 8.
806 3797 848 3822 19.

156 3828 255 3858 Niterc
265 3826 363 3855 clarius
373 3824 455 3853 astris.
477 3825 543 3852 Stat.
556 3837 582 3859 4.
596 3825 661 3854 Silv.
679 3836 700 3853 i.
718 3836 745 3859 4.

158 3864 309 3895 Clarilliinc
319 3862 422 3891 audire.
445 3861 514 3889 l'lin.
528 3862 572 3889 lib.
590 3871 630 3890 io.
642 3872 703 3898 cap.
715 3871 760 3896 70.

120 3903 169 3936 CL
180 3913 197 3931 A
207 3913 222 3930 R
234 3904 272 3930 ῖτ
283 3910 322 3929 As
332 3921 340 3935 ‚
361 3900 421 3928 atis.
443 3898 461 3927 f.
485 3894 666 3940 [λςιμωεᾶτηε.
686 3899 824 3933 σαφήνεια]
846 3898 995 3929 Lucidltas.
1016 3904 1057 3936 nt,
1078 3896 1192 3928 Claritas
1203 3896 1274 3928 solis.

158 3940 229 3971 Plin.
240 3939 288 3968 lib.
298 3947 324 3968 2.
335 3946 396 3974 cap.
409 3941 436 3971 8.
460 3935 596 3966 Claritatis
609 3942 690 3965 tantae
698 3936 737 3966 est
747 3935 854 3972 Vesper.

750 208 832 237 Certe
842 214 898 234 non
909 201 972 231 tulit
984 199 1055 229 ullos
1062 198 1123 227 haec
1130 196 1228 226 civitas
1240 199 1288 224 aut

874 247 904 270 ut
917 238 1088 269 humanitate
1100 234 1244 274 politiores
1256 233 1285 262 P.

753 429 835 468 Epist.
852 437 894 457 10.
930 426 1004 455 Attio
1025 422 1185 456 Clementi,
1205 420 1291 464 Socer

740 479 773 504 a,
795 474 855 496 tum
865 464 909 495 vel
922 464 977 494 hoc
986 470 1126 499 magnus,
1147 458 1223 498 quod
1233 457 1291 496 ipse

1834 109 1864 144 C
1961 112 1989 146 L
2085 111 2113 146 A

1384 191 1501 222 Claritas
1512 190 1667 220 oculorum.
1707 190 1776 220 Plin.
1791 190 1837 220 lib.
1851 197 1891 223 18.
1904 202 1955 228 cap
1977 201 2017 220 ιι.
2040 191 2224 224 Emicanttiiie
2240 192 2332 223 fontes
2343 192 2428 224 Oraxi
2439 202 2504 227 oeus

1405 230 1495 259 iorum
1507 229 1634 269 claritati
1674 228 1707 257 Et
1719 229 1793 266 apud
1803 230 1925 259 eundem
1938 230 1985 259 lib.
2000 240 2094 267 5.cap.
2111 240 2134 259 ι.
2159 230 2273 260 Claritas
2283 231 2362 261 visus.

1385 268 1498 296 Claritas
1510 268 1595 295 vocis.
1618 267 1675 295 Cic.
1693 278 1711 294 i.
1730 268 1806 296 iicad.
1823 277 1863 301 19.

1386 306 1501 334 Claritas
1522 304 1659 340 [mm-a]
1684 304 1852 333 Excellentia
1864 306 1889 334 δι
1900 305 2028 342 dignitas.
2050 304 2108 334 Cic.
2123 314 2162 341 13.
2178 305 2253 334 Fam.
2269 310 2312 339 68.
2335 305 2405 342 Quae
2420 316 2505 344 quan.

1405 353 1487 378 quarn
1499 352 1533 371 ex
1547 342 1641 370 multis
1659 351 1708 377 pro
1720 348 1766 370 tua
1778 342 1902 371 claritate
1915 343 2027 371 audiam
2041 364 2048 376 ,
2071 344 2122 372 &a
2163 343 2284 379 Quintil.
2302 343 2350 373 lib.
2364 353 2389 380 3.
2405 354 2463 382 cap.
2475 355 2502 381 9.

1404 380 1477 416 Quae
1490 380 1621 416 responsis
1636 378 1678 407 vel
1691 380 1809 416 auguriis
1821 380 1941 409 futuram
1952 380 2104 409 claritatem
2118 380 2311 418 promiserunt.

1384 417 1501 447 Claritas
1514 422 1537 446 or
1550 417 1714 453 amplitudo.
1758 417 1815 446 Cic.
1831 427 1852 446 r.
1869 417 1925 446 Off.
1939 427 1982 453 70.
2006 417 2121 447 Facilior
2141 419 2167 447 &
2185 419 2270 447 tutior
2290 420 2315 448 ἂ
2337 418 2430 448 minus
2444 418 2505 450 aliis

1405 456 1492 492 gravis
1514 463 1561 484 aut
1582 454 1697 483 molesta
1717 454 1773 482 vita
1783 455 1820 483 est
1831 455 2000 484 oriosorum:
2022 456 2186 484 fructuosior
2199 462 2291 485 autem
2303 456 2449 485 hominum
2460 466 2505 494 ge·

1404 494 1481 528 neri,
1503 495 1528 522 &
1541 493 1575 521 ad
1586 492 1737 521 claritatem
1748 492 2020 531 amplitudinemque
2035 493 2126 530 aptior
2137 515 2144 527 ,
2169 503 2265 523 eorum
2283 493 2364 531 quise
2378 494 2413 523 ad
2422 493 2505 525 Rem-

1405 532 1473 567 pub.
1486 532 1511 560 Sc
1521 531 1555 558 ad
1569 540 1610 558 res
1620 538 1732 565 magnas
1745 531 1881 564 gerendas
1892 531 2184 560 accommodaverunt.

1385 568 1447 598 Effe
1456 569 1483 597 in
1494 568 1626 597 claritate.
1666 567 1731 596 Plin.
1744 567 1792 597 lib.
1808 578 1850 604 1⁴·
1861 577 1922 606 cap.
1935 578 1977 603 14.
1999 568 2134 597 Nondum
2144 575 2237 597 tamen
2247 568 2294 597 ista
2303 578 2405 606 genera
2416 568 2445 598 in
2453 569 2506 600 cla.

1405 607 1484 634 ritate
1495 612 1581 634 erant.
1625 604 1665 634 De
1676 605 1757 634 vinis.

1385 644 1528 674 Excellere
1538 643 1660 672 claritate
1671 643 1811 673 nascendi.
1852 643 1973 680 Quintil.
1986 643 2035 672 lib.
2049 654 2071 678 5.
2083 653 2144 681 cap.
2158 653 2169 672 1
2177 653 2199 672 1.
2222 643 2263 673 lta
2272 643 2430 681 hominum,
2446 651 2505 676 non

1404 682 1451 719 qui
1463 681 1585 710 claritate
1596 680 1725 709 nascendi
1737 703 1745 714 ,
1765 680 1811 709 sed
1824 683 1870 718 qui
1884 682 1984 710 virtute
1994 681 2116 710 maxime
2127 681 2255 711 excellet.

1384 719 1563 750 Personarum
1574 718 1697 748 claritate
1709 719 1820 755 infignis
1832 719 1919 748 causa.
1932 719 2032 748 Plina.
2044 718 2124 757 Epist.
2134 728 2175 755 14.
2190 719 2262 749 Raro
2272 719 2381 755 incidit,
2392 719 2437 750 vel
2446 729 2506 758 per-

1403 756 1529 785 sonarum
1545 756 1672 785 claritate
1682 778 1689 791 ,
1711 756 1754 785 vel
1764 758 1868 794 negotii
1880 757 2073 794 magnitudine
2088 756 2209 794 insignis.

1383 794 1546 825 Ostendunt
1559 793 1711 823 claritatem
1726 794 1888 824 hominibus
1900 795 1949 823 dii.
1989 794 2047 823 Cic.
2059 804 2084 824 2.
2108 795 2143 824 de
2153 794 2246 824 Divin.
2257 798 2302 824 66.
2335 795 2423 824 Miror
2437 795 2506 827 deos

1405 832 1575 862 immortales
1586 832 1710 861 histrioni
1722 832 1816 861 futuro
1827 833 1979 862 claritatem
1989 832 2147 867 ostendisse,
2164 832 2271 862 nullam
2281 833 2429 863 ostendisse
2439 833 2506 864 Afri.

1404 879 1484 899 cano.

1345 908 1369 940 C
1378 919 1393 936 L
1404 918 1421 936 A
1433 919 1447 936 R
1458 919 1465 936 ι
1476 918 1496 936 Τ
1506 910 1523 935 ῦ
1533 918 1576 938 imo
1590 929 1598 941 ,
1618 907 1682 936 inis.
1703 907 1722 937 f.
1744 904 1941 943 [λαμωεέτκς]
1962 907 2040 937 Idem
2052 929 2060 942 ,
2082 906 2195 937 testibus
2206 907 2283 937 Festo
2299 909 2326 937 δε
2338 907 2414 938 Non.

1384 946 1528 975 Claritudo
1537 968 1544 979 ,
1567 945 1705 974 Nobilitas
1715 967 1723 979 ,
1744 945 1828 975 fama.
1866 945 1974 975 Sallust.
1987 946 2015 974 in
2027 944 2155 982 jugurth.
2177 955 2236 974 non
2254 946 2351 984 procul
2362 946 2396 976 ab
2408 947 2506 984 initio,

1402 984 1500 1049 Qiuum
1506 983 1660 1050 cpraesertim
1670 990 1725 1012 tarn
1735 983 1830 1012 multae
1843 1005 1852 1019 ,
1871 984 2007 1021 variaeque
2017 983 2068 1012 sint
2087 990 2160 1013 artes
2169 984 2271 1020 animi,
2292 983 2393 1021 quibus
2400 983 2506 1016 summa

1405 1031 1421 1050 c
1434 1028 1502 1051 aritu
1525 1030 1543 1050 ο
1554 1028 1674 1058 paratur.

1380 1059 1581 1096 Adjumentum
1602 1059 1775 1089 claritudinis
1790 1059 1904 1096 grande.
1944 1057 2035 1088 Tacit.
2051 1061 2094 1088 16.
2113 1059 2182 1088 Ann.
2194 1068 2237 1095 17.
2267 1058 2347 1090 Idem
2372 1059 2506 1092 Armaeum

1402 1097 1545 1127 Lucanum
1557 1104 1690 1133 genuerat
1727 1097 1830 1134 grande
1841 1097 2036 1132 adjumentum
2052 1096 2235 1127 claritudinis.

1380 1134 1503 1165 Familiae
1512 1134 1659 1164 claritudo.
1699 1119 1790 1165 Tacit.
1807 1145 1817 1164 1
1827 1146 1850 1169 ς.
1863 1136 1933 1164 Anii.
1944 1144 1988 1170 35.
2011 1134 2112 1164 Iisdem
2122 1135 2228 1172 quippe
2242 1134 2298 1164 illis
2317 1134 2416 1164 diebus
2434 1134 2507 1165 Tor.

1399 1179 1498 1209 quatus
1509 1172 1637 1202 Sullanus
1656 1173 1727 1202 mori
1744 1173 1880 1209 adigitur,
1901 1173 1964 1210 quia
1982 1172 2061 1210 super
2076 1172 2167 1208 Juniae
2185 1172 2297 1202 familiae
2310 1172 2504 1204 claritudinem

1400 1210 1496 1240 divum
1510 1211 1657 1247 Augustum
1669 1218 1778 1240 atavum
1787 1211 1901 1240 ferebat.
1924 1211 1999 1240 conf.
2024 1210 2091 1239 Vell.
2108 1220 2129 1239 1.
2144 1219 2186 1245 17.

1379 1248 1520 1279 Virtutum
1532 1249 1700 1278 claritudine
1710 1249 1744 1278 ad
1754 1248 1893 1279 summurn
1909 1249 2047 1286 fastigium
2057 1247 2179 1286 deligere
2189 1247 2320 1285 aliquem.
2357 1247 2447 1279 Tacit.
2461 1259 2504 1285 ις.

1398 1288 1469 1316 Ann.
1483 1290 1528 1322 ⁶5·
1549 1286 1773 1323 Tradereturque
1793 1287 1940 1324 imperium
1954 1287 2067 1316 Senecae
2078 1308 2087 1322 ,
2108 1286 2181 1324 quasi
2196 1286 2317 1322 insonti,
2338 1286 2504 1318 claritudine

1397 1324 1531 1354 virtutum
1540 1325 1575 1353 ad
1585 1323 1723 1353 summum
1734 1325 1871 1362 fastigium
1882 1324 2002 1354 delecto.

1379 1361 1462 1393 Vocis
1472 1362 1638 1392 claritudine
1649 1363 1748 1391 ceteris
1759 1363 1900 1392 antestare.
1942 1362 2013 1392 Gell.
2028 1361 2078 1391 lib.
2107 1385 2114 1392 .
2133 1371 2194 1399 cap.
2206 1370 2230 1397 ς.
2259 1361 2362 1392 Histrio
2381 1362 2411 1391 in
2431 1368 2503 1394 terra

1398 1400 1504 1444 Graecia
1516 1400 1568 1467 fuss
1578 1401 1652 1466 gama
1663 1401 1786 1436 celebri,
1807 1401 1855 1438 qui
1864 1400 1938 1438 gestu
1950 1402 1976 1431 &
1986 1400 2063 1431 vocis
2075 1410 2090 1430 c
2103 1400 2242 1431 aritudine
2258 1401 2285 1430 ἃ
2304 1400 2445 1431 venustate
2459 1410 2504 1431 ce.

1396 1445 1463 1468 teris
1474 1445 1537 1468 ante
1563 1448 1577 1467 a
1599 1444 1634 1468 at.
2001 1442 2012 1449 ‘⁸

1379 1477 1421 1506 Ad
1432 1486 1547 1506 omnem
1559 1476 1755 1506 claritudinem
1764 1475 1886 1506 sublatus
1894 1475 2002 1513 aliquis.
2024 1474 2115 1506 Tacit.
2129 1485 2171 1512 ις.
2185 1476 2256 1506 Ann.
2280 1484 2305 1506 2.
2329 1475 2459 1506 Ceterum
2469 1475 2504 1506 ti.

1396 1524 1475 1544 more
1486 1515 1599 1544 occulto
1610 1524 1646 1544 ne
1657 1513 1822 1544 L.Sullanus
1832 1536 1840 1550 ,
1861 1515 1965 1544 eximia
1981 1513 2132 1543 nobilitate
2144 1535 2153 1549 ,
2174 1486 2376 1552 disciplinaque
2393 1513 2424 1544 C.
2440 1514 2504 1544 Cas-

1395 1552 1444 1587 sii,
1466 1553 1541 1590 apud
1556 1562 1638 1589 quem
1648 1553 1783 1582 educatus
1793 1558 1870 1589 erat,
1891 1552 1927 1581 ad
1946 1561 2061 1582 omnem
2077 1552 2274 1582 claritudinem
2291 1551 2430 1588 sublatus,
2450 1553 2502 1583 im.

1398 1590 1508 1627 perium
1520 1591 1676 1620 invaderet.

1379 1627 1443 1658 Plus
1455 1628 1627 1658 claritudinis
1640 1629 1669 1658 in
1680 1628 1735 1657 fine
1747 1634 1795 1657 tuo
1807 1628 1854 1658 est.
1894 1627 1986 1658 Tacit.
2001 1637 2044 1664 ις.
2065 1628 2135 1657 Anii.
2148 1630 2193 1664 63.
2214 1627 2346 1663 Sithujus
2356 1632 2413 1657 tam
2422 1628 2501 1659 fortia

1398 1667 1490 1696 exitus
1500 1667 1653 1696 constantia
1666 1676 1753 1704 penes
1763 1666 1890 1703 utrosque
1901 1675 1966 1704 par,
1988 1665 2163 1696 claritudinis
2171 1665 2237 1704 plus
2247 1666 2336 1696 intuo
2347 1665 2412 1696 fine.

1342 1703 1365 1733 C
1375 1715 1391 1733 L
1402 1715 1419 1733 A
1430 1715 1446 1733 a
1455 1708 1471 1733 ἒ
1480 1715 1497 1733 D
1509 1714 1525 1733 o
1535 1726 1544 1740 ,
1565 1705 1628 1734 inis.
1651 1705 1670 1734 f.
1691 1704 1785 1733 Isidor.
1799 1703 1884 1734 Gloss.

1342 1742 1365 1771 C
1376 1754 1391 1771 L
1401 1753 1417 1771 A
1431 1752 1446 1771 ι(
1456 1752 1473 1771 0
1482 1753 1499 1771 a
1509 1764 1517 1778 ‚
1538 1743 1602 1772 oris.
1625 1753 1663 1772 m.
1685 1742 1772 1772 Plaut.
1784 1742 1869 1772 Most.
1882 1751 1907 1779 3.
1920 1752 1944 1771 1.
1959 1750 2021 1771 112.
2043 1740 2138 1771 Claror
2148 1749 2250 1771 merus.

1342 1780 1364 1810 C
1375 1791 1391 1809 L
1401 1791 1419 1809 A
1430 1790 1445 1808 a
1454 1790 1468 1809 iz
1479 1790 1496 1809 0
1506 1802 1515 1815 ,
1535 1781 1565 1810 ui
1575 1803 1584 1816 ‚
1606 1782 1620 1816 [
1632 1777 1758 1815 εὔὲὶκιμέω
1768 1800 1777 1813 ,
1798 1779 1944 1815 φοάνομοω]
1966 1782 2020 1809 ere.
2042 1779 2179 1810 Nobilem
2188 1778 2360 1817 &insignem
2374 1784 2457 1818 atque
2466 1778 2499 1810 il.

1380 1819 1492 1848 lustrem
1503 1818 1565 1848 effe.
1591 1818 1695 1848 Ennius
1705 1819 1780 1856 apud
1791 1818 1849 1848 Cic.
1864 1828 1886 1848 1.
1898 1817 1956 1848 Off.
1966 1823 2011 1853 84.

1459 1856 1530 1893 Ergo
1543 1856 1659 1894 postque
1671 1856 1809 1893 magisque
1817 1856 1869 1885 viri
1880 1866 1956 1886 nunc
1965 1854 2053 1893 gloria
2062 1854 2157 1885 claret.

1379 1892 1500 1924 Familiae
1511 1894 1624 1924 clarent.
1645 1895 1721 1924 Suet.
1735 1894 1763 1923 in
1773 1894 1878 1923 Neron.
1891 1903 1951 1932 cap.
1965 1904 1988 1922 1.

1378 1931 1485 1962 Lumen
1498 1932 1592 1962 claret.
1620 1932 1727 1962 Ennius
1737 1932 1894 1962 Telamone
1905 1954 1913 1965 ,
1935 1930 2008 1961 Nam
2021 1931 2059 1961 ita
2069 1931 2140 1960 mihi
2148 1931 2310 1962 Telamonis
2321 1930 2404 1969 patris
2414 1930 2501 1969 Atque

1397 1971 1590 2037 lfaa-cieslproavi
1602 1970 1678 2006 ,Jovis
1689 1971 1776 2008 gratia
1785 1970 1879 2006 eaest,
1900 1971 1988 2008 Atque
1998 1969 2054 1999 hoc
2066 1969 2164 1999 lumen
2179 1970 2333 2000 candidum
2346 1970 2432 2000 claret
2449 1971 2501 2000 mi-

1421 2018 1440 2038 i.
1508 2018 1598 2038 onius.

1379 2046 1421 2075 Ad
1434 2046 1587 2084 primordia
1602 2046 1700 2076 aestatis
1711 2045 1821 2076 clarere.
1844 2046 1902 2075 Cic.
1915 2045 1944 2074 in
1954 2045 2024 2074 Atat.
2038 2053 2082 2080 ³9·

1459 2084 1607 2121 Propterea
1617 2085 1693 2121 quod
1703 2085 1739 2113 ad
1750 2084 1846 2114 aestatis
1855 2083 2008 2122 primordia
2021 2082 2137 2114 clarent.

1398 2128 1544 2160 apparent.

1378 2159 1479 2197 Figura
1488 2167 1554 2189 nota
1563 2159 1674 2190 clarere.
1696 2159 1756 2190 Cic.
1768 2159 1797 2188 in
1812 2160 1884 2189 Atat.
1899 2161 1959 2188 166.

1472 2198 1537 2227 Non
1551 2198 1642 2235 potuit
1652 2198 1732 2227 nobis
1744 2204 1810 2227 nota
1819 2197 1923 2227 clarere
1932 2197 2027 2234 figura.

1378 2235 1479 2266 Forma
1487 2236 1565 2265 simili
1577 2236 1686 2266 clarere.
1710 2235 1769 2265 Cic.
1780 2237 1809 2264 in
1819 2236 1890 2265 Atat.
1905 2246 1929 2270 5.

1460 2274 1644 2303 Andromedae
1655 2274 1760 2311 signum
1769 2295 1777 2308 ‚
1798 2273 1933 2303 Deltoton
1943 2272 2036 2302 dicere
2047 2272 2123 2302 Graii

1460 2312 1545 2348 Quod
1559 2311 1631 2340 soliti
1643 2334 1652 2346 ,
1672 2311 1752 2340 simili
1763 2312 1828 2348 quia
1838 2310 2026 2340 formalittera
2041 2310 2135 2341 claret.

1380 2349 1473 2381 Claret
1484 2372 1492 2385 ,
1513 2360 1565 2388 pro
1577 2349 1689 2379 Clarum
1698 2350 1745 2379 est.
1766 2349 1874 2379 Lucret.
1885 2349 1933 2378 lib.
1943 2352 1969 2378 6.
1983 2357 2046 2384 935·

1572 2404 1610 2408 -
1621 2388 1697 2424 quod
1705 2388 1733 2416 in
1746 2388 1837 2425 primo
1848 2396 1958 2425 quoque
1970 2387 2091 2415 carmine
2101 2386 2195 2416 claret.
2326 2421 2328 2423 Ι

1379 2425 1473 2455 Claret
1482 2448 1490 2461 ,
1507 2435 1572 2455 cum
1589 2425 1695 2456 dativo.
1727 2432 1758 2455 ut
1770 2447 1778 2462 ,
1808 2424 1901 2455 Claret
1919 2424 1990 2454 milii
2001 2445 2010 2460 ,
2040 2425 2058 2454 i.
2074 2434 2098 2455 e.
2120 2423 2262 2463 Intelligo.
2300 2423 2400 2457 Claud.
2420 2424 2456 2456 de
2468 2434 2495 2463 4.

1399 2463 1482 2493 Cons.
1498 2463 1573 2494 Hon.
1587 2472 1650 2500 19²·

1631 2517 1669 2522 -—
1676 2506 1793 2531 ventura
1803 2501 1924 2540 potestas

1460 2539 1566 2569 Claruit
1577 2539 1693 2569 Ascanio
1703 2562 1710 2575 ,
1732 2541 1785 2569 Sec.
1869 2540 1882 2575 [
1895 2537 1951 2568 Nifi
1964 2538 2002 2568 est
2014 2548 2029 2567 a
2041 2536 2094 2574 seq.
2110 2537 2207 2568 verbo.

1342 2576 1365 2607 C
1376 2588 1392 2605 L
1401 2586 1419 2605 A
1429 2587 1444 2605 R
1455 2587 1468 2605 iz
1478 2586 1490 2606 s
1500 2587 1517 2606 c
1526 2587 1542 2606 o
1554 2599 1562 2612 ‚
1580 2579 1634 2606 Ere.
1657 2573 1907 2614 [τ’τκςειφοιῖνομοκ]
1929 2576 2048 2613 Quintil.
2061 2576 2107 2605 lib.
2120 2579 2146 2605 6.
2159 2585 2219 2614 cap.
2232 2586 2259 2612 4.
2278 2575 2379 2613 Neque
2391 2581 2498 2607 tantum

1379 2615 1436 2644 hoc
1454 2615 1516 2652 ipsis
1536 2616 1721 2644 monitoribus
1738 2615 1879 2647 clarescit,
1900 2615 2013 2652 quidam
2033 2615 2140 2644 faciunt
2158 2620 2253 2652 aperte
2272 2615 2348 2652 quod
2367 2615 2497 2645 rixemur.

1378 2652 1463 2681 Aliud
1479 2663 1514 2682 ex
1524 2654 1578 2682 alio
1588 2653 1720 2683 clarescit.
1741 2653 1851 2683 Lucret.
1867 2652 1916 2682 lib.
1932 2663 1954 2682 1.
1969 2657 2051 2686 1108.

1378 2690 1454 2720 Dies.
1477 2691 1540 2720 Sen.
1557 2692 1639 2721 Herc.
1649 2692 1702 2720 fur.
1719 2702 1741 2720 ι.

1378 2728 1544 2758 Obscurum.
1565 2730 1632 2759 Stat.
1646 2738 1668 2764 3.
1682 2728 1748 2759 Silv.
1761 2737 1786 2765 3.
1803 2738 1863 2759 120.

1563 2783 1599 2787 —
1609 2767 1813 2803 obscurumque
1824 2767 1895 2796 latus
1906 2765 2053 2795 clarescere
2062 2764 2144 2795 vidit.

1377 2802 1491 2834 Sonitus
1500 2804 1661 2834 clarescunt.
1685 2805 1757 2842 Virg.
1767 2815 1793 2834 2.
1806 2805 1867 2834 [ΕΠ.
1879 2813 1942 2841 302.

1459 2842 1618 2872 Clarescunt
1627 2843 1748 2878 sonitus,
1771 2851 1966 2879 armorumque
1978 2841 2081 2878 ingruit
2089 2841 2195 2870 horror.

1378 2878 1543 2909 Luminibus
1559 2880 1716 2910 clarescere.
1756 2880 1846 2910 Tacit.
1863 2891 1872 2909 i
1882 2891 1904 2916 ς.
1926 2881 1998 2909 Ann.
2010 2887 2053 2915 37.
2084 2879 2230 2915 Postquam
2245 2876 2367 2909 tenebrae
2388 2876 2498 2910 incede—

1400 2917 1487 2951 bant.
1508 2926 1642 2954 quantum
1654 2919 1730 2954 juxta
1738 2919 1878 2954 nemoris,
1900 2919 1926 2948 ὁὶ
1944 2917 2122 2952 circumjecta
2141 2918 2215 2947 tecta
2229 2917 2380 2947 consonare
2396 2924 2495 2954 cantu,

1395 2955 1548 2985 luminibus
1560 2956 1716 2986 clarescere.

1377 2992 1473 3022 Plausu
1482 2994 1630 3024 clarescere
1641 2994 1725 3031 vul-gi.
1766 2993 1864 3023 Claud.
1883 2993 1919 3023 de
1929 2992 2010 3024 Coris.
2022 2991 2091 3022 Mal.
2104 3002 2129 3022 v.
2139 2999 2164 3029 3.
2192 2992 2211 3022 i.
2222 3000 2247 3022 e.
2269 2991 2353 3030 Vulgi
2369 2991 2496 3023 laudibus

1396 3032 1499 3068 magis,
1520 3032 1657 3069 magisque
1667 3031 1810 3061 celebrari.
2509 3035 2516 3042 ”

1340 3068 1363 3098 C
1373 3080 1388 3097 L
1400 3079 1417 3097 A
1429 3079 1445 3096 R
1454 3079 1461 3097 1
1470 3079 1507 3098 sc
1516 3079 1533 3098 ο
1543 3091 1551 3103 ,
1573 3073 1628 3099 εἶτε.
1650 3070 1731 3107 Apul.
1745 3070 1781 3098 de
1794 3068 1913 3098 Mundo.
1953 3078 2015 3107 pag.
2028 3071 2072 3103 63.
2083 3074 2154 3097 extr.

1340 3106 1363 3136 C
1372 3118 1388 3135 L
1397 3116 1414 3150 A
1426 3117 1441 3135 a
1450 3117 1467 3135 o
1476 3129 1483 3141 ,
1506 3108 1653 3143 [σαφηιιΐζω
1665 3109 1677 3144 ]
1698 3111 1751 3137 are.
1773 3107 1886 3137 Clarum
1897 3106 2042 3136 ostendere
2056 3105 2100 3135 vel
2116 3105 2243 3135 reddere.
2284 3105 2344 3135 Cic.
2358 3115 2382 3136 1.
2400 3106 2436 3136 de
2449 3105 2496 3136 Di-

1378 3153 1435 3174 vm.
1448 3154 1493 3174 21.
1515 3155 1549 3174 ex
1561 3147 1676 3182 antiquo
1687 3152 1769 3183 poeta
1780 3167 1787 3178 ,

1457 3182 1587 3220 Juppiter
1594 3183 1701 3213 excelsa
1711 3182 1832 3212 clarabat
1842 3182 1948 3220 sceptra
1959 3181 2100 3212 columna.

1377 3220 1563 3250 cuafaciebat.
1592 3221 1647 3250 Sed
1658 3222 1803 3257 antiquum
1812 3221 1858 3250 est.

1377 3258 1432 3287 Iter
1442 3258 1530 3295 longae
1539 3258 1747 3288 claravitlimite
1757 3259 1875 3288 flammae
1885 3279 1893 3292 ,
1914 3255 1931 3286 i.
1942 3267 1966 3286 e.
1986 3256 2077 3287 Fulfit.
2099 3253 2165 3286 Stat.
2180 3266 2204 3291 5.
2217 3255 2308 3285 Theb.
2320 3259 2383 3289 286.

1377 3295 1466 3362 Labor
1475 3296 1559 3325 clarat
1567 3297 1701 3335 pugilem.
1743 3297 1810 3326 Hor.
1821 3307 1848 3333 4.
1861 3295 1952 3325 Carm.
1968 3301 1992 3331 3.
2004 3304 2029 3332 3.
2061 3295 2079 3324 i.
2101 3303 2126 3324 e.
2154 3294 2262 3323 Notum
2275 3294 2406 3325 omnibus
2419 3294 2492 3325 facit·

1423 3343 1500 3363 eron.

1376 3371 1469 3400 Multa
1482 3371 1563 3401 nobis
1574 3372 1737 3402 clarandum
1747 3372 1794 3401 est.
1833 3371 1943 3402 Lucret.
1954 3369 2001 3400 lib.
2014 3380 2042 3406 4.
2053 3379 2115 3407 779.
2143 3369 2161 3399 i.
2182 3377 2206 3399 e.
2230 3368 2387 3407 Aperienda
2407 3371 2433 3400 δι
2449 3368 2496 3399 ἀοι

1396 3408 1534 3438 claranda.
1565 3411 1739 3440 Constructio
1750 3410 1843 3438 Graeca
1852 3409 1898 3438 est.

1339 3445 1362 3475 C
1371 3457 1387 3474 L
1399 3455 1416 3474 A
1427 3449 1461 3475 iii
1469 3457 1486 3475 c
1495 3457 1512 3475 o
1525 3469 1533 3482 ,
1553 3450 1608 3477 fii-e.
1630 3448 1708 3477 Idem
1721 3458 1753 3477 ac
1764 3447 1869 3477 Clareo.
1921 3447 1937 3482 [
1949 3445 2005 3476 Sed
2016 3445 2084 3475 ubi?
2118 3444 2150 3474 V.
2172 3444 2261 3474 Indic.
2274 3443 2354 3482 Apul.
2365 3444 2494 3476 Elmenh»

1340 3484 1387 3513 CL
1397 3494 1415 3513 A
1426 3494 1461 3513 ar
1471 3487 1561 3514 ciro
1573 3507 1580 3521 ,
1601 3489 1656 3515 are.
1679 3485 1786 3515 Lucret.
1802 3495 1825 3519 ς.
1839 3494 1904 3519 94ς.

1677 3521 1864 3552 —niontibus
1876 3532 1891 3550 e
1903 3521 2008 3559 magnis
2019 3519 2150 3550 decursus
2159 3522 2240 3557 aquai·
2249 3541 2257 3556 ,

1451 3559 1594 3590 Claricitat
1611 3561 1665 3590 late
1678 3561 1794 3590 sitientia
1803 3559 1880 3589 saecla
1890 3560 2018 3588 serarum.

1338 3595 1361 3626 C
1371 3607 1387 3625 L
1399 3606 1417 3625 A
1427 3607 1443 3625 R
1452 3599 1464 3626 ῑ
1473 3600 1505 3626 εἷ
1515 3608 1532 3627 c
1541 3608 1558 3627 o
1568 3621 1575 3633 ,
1597 3599 1610 3635 [

2230 2084 2250 2114 i.
2259 2094 2285 2115 e.
2306 2084 2390 2115 Initio
2403 2083 2499 2114 aestatis

2181 3176 2208 3210 h.
2221 3189 2245 3210 e.
2268 3179 2347 3210 Clara
2355 3182 2382 3211 Sc
2391 3180 2499 3220 conspia·

1375 3673 1481 3701 sturtio.
1522 3674 1577 3703 Sed
1594 3675 1623 3702 iri
1640 3674 1719 3703 MSS.
1731 3674 1832 3711 legitur
1849 3673 2025 3709 Compurgat.
2048 3671 2080 3700 V.
2102 3671 2235 3700 Harduin.
2250 3670 2278 3698 in
2291 3670 2344 3700 loc.

1375 3710 1572 3747 Metaphorice
1587 3712 1706 3741 Lactant.
1720 3721 1744 3747 3.
1758 3718 1784 3746 8.
1807 3711 1919 3741 Nomen
1931 3710 2008 3739 suum
2019 3709 2117 3746 grandi
2127 3707 2220 3745 aliquo
2232 3708 2356 3738 facinore
2367 3707 2492 3739 clarifica—

1395 3754 1445 3777 ret.
1468 3748 1562 3777 Sedul.
1575 3750 1664 3778 Carni.
1680 3761 1703 3785 5.
1718 3761 1744 3784 9.

1450 3784 1511 3813 Vox
1523 3786 1652 3816 resonans
1664 3788 1741 3816 venit
1750 3797 1799 3825 per
1808 3785 1918 3819 nubila;
1941 3784 2090 3814 clarificavi
2101 3805 2111 3818 ‚
2546 3803 2547 3811 ,

1398 3856 1405 3865 λ
1439 3823 1616 3889 LCladifidabo
1628 3826 1736 3855 iterum.
1852 3822 2008 3860 [Lactantii
2027 3822 2122 3850 locum
2142 3821 2168 3850 ἅ
2182 3820 2216 3850 H.
2226 3820 2265 3851 St.
2290 3820 2427 3859 ascripsit,
2447 3815 2494 3858 qui
2545 3837 2547 3854 ι,

1396 3869 1426 3888 in
1463 3871 1478 3889 u
1521 3883 1526 3889 .
1561 3863 1622 3891 cest.

1338 3896 1394 3965 GLP
1396 3907 1413 3926 A
1423 3907 1438 3941 ις
1440 3909 1458 3965 ἐ
1469 3870 1648 3941 sintrio,
1669 3901 1741 3930 onis.
1761 3900 1781 3931 f.
1803 3899 1933 3937 cyprian.
1955 3898 1982 3928 δι
2001 3896 2140 3935 Augustin.
2171 3896 2216 3926 Est
2236 3897 2264 3926 δε
2280 3896 2356 3935 apud
2370 3891 2494 3926 medico!

1398 3945 1436 3964 uri
1461 3942 1541 3967 catio.

1621 3599 1778 3633 λαμπιένω]
1798 3601 1852 3626 ᾗτε.
1877 3597 1988 3626 Clarum
2006 3595 2133 3625 reddere.
2172 3594 2301 3624 Plin.lib.
2315 3603 2359 3624 20.
2372 3604 2433 3633 cap.
2450 3599 2492 3631 13r
2547 3600 2550 3614 ⁵
2570 3622 2574 3625 .
2601 3622 2604 3634 y

1374 3634 1674 3673 Alterumestnigrius,
1696 3638 1771 3674 quod
1782 3635 1880 3672 capitis
1891 3635 1956 3663 vitia
1970 3640 2085 3671 purgat,
2106 3632 2194 3662 visum
2213 3632 2353 3663 clarificat.
2395 3633 2436 3663 De
2447 3640 2494 3663 na·
2596 3633 2604 3678 ’4

2361 3969 2491 4003 Cqun
2544 3962 2545 3965 ¹
