<?xml version="1.0" encoding="UTF-8"?>
<!DOCTYPE html PUBLIC "-//W3C//DTD XHTML 1.0 Transitional//EN"
    "http://www.w3.org/TR/xhtml1/DTD/xhtml1-transitional.dtd">
<html xmlns="http://www.w3.org/1999/xhtml" xml:lang="en" lang="en">
 <head>
  <title>
</title>
<meta http-equiv="Content-Type" content="text/html;charset=utf-8" />
  <meta name='ocr-system' content='tesseract 3.04.00' />
  <meta name='ocr-capabilities' content='ocr_page ocr_carea ocr_par ocr_line ocrx_word'/>
</head>
<body>
  <div class='ocr_page' id='page_1' title='image "./robertistephanil01esti_0264.png"; bbox 0 0 2604 4222; ppageno 0'>
   <div class='ocr_carea' id='block_1_1' title="bbox 196 18 896 69">
    <p class='ocr_par' dir='ltr' id='par_1_1' title="bbox 196 18 896 69">
     <span class='ocr_line' id='line_1_1' title="bbox 196 18 896 69; baseline -0.014 -7"><span class='ocrx_word' id='word_1_1' title='bbox 196 37 264 69; x_wconf 72' lang='lat'>190</span> <span class='ocrx_word' id='word_1_2' title='bbox 618 21 644 55; x_wconf 80' lang='lat' dir='ltr'>A</span> <span class='ocrx_word' id='word_1_3' title='bbox 739 19 774 54; x_wconf 90' lang='grc' dir='ltr'>Ν</span> <span class='ocrx_word' id='word_1_4' title='bbox 870 18 896 52; x_wconf 85' lang='grc' dir='ltr'>Λ</span> 
     </span>
    </p>
   </div>
   <div class='ocr_carea' id='block_1_2' title="bbox 201 90 1353 291">
    <p class='ocr_par' dir='ltr' id='par_1_2' title="bbox 201 90 1353 291">
     <span class='ocr_line' id='line_1_2' title="bbox 201 90 1346 140; baseline -0.015 -5"><span class='ocrx_word' id='word_1_5' title='bbox 201 107 222 136; x_wconf 81' lang='lat' dir='ltr'>A</span> <span class='ocrx_word' id='word_1_6' title='bbox 232 115 253 134; x_wconf 99' lang='lat' dir='ltr'>N</span> <span class='ocrx_word' id='word_1_7' title='bbox 262 114 281 134; x_wconf 87' lang='lat' dir='ltr'>A</span> <span class='ocrx_word' id='word_1_8' title='bbox 291 113 311 133; x_wconf 68' lang='lat' dir='ltr'>‘r</span> <span class='ocrx_word' id='word_1_9' title='bbox 320 113 341 133; x_wconf 78' lang='lat' dir='ltr'>H</span> <span class='ocrx_word' id='word_1_10' title='bbox 350 113 364 132; x_wconf 74' lang='lat' dir='ltr'>s</span> <span class='ocrx_word' id='word_1_11' title='bbox 374 115 393 132; x_wconf 84' lang='lat' dir='ltr'>M</span> <span class='ocrx_word' id='word_1_12' title='bbox 403 113 422 131; x_wconf 98' lang='lat' dir='ltr'>A</span> <span class='ocrx_word' id='word_1_13' title='bbox 430 111 465 131; x_wconf 72' lang='grc' dir='ltr'>τι</span> <span class='ocrx_word' id='word_1_14' title='bbox 475 110 491 130; x_wconf 85' lang='lat' dir='ltr'><strong>z</strong></span> <span class='ocrx_word' id='word_1_15' title='bbox 501 112 518 130; x_wconf 92' lang='lat' dir='ltr'>A</span> <span class='ocrx_word' id='word_1_16' title='bbox 526 112 542 130; x_wconf 76' lang='lat' dir='ltr'>P.</span> <span class='ocrx_word' id='word_1_17' title='bbox 553 112 569 130; x_wconf 76' lang='lat' dir='ltr'>r:</span> <span class='ocrx_word' id='word_1_18' title='bbox 579 124 588 136; x_wconf 93' lang='lat'>,</span> <span class='ocrx_word' id='word_1_19' title='bbox 609 103 624 140; x_wconf 84' lang='lat'>[</span> <span class='ocrx_word' id='word_1_20' title='bbox 640 97 831 135; x_wconf 55' lang='lat' dir='ltr'>oe&#39;vaeQfflu-igw</span> <span class='ocrx_word' id='word_1_21' title='bbox 847 98 862 132; x_wconf 88' lang='lat'>]</span> <span class='ocrx_word' id='word_1_22' title='bbox 888 98 1031 126; x_wconf 82' lang='lat' dir='ltr'>Devovere</span> <span class='ocrx_word' id='word_1_23' title='bbox 1043 115 1051 128; x_wconf 69' lang='grc'>,</span> <span class='ocrx_word' id='word_1_24' title='bbox 1069 92 1204 122; x_wconf 82' lang='lat' dir='ltr'>detestari.</span> <span class='ocrx_word' id='word_1_25' title='bbox 1228 90 1346 119; x_wconf 86' lang='lat' dir='ltr'>Hieron.</span> 
     </span>
     <span class='ocr_line' id='line_1_3' title="bbox 243 127 1351 180; baseline -0.015 -9"><span class='ocrx_word' id='word_1_26' title='bbox 243 142 324 180; x_wconf 78' lang='lat' dir='ltr'>Epist.</span> <span class='ocrx_word' id='word_1_27' title='bbox 338 152 381 178; x_wconf 73' lang='lat'><strong>75.</strong></span> <span class='ocrx_word' id='word_1_28' title='bbox 405 142 430 169; x_wconf 89' lang='lat' dir='ltr'>Si</span> <span class='ocrx_word' id='word_1_29' title='bbox 443 140 501 169; x_wconf 80' lang='lat' dir='ltr'>haec</span> <span class='ocrx_word' id='word_1_30' title='bbox 512 140 638 176; x_wconf 77' lang='lat' dir='ltr'>quotidie</span> <span class='ocrx_word' id='word_1_31' title='bbox 649 148 705 167; x_wconf 90' lang='lat' dir='ltr'>non</span> <span class='ocrx_word' id='word_1_32' title='bbox 715 135 984 166; x_wconf 55' lang='lat' dir='ltr'>anathematizarem.</span> <span class='ocrx_word' id='word_1_33' title='bbox 1024 132 1041 159; x_wconf 90' lang='lat' dir='ltr'>i.</span> <span class='ocrx_word' id='word_1_34' title='bbox 1060 140 1084 172; x_wconf 75' lang='lat' dir='ltr'>e.</span> <span class='ocrx_word' id='word_1_35' title='bbox 1108 129 1270 172; x_wconf 75' lang='lat' dir='ltr'>Detesturer.</span> <span class='ocrx_word' id='word_1_36' title='bbox 1293 127 1351 156; x_wconf 79' lang='lat' dir='ltr'>Sal-</span> 
     </span>
     <span class='ocr_line' id='line_1_4' title="bbox 242 166 1353 213; baseline -0.015 -4"><span class='ocrx_word' id='word_1_37' title='bbox 242 180 307 209; x_wconf 83' lang='lat' dir='ltr'>mas.</span> <span class='ocrx_word' id='word_1_38' title='bbox 320 180 348 207; x_wconf 89' lang='lat' dir='ltr'>in</span> <span class='ocrx_word' id='word_1_39' title='bbox 361 178 476 208; x_wconf 84' lang='lat' dir='ltr'>Tertull.</span> <span class='ocrx_word' id='word_1_40' title='bbox 487 178 521 205; x_wconf 92' lang='lat' dir='ltr'>de</span> <span class='ocrx_word' id='word_1_41' title='bbox 533 177 617 205; x_wconf 86' lang='lat' dir='ltr'>Pallio</span> <span class='ocrx_word' id='word_1_42' title='bbox 626 198 634 211; x_wconf 97' lang='lat'>,</span> <span class='ocrx_word' id='word_1_43' title='bbox 659 186 686 213; x_wconf 85' lang='lat' dir='ltr'>p.</span> <span class='ocrx_word' id='word_1_44' title='bbox 706 185 768 209; x_wconf 83' lang='lat'>225.</span> <span class='ocrx_word' id='word_1_45' title='bbox 783 175 893 202; x_wconf 82' lang='lat' dir='ltr'>testatur</span> <span class='ocrx_word' id='word_1_46' title='bbox 910 172 937 199; x_wconf 90' lang='lat' dir='ltr'>in</span> <span class='ocrx_word' id='word_1_47' title='bbox 949 169 1043 207; x_wconf 77' lang='lat' dir='ltr'>priscis</span> <span class='ocrx_word' id='word_1_48' title='bbox 1054 168 1130 196; x_wconf 78' lang='lat' dir='ltr'>libris</span> <span class='ocrx_word' id='word_1_49' title='bbox 1141 167 1229 205; x_wconf 17' lang='lat' dir='ltr'>etiamr</span> <span class='ocrx_word' id='word_1_50' title='bbox 1238 166 1353 208; x_wconf 75' lang='lat' dir='ltr'>Amathe-</span> 
     </span>
     <span class='ocr_line' id='line_1_5' title="bbox 242 204 1351 251; baseline -0.014 -5"><span class='ocrx_word' id='word_1_51' title='bbox 242 227 317 246; x_wconf 85' lang='lat' dir='ltr'>mare</span> <span class='ocrx_word' id='word_1_52' title='bbox 327 218 353 245; x_wconf 68' lang='lat' dir='ltr'>S:</span> <span class='ocrx_word' id='word_1_53' title='bbox 363 216 558 246; x_wconf 82' lang='lat' dir='ltr'>Anatliematus</span> <span class='ocrx_word' id='word_1_54' title='bbox 572 214 683 251; x_wconf 84' lang='lat' dir='ltr'>reperiri</span> <span class='ocrx_word' id='word_1_55' title='bbox 693 222 743 249; x_wconf 88' lang='lat' dir='ltr'>pro</span> <span class='ocrx_word' id='word_1_56' title='bbox 756 209 993 241; x_wconf 77' lang='lat' dir='ltr'>Anathematizare</span> <span class='ocrx_word' id='word_1_57' title='bbox 1006 208 1057 235; x_wconf 62' lang='lat' dir='ltr'>&amp;Q</span> <span class='ocrx_word' id='word_1_58' title='bbox 1079 204 1155 241; x_wconf 83' lang='lat' dir='ltr'>quod</span> <span class='ocrx_word' id='word_1_59' title='bbox 1168 213 1203 232; x_wconf 80' lang='lat' dir='ltr'>ex</span> <span class='ocrx_word' id='word_1_60' title='bbox 1218 204 1315 233; x_wconf 64' lang='lat' dir='ltr'>Gloll=s</span> <span class='ocrx_word' id='word_1_61' title='bbox 1325 205 1351 231; x_wconf 64' lang='lat' dir='ltr'>&amp;c</span> 
     </span>
     <span class='ocr_line' id='line_1_6' title="bbox 244 249 754 291; baseline -0.014 -7"><span class='ocrx_word' id='word_1_62' title='bbox 244 253 380 291; x_wconf 83' lang='lat' dir='ltr'>exemplis</span> <span class='ocrx_word' id='word_1_63' title='bbox 394 252 537 281; x_wconf 80' lang='lat' dir='ltr'>confirmat</span> <span class='ocrx_word' id='word_1_64' title='bbox 552 252 580 281; x_wconf 77' lang='lat' dir='ltr'>C.</span> <span class='ocrx_word' id='word_1_65' title='bbox 596 254 633 280; x_wconf 88' lang='lat' dir='ltr'>du</span> <span class='ocrx_word' id='word_1_66' title='bbox 650 249 754 279; x_wconf 72' lang='lat' dir='ltr'>fresne.</span> 
     </span>
    </p>
   </div>
   <div class='ocr_carea' id='block_1_3' title="bbox 206 278 1397 323">
    <p class='ocr_par' dir='ltr' id='par_1_3' title="bbox 206 278 1397 323">
     <span class='ocr_line' id='line_1_7' title="bbox 206 278 1397 323; baseline -0.017 -1"><span class='ocrx_word' id='word_1_67' title='bbox 206 294 228 322; x_wconf 87' lang='lat' dir='ltr'>A</span> <span class='ocrx_word' id='word_1_68' title='bbox 237 302 257 321; x_wconf 89' lang='lat' dir='ltr'>N</span> <span class='ocrx_word' id='word_1_69' title='bbox 265 303 283 321; x_wconf 97' lang='lat' dir='ltr'>A</span> <span class='ocrx_word' id='word_1_70' title='bbox 291 302 310 320; x_wconf 73' lang='grc' dir='ltr'>Τ</span> <span class='ocrx_word' id='word_1_71' title='bbox 321 301 339 320; x_wconf 74' lang='lat' dir='ltr'>u</span> <span class='ocrx_word' id='word_1_72' title='bbox 349 300 368 319; x_wconf 76' lang='lat' dir='ltr'>Y</span> <span class='ocrx_word' id='word_1_73' title='bbox 378 302 397 318; x_wconf 80' lang='lat' dir='ltr'>M</span> <span class='ocrx_word' id='word_1_74' title='bbox 407 301 416 318; x_wconf 92' lang='lat'>1</span> <span class='ocrx_word' id='word_1_75' title='bbox 428 300 445 318; x_wconf 91' lang='lat' dir='ltr'>A</span> <span class='ocrx_word' id='word_1_76' title='bbox 456 300 467 318; x_wconf 87' lang='lat' dir='ltr'>s</span> <span class='ocrx_word' id='word_1_77' title='bbox 480 299 518 322; x_wconf 80' lang='lat' dir='ltr'>is,</span> <span class='ocrx_word' id='word_1_78' title='bbox 540 289 571 317; x_wconf 92' lang='lat' dir='ltr'>is.</span> <span class='ocrx_word' id='word_1_79' title='bbox 594 289 611 316; x_wconf 79' lang='lat' dir='ltr'>f.</span> <span class='ocrx_word' id='word_1_80' title='bbox 634 284 836 323; x_wconf 54' lang='grc' dir='ltr'>[ώαθυμιόὲτις]</span> <span class='ocrx_word' id='word_1_81' title='bbox 858 283 949 319; x_wconf 70' lang='lat' dir='ltr'>Vapor</span> <span class='ocrx_word' id='word_1_82' title='bbox 959 283 985 310; x_wconf 69' lang='lat' dir='ltr'>Sc</span> <span class='ocrx_word' id='word_1_83' title='bbox 996 278 1143 309; x_wconf 61' lang='lat' dir='ltr'>exhalatio</span> <span class='ocrx_word' id='word_1_84' title='bbox 1166 278 1350 313; x_wconf 74' lang='lat' dir='ltr'>Petron.c.47.</span> <span class='ocrx_word' id='word_1_85' title='bbox 1392 298 1397 301; x_wconf 58' lang='grc'>.</span> 
     </span>
    </p>
   </div>
   <div class='ocr_carea' id='block_1_4' title="bbox 208 315 1358 807">
    <p class='ocr_par' dir='ltr' id='par_1_4' title="bbox 244 315 1351 400">
     <span class='ocr_line' id='line_1_8' title="bbox 244 315 1351 365; baseline -0.014 -6"><span class='ocrx_word' id='word_1_86' title='bbox 244 328 442 365; x_wconf 79' lang='lat' dir='ltr'>Anathymiasis</span> <span class='ocrx_word' id='word_1_87' title='bbox 453 327 469 355; x_wconf 82' lang='lat' dir='ltr'>si</span> <span class='ocrx_word' id='word_1_88' title='bbox 482 327 510 354; x_wconf 90' lang='lat' dir='ltr'>in</span> <span class='ocrx_word' id='word_1_89' title='bbox 523 326 665 355; x_wconf 86' lang='lat' dir='ltr'>cerebrum</span> <span class='ocrx_word' id='word_1_90' title='bbox 678 325 707 357; x_wconf 86' lang='lat' dir='ltr'>it,</span> <span class='ocrx_word' id='word_1_91' title='bbox 727 323 755 350; x_wconf 91' lang='lat' dir='ltr'>in</span> <span class='ocrx_word' id='word_1_92' title='bbox 766 327 826 349; x_wconf 89' lang='lat' dir='ltr'>toto</span> <span class='ocrx_word' id='word_1_93' title='bbox 837 328 952 356; x_wconf 87' lang='lat' dir='ltr'>corpore</span> <span class='ocrx_word' id='word_1_94' title='bbox 967 319 1082 347; x_wconf 63' lang='lat' dir='ltr'>fluctum</span> <span class='ocrx_word' id='word_1_95' title='bbox 1093 317 1166 345; x_wconf 80' lang='lat' dir='ltr'>facit.</span> <span class='ocrx_word' id='word_1_96' title='bbox 1198 316 1242 345; x_wconf 83' lang='lat' dir='ltr'>Sic</span> <span class='ocrx_word' id='word_1_97' title='bbox 1255 315 1351 344; x_wconf 64' lang='lat' dir='ltr'>Octav-</span> 
     </span>
     <span class='ocr_line' id='line_1_9' title="bbox 246 355 1180 400; baseline -0.017 -3"><span class='ocrx_word' id='word_1_98' title='bbox 246 368 341 397; x_wconf 82' lang='lat' dir='ltr'>Horat.</span> <span class='ocrx_word' id='word_1_99' title='bbox 355 376 380 394; x_wconf 89' lang='lat'>2.</span> <span class='ocrx_word' id='word_1_100' title='bbox 394 375 416 394; x_wconf 88' lang='lat'>1.</span> <span class='ocrx_word' id='word_1_101' title='bbox 438 364 547 400; x_wconf 81' lang='lat' dir='ltr'>Quibus</span> <span class='ocrx_word' id='word_1_102' title='bbox 560 373 593 391; x_wconf 80' lang='lat' dir='ltr'>ex</span> <span class='ocrx_word' id='word_1_103' title='bbox 603 359 783 397; x_wconf 73' lang='lat' dir='ltr'>Anathymiasi</span> <span class='ocrx_word' id='word_1_104' title='bbox 799 364 882 395; x_wconf 79' lang='lat' dir='ltr'>caput</span> <span class='ocrx_word' id='word_1_105' title='bbox 896 357 977 385; x_wconf 81' lang='lat' dir='ltr'>fuerit</span> <span class='ocrx_word' id='word_1_106' title='bbox 986 355 1180 392; x_wconf 80' lang='lat' dir='ltr'>inquietatum.</span> 
     </span>
    </p>

    <p class='ocr_par' dir='ltr' id='par_1_5' title="bbox 209 401 630 436">
     <span class='ocr_line' id='line_1_10' title="bbox 209 401 630 436; baseline -0.019 -1"><span class='ocrx_word' id='word_1_107' title='bbox 209 406 430 436; x_wconf 81' lang='lat' dir='ltr'>ANAT1NUS,</span> <span class='ocrx_word' id='word_1_108' title='bbox 471 401 501 429; x_wconf 88' lang='lat' dir='ltr'>V.</span> <span class='ocrx_word' id='word_1_109' title='bbox 526 411 569 429; x_wconf 76' lang='lat' dir='ltr'>AN</span> <span class='ocrx_word' id='word_1_110' title='bbox 583 410 630 428; x_wconf 84' lang='lat' dir='ltr'>As.</span> 
     </span>
    </p>

    <p class='ocr_par' dir='ltr' id='par_1_6' title="bbox 209 427 1356 548">
     <span class='ocr_line' id='line_1_11' title="bbox 209 427 1356 476; baseline -0.016 -4"><span class='ocrx_word' id='word_1_111' title='bbox 209 445 231 473; x_wconf 90' lang='lat' dir='ltr'>A</span> <span class='ocrx_word' id='word_1_112' title='bbox 241 453 260 471; x_wconf 91' lang='lat' dir='ltr'>N</span> <span class='ocrx_word' id='word_1_113' title='bbox 270 453 288 471; x_wconf 91' lang='lat' dir='ltr'>A</span> <span class='ocrx_word' id='word_1_114' title='bbox 298 451 316 469; x_wconf 86' lang='lat' dir='ltr'>T</span> <span class='ocrx_word' id='word_1_115' title='bbox 325 452 333 469; x_wconf 90' lang='lat'>1</span> <span class='ocrx_word' id='word_1_116' title='bbox 343 451 354 469; x_wconf 89' lang='lat' dir='ltr'>s</span> <span class='ocrx_word' id='word_1_117' title='bbox 366 462 373 475; x_wconf 86' lang='lat'>,</span> <span class='ocrx_word' id='word_1_118' title='bbox 394 439 469 476; x_wconf 81' lang='lat' dir='ltr'>apud</span> <span class='ocrx_word' id='word_1_119' title='bbox 476 438 563 466; x_wconf 76' lang='lat' dir='ltr'>Persas</span> <span class='ocrx_word' id='word_1_120' title='bbox 579 437 665 466; x_wconf 80' lang='lat' dir='ltr'>Diana</span> <span class='ocrx_word' id='word_1_121' title='bbox 677 435 750 463; x_wconf 67' lang='lat' dir='ltr'>dieta</span> <span class='ocrx_word' id='word_1_122' title='bbox 765 432 811 461; x_wconf 84' lang='lat' dir='ltr'>est.</span> <span class='ocrx_word' id='word_1_123' title='bbox 852 431 916 467; x_wconf 85' lang='lat' dir='ltr'>Ejus</span> <span class='ocrx_word' id='word_1_124' title='bbox 927 429 1064 467; x_wconf 88' lang='lat' dir='ltr'>templum</span> <span class='ocrx_word' id='word_1_125' title='bbox 1074 428 1221 458; x_wconf 75' lang='lat' dir='ltr'>Ecbatanis</span> <span class='ocrx_word' id='word_1_126' title='bbox 1236 427 1356 462; x_wconf 63' lang='lat' dir='ltr'>fuit,‚cu-</span> 
     </span>
     <span class='ocr_line' id='line_1_12' title="bbox 245 465 1353 516; baseline -0.014 -8"><span class='ocrx_word' id='word_1_127' title='bbox 245 481 288 516; x_wconf 80' lang='lat' dir='ltr'>jus</span> <span class='ocrx_word' id='word_1_128' title='bbox 304 477 457 507; x_wconf 76' lang='lat' dir='ltr'>sacerdotes</span> <span class='ocrx_word' id='word_1_129' title='bbox 480 474 574 512; x_wconf 83' lang='lat' dir='ltr'>procul</span> <span class='ocrx_word' id='word_1_130' title='bbox 591 485 605 503; x_wconf 79' lang='lat' dir='ltr'>a</span> <span class='ocrx_word' id='word_1_131' title='bbox 625 472 696 501; x_wconf 89' lang='lat' dir='ltr'>virili</span> <span class='ocrx_word' id='word_1_132' title='bbox 715 469 843 507; x_wconf 81' lang='lat' dir='ltr'>contagio</span> <span class='ocrx_word' id='word_1_133' title='bbox 860 470 889 498; x_wconf 91' lang='lat' dir='ltr'>in</span> <span class='ocrx_word' id='word_1_134' title='bbox 911 474 1045 506; x_wconf 81' lang='lat' dir='ltr'>perpetua</span> <span class='ocrx_word' id='word_1_135' title='bbox 1065 466 1222 504; x_wconf 81' lang='lat' dir='ltr'>virginitate</span> <span class='ocrx_word' id='word_1_136' title='bbox 1240 465 1353 502; x_wconf 80' lang='lat' dir='ltr'>degunt.</span> 
     </span>
     <span class='ocr_line' id='line_1_13' title="bbox 248 513 687 548; baseline -0.021 -1"><span class='ocrx_word' id='word_1_137' title='bbox 248 517 323 546; x_wconf 84' lang='lat' dir='ltr'>Alex.</span> <span class='ocrx_word' id='word_1_138' title='bbox 335 517 370 544; x_wconf 82' lang='lat' dir='ltr'>ab</span> <span class='ocrx_word' id='word_1_139' title='bbox 386 514 460 542; x_wconf 82' lang='lat' dir='ltr'>Alex.</span> <span class='ocrx_word' id='word_1_140' title='bbox 472 513 519 541; x_wconf 86' lang='lat' dir='ltr'>lib.</span> <span class='ocrx_word' id='word_1_141' title='bbox 536 523 558 546; x_wconf 84' lang='lat'>5.</span> <span class='ocrx_word' id='word_1_142' title='bbox 571 521 631 548; x_wconf 83' lang='lat' dir='ltr'>cap.</span> <span class='ocrx_word' id='word_1_143' title='bbox 648 520 687 538; x_wconf 82' lang='lat'>12.</span> 
     </span>
    </p>

    <p class='ocr_par' dir='ltr' id='par_1_7' title="bbox 208 541 1324 586">
     <span class='ocr_line' id='line_1_14' title="bbox 208 541 1324 586; baseline -0.017 -1"><span class='ocrx_word' id='word_1_144' title='bbox 208 556 257 584; x_wconf 88' lang='lat' dir='ltr'>AN</span> <span class='ocrx_word' id='word_1_145' title='bbox 268 564 287 582; x_wconf 92' lang='lat' dir='ltr'>A</span> <span class='ocrx_word' id='word_1_146' title='bbox 298 563 335 582; x_wconf 79' lang='lat' dir='ltr'>Tr</span> <span class='ocrx_word' id='word_1_147' title='bbox 345 562 375 586; x_wconf 71' lang='lat' dir='ltr'>s,</span> <span class='ocrx_word' id='word_1_148' title='bbox 404 551 453 579; x_wconf 86' lang='lat' dir='ltr'>ios.</span> <span class='ocrx_word' id='word_1_149' title='bbox 472 550 583 579; x_wconf 71' lang='lat' dir='ltr'>Pluvius</span> <span class='ocrx_word' id='word_1_150' title='bbox 594 550 632 576; x_wconf 76' lang='lat' dir='ltr'>eli.</span> <span class='ocrx_word' id='word_1_151' title='bbox 644 548 672 576; x_wconf 82' lang='lat' dir='ltr'>in</span> <span class='ocrx_word' id='word_1_152' title='bbox 685 546 776 576; x_wconf 79' lang='lat' dir='ltr'>Africa</span> <span class='ocrx_word' id='word_1_153' title='bbox 787 567 796 580; x_wconf 77' lang='lat'>.,</span> <span class='ocrx_word' id='word_1_154' title='bbox 817 544 851 573; x_wconf 86' lang='lat' dir='ltr'>de</span> <span class='ocrx_word' id='word_1_155' title='bbox 865 553 920 580; x_wconf 87' lang='lat' dir='ltr'>quo</span> <span class='ocrx_word' id='word_1_156' title='bbox 935 542 1004 572; x_wconf 85' lang='lat' dir='ltr'>Plin.</span> <span class='ocrx_word' id='word_1_157' title='bbox 1017 541 1065 571; x_wconf 86' lang='lat' dir='ltr'>lib.</span> <span class='ocrx_word' id='word_1_158' title='bbox 1084 553 1107 577; x_wconf 82' lang='grc' dir='ltr'>ς.</span> <span class='ocrx_word' id='word_1_159' title='bbox 1120 551 1180 578; x_wconf 90' lang='lat' dir='ltr'>cap.</span> <span class='ocrx_word' id='word_1_160' title='bbox 1196 549 1218 568; x_wconf 77' lang='lat'>1.</span> <span class='ocrx_word' id='word_1_161' title='bbox 1319 575 1324 580; x_wconf 36' lang='grc' dir='ltr'>ι</span> 
     </span>
    </p>

    <p class='ocr_par' dir='ltr' id='par_1_8' title="bbox 209 579 1358 807">
     <span class='ocr_line' id='line_1_15' title="bbox 209 579 1354 622; baseline -0.015 -2"><span class='ocrx_word' id='word_1_162' title='bbox 209 594 259 622; x_wconf 86' lang='lat' dir='ltr'>AN</span> <span class='ocrx_word' id='word_1_163' title='bbox 270 601 288 619; x_wconf 97' lang='lat' dir='ltr'>A</span> <span class='ocrx_word' id='word_1_164' title='bbox 298 600 316 619; x_wconf 72' lang='lat' dir='ltr'>vr</span> <span class='ocrx_word' id='word_1_165' title='bbox 326 600 366 618; x_wconf 90' lang='lat' dir='ltr'>oc</span> <span class='ocrx_word' id='word_1_166' title='bbox 376 600 384 617; x_wconf 87' lang='lat'>1</span> <span class='ocrx_word' id='word_1_167' title='bbox 394 599 434 617; x_wconf 69' lang='lat' dir='ltr'>sm</span> <span class='ocrx_word' id='word_1_168' title='bbox 447 598 462 615; x_wconf 83' lang='lat' dir='ltr'>u</span> <span class='ocrx_word' id='word_1_169' title='bbox 473 598 484 616; x_wconf 91' lang='lat' dir='ltr'>s</span> <span class='ocrx_word' id='word_1_170' title='bbox 497 609 504 619; x_wconf 82' lang='lat'>.</span> <span class='ocrx_word' id='word_1_171' title='bbox 534 588 551 615; x_wconf 91' lang='lat' dir='ltr'>i.</span> <span class='ocrx_word' id='word_1_172' title='bbox 573 596 609 614; x_wconf 89' lang='lat' dir='ltr'>m.</span> <span class='ocrx_word' id='word_1_173' title='bbox 633 582 842 620; x_wconf 55' lang='lat' dir='ltr'>[cim-nammis]</span> <span class='ocrx_word' id='word_1_174' title='bbox 862 582 900 610; x_wconf 81' lang='lat' dir='ltr'>est</span> <span class='ocrx_word' id='word_1_175' title='bbox 911 581 1001 610; x_wconf 81' lang='lat' dir='ltr'>Usurae</span> <span class='ocrx_word' id='word_1_176' title='bbox 1008 579 1189 608; x_wconf 84' lang='lat' dir='ltr'>anniversaria</span> <span class='ocrx_word' id='word_1_177' title='bbox 1204 581 1354 617; x_wconf 81' lang='lat' dir='ltr'>renovatio,</span> 
     </span>
     <span class='ocr_line' id='line_1_16' title="bbox 247 613 1356 665; baseline -0.015 -8"><span class='ocrx_word' id='word_1_178' title='bbox 247 631 346 665; x_wconf 79' lang='lat' dir='ltr'>&amp;quas</span> <span class='ocrx_word' id='word_1_179' title='bbox 355 626 444 655; x_wconf 82' lang='lat' dir='ltr'>usuras</span> <span class='ocrx_word' id='word_1_180' title='bbox 453 625 590 653; x_wconf 85' lang='lat' dir='ltr'>usurarum</span> <span class='ocrx_word' id='word_1_181' title='bbox 599 629 708 651; x_wconf 84' lang='lat' dir='ltr'>vocant.</span> <span class='ocrx_word' id='word_1_182' title='bbox 730 620 788 649; x_wconf 84' lang='lat' dir='ltr'>Cic.</span> <span class='ocrx_word' id='word_1_183' title='bbox 801 631 824 655; x_wconf 86' lang='lat'>5.</span> <span class='ocrx_word' id='word_1_184' title='bbox 839 622 891 648; x_wconf 84' lang='lat' dir='ltr'>Att.</span> <span class='ocrx_word' id='word_1_185' title='bbox 907 628 951 647; x_wconf 86' lang='lat'>21.</span> <span class='ocrx_word' id='word_1_186' title='bbox 974 618 1088 646; x_wconf 79' lang='lat' dir='ltr'>interim</span> <span class='ocrx_word' id='word_1_187' title='bbox 1100 626 1186 653; x_wconf 87' lang='lat' dir='ltr'>quum</span> <span class='ocrx_word' id='word_1_188' title='bbox 1196 624 1248 651; x_wconf 74' lang='lat' dir='ltr'>ego</span> <span class='ocrx_word' id='word_1_189' title='bbox 1259 613 1356 655; x_wconf 77' lang='lat' dir='ltr'>incdi-</span> 
     </span>
     <span class='ocr_line' id='line_1_17' title="bbox 247 651 1356 695; baseline -0.015 -1"><span class='ocrx_word' id='word_1_190' title='bbox 247 668 292 695; x_wconf 66' lang='lat' dir='ltr'>Cio</span> <span class='ocrx_word' id='word_1_191' title='bbox 305 663 469 693; x_wconf 72' lang='lat' dir='ltr'>translatitio</span> <span class='ocrx_word' id='word_1_192' title='bbox 480 660 640 690; x_wconf 79' lang='lat' dir='ltr'>centesimas</span> <span class='ocrx_word' id='word_1_193' title='bbox 650 669 694 688; x_wconf 88' lang='lat' dir='ltr'>me</span> <span class='ocrx_word' id='word_1_194' title='bbox 714 657 919 687; x_wconf 76' lang='lat' dir='ltr'>observaturum</span> <span class='ocrx_word' id='word_1_195' title='bbox 928 656 1058 684; x_wconf 46' lang='lat' dir='ltr'>haberem</span> <span class='ocrx_word' id='word_1_196' title='bbox 1069 651 1298 683; x_wconf 75' lang='lat' dir='ltr'>cunianatocismi</span> <span class='ocrx_word' id='word_1_197' title='bbox 1309 658 1356 678; x_wconf 82' lang='lat' dir='ltr'>an-</span> 
     </span>
     <span class='ocr_line' id='line_1_18' title="bbox 248 687 1355 736; baseline -0.014 -5"><span class='ocrx_word' id='word_1_198' title='bbox 248 699 452 735; x_wconf 69' lang='lat' dir='ltr'>niverffirio,ille</span> <span class='ocrx_word' id='word_1_199' title='bbox 459 708 492 728; x_wconf 84' lang='lat' dir='ltr'>cx</span> <span class='ocrx_word' id='word_1_200' title='bbox 503 698 548 735; x_wconf 89' lang='lat' dir='ltr'>syn</span> <span class='ocrx_word' id='word_1_201' title='bbox 571 697 655 736; x_wconf 85' lang='lat' dir='ltr'>rapha</span> <span class='ocrx_word' id='word_1_202' title='bbox 666 695 819 734; x_wconf 85' lang='lat' dir='ltr'>postulabat</span> <span class='ocrx_word' id='word_1_203' title='bbox 830 705 839 723; x_wconf 88' lang='lat'>1</span> <span class='ocrx_word' id='word_1_204' title='bbox 850 705 877 723; x_wconf 87' lang='lat'>11</span> <span class='ocrx_word' id='word_1_205' title='bbox 888 705 908 722; x_wconf 90' lang='lat'>1.</span> <span class='ocrx_word' id='word_1_206' title='bbox 930 693 1047 727; x_wconf 83' lang='lat' dir='ltr'>Ibidem,</span> <span class='ocrx_word' id='word_1_207' title='bbox 1069 692 1192 721; x_wconf 78' lang='lat' dir='ltr'>Clamare</span> <span class='ocrx_word' id='word_1_208' title='bbox 1203 698 1300 732; x_wconf 81' lang='lat' dir='ltr'>onmes</span> <span class='ocrx_word' id='word_1_209' title='bbox 1310 687 1355 724; x_wconf 84' lang='lat' dir='ltr'>qui</span> 
     </span>
     <span class='ocr_line' id='line_1_19' title="bbox 246 729 1358 774; baseline -0.014 -6"><span class='ocrx_word' id='word_1_210' title='bbox 246 741 377 772; x_wconf 80' lang='lat' dir='ltr'>aderant,</span> <span class='ocrx_word' id='word_1_211' title='bbox 393 737 462 766; x_wconf 90' lang='lat' dir='ltr'>nihil</span> <span class='ocrx_word' id='word_1_212' title='bbox 474 737 563 774; x_wconf 87' lang='lat' dir='ltr'>impu(</span> <span class='ocrx_word' id='word_1_213' title='bbox 573 736 663 764; x_wconf 86' lang='lat' dir='ltr'>eutius</span> <span class='ocrx_word' id='word_1_214' title='bbox 672 734 792 771; x_wconf 83' lang='lat' dir='ltr'>ScaptiO,</span> <span class='ocrx_word' id='word_1_215' title='bbox 815 733 861 769; x_wconf 86' lang='lat' dir='ltr'>qui</span> <span class='ocrx_word' id='word_1_216' title='bbox 876 731 1031 761; x_wconf 88' lang='lat' dir='ltr'>centelimis</span> <span class='ocrx_word' id='word_1_217' title='bbox 1040 739 1103 759; x_wconf 87' lang='lat' dir='ltr'>cum</span> <span class='ocrx_word' id='word_1_218' title='bbox 1113 729 1280 770; x_wconf 79' lang='lat' dir='ltr'>anatocilmo</span> <span class='ocrx_word' id='word_1_219' title='bbox 1291 734 1358 753; x_wconf 85' lang='lat' dir='ltr'>con-</span> 
     </span>
     <span class='ocr_line' id='line_1_20' title="bbox 244 764 1358 807; baseline -0.014 -1"><span class='ocrx_word' id='word_1_220' title='bbox 244 784 337 807; x_wconf 88' lang='lat' dir='ltr'>tentus</span> <span class='ocrx_word' id='word_1_221' title='bbox 356 785 414 804; x_wconf 88' lang='lat' dir='ltr'>non</span> <span class='ocrx_word' id='word_1_222' title='bbox 433 774 507 803; x_wconf 78' lang='lat' dir='ltr'>effer.</span> <span class='ocrx_word' id='word_1_223' title='bbox 546 773 671 803; x_wconf 76' lang='lat' dir='ltr'>Budaeus.</span> <span class='ocrx_word' id='word_1_224' title='bbox 707 770 894 801; x_wconf 75' lang='lat' dir='ltr'>Anatocismus</span> <span class='ocrx_word' id='word_1_225' title='bbox 904 792 911 806; x_wconf 92' lang='lat'>,</span> <span class='ocrx_word' id='word_1_226' title='bbox 933 769 1072 798; x_wconf 86' lang='lat' dir='ltr'>usurarum</span> <span class='ocrx_word' id='word_1_227' title='bbox 1083 768 1113 796; x_wconf 88' lang='lat' dir='ltr'>in</span> <span class='ocrx_word' id='word_1_228' title='bbox 1131 764 1248 801; x_wconf 79' lang='lat' dir='ltr'>ungulos</span> <span class='ocrx_word' id='word_1_229' title='bbox 1269 769 1358 792; x_wconf 77' lang='lat' dir='ltr'>annos</span> 
     </span>
    </p>
   </div>
   <div class='ocr_carea' id='block_1_5' title="bbox 208 811 1356 885">
    <p class='ocr_par' dir='ltr' id='par_1_9' title="bbox 208 811 1356 885">
     <span class='ocr_line' id='line_1_21' title="bbox 246 811 1295 852; baseline -0.015 -8"><span class='ocrx_word' id='word_1_230' title='bbox 246 814 317 852; x_wconf 83' lang='lat' dir='ltr'>quali</span> <span class='ocrx_word' id='word_1_231' title='bbox 337 811 517 850; x_wconf 77' lang='lat' dir='ltr'>regeneratio.</span> <span class='ocrx_word' id='word_1_232' title='bbox 1005 839 1017 844; x_wconf 67' lang='lat'>-</span> <span class='ocrx_word' id='word_1_233' title='bbox 1290 838 1295 843; x_wconf 33' lang='grc' dir='ltr'>ι</span> 
     </span>
     <span class='ocr_line' id='line_1_22' title="bbox 208 840 1356 885; baseline -0.015 -3"><span class='ocrx_word' id='word_1_234' title='bbox 208 854 230 882; x_wconf 84' lang='grc' dir='ltr'>Α</span> <span class='ocrx_word' id='word_1_235' title='bbox 240 862 259 881; x_wconf 94' lang='grc' dir='ltr'><strong>Ν</strong></span> <span class='ocrx_word' id='word_1_236' title='bbox 270 862 314 880; x_wconf 79' lang='lat' dir='ltr'>AT</span> <span class='ocrx_word' id='word_1_237' title='bbox 324 861 340 879; x_wconf 90' lang='lat' dir='ltr'>o</span> <span class='ocrx_word' id='word_1_238' title='bbox 350 862 366 879; x_wconf 78' lang='lat' dir='ltr'>r.</span> <span class='ocrx_word' id='word_1_239' title='bbox 377 861 391 878; x_wconf 72' lang='lat' dir='ltr'>u</span> <span class='ocrx_word' id='word_1_240' title='bbox 403 872 410 885; x_wconf 85' lang='lat'>,</span> <span class='ocrx_word' id='word_1_241' title='bbox 432 849 576 885; x_wconf 53' lang='lat' dir='ltr'>[mamb]</span> <span class='ocrx_word' id='word_1_242' title='bbox 596 848 686 878; x_wconf 87' lang='lat' dir='ltr'>Locus</span> <span class='ocrx_word' id='word_1_243' title='bbox 695 847 770 876; x_wconf 89' lang='lat' dir='ltr'>unde</span> <span class='ocrx_word' id='word_1_244' title='bbox 780 845 901 875; x_wconf 83' lang='lat' dir='ltr'>exoritur</span> <span class='ocrx_word' id='word_1_245' title='bbox 910 842 958 878; x_wconf 82' lang='lat' dir='ltr'>sol,</span> <span class='ocrx_word' id='word_1_246' title='bbox 971 841 1064 879; x_wconf 85' lang='lat' dir='ltr'>&amp;lpse</span> <span class='ocrx_word' id='word_1_247' title='bbox 1077 840 1139 869; x_wconf 89' lang='lat' dir='ltr'>solis</span> <span class='ocrx_word' id='word_1_248' title='bbox 1149 845 1269 868; x_wconf 85' lang='lat' dir='ltr'>exortus.</span> <span class='ocrx_word' id='word_1_249' title='bbox 1288 843 1356 866; x_wconf 82' lang='lat' dir='ltr'>item</span> 
     </span>
    </p>
   </div>
   <div class='ocr_carea' id='block_1_6' title="bbox 245 874 1359 958">
    <p class='ocr_par' dir='ltr' id='par_1_10' title="bbox 245 874 1359 958">
     <span class='ocr_line' id='line_1_23' title="bbox 246 874 1359 924; baseline -0.014 -6"><span class='ocrx_word' id='word_1_250' title='bbox 246 889 306 918; x_wconf 92' lang='lat' dir='ltr'>Una</span> <span class='ocrx_word' id='word_1_251' title='bbox 317 889 571 924; x_wconf 75' lang='lat' dir='ltr'>horarum,quarum</span> <span class='ocrx_word' id='word_1_252' title='bbox 582 885 686 915; x_wconf 78' lang='lat' dir='ltr'>diversa·</span> <span class='ocrx_word' id='word_1_253' title='bbox 695 885 809 913; x_wconf 87' lang='lat' dir='ltr'>nomina</span> <span class='ocrx_word' id='word_1_254' title='bbox 825 883 898 920; x_wconf 86' lang='lat' dir='ltr'>apud</span> <span class='ocrx_word' id='word_1_255' title='bbox 916 881 1057 918; x_wconf 80' lang='lat' dir='ltr'>Hyginum</span> <span class='ocrx_word' id='word_1_256' title='bbox 1081 879 1144 908; x_wconf 82' lang='lat' dir='ltr'>Fab.</span> <span class='ocrx_word' id='word_1_257' title='bbox 1170 883 1229 919; x_wconf 31' lang='lat'>183⁴.</span> <span class='ocrx_word' id='word_1_258' title='bbox 1253 874 1359 904; x_wconf 81' lang='lat' dir='ltr'>Polluci</span> 
     </span>
     <span class='ocr_line' id='line_1_24' title="bbox 245 916 1278 958; baseline -0.014 -3"><span class='ocrx_word' id='word_1_259' title='bbox 245 927 263 956; x_wconf 91' lang='lat' dir='ltr'>l.</span> <span class='ocrx_word' id='word_1_260' title='bbox 277 937 303 956; x_wconf 92' lang='lat'>2.</span> <span class='ocrx_word' id='word_1_261' title='bbox 315 927 352 955; x_wconf 81' lang='lat' dir='ltr'>est</span> <span class='ocrx_word' id='word_1_262' title='bbox 367 926 508 954; x_wconf 81' lang='lat' dir='ltr'>Candidus</span> <span class='ocrx_word' id='word_1_263' title='bbox 519 924 565 953; x_wconf 89' lang='lat' dir='ltr'>ille</span> <span class='ocrx_word' id='word_1_264' title='bbox 576 922 772 956; x_wconf 69' lang='lat' dir='ltr'>semicirculus,</span> <span class='ocrx_word' id='word_1_265' title='bbox 783 921 829 958; x_wconf 85' lang='lat' dir='ltr'>qui</span> <span class='ocrx_word' id='word_1_266' title='bbox 841 922 869 948; x_wconf 86' lang='lat' dir='ltr'>in</span> <span class='ocrx_word' id='word_1_267' title='bbox 876 920 1010 956; x_wconf 78' lang='lat' dir='ltr'>unguium</span> <span class='ocrx_word' id='word_1_268' title='bbox 1021 916 1159 945; x_wconf 75' lang='lat' dir='ltr'>radicibus</span> <span class='ocrx_word' id='word_1_269' title='bbox 1169 920 1278 943; x_wconf 83' lang='lat' dir='ltr'>emicat.</span> 
     </span>
    </p>
   </div>
   <div class='ocr_carea' id='block_1_7' title="bbox 208 949 1377 998">
    <p class='ocr_par' dir='ltr' id='par_1_11' title="bbox 208 949 1377 998">
     <span class='ocr_line' id='line_1_25' title="bbox 208 949 1377 998; baseline -0.015 -3"><span class='ocrx_word' id='word_1_270' title='bbox 208 965 413 998; x_wconf 62' lang='lat' dir='ltr'>Annona,</span> <span class='ocrx_word' id='word_1_271' title='bbox 435 964 571 998; x_wconf 62' lang='lat' dir='ltr'>[ducamen</span> <span class='ocrx_word' id='word_1_272' title='bbox 585 963 601 996; x_wconf 86' lang='lat'>]</span> <span class='ocrx_word' id='word_1_273' title='bbox 622 961 740 994; x_wconf 78' lang='lat' dir='ltr'>Graecis‚</span> <span class='ocrx_word' id='word_1_274' title='bbox 762 958 860 988; x_wconf 83' lang='lat' dir='ltr'>lucilio</span> <span class='ocrx_word' id='word_1_275' title='bbox 879 956 982 986; x_wconf 82' lang='lat' dir='ltr'>Latinis</span> <span class='ocrx_word' id='word_1_276' title='bbox 1001 955 1103 983; x_wconf 86' lang='lat' dir='ltr'>dicitur</span> <span class='ocrx_word' id='word_1_277' title='bbox 1129 960 1159 981; x_wconf 92' lang='lat' dir='ltr'>ut</span> <span class='ocrx_word' id='word_1_278' title='bbox 1179 951 1267 980; x_wconf 77' lang='lat' dir='ltr'>Celso.</span> <span class='ocrx_word' id='word_1_279' title='bbox 1289 949 1355 978; x_wconf 85' lang='lat' dir='ltr'>Aliis</span> <span class='ocrx_word' id='word_1_280' title='bbox 1372 950 1377 955; x_wconf 85' lang='lat'><strong><em>&#39;</em></strong></span> 
     </span>
    </p>
   </div>
   <div class='ocr_carea' id='block_1_8' title="bbox 175 990 1361 1266">
    <p class='ocr_par' dir='ltr' id='par_1_12' title="bbox 175 990 1361 1266">
     <span class='ocr_line' id='line_1_26' title="bbox 245 990 1358 1036; baseline -0.014 -5"><span class='ocrx_word' id='word_1_281' title='bbox 245 1001 375 1032; x_wconf 63' lang='lat' dir='ltr'>Diffectio</span> <span class='ocrx_word' id='word_1_282' title='bbox 391 1023 398 1036; x_wconf 94' lang='lat'>,</span> <span class='ocrx_word' id='word_1_283' title='bbox 419 999 558 1029; x_wconf 58' lang='lat' dir='ltr'>consefftio</span> <span class='ocrx_word' id='word_1_284' title='bbox 570 1021 578 1034; x_wconf 96' lang='lat'>,</span> <span class='ocrx_word' id='word_1_285' title='bbox 606 998 726 1027; x_wconf 77' lang='lat' dir='ltr'>maxime</span> <span class='ocrx_word' id='word_1_286' title='bbox 736 1005 885 1034; x_wconf 86' lang='lat' dir='ltr'>corporum</span> <span class='ocrx_word' id='word_1_287' title='bbox 902 992 1144 1028; x_wconf 81' lang='lat' dir='ltr'>membrorumque</span> <span class='ocrx_word' id='word_1_288' title='bbox 1163 990 1358 1030; x_wconf 69' lang='lat' dir='ltr'>humanorum,</span> 
     </span>
     <span class='ocr_line' id='line_1_27' title="bbox 246 1025 1359 1077; baseline -0.015 -8"><span class='ocrx_word' id='word_1_289' title='bbox 246 1049 329 1077; x_wconf 89' lang='lat' dir='ltr'>quam</span> <span class='ocrx_word' id='word_1_290' title='bbox 345 1039 448 1067; x_wconf 77' lang='lat' dir='ltr'>medici</span> <span class='ocrx_word' id='word_1_291' title='bbox 467 1038 580 1066; x_wconf 81' lang='lat' dir='ltr'>faciunt.</span> <span class='ocrx_word' id='word_1_292' title='bbox 604 1036 672 1066; x_wconf 82' lang='lat' dir='ltr'>Gell.</span> <span class='ocrx_word' id='word_1_293' title='bbox 690 1046 729 1064; x_wconf 83' lang='grc' dir='ltr'>ιο.</span> <span class='ocrx_word' id='word_1_294' title='bbox 748 1045 789 1063; x_wconf 88' lang='lat'>10.</span> <span class='ocrx_word' id='word_1_295' title='bbox 818 1033 860 1062; x_wconf 91' lang='lat' dir='ltr'>De</span> <span class='ocrx_word' id='word_1_296' title='bbox 873 1031 1036 1061; x_wconf 86' lang='lat' dir='ltr'>inventione</span> <span class='ocrx_word' id='word_1_297' title='bbox 1058 1032 1205 1070; x_wconf 78' lang='lat' dir='ltr'>Anatomes</span> <span class='ocrx_word' id='word_1_298' title='bbox 1228 1027 1256 1054; x_wconf 91' lang='lat' dir='ltr'>V.</span> <span class='ocrx_word' id='word_1_299' title='bbox 1277 1025 1359 1055; x_wconf 80' lang='lat' dir='ltr'>Plinii</span> 
     </span>
     <span class='ocr_line' id='line_1_28' title="bbox 245 1066 1253 1113; baseline -0.015 -6"><span class='ocrx_word' id='word_1_300' title='bbox 245 1077 333 1107; x_wconf 82' lang='lat' dir='ltr'>Valer.</span> <span class='ocrx_word' id='word_1_301' title='bbox 355 1076 448 1105; x_wconf 90' lang='lat' dir='ltr'>locum</span> <span class='ocrx_word' id='word_1_302' title='bbox 462 1075 537 1113; x_wconf 88' lang='lat' dir='ltr'>apud</span> <span class='ocrx_word' id='word_1_303' title='bbox 550 1075 639 1104; x_wconf 75' lang='lat' dir='ltr'>Barth.</span> <span class='ocrx_word' id='word_1_304' title='bbox 656 1072 763 1102; x_wconf 87' lang='lat' dir='ltr'>Advers.</span> <span class='ocrx_word' id='word_1_305' title='bbox 779 1080 801 1106; x_wconf 85' lang='lat'>3.</span> <span class='ocrx_word' id='word_1_306' title='bbox 814 1082 840 1106; x_wconf 94' lang='lat'>4.</span> <span class='ocrx_word' id='word_1_307' title='bbox 890 1068 978 1106; x_wconf 80' lang='lat' dir='ltr'>Vulgo</span> <span class='ocrx_word' id='word_1_308' title='bbox 987 1067 1132 1096; x_wconf 87' lang='lat' dir='ltr'>Anatomia</span> <span class='ocrx_word' id='word_1_309' title='bbox 1144 1066 1253 1094; x_wconf 81' lang='lat' dir='ltr'>dicitur.</span> 
     </span>
     <span class='ocr_line' id='line_1_29' title="bbox 207 1101 1356 1148; baseline -0.016 -3"><span class='ocrx_word' id='word_1_310' title='bbox 207 1116 258 1146; x_wconf 86' lang='lat' dir='ltr'>AN</span> <span class='ocrx_word' id='word_1_311' title='bbox 268 1124 341 1144; x_wconf 79' lang='lat' dir='ltr'>ATo</span> <span class='ocrx_word' id='word_1_312' title='bbox 352 1125 390 1143; x_wconf 73' lang='lat' dir='ltr'>Ml</span> <span class='ocrx_word' id='word_1_313' title='bbox 402 1124 459 1148; x_wconf 76' lang='lat' dir='ltr'>cs,</span> <span class='ocrx_word' id='word_1_314' title='bbox 481 1123 518 1142; x_wconf 89' lang='lat' dir='ltr'>es.</span> <span class='ocrx_word' id='word_1_315' title='bbox 541 1114 567 1142; x_wconf 70' lang='grc' dir='ltr'><strong>ἃ</strong></span> <span class='ocrx_word' id='word_1_316' title='bbox 588 1115 635 1141; x_wconf 88' lang='lat' dir='ltr'>AN</span> <span class='ocrx_word' id='word_1_317' title='bbox 647 1118 832 1141; x_wconf 60' lang='lat' dir='ltr'>aroniim,</span> <span class='ocrx_word' id='word_1_318' title='bbox 853 1118 883 1136; x_wconf 82' lang='lat' dir='ltr'>ae.</span> <span class='ocrx_word' id='word_1_319' title='bbox 905 1107 924 1135; x_wconf 83' lang='lat' dir='ltr'>f.</span> <span class='ocrx_word' id='word_1_320' title='bbox 956 1105 1044 1135; x_wconf 87' lang='lat' dir='ltr'>ldem.</span> <span class='ocrx_word' id='word_1_321' title='bbox 1066 1103 1190 1133; x_wconf 76' lang='lat' dir='ltr'>macrob.</span> <span class='ocrx_word' id='word_1_322' title='bbox 1205 1112 1229 1138; x_wconf 90' lang='lat'><strong>7.</strong></span> <span class='ocrx_word' id='word_1_323' title='bbox 1249 1101 1356 1130; x_wconf 77' lang='lat' dir='ltr'>Saturn.</span> 
     </span>
     <span class='ocr_line' id='line_1_30' title="bbox 175 1141 1262 1189; baseline -0.014 -7"><span class='ocrx_word' id='word_1_324' title='bbox 175 1177 179 1182; x_wconf 57' lang='lat'>.</span> <span class='ocrx_word' id='word_1_325' title='bbox 250 1163 292 1189; x_wconf 87' lang='lat'>15.</span> <span class='ocrx_word' id='word_1_326' title='bbox 314 1152 391 1181; x_wconf 80' lang='lat' dir='ltr'>Plato</span> <span class='ocrx_word' id='word_1_327' title='bbox 410 1161 462 1180; x_wconf 88' lang='lat' dir='ltr'>nec</span> <span class='ocrx_word' id='word_1_328' title='bbox 480 1151 635 1180; x_wconf 82' lang='lat' dir='ltr'>anatomica</span> <span class='ocrx_word' id='word_1_329' title='bbox 653 1158 712 1185; x_wconf 85' lang='lat' dir='ltr'>quae</span> <span class='ocrx_word' id='word_1_330' title='bbox 721 1146 872 1186; x_wconf 59' lang='lat' dir='ltr'>liledicinae</span> <span class='ocrx_word' id='word_1_331' title='bbox 886 1144 997 1182; x_wconf 87' lang='lat' dir='ltr'>propria</span> <span class='ocrx_word' id='word_1_332' title='bbox 1009 1143 1063 1176; x_wconf 89' lang='lat' dir='ltr'>est,</span> <span class='ocrx_word' id='word_1_333' title='bbox 1084 1141 1222 1170; x_wconf 84' lang='lat' dir='ltr'>abstinuit.</span> <span class='ocrx_word' id='word_1_334' title='bbox 1259 1174 1262 1176; x_wconf 50' lang='lat'><strong>.</strong></span> 
     </span>
     <span class='ocr_line' id='line_1_31' title="bbox 209 1177 1356 1224; baseline -0.017 -3"><span class='ocrx_word' id='word_1_335' title='bbox 209 1191 417 1221; x_wconf 64' lang='lat' dir='ltr'>ANAToitfc</span> <span class='ocrx_word' id='word_1_336' title='bbox 429 1199 487 1223; x_wconf 85' lang='lat' dir='ltr'>us,</span> <span class='ocrx_word' id='word_1_337' title='bbox 520 1190 534 1224; x_wconf 95' lang='lat'>[</span> <span class='ocrx_word' id='word_1_338' title='bbox 549 1183 691 1220; x_wconf 49' lang='grc' dir='ltr'>ἀνωπμινόὶς</span> <span class='ocrx_word' id='word_1_339' title='bbox 707 1184 892 1220; x_wconf 83' lang='lat' dir='ltr'>]&#39;Anatomiae</span> <span class='ocrx_word' id='word_1_340' title='bbox 909 1182 1022 1219; x_wconf 85' lang='lat' dir='ltr'>peritus.</span> <span class='ocrx_word' id='word_1_341' title='bbox 1053 1178 1177 1209; x_wconf 83' lang='lat' dir='ltr'>Macrob.</span> <span class='ocrx_word' id='word_1_342' title='bbox 1200 1187 1224 1214; x_wconf 90' lang='lat'>7.</span> <span class='ocrx_word' id='word_1_343' title='bbox 1249 1177 1356 1220; x_wconf 78' lang='lat' dir='ltr'>Saturn.</span> 
     </span>
     <span class='ocr_line' id='line_1_32' title="bbox 246 1215 1361 1266; baseline -0.015 -8"><span class='ocrx_word' id='word_1_344' title='bbox 246 1238 305 1266; x_wconf 80' lang='lat' dir='ltr'>cap.</span> <span class='ocrx_word' id='word_1_345' title='bbox 327 1237 369 1263; x_wconf 86' lang='lat'>13.</span> <span class='ocrx_word' id='word_1_346' title='bbox 390 1227 446 1256; x_wconf 89' lang='lat' dir='ltr'>Sed</span> <span class='ocrx_word' id='word_1_347' title='bbox 463 1226 539 1255; x_wconf 87' lang='lat' dir='ltr'>libris</span> <span class='ocrx_word' id='word_1_348' title='bbox 550 1224 769 1255; x_wconf 86' lang='lat' dir='ltr'>anatomicorum</span> <span class='ocrx_word' id='word_1_349' title='bbox 780 1221 874 1259; x_wconf 78' lang='lat' dir='ltr'>postea</span> <span class='ocrx_word' id='word_1_350' title='bbox 890 1218 1022 1249; x_wconf 82' lang='lat' dir='ltr'>consultis</span> <span class='ocrx_word' id='word_1_351' title='bbox 1033 1238 1041 1252; x_wconf 86' lang='lat'>,</span> <span class='ocrx_word' id='word_1_352' title='bbox 1062 1226 1158 1246; x_wconf 89' lang='lat' dir='ltr'>verum</span> <span class='ocrx_word' id='word_1_353' title='bbox 1177 1224 1276 1252; x_wconf 79' lang='lat' dir='ltr'>reperi.</span> <span class='ocrx_word' id='word_1_354' title='bbox 1299 1215 1361 1242; x_wconf 91' lang='lat' dir='ltr'>Am-</span> 
     </span>
    </p>
   </div>
   <div class='ocr_carea' id='block_1_9' title="bbox 207 1268 1362 1336">
    <p class='ocr_par' dir='ltr' id='par_1_13' title="bbox 207 1268 1362 1336">
     <span class='ocr_line' id='line_1_33' title="bbox 207 1268 1362 1336; baseline -0.016 -2"><span class='ocrx_word' id='word_1_355' title='bbox 207 1276 274 1334; x_wconf 63' lang='grc' dir='ltr'>ΑΝΥΠ</span> <span class='ocrx_word' id='word_1_356' title='bbox 268 1276 321 1332; x_wconf 58' lang='lat' dir='ltr'>Adi]</span> <span class='ocrx_word' id='word_1_357' title='bbox 325 1270 378 1332; x_wconf 51' lang='lat' dir='ltr'>ozi?</span> <span class='ocrx_word' id='word_1_358' title='bbox 381 1268 448 1336; x_wconf 67' lang='lat'>11286,</span> <span class='ocrx_word' id='word_1_359' title='bbox 463 1311 496 1336; x_wconf 82' lang='lat' dir='ltr'>a,</span> <span class='ocrx_word' id='word_1_360' title='bbox 516 1311 564 1330; x_wconf 89' lang='lat' dir='ltr'>um</span> <span class='ocrx_word' id='word_1_361' title='bbox 575 1322 581 1333; x_wconf 82' lang='grc'><em>,</em></span> <span class='ocrx_word' id='word_1_362' title='bbox 613 1301 627 1335; x_wconf 87' lang='grc'>[</span> <span class='ocrx_word' id='word_1_363' title='bbox 643 1298 762 1326; x_wconf 59' lang='lat' dir='ltr'>einaim&amp;-</span> <span class='ocrx_word' id='word_1_364' title='bbox 779 1297 794 1331; x_wconf 93' lang='lat'>]</span> <span class='ocrx_word' id='word_1_365' title='bbox 817 1294 927 1325; x_wconf 83' lang='lat' dir='ltr'>Sursum</span> <span class='ocrx_word' id='word_1_366' title='bbox 944 1292 1071 1323; x_wconf 88' lang='lat' dir='ltr'>tendens.</span> <span class='ocrx_word' id='word_1_367' title='bbox 1103 1297 1152 1326; x_wconf 92' lang='lat' dir='ltr'>ut,</span> <span class='ocrx_word' id='word_1_368' title='bbox 1173 1288 1301 1327; x_wconf 80' lang='lat' dir='ltr'>Capitula</span> <span class='ocrx_word' id='word_1_369' title='bbox 1325 1286 1362 1317; x_wconf 77' lang='lat' dir='ltr'>al-</span> 
     </span>
    </p>
   </div>
   <div class='ocr_carea' id='block_1_10' title="bbox 180 1334 1366 3854">
    <p class='ocr_par' dir='ltr' id='par_1_14' title="bbox 246 1334 944 1377">
     <span class='ocr_line' id='line_1_34' title="bbox 246 1334 944 1377; baseline -0.016 -7"><span class='ocrx_word' id='word_1_370' title='bbox 246 1342 316 1370; x_wconf 88' lang='lat' dir='ltr'>tiora</span> <span class='ocrx_word' id='word_1_371' title='bbox 327 1363 334 1376; x_wconf 87' lang='lat'>,</span> <span class='ocrx_word' id='word_1_372' title='bbox 357 1349 416 1377; x_wconf 88' lang='lat' dir='ltr'>quae</span> <span class='ocrx_word' id='word_1_373' title='bbox 431 1341 553 1368; x_wconf 88' lang='lat' dir='ltr'>Anatona</span> <span class='ocrx_word' id='word_1_374' title='bbox 563 1339 702 1366; x_wconf 86' lang='lat' dir='ltr'>dicuntur.</span> <span class='ocrx_word' id='word_1_375' title='bbox 728 1334 833 1362; x_wconf 88' lang='lat' dir='ltr'>Vitruv.</span> <span class='ocrx_word' id='word_1_376' title='bbox 847 1343 887 1361; x_wconf 89' lang='lat'>10.</span> <span class='ocrx_word' id='word_1_377' title='bbox 903 1342 944 1367; x_wconf 79' lang='grc' dir='ltr'>ις.</span> 
     </span>
    </p>

    <p class='ocr_par' dir='ltr' id='par_1_15' title="bbox 207 1363 1359 1412">
     <span class='ocr_line' id='line_1_35' title="bbox 207 1363 1359 1412; baseline -0.016 -3"><span class='ocrx_word' id='word_1_378' title='bbox 207 1380 258 1409; x_wconf 82' lang='grc' dir='ltr'><strong>ΑΝ</strong></span> <span class='ocrx_word' id='word_1_379' title='bbox 268 1389 285 1408; x_wconf 87' lang='lat' dir='ltr'>A</span> <span class='ocrx_word' id='word_1_380' title='bbox 294 1389 312 1407; x_wconf 85' lang='lat' dir='ltr'>u</span> <span class='ocrx_word' id='word_1_381' title='bbox 321 1389 340 1407; x_wconf 86' lang='lat' dir='ltr'>D</span> <span class='ocrx_word' id='word_1_382' title='bbox 351 1388 367 1406; x_wconf 93' lang='lat' dir='ltr'>o</span> <span class='ocrx_word' id='word_1_383' title='bbox 378 1387 424 1406; x_wconf 76' lang='lat' dir='ltr'>MA</span> <span class='ocrx_word' id='word_1_384' title='bbox 436 1399 444 1412; x_wconf 94' lang='lat'>,</span> <span class='ocrx_word' id='word_1_385' title='bbox 462 1378 521 1406; x_wconf 72' lang='lat' dir='ltr'>atis.</span> <span class='ocrx_word' id='word_1_386' title='bbox 535 1371 715 1411; x_wconf 49' lang='grc' dir='ltr'>[Ἀναάὲαμρι]</span> <span class='ocrx_word' id='word_1_387' title='bbox 739 1371 885 1409; x_wconf 86' lang='lat' dir='ltr'>Oppidum</span> <span class='ocrx_word' id='word_1_388' title='bbox 903 1370 941 1398; x_wconf 82' lang='lat' dir='ltr'>est</span> <span class='ocrx_word' id='word_1_389' title='bbox 959 1368 1143 1406; x_wconf 79' lang='lat' dir='ltr'>Syenitarum,</span> <span class='ocrx_word' id='word_1_390' title='bbox 1162 1363 1303 1407; x_wconf 63' lang='lat' dir='ltr'>Plin.l.63c</span> <span class='ocrx_word' id='word_1_391' title='bbox 1315 1372 1359 1399; x_wconf 87' lang='lat'>29.</span> 
     </span>
    </p>

    <p class='ocr_par' dir='ltr' id='par_1_16' title="bbox 209 1403 1360 1484">
     <span class='ocr_line' id='line_1_36' title="bbox 209 1403 1360 1450; baseline -0.015 -4"><span class='ocrx_word' id='word_1_392' title='bbox 209 1418 258 1446; x_wconf 88' lang='lat' dir='ltr'>AN</span> <span class='ocrx_word' id='word_1_393' title='bbox 268 1427 287 1445; x_wconf 98' lang='lat' dir='ltr'>A</span> <span class='ocrx_word' id='word_1_394' title='bbox 299 1427 315 1445; x_wconf 85' lang='lat' dir='ltr'>u</span> <span class='ocrx_word' id='word_1_395' title='bbox 326 1425 365 1444; x_wconf 74' lang='lat' dir='ltr'>Ro</span> <span class='ocrx_word' id='word_1_396' title='bbox 375 1425 386 1443; x_wconf 90' lang='lat' dir='ltr'>s</span> <span class='ocrx_word' id='word_1_397' title='bbox 397 1437 404 1449; x_wconf 92' lang='lat'>,</span> <span class='ocrx_word' id='word_1_398' title='bbox 439 1413 593 1450; x_wconf 61' lang='lat' dir='ltr'>[&#39;‘Avcmgsss&gt;-</span> <span class='ocrx_word' id='word_1_399' title='bbox 607 1412 622 1446; x_wconf 89' lang='lat'>]</span> <span class='ocrx_word' id='word_1_400' title='bbox 650 1411 760 1440; x_wconf 87' lang='lat' dir='ltr'>Fluvius</span> <span class='ocrx_word' id='word_1_401' title='bbox 776 1407 920 1439; x_wconf 76' lang='lat' dir='ltr'>&#39;l‘heffaliae</span> <span class='ocrx_word' id='word_1_402' title='bbox 930 1429 938 1442; x_wconf 82' lang='lat'>,</span> <span class='ocrx_word' id='word_1_403' title='bbox 961 1405 1033 1443; x_wconf 81' lang='lat' dir='ltr'>quasi</span> <span class='ocrx_word' id='word_1_404' title='bbox 1048 1404 1153 1441; x_wconf 85' lang='lat' dir='ltr'>Absque</span> <span class='ocrx_word' id='word_1_405' title='bbox 1176 1412 1240 1432; x_wconf 84' lang='lat' dir='ltr'>aura</span> <span class='ocrx_word' id='word_1_406' title='bbox 1260 1403 1360 1431; x_wconf 59' lang='lat' dir='ltr'>distas.</span> 
     </span>
     <span class='ocr_line' id='line_1_37' title="bbox 247 1452 451 1484; baseline -0.02 0"><span class='ocrx_word' id='word_1_407' title='bbox 247 1454 288 1484; x_wconf 89' lang='lat' dir='ltr'>Lu</span> <span class='ocrx_word' id='word_1_408' title='bbox 297 1463 356 1483; x_wconf 85' lang='lat' dir='ltr'>can.</span> <span class='ocrx_word' id='word_1_409' title='bbox 367 1452 413 1482; x_wconf 88' lang='lat' dir='ltr'>lib.</span> <span class='ocrx_word' id='word_1_410' title='bbox 427 1456 451 1481; x_wconf 90' lang='lat'>6.</span> 
     </span>
    </p>

    <p class='ocr_par' dir='ltr' id='par_1_17' title="bbox 327 1480 1155 1527">
     <span class='ocr_line' id='line_1_38' title="bbox 327 1480 1155 1527; baseline -0.014 -7"><span class='ocrx_word' id='word_1_411' title='bbox 327 1491 438 1527; x_wconf 80' lang='lat' dir='ltr'>Quique</span> <span class='ocrx_word' id='word_1_412' title='bbox 455 1498 507 1518; x_wconf 84' lang='lat' dir='ltr'>nec</span> <span class='ocrx_word' id='word_1_413' title='bbox 521 1488 668 1517; x_wconf 78' lang='lat' dir='ltr'>humentes</span> <span class='ocrx_word' id='word_1_414' title='bbox 688 1483 817 1518; x_wconf 81' lang='lat' dir='ltr'>nebulas,</span> <span class='ocrx_word' id='word_1_415' title='bbox 843 1492 896 1512; x_wconf 88' lang='lat' dir='ltr'>nec</span> <span class='ocrx_word' id='word_1_416' title='bbox 912 1492 972 1511; x_wconf 90' lang='lat' dir='ltr'>rore</span> <span class='ocrx_word' id='word_1_417' title='bbox 995 1480 1155 1510; x_wconf 82' lang='lat' dir='ltr'>madentem</span> 
     </span>
    </p>

    <p class='ocr_par' dir='ltr' id='par_1_18' title="bbox 328 1513 1360 1563">
     <span class='ocr_line' id='line_1_39' title="bbox 328 1513 1360 1563; baseline -0.016 -5"><span class='ocrx_word' id='word_1_418' title='bbox 328 1530 411 1563; x_wconf 82' lang='lat' dir='ltr'>Aera,</span> <span class='ocrx_word' id='word_1_419' title='bbox 432 1537 485 1556; x_wconf 85' lang='lat' dir='ltr'>nec</span> <span class='ocrx_word' id='word_1_420' title='bbox 503 1533 600 1555; x_wconf 89' lang='lat' dir='ltr'>ventos</span> <span class='ocrx_word' id='word_1_421' title='bbox 618 1531 716 1553; x_wconf 86' lang='lat' dir='ltr'>tenues</span> <span class='ocrx_word' id='word_1_422' title='bbox 735 1521 847 1559; x_wconf 83' lang='lat' dir='ltr'>suspirat</span> <span class='ocrx_word' id='word_1_423' title='bbox 869 1521 999 1549; x_wconf 76' lang='lat' dir='ltr'>Anauros.</span> <span class='ocrx_word' id='word_1_424' title='bbox 1115 1516 1190 1546; x_wconf 86' lang='lat' dir='ltr'>Fluit</span> <span class='ocrx_word' id='word_1_425' title='bbox 1210 1524 1245 1544; x_wconf 81' lang='lat' dir='ltr'>ex</span> <span class='ocrx_word' id='word_1_426' title='bbox 1264 1513 1360 1549; x_wconf 72' lang='lat' dir='ltr'>Pelio.</span> 
     </span>
    </p>

    <p class='ocr_par' dir='ltr' id='par_1_19' title="bbox 246 1552 1365 1678">
     <span class='ocr_line' id='line_1_40' title="bbox 246 1552 1365 1599; baseline -0.014 -3"><span class='ocrx_word' id='word_1_427' title='bbox 246 1565 390 1596; x_wconf 74' lang='lat' dir='ltr'>Thess‘aliae</span> <span class='ocrx_word' id='word_1_428' title='bbox 400 1570 503 1594; x_wconf 87' lang='lat' dir='ltr'>monte.</span> <span class='ocrx_word' id='word_1_429' title='bbox 543 1563 613 1592; x_wconf 87' lang='lat' dir='ltr'>Sunt</span> <span class='ocrx_word' id='word_1_430' title='bbox 625 1562 670 1599; x_wconf 89' lang='lat' dir='ltr'>qui</span> <span class='ocrx_word' id='word_1_431' title='bbox 681 1561 766 1589; x_wconf 78' lang='lat' dir='ltr'>etiam</span> <span class='ocrx_word' id='word_1_432' title='bbox 780 1559 875 1589; x_wconf 88' lang='lat' dir='ltr'>Nilum</span> <span class='ocrx_word' id='word_1_433' title='bbox 886 1558 940 1586; x_wconf 86' lang='lat' dir='ltr'>hoc</span> <span class='ocrx_word' id='word_1_434' title='bbox 950 1557 1065 1586; x_wconf 88' lang='lat' dir='ltr'>nomine</span> <span class='ocrx_word' id='word_1_435' title='bbox 1074 1561 1193 1589; x_wconf 88' lang='lat' dir='ltr'>vocent,</span> <span class='ocrx_word' id='word_1_436' title='bbox 1213 1553 1289 1595; x_wconf 82' lang='lat' dir='ltr'>quod</span> <span class='ocrx_word' id='word_1_437' title='bbox 1298 1552 1365 1595; x_wconf 83' lang='lat' dir='ltr'>nul-</span> 
     </span>
     <span class='ocr_line' id='line_1_41' title="bbox 246 1593 1362 1641; baseline -0.014 -7"><span class='ocrx_word' id='word_1_438' title='bbox 246 1604 286 1633; x_wconf 89' lang='lat' dir='ltr'>las</span> <span class='ocrx_word' id='word_1_439' title='bbox 296 1604 401 1641; x_wconf 81' lang='lat' dir='ltr'>expiret</span> <span class='ocrx_word' id='word_1_440' title='bbox 410 1611 502 1632; x_wconf 83' lang='lat' dir='ltr'>auras:</span> <span class='ocrx_word' id='word_1_441' title='bbox 524 1607 555 1630; x_wconf 88' lang='lat' dir='ltr'>ut</span> <span class='ocrx_word' id='word_1_442' title='bbox 563 1600 673 1629; x_wconf 84' lang='lat' dir='ltr'>testatur</span> <span class='ocrx_word' id='word_1_443' title='bbox 683 1598 749 1627; x_wconf 87' lang='lat' dir='ltr'>Plin.</span> <span class='ocrx_word' id='word_1_444' title='bbox 761 1597 808 1626; x_wconf 89' lang='lat' dir='ltr'>lib.</span> <span class='ocrx_word' id='word_1_445' title='bbox 821 1608 842 1633; x_wconf 82' lang='grc' dir='ltr'>ς.</span> <span class='ocrx_word' id='word_1_446' title='bbox 855 1606 914 1633; x_wconf 81' lang='lat' dir='ltr'>cap.</span> <span class='ocrx_word' id='word_1_447' title='bbox 924 1606 950 1630; x_wconf 85' lang='lat'>9.</span> <span class='ocrx_word' id='word_1_448' title='bbox 986 1595 1028 1624; x_wconf 91' lang='lat' dir='ltr'>De</span> <span class='ocrx_word' id='word_1_449' title='bbox 1039 1594 1093 1622; x_wconf 87' lang='lat' dir='ltr'>hoc</span> <span class='ocrx_word' id='word_1_450' title='bbox 1108 1593 1194 1622; x_wconf 76' lang='lat' dir='ltr'>fluvio</span> <span class='ocrx_word' id='word_1_451' title='bbox 1204 1594 1256 1620; x_wconf 81' lang='lat' dir='ltr'>live</span> <span class='ocrx_word' id='word_1_452' title='bbox 1267 1598 1362 1628; x_wconf 84' lang='lat' dir='ltr'>potius</span> 
     </span>
     <span class='ocr_line' id='line_1_42' title="bbox 247 1633 1216 1678; baseline -0.013 -7"><span class='ocrx_word' id='word_1_453' title='bbox 247 1648 370 1670; x_wconf 88' lang='lat' dir='ltr'>torrente</span> <span class='ocrx_word' id='word_1_454' title='bbox 380 1641 442 1670; x_wconf 82' lang='lat' dir='ltr'>vide</span> <span class='ocrx_word' id='word_1_455' title='bbox 453 1640 531 1678; x_wconf 85' lang='lat' dir='ltr'>plura</span> <span class='ocrx_word' id='word_1_456' title='bbox 542 1637 614 1675; x_wconf 82' lang='lat' dir='ltr'>apud</span> <span class='ocrx_word' id='word_1_457' title='bbox 631 1636 808 1674; x_wconf 86' lang='lat' dir='ltr'>Apollonium</span> <span class='ocrx_word' id='word_1_458' title='bbox 824 1635 922 1671; x_wconf 84' lang='lat' dir='ltr'>Argon.</span> <span class='ocrx_word' id='word_1_459' title='bbox 935 1633 983 1662; x_wconf 92' lang='lat' dir='ltr'>lib.</span> <span class='ocrx_word' id='word_1_460' title='bbox 992 1637 1018 1661; x_wconf 87' lang='lat'>6.</span> <span class='ocrx_word' id='word_1_461' title='bbox 1211 1667 1216 1672; x_wconf 89' lang='lat'>.</span> 
     </span>
    </p>

    <p class='ocr_par' dir='ltr' id='par_1_20' title="bbox 211 1665 1362 1822">
     <span class='ocr_line' id='line_1_43' title="bbox 211 1665 1359 1714; baseline -0.015 -5"><span class='ocrx_word' id='word_1_462' title='bbox 211 1680 262 1709; x_wconf 86' lang='lat' dir='ltr'>AN</span> <span class='ocrx_word' id='word_1_463' title='bbox 270 1690 289 1708; x_wconf 89' lang='lat' dir='ltr'>A</span> <span class='ocrx_word' id='word_1_464' title='bbox 298 1689 316 1708; x_wconf 84' lang='lat' dir='ltr'>u</span> <span class='ocrx_word' id='word_1_465' title='bbox 326 1690 353 1708; x_wconf 82' lang='lat' dir='ltr'>si</span> <span class='ocrx_word' id='word_1_466' title='bbox 363 1689 384 1713; x_wconf 84' lang='lat' dir='ltr'>s,</span> <span class='ocrx_word' id='word_1_467' title='bbox 395 1679 529 1714; x_wconf 71' lang='lat' dir='ltr'>[“Auwen;</span> <span class='ocrx_word' id='word_1_468' title='bbox 540 1677 555 1711; x_wconf 86' lang='lat'><em>]</em></span> <span class='ocrx_word' id='word_1_469' title='bbox 568 1675 715 1704; x_wconf 79' lang='lat' dir='ltr'>Alanorum</span> <span class='ocrx_word' id='word_1_470' title='bbox 727 1673 987 1708; x_wconf 75' lang='lat' dir='ltr'>Heniocliarumque</span> <span class='ocrx_word' id='word_1_471' title='bbox 997 1679 1054 1705; x_wconf 80' lang='lat' dir='ltr'>rex,</span> <span class='ocrx_word' id='word_1_472' title='bbox 1068 1676 1168 1706; x_wconf 87' lang='lat' dir='ltr'>procus</span> <span class='ocrx_word' id='word_1_473' title='bbox 1179 1667 1230 1696; x_wconf 81' lang='lat' dir='ltr'>fuit</span> <span class='ocrx_word' id='word_1_474' title='bbox 1242 1665 1359 1695; x_wconf 79' lang='lat' dir='ltr'>Medeae.</span> 
     </span>
     <span class='ocr_line' id='line_1_44' title="bbox 250 1704 1362 1754; baseline -0.014 -7"><span class='ocrx_word' id='word_1_475' title='bbox 250 1718 305 1747; x_wconf 90' lang='lat' dir='ltr'>Sed</span> <span class='ocrx_word' id='word_1_476' title='bbox 316 1723 393 1754; x_wconf 85' lang='lat' dir='ltr'>pater</span> <span class='ocrx_word' id='word_1_477' title='bbox 406 1716 519 1753; x_wconf 89' lang='lat' dir='ltr'>virginis</span> <span class='ocrx_word' id='word_1_478' title='bbox 528 1714 628 1748; x_wconf 79' lang='lat' dir='ltr'>AEetes,</span> <span class='ocrx_word' id='word_1_479' title='bbox 641 1713 721 1749; x_wconf 88' lang='lat' dir='ltr'>Styro</span> <span class='ocrx_word' id='word_1_480' title='bbox 729 1711 850 1740; x_wconf 80' lang='lat' dir='ltr'>Albaniae</span> <span class='ocrx_word' id='word_1_481' title='bbox 864 1710 921 1746; x_wconf 83' lang='lat' dir='ltr'>regi</span> <span class='ocrx_word' id='word_1_482' title='bbox 932 1708 1077 1745; x_wconf 86' lang='lat' dir='ltr'>repudiato</span> <span class='ocrx_word' id='word_1_483' title='bbox 1088 1705 1235 1740; x_wconf 84' lang='lat' dir='ltr'>illo,liliam</span> <span class='ocrx_word' id='word_1_484' title='bbox 1245 1704 1362 1746; x_wconf 75' lang='lat' dir='ltr'>despon-</span> 
     </span>
     <span class='ocr_line' id='line_1_45' title="bbox 249 1742 1360 1789; baseline -0.014 -5"><span class='ocrx_word' id='word_1_485' title='bbox 249 1756 315 1784; x_wconf 88' lang='lat' dir='ltr'>dere</span> <span class='ocrx_word' id='word_1_486' title='bbox 326 1754 439 1783; x_wconf 82' lang='lat' dir='ltr'>maluit:</span> <span class='ocrx_word' id='word_1_487' title='bbox 461 1763 477 1782; x_wconf 86' lang='lat' dir='ltr'>a</span> <span class='ocrx_word' id='word_1_488' title='bbox 490 1762 544 1789; x_wconf 90' lang='lat' dir='ltr'>quo</span> <span class='ocrx_word' id='word_1_489' title='bbox 559 1750 668 1780; x_wconf 83' lang='lat' dir='ltr'>Anaulis</span> <span class='ocrx_word' id='word_1_490' title='bbox 678 1749 771 1787; x_wconf 85' lang='lat' dir='ltr'>postea</span> <span class='ocrx_word' id='word_1_491' title='bbox 781 1757 866 1786; x_wconf 90' lang='lat' dir='ltr'>quum</span> <span class='ocrx_word' id='word_1_492' title='bbox 877 1748 946 1776; x_wconf 80' lang='lat' dir='ltr'>forte</span> <span class='ocrx_word' id='word_1_493' title='bbox 953 1748 1063 1775; x_wconf 68' lang='lat' dir='ltr'>fortuna</span> <span class='ocrx_word' id='word_1_494' title='bbox 1074 1744 1100 1773; x_wconf 88' lang='lat' dir='ltr'>se</span> <span class='ocrx_word' id='word_1_495' title='bbox 1110 1743 1188 1772; x_wconf 84' lang='lat' dir='ltr'>rivali</span> <span class='ocrx_word' id='word_1_496' title='bbox 1196 1742 1336 1771; x_wconf 84' lang='lat' dir='ltr'>obtulillet</span> <span class='ocrx_word' id='word_1_497' title='bbox 1351 1761 1360 1775; x_wconf 88' lang='lat'>‚</span> 
     </span>
     <span class='ocr_line' id='line_1_46' title="bbox 248 1785 1143 1822; baseline -0.013 0"><span class='ocrx_word' id='word_1_498' title='bbox 248 1793 409 1822; x_wconf 67' lang='lat' dir='ltr'>interfectus</span> <span class='ocrx_word' id='word_1_499' title='bbox 418 1792 478 1820; x_wconf 91' lang='lat' dir='ltr'>fuit.</span> <span class='ocrx_word' id='word_1_500' title='bbox 517 1789 662 1819; x_wconf 88' lang='lat' dir='ltr'>Historiam</span> <span class='ocrx_word' id='word_1_501' title='bbox 673 1787 755 1816; x_wconf 90' lang='lat' dir='ltr'>habet</span> <span class='ocrx_word' id='word_1_502' title='bbox 765 1786 851 1815; x_wconf 85' lang='lat' dir='ltr'>Valer.</span> <span class='ocrx_word' id='word_1_503' title='bbox 861 1785 934 1815; x_wconf 84' lang='lat' dir='ltr'>Flac.</span> <span class='ocrx_word' id='word_1_504' title='bbox 947 1788 973 1813; x_wconf 87' lang='lat'>6.</span> <span class='ocrx_word' id='word_1_505' title='bbox 987 1785 1086 1820; x_wconf 81' lang='lat' dir='ltr'>Argon.</span> <span class='ocrx_word' id='word_1_506' title='bbox 1099 1793 1143 1817; x_wconf 70' lang='lat'>44-</span> 
     </span>
    </p>

    <p class='ocr_par' dir='ltr' id='par_1_21' title="bbox 211 1817 1361 1906">
     <span class='ocr_line' id='line_1_47' title="bbox 211 1817 1361 1865; baseline -0.013 -5"><span class='ocrx_word' id='word_1_507' title='bbox 211 1831 260 1861; x_wconf 88' lang='lat' dir='ltr'>AN</span> <span class='ocrx_word' id='word_1_508' title='bbox 270 1840 315 1859; x_wconf 86' lang='lat' dir='ltr'>Ax</span> <span class='ocrx_word' id='word_1_509' title='bbox 327 1847 336 1864; x_wconf 49' lang='grc' dir='ltr'><strong>ς</strong></span> <span class='ocrx_word' id='word_1_510' title='bbox 358 1831 372 1865; x_wconf 86' lang='grc'>[</span> <span class='ocrx_word' id='word_1_511' title='bbox 384 1827 458 1861; x_wconf 63' lang='grc' dir='ltr'>’Ἂνοιξ</span> <span class='ocrx_word' id='word_1_512' title='bbox 473 1829 487 1863; x_wconf 83' lang='grc'>]</span> <span class='ocrx_word' id='word_1_513' title='bbox 511 1827 653 1864; x_wconf 87' lang='lat' dir='ltr'>Proprium</span> <span class='ocrx_word' id='word_1_514' title='bbox 667 1826 718 1854; x_wconf 91' lang='lat' dir='ltr'>viri</span> <span class='ocrx_word' id='word_1_515' title='bbox 738 1834 858 1859; x_wconf 89' lang='lat' dir='ltr'>nomen,</span> <span class='ocrx_word' id='word_1_516' title='bbox 879 1824 927 1860; x_wconf 88' lang='lat' dir='ltr'>qui</span> <span class='ocrx_word' id='word_1_517' title='bbox 943 1822 997 1851; x_wconf 82' lang='lat' dir='ltr'>fuit</span> <span class='ocrx_word' id='word_1_518' title='bbox 1007 1821 1078 1850; x_wconf 71' lang='lat' dir='ltr'>Coeli</span> <span class='ocrx_word' id='word_1_519' title='bbox 1100 1819 1225 1849; x_wconf 65' lang='lat' dir='ltr'>&amp;Terrae</span> <span class='ocrx_word' id='word_1_520' title='bbox 1235 1817 1324 1847; x_wconf 82' lang='lat' dir='ltr'>filius:</span> <span class='ocrx_word' id='word_1_521' title='bbox 1345 1825 1361 1845; x_wconf 84' lang='lat' dir='ltr'>a</span> 
     </span>
     <span class='ocr_line' id='line_1_48' title="bbox 250 1860 1128 1906; baseline -0.013 -9"><span class='ocrx_word' id='word_1_522' title='bbox 250 1878 305 1906; x_wconf 92' lang='lat' dir='ltr'>quo</span> <span class='ocrx_word' id='word_1_523' title='bbox 316 1867 429 1897; x_wconf 81' lang='lat' dir='ltr'>Miletus</span> <span class='ocrx_word' id='word_1_524' title='bbox 439 1866 506 1895; x_wconf 91' lang='lat' dir='ltr'>olim</span> <span class='ocrx_word' id='word_1_525' title='bbox 517 1865 590 1894; x_wconf 70' lang='lat' dir='ltr'>dieta</span> <span class='ocrx_word' id='word_1_526' title='bbox 601 1864 653 1893; x_wconf 81' lang='lat' dir='ltr'>fuit</span> <span class='ocrx_word' id='word_1_527' title='bbox 666 1863 818 1892; x_wconf 66' lang='lat' dir='ltr'>Anaetoria.</span> <span class='ocrx_word' id='word_1_528' title='bbox 850 1860 915 1890; x_wconf 89' lang='lat' dir='ltr'>Cael.</span> <span class='ocrx_word' id='word_1_529' title='bbox 925 1860 973 1889; x_wconf 88' lang='lat' dir='ltr'>lib.</span> <span class='ocrx_word' id='word_1_530' title='bbox 992 1870 1015 1893; x_wconf 85' lang='grc' dir='ltr'>ς.</span> <span class='ocrx_word' id='word_1_531' title='bbox 1027 1868 1087 1895; x_wconf 85' lang='lat' dir='ltr'>cap.</span> <span class='ocrx_word' id='word_1_532' title='bbox 1107 1868 1128 1886; x_wconf 84' lang='lat'>1.</span> 
     </span>
    </p>

    <p class='ocr_par' dir='ltr' id='par_1_22' title="bbox 180 1891 1363 2469">
     <span class='ocr_line' id='line_1_49' title="bbox 180 1891 1362 1939; baseline -0.014 -3"><span class='ocrx_word' id='word_1_533' title='bbox 180 1918 181 1921; x_wconf 51' lang='lat'>¹</span> <span class='ocrx_word' id='word_1_534' title='bbox 210 1908 260 1938; x_wconf 85' lang='lat' dir='ltr'>AN</span> <span class='ocrx_word' id='word_1_535' title='bbox 270 1916 289 1934; x_wconf 90' lang='lat' dir='ltr'>A</span> <span class='ocrx_word' id='word_1_536' title='bbox 298 1915 316 1934; x_wconf 87' lang='lat' dir='ltr'>x</span> <span class='ocrx_word' id='word_1_537' title='bbox 325 1908 342 1934; x_wconf 67' lang='lat' dir='ltr'>A</span> <span class='ocrx_word' id='word_1_538' title='bbox 351 1914 369 1933; x_wconf 85' lang='lat' dir='ltr'>G</span> <span class='ocrx_word' id='word_1_539' title='bbox 379 1906 396 1933; x_wconf 84' lang='grc' dir='ltr'>ὃ</span> <span class='ocrx_word' id='word_1_540' title='bbox 405 1915 420 1932; x_wconf 81' lang='lat' dir='ltr'>R</span> <span class='ocrx_word' id='word_1_541' title='bbox 431 1914 449 1932; x_wconf 88' lang='lat' dir='ltr'>A</span> <span class='ocrx_word' id='word_1_542' title='bbox 458 1914 470 1933; x_wconf 89' lang='lat' dir='ltr'>s</span> <span class='ocrx_word' id='word_1_543' title='bbox 479 1926 487 1939; x_wconf 85' lang='lat'>,</span> <span class='ocrx_word' id='word_1_544' title='bbox 509 1904 523 1939; x_wconf 92' lang='lat'>[</span> <span class='ocrx_word' id='word_1_545' title='bbox 539 1898 699 1939; x_wconf 58' lang='grc' dir='ltr'>Ἀικξωῃέςικ</span> <span class='ocrx_word' id='word_1_546' title='bbox 717 1901 733 1936; x_wconf 87' lang='grc'>]</span> <span class='ocrx_word' id='word_1_547' title='bbox 753 1899 948 1929; x_wconf 68' lang='lat' dir='ltr'>Clazomenius</span> <span class='ocrx_word' id='word_1_548' title='bbox 958 1896 1139 1935; x_wconf 85' lang='lat' dir='ltr'>philosophus</span> <span class='ocrx_word' id='word_1_549' title='bbox 1148 1893 1209 1928; x_wconf 89' lang='lat' dir='ltr'>fuit,</span> <span class='ocrx_word' id='word_1_550' title='bbox 1229 1893 1259 1921; x_wconf 91' lang='lat' dir='ltr'>in</span> <span class='ocrx_word' id='word_1_551' title='bbox 1272 1891 1362 1935; x_wconf 66' lang='lat' dir='ltr'>phys13</span> 
     </span>
     <span class='ocr_line' id='line_1_50' title="bbox 250 1931 1361 1981; baseline -0.014 -8"><span class='ocrx_word' id='word_1_552' title='bbox 250 1944 289 1973; x_wconf 90' lang='lat' dir='ltr'>cis</span> <span class='ocrx_word' id='word_1_553' title='bbox 301 1941 468 1981; x_wconf 76' lang='lat' dir='ltr'>praecellens.</span> <span class='ocrx_word' id='word_1_554' title='bbox 507 1940 559 1970; x_wconf 89' lang='lat' dir='ltr'>Hic</span> <span class='ocrx_word' id='word_1_555' title='bbox 577 1949 634 1968; x_wconf 91' lang='lat' dir='ltr'>non</span> <span class='ocrx_word' id='word_1_556' title='bbox 653 1938 738 1968; x_wconf 89' lang='lat' dir='ltr'>modo</span> <span class='ocrx_word' id='word_1_557' title='bbox 759 1937 865 1975; x_wconf 85' lang='lat' dir='ltr'>generis</span> <span class='ocrx_word' id='word_1_558' title='bbox 884 1936 970 1973; x_wconf 81' lang='lat' dir='ltr'>gloria</span> <span class='ocrx_word' id='word_1_559' title='bbox 984 1937 1010 1964; x_wconf 83' lang='lat'>&amp;</span> <span class='ocrx_word' id='word_1_560' title='bbox 1023 1933 1143 1968; x_wconf 78' lang='lat' dir='ltr'>divitiis,</span> <span class='ocrx_word' id='word_1_561' title='bbox 1161 1940 1258 1960; x_wconf 81' lang='lat' dir='ltr'>verum</span> <span class='ocrx_word' id='word_1_562' title='bbox 1276 1931 1361 1958; x_wconf 79' lang='lat' dir='ltr'>animl</span> 
     </span>
     <span class='ocr_line' id='line_1_51' title="bbox 251 1967 1362 2018; baseline -0.014 -8"><span class='ocrx_word' id='word_1_563' title='bbox 251 1990 361 2018; x_wconf 86' lang='lat' dir='ltr'>quoque</span> <span class='ocrx_word' id='word_1_564' title='bbox 372 1979 563 2017; x_wconf 79' lang='lat' dir='ltr'>magnitudine</span> <span class='ocrx_word' id='word_1_565' title='bbox 572 1977 732 2006; x_wconf 82' lang='lat' dir='ltr'>clarillimus</span> <span class='ocrx_word' id='word_1_566' title='bbox 741 1976 807 2005; x_wconf 87' lang='lat' dir='ltr'>fuit:</span> <span class='ocrx_word' id='word_1_567' title='bbox 829 1975 932 2012; x_wconf 79' lang='lat' dir='ltr'>quippe</span> <span class='ocrx_word' id='word_1_568' title='bbox 944 1974 991 2010; x_wconf 91' lang='lat' dir='ltr'>qui</span> <span class='ocrx_word' id='word_1_569' title='bbox 1002 1979 1091 2001; x_wconf 88' lang='lat' dir='ltr'>totum</span> <span class='ocrx_word' id='word_1_570' title='bbox 1102 1969 1300 2012; x_wconf 73' lang='lat' dir='ltr'>patrimonium</span> <span class='ocrx_word' id='word_1_571' title='bbox 1309 1967 1362 1996; x_wconf 80' lang='lat' dir='ltr'>suis</span> 
     </span>
     <span class='ocr_line' id='line_1_52' title="bbox 249 2007 1361 2057; baseline -0.013 -9"><span class='ocrx_word' id='word_1_572' title='bbox 249 2020 348 2057; x_wconf 83' lang='lat' dir='ltr'>sponte</span> <span class='ocrx_word' id='word_1_573' title='bbox 362 2018 481 2054; x_wconf 84' lang='lat' dir='ltr'>reliquit.</span> <span class='ocrx_word' id='word_1_574' title='bbox 521 2016 554 2045; x_wconf 86' lang='lat' dir='ltr'>Et</span> <span class='ocrx_word' id='word_1_575' title='bbox 566 2025 651 2052; x_wconf 88' lang='lat' dir='ltr'>quum</span> <span class='ocrx_word' id='word_1_576' title='bbox 667 2014 701 2043; x_wconf 84' lang='lat' dir='ltr'>ab</span> <span class='ocrx_word' id='word_1_577' title='bbox 714 2015 754 2043; x_wconf 85' lang='lat' dir='ltr'>eis</span> <span class='ocrx_word' id='word_1_578' title='bbox 774 2012 948 2050; x_wconf 79' lang='lat' dir='ltr'>negligentiae</span> <span class='ocrx_word' id='word_1_579' title='bbox 959 2010 1158 2039; x_wconf 87' lang='lat' dir='ltr'>inlimularetur</span> <span class='ocrx_word' id='word_1_580' title='bbox 1169 2030 1177 2043; x_wconf 95' lang='lat'>,</span> <span class='ocrx_word' id='word_1_581' title='bbox 1200 2007 1276 2044; x_wconf 85' lang='lat' dir='ltr'>Qud</span> <span class='ocrx_word' id='word_1_582' title='bbox 1296 2015 1361 2042; x_wconf 82' lang='lat' dir='ltr'>ergo</span> 
     </span>
     <span class='ocr_line' id='line_1_53' title="bbox 250 2047 1363 2094; baseline -0.013 -9"><span class='ocrx_word' id='word_1_583' title='bbox 250 2057 369 2094; x_wconf 70' lang='lat' dir='ltr'>(inquit)</span> <span class='ocrx_word' id='word_1_584' title='bbox 377 2065 434 2084; x_wconf 89' lang='lat' dir='ltr'>non</span> <span class='ocrx_word' id='word_1_585' title='bbox 442 2063 490 2084; x_wconf 84' lang='lat' dir='ltr'>vos</span> <span class='ocrx_word' id='word_1_586' title='bbox 500 2054 548 2082; x_wconf 76' lang='lat' dir='ltr'>ista</span> <span class='ocrx_word' id='word_1_587' title='bbox 559 2053 658 2082; x_wconf 83' lang='lat' dir='ltr'>curatis</span> <span class='ocrx_word' id='word_1_588' title='bbox 666 2053 679 2080; x_wconf 72' lang='lat' dir='ltr'>i&gt;</span> <span class='ocrx_word' id='word_1_589' title='bbox 698 2051 768 2080; x_wconf 83' lang='lat' dir='ltr'>Mox</span> <span class='ocrx_word' id='word_1_590' title='bbox 782 2050 931 2080; x_wconf 80' lang='lat' dir='ltr'>abscedens</span> <span class='ocrx_word' id='word_1_591' title='bbox 942 2049 977 2078; x_wconf 85' lang='lat' dir='ltr'>ad</span> <span class='ocrx_word' id='word_1_592' title='bbox 986 2047 1202 2086; x_wconf 79' lang='lat' dir='ltr'>speculationem</span> <span class='ocrx_word' id='word_1_593' title='bbox 1213 2053 1304 2073; x_wconf 83' lang='lat' dir='ltr'>rerum</span> <span class='ocrx_word' id='word_1_594' title='bbox 1314 2050 1363 2072; x_wconf 80' lang='lat' dir='ltr'>na-</span> 
     </span>
     <span class='ocr_line' id='line_1_54' title="bbox 249 2081 1362 2127; baseline -0.013 -4"><span class='ocrx_word' id='word_1_595' title='bbox 249 2102 318 2124; x_wconf 79' lang='lat' dir='ltr'>turae</span> <span class='ocrx_word' id='word_1_596' title='bbox 329 2094 355 2122; x_wconf 88' lang='lat' dir='ltr'>se</span> <span class='ocrx_word' id='word_1_597' title='bbox 373 2093 506 2127; x_wconf 89' lang='lat' dir='ltr'>contulit,</span> <span class='ocrx_word' id='word_1_598' title='bbox 527 2091 616 2120; x_wconf 81' lang='lat' dir='ltr'>studio</span> <span class='ocrx_word' id='word_1_599' title='bbox 629 2090 814 2118; x_wconf 62' lang='lat' dir='ltr'>dominarum</span> <span class='ocrx_word' id='word_1_600' title='bbox 835 2088 968 2125; x_wconf 75' lang='lat' dir='ltr'>flagrans,</span> <span class='ocrx_word' id='word_1_601' title='bbox 989 2087 1027 2115; x_wconf 82' lang='lat' dir='ltr'>rei</span> <span class='ocrx_word' id='word_1_602' title='bbox 1040 2086 1187 2123; x_wconf 63' lang='lat' dir='ltr'>&amp;privatae</span> <span class='ocrx_word' id='word_1_603' title='bbox 1207 2081 1362 2120; x_wconf 78' lang='lat' dir='ltr'>&amp;publicae</span> 
     </span>
     <span class='ocr_line' id='line_1_55' title="bbox 250 2119 1360 2168; baseline -0.013 -7"><span class='ocrx_word' id='word_1_604' title='bbox 250 2132 366 2161; x_wconf 88' lang='lat' dir='ltr'>omnino</span> <span class='ocrx_word' id='word_1_605' title='bbox 378 2131 520 2168; x_wconf 79' lang='lat' dir='ltr'>negligens</span> <span class='ocrx_word' id='word_1_606' title='bbox 530 2131 555 2158; x_wconf 69' lang='grc' dir='ltr'>δι</span> <span class='ocrx_word' id='word_1_607' title='bbox 570 2127 737 2162; x_wconf 78' lang='lat' dir='ltr'>incuriosus,</span> <span class='ocrx_word' id='word_1_608' title='bbox 756 2128 826 2155; x_wconf 83' lang='lat' dir='ltr'>adeo</span> <span class='ocrx_word' id='word_1_609' title='bbox 838 2133 868 2154; x_wconf 89' lang='lat' dir='ltr'>ut</span> <span class='ocrx_word' id='word_1_610' title='bbox 884 2126 997 2154; x_wconf 84' lang='lat' dir='ltr'>cuidam</span> <span class='ocrx_word' id='word_1_611' title='bbox 1009 2124 1098 2161; x_wconf 88' lang='lat' dir='ltr'>ipsum</span> <span class='ocrx_word' id='word_1_612' title='bbox 1114 2124 1152 2151; x_wconf 85' lang='lat' dir='ltr'>ita</span> <span class='ocrx_word' id='word_1_613' title='bbox 1161 2119 1339 2163; x_wconf 71' lang='lat' dir='ltr'>compellanti</span> <span class='ocrx_word' id='word_1_614' title='bbox 1351 2141 1360 2153; x_wconf 93' lang='lat'>‚</span> 
     </span>
     <span class='ocr_line' id='line_1_56' title="bbox 249 2158 1362 2206; baseline -0.013 -7"><span class='ocrx_word' id='word_1_615' title='bbox 249 2169 372 2200; x_wconf 85' lang='lat' dir='ltr'>Nullane</span> <span class='ocrx_word' id='word_1_616' title='bbox 389 2169 439 2197; x_wconf 91' lang='lat' dir='ltr'>tibi</span> <span class='ocrx_word' id='word_1_617' title='bbox 453 2169 544 2206; x_wconf 69' lang='lat' dir='ltr'>patriae</span> <span class='ocrx_word' id='word_1_618' title='bbox 557 2176 621 2195; x_wconf 82' lang='lat' dir='ltr'>cura</span> <span class='ocrx_word' id='word_1_619' title='bbox 638 2165 674 2194; x_wconf 87' lang='lat' dir='ltr'>est</span> <span class='ocrx_word' id='word_1_620' title='bbox 686 2166 699 2193; x_wconf 78' lang='lat'>‘.&gt;</span> <span class='ocrx_word' id='word_1_621' title='bbox 720 2165 837 2198; x_wconf 69' lang='lat' dir='ltr'>dixerit,</span> <span class='ocrx_word' id='word_1_622' title='bbox 859 2163 930 2193; x_wconf 80' lang='lat' dir='ltr'>Mihi</span> <span class='ocrx_word' id='word_1_623' title='bbox 954 2171 1018 2191; x_wconf 84' lang='lat' dir='ltr'>vero</span> <span class='ocrx_word' id='word_1_624' title='bbox 1028 2161 1121 2199; x_wconf 65' lang='lat' dir='ltr'>patri-‘e</span> <span class='ocrx_word' id='word_1_625' title='bbox 1131 2170 1196 2189; x_wconf 80' lang='lat' dir='ltr'>cura</span> <span class='ocrx_word' id='word_1_626' title='bbox 1210 2161 1235 2188; x_wconf 68' lang='grc' dir='ltr'>ἃ</span> <span class='ocrx_word' id='word_1_627' title='bbox 1248 2158 1362 2195; x_wconf 82' lang='lat' dir='ltr'>quidem</span> 
     </span>
     <span class='ocr_line' id='line_1_57' title="bbox 248 2195 1363 2243; baseline -0.013 -6"><span class='ocrx_word' id='word_1_628' title='bbox 248 2207 409 2241; x_wconf 87' lang='lat' dir='ltr'>summaest,</span> <span class='ocrx_word' id='word_1_629' title='bbox 421 2206 538 2243; x_wconf 85' lang='lat' dir='ltr'>digitum</span> <span class='ocrx_word' id='word_1_630' title='bbox 550 2205 578 2232; x_wconf 90' lang='lat' dir='ltr'>in</span> <span class='ocrx_word' id='word_1_631' title='bbox 589 2203 692 2233; x_wconf 80' lang='lat' dir='ltr'>coelum</span> <span class='ocrx_word' id='word_1_632' title='bbox 703 2202 861 2231; x_wconf 86' lang='lat' dir='ltr'>intendens.</span> <span class='ocrx_word' id='word_1_633' title='bbox 884 2201 914 2229; x_wconf 87' lang='lat' dir='ltr'>V.</span> <span class='ocrx_word' id='word_1_634' title='bbox 935 2200 1024 2229; x_wconf 77' lang='lat' dir='ltr'>Laert.</span> <span class='ocrx_word' id='word_1_635' title='bbox 1046 2199 1099 2229; x_wconf 89' lang='lat' dir='ltr'>Hic</span> <span class='ocrx_word' id='word_1_636' title='bbox 1112 2207 1196 2235; x_wconf 88' lang='lat' dir='ltr'>quum</span> <span class='ocrx_word' id='word_1_637' title='bbox 1208 2198 1268 2234; x_wconf 74' lang='lat' dir='ltr'>post</span> <span class='ocrx_word' id='word_1_638' title='bbox 1280 2195 1363 2224; x_wconf 87' lang='lat' dir='ltr'>diuti-</span> 
     </span>
     <span class='ocr_line' id='line_1_58' title="bbox 250 2232 1362 2282; baseline -0.012 -8"><span class='ocrx_word' id='word_1_639' title='bbox 250 2255 316 2275; x_wconf 85' lang='lat' dir='ltr'>nam</span> <span class='ocrx_word' id='word_1_640' title='bbox 323 2244 573 2282; x_wconf 66' lang='lat' dir='ltr'>peregrinationem</span> <span class='ocrx_word' id='word_1_641' title='bbox 583 2243 611 2270; x_wconf 90' lang='lat' dir='ltr'>in</span> <span class='ocrx_word' id='word_1_642' title='bbox 621 2241 736 2278; x_wconf 87' lang='lat' dir='ltr'>patriam</span> <span class='ocrx_word' id='word_1_643' title='bbox 747 2239 904 2272; x_wconf 71' lang='lat' dir='ltr'>revertisset,</span> <span class='ocrx_word' id='word_1_644' title='bbox 914 2237 1146 2275; x_wconf 82' lang='lat' dir='ltr'>poffelllonesque</span> <span class='ocrx_word' id='word_1_645' title='bbox 1154 2235 1272 2264; x_wconf 84' lang='lat' dir='ltr'>desertas</span> <span class='ocrx_word' id='word_1_646' title='bbox 1282 2232 1362 2262; x_wconf 91' lang='lat' dir='ltr'>vidis-</span> 
     </span>
     <span class='ocr_line' id='line_1_59' title="bbox 249 2270 1359 2316; baseline -0.012 -4"><span class='ocrx_word' id='word_1_647' title='bbox 249 2283 305 2312; x_wconf 83' lang='lat' dir='ltr'>set:</span> <span class='ocrx_word' id='word_1_648' title='bbox 329 2283 394 2312; x_wconf 85' lang='lat' dir='ltr'>Non</span> <span class='ocrx_word' id='word_1_649' title='bbox 405 2282 504 2316; x_wconf 72' lang='lat' dir='ltr'>essem,</span> <span class='ocrx_word' id='word_1_650' title='bbox 522 2280 628 2316; x_wconf 85' lang='lat' dir='ltr'>inquit,</span> <span class='ocrx_word' id='word_1_651' title='bbox 651 2288 702 2316; x_wconf 80' lang='lat' dir='ltr'>ego</span> <span class='ocrx_word' id='word_1_652' title='bbox 715 2277 801 2307; x_wconf 84' lang='lat' dir='ltr'>salvus</span> <span class='ocrx_word' id='word_1_653' title='bbox 817 2299 825 2312; x_wconf 90' lang='lat'>‚</span> <span class='ocrx_word' id='word_1_654' title='bbox 848 2276 963 2305; x_wconf 83' lang='lat' dir='ltr'>nisiistae</span> <span class='ocrx_word' id='word_1_655' title='bbox 971 2274 1120 2313; x_wconf 83' lang='lat' dir='ltr'>periiffent.</span> <span class='ocrx_word' id='word_1_656' title='bbox 1159 2273 1190 2302; x_wconf 92' lang='lat' dir='ltr'>V.</span> <span class='ocrx_word' id='word_1_657' title='bbox 1215 2271 1270 2301; x_wconf 84' lang='lat' dir='ltr'>Val.</span> <span class='ocrx_word' id='word_1_658' title='bbox 1282 2270 1359 2300; x_wconf 74' lang='lat' dir='ltr'>Max,</span> 
     </span>
     <span class='ocr_line' id='line_1_60' title="bbox 270 2325 427 2350; baseline -0.019 0"><span class='ocrx_word' id='word_1_659' title='bbox 270 2344 275 2350; x_wconf 94' lang='lat'>.</span> <span class='ocrx_word' id='word_1_660' title='bbox 288 2330 313 2349; x_wconf 78' lang='grc'>·’.</span> <span class='ocrx_word' id='word_1_661' title='bbox 335 2326 390 2349; x_wconf 70' lang='lat' dir='ltr'>ext.</span> <span class='ocrx_word' id='word_1_662' title='bbox 402 2325 427 2348; x_wconf 79' lang='grc' dir='ltr'>ὁ.</span> 
     </span>
     <span class='ocr_line' id='line_1_61' title="bbox 249 2327 1362 2395; baseline -0.012 -7"><span class='ocrx_word' id='word_1_663' title='bbox 249 2327 421 2395; x_wconf 54' lang='grc' dir='ltr'>Ξὶηέκῑιὲοῐεε</span> <span class='ocrx_word' id='word_1_664' title='bbox 442 2356 534 2385; x_wconf 87' lang='lat' dir='ltr'>nivem</span> <span class='ocrx_word' id='word_1_665' title='bbox 555 2355 661 2392; x_wconf 80' lang='lat' dir='ltr'>nigram</span> <span class='ocrx_word' id='word_1_666' title='bbox 672 2353 744 2382; x_wconf 73' lang='lat' dir='ltr'>dixit</span> <span class='ocrx_word' id='word_1_667' title='bbox 753 2352 806 2382; x_wconf 82' lang='lat' dir='ltr'>effe</span> <span class='ocrx_word' id='word_1_668' title='bbox 821 2362 827 2381; x_wconf 74' lang='grc' dir='ltr'>ε</span> <span class='ocrx_word' id='word_1_669' title='bbox 849 2351 932 2381; x_wconf 87' lang='lat' dir='ltr'>ferres</span> <span class='ocrx_word' id='word_1_670' title='bbox 941 2360 987 2380; x_wconf 90' lang='lat' dir='ltr'>me</span> <span class='ocrx_word' id='word_1_671' title='bbox 997 2372 1006 2386; x_wconf 91' lang='lat'>,</span> <span class='ocrx_word' id='word_1_672' title='bbox 1026 2349 1044 2379; x_wconf 82' lang='lat' dir='ltr'>si</span> <span class='ocrx_word' id='word_1_673' title='bbox 1055 2359 1107 2387; x_wconf 88' lang='lat' dir='ltr'>ego</span> <span class='ocrx_word' id='word_1_674' title='bbox 1124 2348 1200 2378; x_wconf 85' lang='lat' dir='ltr'>idem</span> <span class='ocrx_word' id='word_1_675' title='bbox 1217 2346 1338 2376; x_wconf 86' lang='lat' dir='ltr'>dicerem</span> <span class='ocrx_word' id='word_1_676' title='bbox 1348 2346 1362 2375; x_wconf 68' lang='lat'>‘2</span> 
     </span>
     <span class='ocr_line' id='line_1_62' title="bbox 269 2395 537 2431; baseline -0.011 -6"><span class='ocrx_word' id='word_1_677' title='bbox 269 2396 329 2425; x_wconf 73' lang='lat' dir='ltr'>Cicz</span> <span class='ocrx_word' id='word_1_678' title='bbox 348 2408 373 2429; x_wconf 79' lang='lat'>4·</span> <span class='ocrx_word' id='word_1_679' title='bbox 395 2395 475 2424; x_wconf 84' lang='lat' dir='ltr'>Acad.</span> <span class='ocrx_word' id='word_1_680' title='bbox 494 2403 537 2431; x_wconf 89' lang='lat'>72.</span> 
     </span>
     <span class='ocr_line' id='line_1_63' title="bbox 250 2427 898 2469; baseline -0.012 -6"><span class='ocrx_word' id='word_1_681' title='bbox 250 2434 417 2469; x_wconf 66' lang='lat' dir='ltr'>Anaxagorae</span> <span class='ocrx_word' id='word_1_682' title='bbox 426 2433 580 2466; x_wconf 70' lang='grc' dir='ltr'>ὁμωομεςεωι.</span> <span class='ocrx_word' id='word_1_683' title='bbox 603 2428 711 2458; x_wconf 89' lang='lat' dir='ltr'>Lucret.</span> <span class='ocrx_word' id='word_1_684' title='bbox 733 2427 780 2457; x_wconf 89' lang='lat' dir='ltr'>lib.</span> <span class='ocrx_word' id='word_1_685' title='bbox 797 2437 820 2456; x_wconf 89' lang='lat'>1.</span> <span class='ocrx_word' id='word_1_686' title='bbox 835 2432 898 2464; x_wconf 71' lang='lat'>830.</span> 
     </span>
    </p>

    <p class='ocr_par' dir='ltr' id='par_1_23' title="bbox 268 2460 1365 2659">
     <span class='ocr_line' id='line_1_64' title="bbox 330 2460 1365 2505; baseline -0.011 -6"><span class='ocrx_word' id='word_1_687' title='bbox 330 2471 413 2499; x_wconf 85' lang='lat' dir='ltr'>Nunc</span> <span class='ocrx_word' id='word_1_688' title='bbox 428 2472 454 2500; x_wconf 70' lang='lat' dir='ltr'>Sc</span> <span class='ocrx_word' id='word_1_689' title='bbox 471 2470 635 2505; x_wconf 71' lang='lat' dir='ltr'>Anaxagorae</span> <span class='ocrx_word' id='word_1_690' title='bbox 647 2467 796 2496; x_wconf 87' lang='lat' dir='ltr'>scrutemur</span> <span class='ocrx_word' id='word_1_691' title='bbox 814 2465 986 2500; x_wconf 60' lang='lat' dir='ltr'>bssamom‘emw.</span> <span class='ocrx_word' id='word_1_692' title='bbox 1034 2463 1062 2492; x_wconf 87' lang='lat' dir='ltr'>h.</span> <span class='ocrx_word' id='word_1_693' title='bbox 1085 2472 1109 2491; x_wconf 90' lang='lat' dir='ltr'>e.</span> <span class='ocrx_word' id='word_1_694' title='bbox 1132 2461 1272 2491; x_wconf 83' lang='lat' dir='ltr'>Similares</span> <span class='ocrx_word' id='word_1_695' title='bbox 1282 2460 1365 2498; x_wconf 70' lang='lat' dir='ltr'>parti-</span> 
     </span>
     <span class='ocr_line' id='line_1_65' title="bbox 268 2499 1363 2542; baseline -0.011 -4"><span class='ocrx_word' id='word_1_696' title='bbox 268 2508 352 2542; x_wconf 79' lang='lat' dir='ltr'>culas,</span> <span class='ocrx_word' id='word_1_697' title='bbox 363 2508 481 2536; x_wconf 85' lang='lat' dir='ltr'>eandem</span> <span class='ocrx_word' id='word_1_698' title='bbox 492 2517 555 2536; x_wconf 90' lang='lat' dir='ltr'>curn</span> <span class='ocrx_word' id='word_1_699' title='bbox 568 2511 628 2534; x_wconf 86' lang='lat' dir='ltr'>toto</span> <span class='ocrx_word' id='word_1_700' title='bbox 638 2505 772 2534; x_wconf 80' lang='lat' dir='ltr'>rationem</span> <span class='ocrx_word' id='word_1_701' title='bbox 783 2503 941 2532; x_wconf 85' lang='lat' dir='ltr'>obtinentes</span> <span class='ocrx_word' id='word_1_702' title='bbox 952 2524 960 2537; x_wconf 91' lang='lat'>,</span> <span class='ocrx_word' id='word_1_703' title='bbox 976 2511 1042 2539; x_wconf 87' lang='lat' dir='ltr'>quas</span> <span class='ocrx_word' id='word_1_704' title='bbox 1059 2500 1197 2539; x_wconf 83' lang='lat' dir='ltr'>principia</span> <span class='ocrx_word' id='word_1_705' title='bbox 1206 2499 1259 2528; x_wconf 83' lang='lat' dir='ltr'>effe</span> <span class='ocrx_word' id='word_1_706' title='bbox 1272 2505 1363 2526; x_wconf 87' lang='lat' dir='ltr'>rerum</span> 
     </span>
     <span class='ocr_line' id='line_1_66' title="bbox 270 2535 1364 2582; baseline -0.01 -7"><span class='ocrx_word' id='word_1_707' title='bbox 270 2547 441 2582; x_wconf 72' lang='lat' dir='ltr'>Anaxagoras</span> <span class='ocrx_word' id='word_1_708' title='bbox 452 2545 554 2573; x_wconf 89' lang='lat' dir='ltr'>docuit.</span> <span class='ocrx_word' id='word_1_709' title='bbox 586 2543 723 2572; x_wconf 81' lang='lat' dir='ltr'>Laudatur</span> <span class='ocrx_word' id='word_1_710' title='bbox 734 2552 748 2570; x_wconf 89' lang='lat' dir='ltr'>a</span> <span class='ocrx_word' id='word_1_711' title='bbox 761 2541 902 2570; x_wconf 63' lang='lat' dir='ltr'>Lactantio</span> <span class='ocrx_word' id='word_1_712' title='bbox 923 2550 946 2568; x_wconf 87' lang='lat'>1.</span> <span class='ocrx_word' id='word_1_713' title='bbox 971 2550 994 2575; x_wconf 89' lang='lat'>5.</span> <span class='ocrx_word' id='word_1_714' title='bbox 1019 2539 1094 2576; x_wconf 87' lang='lat' dir='ltr'>quod</span> <span class='ocrx_word' id='word_1_715' title='bbox 1110 2538 1202 2567; x_wconf 87' lang='lat' dir='ltr'>Deum</span> <span class='ocrx_word' id='word_1_716' title='bbox 1221 2536 1274 2566; x_wconf 79' lang='lat' dir='ltr'>effe</span> <span class='ocrx_word' id='word_1_717' title='bbox 1291 2535 1364 2564; x_wconf 81' lang='lat' dir='ltr'>dixit</span> 
     </span>
     <span class='ocr_line' id='line_1_67' title="bbox 269 2574 1364 2618; baseline -0.009 -6"><span class='ocrx_word' id='word_1_718' title='bbox 269 2584 407 2614; x_wconf 86' lang='lat' dir='ltr'>infinitam</span> <span class='ocrx_word' id='word_1_719' title='bbox 422 2589 543 2611; x_wconf 86' lang='lat' dir='ltr'>mentem</span> <span class='ocrx_word' id='word_1_720' title='bbox 553 2591 613 2618; x_wconf 78' lang='lat' dir='ltr'>quae</span> <span class='ocrx_word' id='word_1_721' title='bbox 632 2580 715 2618; x_wconf 86' lang='lat' dir='ltr'>perse</span> <span class='ocrx_word' id='word_1_722' title='bbox 727 2579 811 2616; x_wconf 81' lang='lat' dir='ltr'>ipsam</span> <span class='ocrx_word' id='word_1_723' title='bbox 821 2582 972 2606; x_wconf 81' lang='lat' dir='ltr'>moveatur.</span> <span class='ocrx_word' id='word_1_724' title='bbox 994 2576 1134 2614; x_wconf 81' lang='lat' dir='ltr'>Lampsaci</span> <span class='ocrx_word' id='word_1_725' title='bbox 1146 2575 1236 2610; x_wconf 69' lang='lat' dir='ltr'>obiit,</span> <span class='ocrx_word' id='word_1_726' title='bbox 1260 2574 1307 2602; x_wconf 83' lang='lat' dir='ltr'>ubi</span> <span class='ocrx_word' id='word_1_727' title='bbox 1321 2583 1364 2602; x_wconf 92' lang='lat' dir='ltr'>ro-</span> 
     </span>
     <span class='ocr_line' id='line_1_68' title="bbox 270 2612 1364 2659; baseline -0.009 -9"><span class='ocrx_word' id='word_1_728' title='bbox 270 2621 397 2659; x_wconf 87' lang='lat' dir='ltr'>gantibus</span> <span class='ocrx_word' id='word_1_729' title='bbox 416 2630 479 2649; x_wconf 84' lang='lat' dir='ltr'>eum</span> <span class='ocrx_word' id='word_1_730' title='bbox 491 2619 679 2656; x_wconf 76' lang='lat' dir='ltr'>principibus,</span> <span class='ocrx_word' id='word_1_731' title='bbox 700 2616 834 2653; x_wconf 88' lang='lat' dir='ltr'>numquid</span> <span class='ocrx_word' id='word_1_732' title='bbox 850 2616 907 2644; x_wconf 75' lang='lat' dir='ltr'>lieri</span> <span class='ocrx_word' id='word_1_733' title='bbox 927 2615 1086 2647; x_wconf 83' lang='lat' dir='ltr'>mandaret,</span> <span class='ocrx_word' id='word_1_734' title='bbox 1106 2612 1206 2649; x_wconf 78' lang='lat' dir='ltr'>juffiffe</span> <span class='ocrx_word' id='word_1_735' title='bbox 1224 2613 1315 2641; x_wconf 86' lang='lat' dir='ltr'>ferunt</span> <span class='ocrx_word' id='word_1_736' title='bbox 1333 2618 1364 2640; x_wconf 84' lang='lat' dir='ltr'>ut</span> 
     </span>
    </p>

    <p class='ocr_par' dir='ltr' id='par_1_24' title="bbox 268 2650 1364 2768">
     <span class='ocr_line' id='line_1_69' title="bbox 290 2650 1364 2695; baseline -0.01 -7"><span class='ocrx_word' id='word_1_737' title='bbox 290 2659 349 2688; x_wconf 89' lang='lat' dir='ltr'>ueri</span> <span class='ocrx_word' id='word_1_738' title='bbox 366 2659 513 2695; x_wconf 78' lang='lat' dir='ltr'>quotannis</span> <span class='ocrx_word' id='word_1_739' title='bbox 529 2667 562 2685; x_wconf 90' lang='lat' dir='ltr'>eo</span> <span class='ocrx_word' id='word_1_740' title='bbox 572 2666 626 2693; x_wconf 93' lang='lat' dir='ltr'>quo</span> <span class='ocrx_word' id='word_1_741' title='bbox 641 2651 781 2684; x_wconf 71' lang='lat' dir='ltr'>defecisset</span> <span class='ocrx_word' id='word_1_742' title='bbox 792 2653 884 2682; x_wconf 80' lang='lat' dir='ltr'>mense</span> <span class='ocrx_word' id='word_1_743' title='bbox 895 2652 989 2681; x_wconf 81' lang='lat' dir='ltr'>ludere</span> <span class='ocrx_word' id='word_1_744' title='bbox 1002 2652 1234 2690; x_wconf 81' lang='lat' dir='ltr'>permitterentur,</span> <span class='ocrx_word' id='word_1_745' title='bbox 1247 2650 1293 2686; x_wconf 88' lang='lat' dir='ltr'>qui</span> <span class='ocrx_word' id='word_1_746' title='bbox 1303 2658 1364 2678; x_wconf 77' lang='lat' dir='ltr'>mes</span> 
     </span>
     <span class='ocr_line' id='line_1_70' title="bbox 268 2669 1362 2734; baseline -0.009 -9"><span class='ocrx_word' id='word_1_747' title='bbox 268 2669 408 2734; x_wconf 56' lang='lat' dir='ltr'>sampsaei</span> <span class='ocrx_word' id='word_1_748' title='bbox 424 2695 472 2724; x_wconf 88' lang='lat' dir='ltr'>diu</span> <span class='ocrx_word' id='word_1_749' title='bbox 482 2695 519 2724; x_wconf 89' lang='lat' dir='ltr'>est</span> <span class='ocrx_word' id='word_1_750' title='bbox 534 2694 659 2726; x_wconf 73' lang='lat' dir='ltr'>servatus.</span> <span class='ocrx_word' id='word_1_751' title='bbox 682 2692 791 2721; x_wconf 74' lang='lat' dir='ltr'>Periclis</span> <span class='ocrx_word' id='word_1_752' title='bbox 801 2697 953 2729; x_wconf 75' lang='lat' dir='ltr'>praeceptor</span> <span class='ocrx_word' id='word_1_753' title='bbox 969 2690 1030 2725; x_wconf 87' lang='lat' dir='ltr'>fuit,</span> <span class='ocrx_word' id='word_1_754' title='bbox 1053 2690 1144 2726; x_wconf 84' lang='lat' dir='ltr'>itaque</span> <span class='ocrx_word' id='word_1_755' title='bbox 1174 2688 1276 2717; x_wconf 83' lang='lat' dir='ltr'>luscula</span> <span class='ocrx_word' id='word_1_756' title='bbox 1283 2687 1317 2716; x_wconf 89' lang='lat' dir='ltr'>de</span> <span class='ocrx_word' id='word_1_757' title='bbox 1328 2696 1362 2716; x_wconf 89' lang='lat' dir='ltr'>eo</span> 
     </span>
     <span class='ocr_line' id='line_1_71' title="bbox 268 2724 1363 2768; baseline -0.009 -5"><span class='ocrx_word' id='word_1_758' title='bbox 268 2733 495 2764; x_wconf 79' lang='lat' dir='ltr'>habetPlutarch.</span> <span class='ocrx_word' id='word_1_759' title='bbox 507 2733 537 2761; x_wconf 92' lang='lat' dir='ltr'>in</span> <span class='ocrx_word' id='word_1_760' title='bbox 546 2731 618 2760; x_wconf 90' lang='lat' dir='ltr'>illius</span> <span class='ocrx_word' id='word_1_761' title='bbox 629 2731 698 2760; x_wconf 88' lang='lat' dir='ltr'>Vita.</span> <span class='ocrx_word' id='word_1_762' title='bbox 707 2740 734 2768; x_wconf 78' lang='lat' dir='ltr'>p·</span> <span class='ocrx_word' id='word_1_763' title='bbox 746 2739 808 2765; x_wconf 81' lang='lat'>295.</span> <span class='ocrx_word' id='word_1_764' title='bbox 831 2729 898 2757; x_wconf 89' lang='lat' dir='ltr'>item</span> <span class='ocrx_word' id='word_1_765' title='bbox 915 2738 942 2766; x_wconf 89' lang='lat' dir='ltr'>p·</span> <span class='ocrx_word' id='word_1_766' title='bbox 954 2733 1015 2765; x_wconf 80' lang='lat'>308.</span> <span class='ocrx_word' id='word_1_767' title='bbox 1038 2727 1111 2756; x_wconf 77' lang='lat' dir='ltr'>adde·</span> <span class='ocrx_word' id='word_1_768' title='bbox 1121 2726 1157 2756; x_wconf 80' lang='lat' dir='ltr'>Fa</span> <span class='ocrx_word' id='word_1_769' title='bbox 1179 2725 1304 2755; x_wconf 86' lang='lat' dir='ltr'>ric.Bibl.</span> <span class='ocrx_word' id='word_1_770' title='bbox 1318 2724 1363 2754; x_wconf 87' lang='lat' dir='ltr'>Gr.</span> 
     </span>
    </p>

    <p class='ocr_par' dir='ltr' id='par_1_25' title="bbox 241 2782 399 2806">
     <span class='ocr_line' id='line_1_72' title="bbox 241 2782 399 2806; baseline -0.025 -3"><span class='ocrx_word' id='word_1_771' title='bbox 241 2800 246 2806; x_wconf 86' lang='lat'><strong><em>‚</em></strong></span> <span class='ocrx_word' id='word_1_772' title='bbox 272 2782 297 2802; x_wconf 91' lang='lat'>2.</span> <span class='ocrx_word' id='word_1_773' title='bbox 314 2782 330 2801; x_wconf 90' lang='lat'>2</span> <span class='ocrx_word' id='word_1_774' title='bbox 354 2795 359 2800; x_wconf 95' lang='lat'>.</span> <span class='ocrx_word' id='word_1_775' title='bbox 393 2794 399 2799; x_wconf 95' lang='lat'>.</span> 
     </span>
    </p>

    <p class='ocr_par' dir='ltr' id='par_1_26' title="bbox 215 2780 1361 2843">
     <span class='ocr_line' id='line_1_73' title="bbox 215 2780 1361 2843; baseline -0.01 -3"><span class='ocrx_word' id='word_1_776' title='bbox 215 2811 262 2840; x_wconf 86' lang='lat' dir='ltr'>AN</span> <span class='ocrx_word' id='word_1_777' title='bbox 272 2821 290 2839; x_wconf 90' lang='lat' dir='ltr'>A</span> <span class='ocrx_word' id='word_1_778' title='bbox 300 2780 402 2839; x_wconf 62' lang='lat' dir='ltr'>x1iN7o</span> <span class='ocrx_word' id='word_1_779' title='bbox 414 2818 427 2837; x_wconf 73' lang='lat' dir='ltr'>rt</span> <span class='ocrx_word' id='word_1_780' title='bbox 438 2817 464 2842; x_wconf 84' lang='lat' dir='ltr'>R,</span> <span class='ocrx_word' id='word_1_781' title='bbox 486 2804 703 2843; x_wconf 48' lang='grc' dir='ltr'>[Ἂννῖξοωδρῶυ]</span> <span class='ocrx_word' id='word_1_782' title='bbox 723 2804 812 2833; x_wconf 62' lang='lat' dir='ltr'>Pictor</span> <span class='ocrx_word' id='word_1_783' title='bbox 824 2813 881 2832; x_wconf 90' lang='lat' dir='ltr'>non</span> <span class='ocrx_word' id='word_1_784' title='bbox 891 2802 1030 2839; x_wconf 77' lang='lat' dir='ltr'>ignobilis,</span> <span class='ocrx_word' id='word_1_785' title='bbox 1039 2802 1114 2839; x_wconf 84' lang='lat' dir='ltr'>apud</span> <span class='ocrx_word' id='word_1_786' title='bbox 1124 2801 1193 2830; x_wconf 80' lang='lat' dir='ltr'>Plln.</span> <span class='ocrx_word' id='word_1_787' title='bbox 1208 2800 1242 2835; x_wconf 85' lang='lat' dir='ltr'>l.3</span> <span class='ocrx_word' id='word_1_788' title='bbox 1251 2810 1274 2835; x_wconf 84' lang='grc' dir='ltr'>ς.</span> <span class='ocrx_word' id='word_1_789' title='bbox 1287 2809 1361 2829; x_wconf 85' lang='lat' dir='ltr'>c.11.</span> 
     </span>
    </p>

    <p class='ocr_par' dir='ltr' id='par_1_27' title="bbox 213 2837 1364 2999">
     <span class='ocr_line' id='line_1_74' title="bbox 213 2837 1363 2880; baseline -0.01 -3"><span class='ocrx_word' id='word_1_790' title='bbox 213 2850 235 2879; x_wconf 85' lang='lat' dir='ltr'>A</span> <span class='ocrx_word' id='word_1_791' title='bbox 245 2858 264 2877; x_wconf 88' lang='lat' dir='ltr'>N</span> <span class='ocrx_word' id='word_1_792' title='bbox 274 2858 291 2876; x_wconf 90' lang='lat' dir='ltr'>A</span> <span class='ocrx_word' id='word_1_793' title='bbox 299 2857 317 2876; x_wconf 79' lang='lat' dir='ltr'>x</span> <span class='ocrx_word' id='word_1_794' title='bbox 330 2857 348 2875; x_wconf 87' lang='lat' dir='ltr'>A</span> <span class='ocrx_word' id='word_1_795' title='bbox 357 2854 379 2875; x_wconf 88' lang='grc' dir='ltr'><strong>Ν</strong></span> <span class='ocrx_word' id='word_1_796' title='bbox 389 2856 407 2875; x_wconf 82' lang='lat' dir='ltr'>r&gt;</span> <span class='ocrx_word' id='word_1_797' title='bbox 415 2855 431 2874; x_wconf 79' lang='lat' dir='ltr'>P.</span> <span class='ocrx_word' id='word_1_798' title='bbox 441 2856 449 2873; x_wconf 91' lang='lat' dir='ltr'>r</span> <span class='ocrx_word' id='word_1_799' title='bbox 458 2855 477 2873; x_wconf 90' lang='lat' dir='ltr'>D</span> <span class='ocrx_word' id='word_1_800' title='bbox 489 2854 503 2873; x_wconf 76' lang='lat' dir='ltr'>s</span> <span class='ocrx_word' id='word_1_801' title='bbox 512 2854 533 2879; x_wconf 85' lang='lat' dir='ltr'>s,</span> <span class='ocrx_word' id='word_1_802' title='bbox 555 2838 782 2880; x_wconf 55' lang='grc' dir='ltr'>[Ἄνκξαμδγιίὶὶκ]</span> <span class='ocrx_word' id='word_1_803' title='bbox 804 2841 885 2870; x_wconf 78' lang='lat' dir='ltr'>Poeta</span> <span class='ocrx_word' id='word_1_804' title='bbox 895 2842 1013 2875; x_wconf 68' lang='lat' dir='ltr'>Graecus,</span> <span class='ocrx_word' id='word_1_805' title='bbox 1026 2840 1228 2869; x_wconf 77' lang='lat' dir='ltr'>comoediarum</span> <span class='ocrx_word' id='word_1_806' title='bbox 1238 2837 1363 2875; x_wconf 76' lang='lat' dir='ltr'>scriptor,</span> 
     </span>
     <span class='ocr_line' id='line_1_75' title="bbox 251 2875 1364 2924; baseline -0.009 -10"><span class='ocrx_word' id='word_1_807' title='bbox 251 2886 337 2924; x_wconf 83' lang='lat' dir='ltr'>patria</span> <span class='ocrx_word' id='word_1_808' title='bbox 350 2884 475 2913; x_wconf 85' lang='lat' dir='ltr'>Rhodius</span> <span class='ocrx_word' id='word_1_809' title='bbox 486 2904 493 2916; x_wconf 86' lang='lat'>,</span> <span class='ocrx_word' id='word_1_810' title='bbox 511 2882 556 2919; x_wconf 89' lang='lat' dir='ltr'>qui</span> <span class='ocrx_word' id='word_1_811' title='bbox 569 2888 694 2918; x_wconf 87' lang='lat' dir='ltr'>tempore</span> <span class='ocrx_word' id='word_1_812' title='bbox 707 2879 824 2916; x_wconf 84' lang='lat' dir='ltr'>Philippi</span> <span class='ocrx_word' id='word_1_813' title='bbox 835 2878 998 2907; x_wconf 81' lang='lat' dir='ltr'>Macedonis</span> <span class='ocrx_word' id='word_1_814' title='bbox 1010 2878 1112 2906; x_wconf 79' lang='lat' dir='ltr'>floruit.</span> <span class='ocrx_word' id='word_1_815' title='bbox 1145 2877 1248 2906; x_wconf 87' lang='lat' dir='ltr'>Docuit</span> <span class='ocrx_word' id='word_1_816' title='bbox 1258 2875 1364 2905; x_wconf 77' lang='lat' dir='ltr'>fabulas</span> 
     </span>
     <span class='ocr_line' id='line_1_76' title="bbox 250 2914 1363 2960; baseline -0.009 -8"><span class='ocrx_word' id='word_1_817' title='bbox 250 2922 511 2960; x_wconf 81' lang='lat' dir='ltr'>sexagintaquinque</span> <span class='ocrx_word' id='word_1_818' title='bbox 525 2941 533 2954; x_wconf 88' lang='lat'><strong>‚</strong></span> <span class='ocrx_word' id='word_1_819' title='bbox 564 2919 629 2947; x_wconf 86' lang='lat' dir='ltr'>vicit</span> <span class='ocrx_word' id='word_1_820' title='bbox 648 2927 711 2946; x_wconf 82' lang='lat' dir='ltr'>una.</span> <span class='ocrx_word' id='word_1_821' title='bbox 733 2917 839 2946; x_wconf 87' lang='lat' dir='ltr'>Suidas.</span> <span class='ocrx_word' id='word_1_822' title='bbox 887 2915 919 2944; x_wconf 90' lang='lat' dir='ltr'>V.</span> <span class='ocrx_word' id='word_1_823' title='bbox 940 2915 1013 2944; x_wconf 74' lang='lat' dir='ltr'>Vols.</span> <span class='ocrx_word' id='word_1_824' title='bbox 1035 2915 1070 2944; x_wconf 89' lang='lat' dir='ltr'>de</span> <span class='ocrx_word' id='word_1_825' title='bbox 1089 2915 1164 2945; x_wconf 91' lang='lat' dir='ltr'>Poet.</span> <span class='ocrx_word' id='word_1_826' title='bbox 1185 2914 1230 2944; x_wconf 90' lang='lat' dir='ltr'>Gr.</span> <span class='ocrx_word' id='word_1_827' title='bbox 1252 2923 1313 2952; x_wconf 80' lang='lat' dir='ltr'>cap.</span> <span class='ocrx_word' id='word_1_828' title='bbox 1337 2921 1363 2950; x_wconf 65' lang='grc' dir='ltr'>γ.</span> 
     </span>
     <span class='ocr_line' id='line_1_77' title="bbox 251 2955 897 2999; baseline -0.008 -12"><span class='ocrx_word' id='word_1_829' title='bbox 251 2967 331 2999; x_wconf 76' lang='lat' dir='ltr'>p-48·</span> <span class='ocrx_word' id='word_1_830' title='bbox 347 2961 372 2990; x_wconf 69' lang='grc' dir='ltr'>ἃ</span> <span class='ocrx_word' id='word_1_831' title='bbox 392 2958 495 2988; x_wconf 81' lang='lat' dir='ltr'>Kuster.</span> <span class='ocrx_word' id='word_1_832' title='bbox 512 2957 546 2986; x_wconf 84' lang='lat' dir='ltr'>ad</span> <span class='ocrx_word' id='word_1_833' title='bbox 563 2956 694 2993; x_wconf 84' lang='lat' dir='ltr'>Aristoph.</span> <span class='ocrx_word' id='word_1_834' title='bbox 707 2955 776 2984; x_wconf 87' lang='lat' dir='ltr'>Plut.</span> <span class='ocrx_word' id='word_1_835' title='bbox 790 2965 816 2992; x_wconf 94' lang='lat' dir='ltr'>p.</span> <span class='ocrx_word' id='word_1_836' title='bbox 834 2956 897 2989; x_wconf 86' lang='lat'>926.</span> 
     </span>
    </p>

    <p class='ocr_par' dir='ltr' id='par_1_28' title="bbox 216 2988 1366 3252">
     <span class='ocr_line' id='line_1_78' title="bbox 216 2988 1362 3030; baseline -0.01 -2"><span class='ocrx_word' id='word_1_837' title='bbox 216 3000 262 3029; x_wconf 91' lang='lat' dir='ltr'>AN</span> <span class='ocrx_word' id='word_1_838' title='bbox 273 3008 291 3027; x_wconf 96' lang='lat' dir='ltr'>A</span> <span class='ocrx_word' id='word_1_839' title='bbox 301 3007 319 3027; x_wconf 81' lang='lat' dir='ltr'>x</span> <span class='ocrx_word' id='word_1_840' title='bbox 329 3007 347 3026; x_wconf 90' lang='lat' dir='ltr'>A</span> <span class='ocrx_word' id='word_1_841' title='bbox 358 3008 373 3026; x_wconf 84' lang='lat' dir='ltr'>R</span> <span class='ocrx_word' id='word_1_842' title='bbox 383 3007 400 3025; x_wconf 88' lang='lat' dir='ltr'>c</span> <span class='ocrx_word' id='word_1_843' title='bbox 411 2994 457 3025; x_wconf 64' lang='lat' dir='ltr'>riu</span> <span class='ocrx_word' id='word_1_844' title='bbox 468 3005 480 3024; x_wconf 88' lang='lat' dir='ltr'>s</span> <span class='ocrx_word' id='word_1_845' title='bbox 491 3017 499 3029; x_wconf 88' lang='lat'>,</span> <span class='ocrx_word' id='word_1_846' title='bbox 520 2993 729 3030; x_wconf 53' lang='lat' dir='ltr'>[A’ntgocexssvzv]</span> <span class='ocrx_word' id='word_1_847' title='bbox 749 2992 858 3021; x_wconf 86' lang='lat' dir='ltr'>Nomen</span> <span class='ocrx_word' id='word_1_848' title='bbox 869 2990 1011 3028; x_wconf 86' lang='lat' dir='ltr'>proprium</span> <span class='ocrx_word' id='word_1_849' title='bbox 1027 2989 1184 3027; x_wconf 84' lang='lat' dir='ltr'>philosophi</span> <span class='ocrx_word' id='word_1_850' title='bbox 1208 2988 1342 3017; x_wconf 74' lang='lat' dir='ltr'>Abderitae</span> <span class='ocrx_word' id='word_1_851' title='bbox 1354 3010 1362 3023; x_wconf 91' lang='lat'>,</span> 
     </span>
     <span class='ocr_line' id='line_1_79' title="bbox 252 3026 1366 3071; baseline -0.011 -6"><span class='ocrx_word' id='word_1_852' title='bbox 252 3035 445 3071; x_wconf 58' lang='lat' dir='ltr'>secratorisque</span> <span class='ocrx_word' id='word_1_853' title='bbox 463 3032 622 3062; x_wconf 82' lang='lat' dir='ltr'>Democriti.</span> <span class='ocrx_word' id='word_1_854' title='bbox 662 3030 715 3059; x_wconf 88' lang='lat' dir='ltr'>Hic</span> <span class='ocrx_word' id='word_1_855' title='bbox 724 3029 820 3058; x_wconf 78' lang='lat' dir='ltr'>habuit</span> <span class='ocrx_word' id='word_1_856' title='bbox 839 3029 985 3057; x_wconf 87' lang='lat' dir='ltr'>inimicum</span> <span class='ocrx_word' id='word_1_857' title='bbox 997 3028 1212 3056; x_wconf 87' lang='lat' dir='ltr'>Nicocreontem</span> <span class='ocrx_word' id='word_1_858' title='bbox 1226 3026 1310 3063; x_wconf 83' lang='lat' dir='ltr'>Cypri</span> <span class='ocrx_word' id='word_1_859' title='bbox 1323 3035 1366 3063; x_wconf 78' lang='lat' dir='ltr'>ty-</span> 
     </span>
     <span class='ocr_line' id='line_1_80' title="bbox 251 3064 1364 3108; baseline -0.01 -6"><span class='ocrx_word' id='word_1_860' title='bbox 251 3083 378 3106; x_wconf 81' lang='lat' dir='ltr'>rannum,</span> <span class='ocrx_word' id='word_1_861' title='bbox 394 3083 408 3101; x_wconf 88' lang='lat' dir='ltr'>a</span> <span class='ocrx_word' id='word_1_862' title='bbox 419 3080 473 3108; x_wconf 88' lang='lat' dir='ltr'>quo</span> <span class='ocrx_word' id='word_1_863' title='bbox 483 3068 697 3107; x_wconf 84' lang='lat' dir='ltr'>comprehensus</span> <span class='ocrx_word' id='word_1_864' title='bbox 707 3089 715 3102; x_wconf 85' lang='lat'>,</span> <span class='ocrx_word' id='word_1_865' title='bbox 732 3067 930 3102; x_wconf 54' lang='lat' dir='ltr'>coniectaeque</span> <span class='ocrx_word' id='word_1_866' title='bbox 941 3066 969 3093; x_wconf 90' lang='lat' dir='ltr'>in</span> <span class='ocrx_word' id='word_1_867' title='bbox 980 3066 1064 3102; x_wconf 86' lang='lat' dir='ltr'>pilam</span> <span class='ocrx_word' id='word_1_868' title='bbox 1076 3064 1188 3102; x_wconf 70' lang='lat' dir='ltr'>ptisante</span> <span class='ocrx_word' id='word_1_869' title='bbox 1201 3086 1208 3097; x_wconf 85' lang='lat'>,</span> <span class='ocrx_word' id='word_1_870' title='bbox 1232 3064 1283 3092; x_wconf 81' lang='lat' dir='ltr'>sive</span> <span class='ocrx_word' id='word_1_871' title='bbox 1293 3073 1364 3092; x_wconf 90' lang='lat' dir='ltr'>mor-</span> 
     </span>
     <span class='ocr_line' id='line_1_81' title="bbox 251 3100 1364 3144; baseline -0.011 -4"><span class='ocrx_word' id='word_1_872' title='bbox 251 3111 352 3140; x_wconf 86' lang='lat' dir='ltr'>tarium</span> <span class='ocrx_word' id='word_1_873' title='bbox 362 3110 488 3142; x_wconf 78' lang='lat' dir='ltr'>saxeum,</span> <span class='ocrx_word' id='word_1_874' title='bbox 516 3108 591 3144; x_wconf 88' lang='lat' dir='ltr'>quod</span> <span class='ocrx_word' id='word_1_875' title='bbox 603 3106 690 3135; x_wconf 80' lang='lat' dir='ltr'>Graeci</span> <span class='ocrx_word' id='word_1_876' title='bbox 702 3107 774 3135; x_wconf 61' lang='grc' dir='ltr'>ὅλων</span> <span class='ocrx_word' id='word_1_877' title='bbox 785 3112 887 3132; x_wconf 84' lang='lat' dir='ltr'>vocant</span> <span class='ocrx_word' id='word_1_878' title='bbox 897 3125 905 3137; x_wconf 85' lang='lat'>,</span> <span class='ocrx_word' id='word_1_879' title='bbox 928 3102 1020 3139; x_wconf 78' lang='lat' dir='ltr'>ibique</span> <span class='ocrx_word' id='word_1_880' title='bbox 1036 3103 1129 3131; x_wconf 85' lang='lat' dir='ltr'>ferreis</span> <span class='ocrx_word' id='word_1_881' title='bbox 1142 3101 1248 3131; x_wconf 83' lang='lat' dir='ltr'>malleis</span> <span class='ocrx_word' id='word_1_882' title='bbox 1267 3100 1364 3130; x_wconf 75' lang='lat' dir='ltr'>eontu-</span> 
     </span>
     <span class='ocr_line' id='line_1_82' title="bbox 253 3138 1364 3182; baseline -0.009 -5"><span class='ocrx_word' id='word_1_883' title='bbox 253 3149 296 3177; x_wconf 89' lang='lat' dir='ltr'>sus</span> <span class='ocrx_word' id='word_1_884' title='bbox 307 3170 313 3182; x_wconf 85' lang='lat'>‚</span> <span class='ocrx_word' id='word_1_885' title='bbox 333 3147 403 3176; x_wconf 86' lang='lat' dir='ltr'>adeo</span> <span class='ocrx_word' id='word_1_886' title='bbox 417 3146 565 3175; x_wconf 83' lang='lat' dir='ltr'>toleranter</span> <span class='ocrx_word' id='word_1_887' title='bbox 582 3143 693 3182; x_wconf 80' lang='lat' dir='ltr'>pertulit</span> <span class='ocrx_word' id='word_1_888' title='bbox 701 3142 862 3179; x_wconf 78' lang='lat' dir='ltr'>asperrimos</span> <span class='ocrx_word' id='word_1_889' title='bbox 874 3140 936 3169; x_wconf 82' lang='lat' dir='ltr'>illos</span> <span class='ocrx_word' id='word_1_890' title='bbox 949 3141 1084 3169; x_wconf 82' lang='lat' dir='ltr'>cruciatus</span> <span class='ocrx_word' id='word_1_891' title='bbox 1097 3161 1104 3173; x_wconf 79' lang='grc'>.,</span> <span class='ocrx_word' id='word_1_892' title='bbox 1126 3147 1157 3168; x_wconf 88' lang='lat' dir='ltr'>ut</span> <span class='ocrx_word' id='word_1_893' title='bbox 1167 3139 1283 3168; x_wconf 80' lang='lat' dir='ltr'>verbum</span> <span class='ocrx_word' id='word_1_894' title='bbox 1294 3138 1364 3168; x_wconf 85' lang='lat' dir='ltr'>illud</span> 
     </span>
     <span class='ocr_line' id='line_1_83' title="bbox 253 3177 1364 3220; baseline -0.009 -5"><span class='ocrx_word' id='word_1_895' title='bbox 253 3184 433 3215; x_wconf 81' lang='lat' dir='ltr'>memorabile</span> <span class='ocrx_word' id='word_1_896' title='bbox 443 3181 698 3220; x_wconf 88' lang='lat' dir='ltr'>conduplicaverit,</span> <span class='ocrx_word' id='word_1_897' title='bbox 718 3179 820 3209; x_wconf 90' lang='lat' dir='ltr'>Tunde</span> <span class='ocrx_word' id='word_1_898' title='bbox 837 3178 925 3207; x_wconf 85' lang='lat' dir='ltr'>tunde</span> <span class='ocrx_word' id='word_1_899' title='bbox 944 3177 1098 3208; x_wconf 79' lang='lat' dir='ltr'>Anaxarchi</span> <span class='ocrx_word' id='word_1_900' title='bbox 1113 3177 1225 3206; x_wconf 86' lang='lat' dir='ltr'>follem:</span> <span class='ocrx_word' id='word_1_901' title='bbox 1249 3178 1364 3206; x_wconf 83' lang='lat' dir='ltr'>Anaxar-</span> 
     </span>
     <span class='ocr_line' id='line_1_84' title="bbox 254 3217 899 3252; baseline -0.014 0"><span class='ocrx_word' id='word_1_902' title='bbox 254 3224 337 3252; x_wconf 85' lang='lat' dir='ltr'>chum</span> <span class='ocrx_word' id='word_1_903' title='bbox 349 3224 424 3251; x_wconf 89' lang='lat' dir='ltr'>enim</span> <span class='ocrx_word' id='word_1_904' title='bbox 434 3231 491 3250; x_wconf 89' lang='lat' dir='ltr'>non</span> <span class='ocrx_word' id='word_1_905' title='bbox 498 3221 602 3250; x_wconf 85' lang='lat' dir='ltr'>tundis.</span> <span class='ocrx_word' id='word_1_906' title='bbox 625 3219 707 3248; x_wconf 84' lang='lat' dir='ltr'>Ovid.</span> <span class='ocrx_word' id='word_1_907' title='bbox 725 3219 753 3246; x_wconf 88' lang='lat' dir='ltr'>in</span> <span class='ocrx_word' id='word_1_908' title='bbox 764 3217 825 3246; x_wconf 91' lang='lat' dir='ltr'>lbin</span> <span class='ocrx_word' id='word_1_909' title='bbox 838 3226 869 3251; x_wconf 72' lang='lat'>57</span> <span class='ocrx_word' id='word_1_910' title='bbox 878 3225 899 3244; x_wconf 88' lang='lat'>1.</span> 
     </span>
    </p>

    <p class='ocr_par' dir='ltr' id='par_1_29' title="bbox 263 3251 1363 3294">
     <span class='ocr_line' id='line_1_85' title="bbox 263 3251 1363 3294; baseline -0.007 -6"><span class='ocrx_word' id='word_1_911' title='bbox 263 3282 268 3288; x_wconf 92' lang='lat'>.</span> <span class='ocrx_word' id='word_1_912' title='bbox 332 3261 384 3288; x_wconf 85' lang='lat' dir='ltr'>Aut</span> <span class='ocrx_word' id='word_1_913' title='bbox 403 3268 434 3288; x_wconf 89' lang='lat' dir='ltr'>ut</span> <span class='ocrx_word' id='word_1_914' title='bbox 453 3258 627 3288; x_wconf 71' lang='lat' dir='ltr'>Anaxarchus</span> <span class='ocrx_word' id='word_1_915' title='bbox 647 3256 704 3294; x_wconf 86' lang='lat' dir='ltr'>pila</span> <span class='ocrx_word' id='word_1_916' title='bbox 718 3254 852 3284; x_wconf 80' lang='lat' dir='ltr'>minuaris</span> <span class='ocrx_word' id='word_1_917' title='bbox 870 3254 898 3281; x_wconf 92' lang='lat' dir='ltr'>in</span> <span class='ocrx_word' id='word_1_918' title='bbox 916 3252 978 3280; x_wconf 80' lang='lat' dir='ltr'>alta.</span> <span class='ocrx_word' id='word_1_919' title='bbox 1081 3251 1111 3280; x_wconf 90' lang='lat' dir='ltr'>V.</span> <span class='ocrx_word' id='word_1_920' title='bbox 1129 3251 1208 3289; x_wconf 69' lang='lat' dir='ltr'>Diog.</span> <span class='ocrx_word' id='word_1_921' title='bbox 1229 3251 1315 3280; x_wconf 81' lang='lat' dir='ltr'>Laert.</span> <span class='ocrx_word' id='word_1_922' title='bbox 1334 3252 1363 3280; x_wconf 90' lang='lat' dir='ltr'>in</span> 
     </span>
    </p>

    <p class='ocr_par' dir='ltr' id='par_1_30' title="bbox 253 3289 1364 3332">
     <span class='ocr_line' id='line_1_86' title="bbox 253 3289 1364 3332; baseline -0.01 -5"><span class='ocrx_word' id='word_1_923' title='bbox 253 3297 315 3326; x_wconf 81' lang='lat' dir='ltr'>Vita</span> <span class='ocrx_word' id='word_1_924' title='bbox 330 3298 406 3332; x_wconf 85' lang='lat' dir='ltr'>ejus,</span> <span class='ocrx_word' id='word_1_925' title='bbox 428 3296 485 3326; x_wconf 91' lang='lat' dir='ltr'>Cic.</span> <span class='ocrx_word' id='word_1_926' title='bbox 501 3306 524 3332; x_wconf 88' lang='lat'>3.</span> <span class='ocrx_word' id='word_1_927' title='bbox 537 3297 571 3324; x_wconf 88' lang='lat' dir='ltr'>de</span> <span class='ocrx_word' id='word_1_928' title='bbox 583 3295 617 3324; x_wconf 87' lang='lat' dir='ltr'>N.</span> <span class='ocrx_word' id='word_1_929' title='bbox 628 3294 659 3323; x_wconf 91' lang='lat' dir='ltr'>D.</span> <span class='ocrx_word' id='word_1_930' title='bbox 679 3303 702 3323; x_wconf 90' lang='lat' dir='ltr'>c.</span> <span class='ocrx_word' id='word_1_931' title='bbox 717 3302 759 3329; x_wconf 79' lang='lat'>33.</span> <span class='ocrx_word' id='word_1_932' title='bbox 782 3294 842 3322; x_wconf 62' lang='grc' dir='ltr'>δικ.</span> <span class='ocrx_word' id='word_1_933' title='bbox 859 3289 941 3319; x_wconf 88' lang='lat' dir='ltr'>Tusc.</span> <span class='ocrx_word' id='word_1_934' title='bbox 954 3299 997 3318; x_wconf 89' lang='lat'>22.</span> <span class='ocrx_word' id='word_1_935' title='bbox 1042 3289 1080 3318; x_wconf 89' lang='lat' dir='ltr'>Ad</span> <span class='ocrx_word' id='word_1_936' title='bbox 1092 3289 1220 3318; x_wconf 86' lang='lat' dir='ltr'>ultimum</span> <span class='ocrx_word' id='word_1_937' title='bbox 1239 3295 1364 3326; x_wconf 80' lang='lat' dir='ltr'>amputa-</span> 
     </span>
    </p>

    <p class='ocr_par' dir='ltr' id='par_1_31' title="bbox 252 3326 1364 3371">
     <span class='ocr_line' id='line_1_87' title="bbox 252 3326 1364 3371; baseline -0.007 -8"><span class='ocrx_word' id='word_1_938' title='bbox 252 3336 357 3363; x_wconf 84' lang='lat' dir='ltr'>tionem</span> <span class='ocrx_word' id='word_1_939' title='bbox 368 3334 468 3371; x_wconf 82' lang='lat' dir='ltr'>linguae</span> <span class='ocrx_word' id='word_1_940' title='bbox 476 3334 623 3362; x_wconf 76' lang='lat' dir='ltr'>minitante</span> <span class='ocrx_word' id='word_1_941' title='bbox 629 3330 886 3369; x_wconf 77' lang='lat' dir='ltr'>tyranno,protinus</span> <span class='ocrx_word' id='word_1_942' title='bbox 897 3327 1027 3356; x_wconf 86' lang='lat' dir='ltr'>dentibus</span> <span class='ocrx_word' id='word_1_943' title='bbox 1037 3326 1174 3355; x_wconf 71' lang='lat' dir='ltr'>absciffinn</span> <span class='ocrx_word' id='word_1_944' title='bbox 1186 3328 1211 3356; x_wconf 53' lang='grc' dir='ltr'>ἃ</span> <span class='ocrx_word' id='word_1_945' title='bbox 1222 3337 1364 3355; x_wconf 78' lang='lat' dir='ltr'>cominan-</span> 
     </span>
    </p>

    <p class='ocr_par' dir='ltr' id='par_1_32' title="bbox 252 3364 1364 3439">
     <span class='ocr_line' id='line_1_88' title="bbox 252 3364 1364 3439; baseline -0.008 -38"><span class='ocrx_word' id='word_1_946' title='bbox 252 3373 382 3439; x_wconf 55' lang='lat' dir='ltr'>Rpcatam</span> <span class='ocrx_word' id='word_1_947' title='bbox 401 3372 523 3408; x_wconf 82' lang='lat' dir='ltr'>linguam</span> <span class='ocrx_word' id='word_1_948' title='bbox 534 3372 562 3399; x_wconf 92' lang='lat' dir='ltr'>in</span> <span class='ocrx_word' id='word_1_949' title='bbox 576 3379 607 3399; x_wconf 87' lang='lat' dir='ltr'>os</span> <span class='ocrx_word' id='word_1_950' title='bbox 621 3371 679 3406; x_wconf 87' lang='lat' dir='ltr'>ejus</span> <span class='ocrx_word' id='word_1_951' title='bbox 696 3369 734 3397; x_wconf 81' lang='lat' dir='ltr'>ira</span> <span class='ocrx_word' id='word_1_952' title='bbox 746 3367 872 3406; x_wconf 88' lang='lat' dir='ltr'>patulum</span> <span class='ocrx_word' id='word_1_953' title='bbox 888 3364 1041 3402; x_wconf 73' lang='lat' dir='ltr'>conspuiss&#39;e</span> <span class='ocrx_word' id='word_1_954' title='bbox 1058 3364 1166 3393; x_wconf 85' lang='lat' dir='ltr'>dicitur.</span> <span class='ocrx_word' id='word_1_955' title='bbox 1197 3364 1285 3393; x_wconf 80' lang='lat' dir='ltr'>Testis</span> <span class='ocrx_word' id='word_1_956' title='bbox 1306 3364 1364 3393; x_wconf 82' lang='lat' dir='ltr'>Val.</span> 
     </span>
     <span class='ocr_line' id='line_1_89' title="bbox 287 3418 508 3438; baseline 0 0"><span class='ocrx_word' id='word_1_957' title='bbox 287 3419 329 3438; x_wconf 84' lang='lat' dir='ltr'>ax.</span> <span class='ocrx_word' id='word_1_958' title='bbox 363 3432 368 3437; x_wconf 93' lang='lat'>.</span> <span class='ocrx_word' id='word_1_959' title='bbox 401 3432 406 3438; x_wconf 90' lang='lat'>.</span> <span class='ocrx_word' id='word_1_960' title='bbox 419 3418 473 3438; x_wconf 85' lang='lat' dir='ltr'>ext.</span> <span class='ocrx_word' id='word_1_961' title='bbox 504 3432 508 3438; x_wconf 94' lang='lat'>.</span> 
     </span>
    </p>

    <p class='ocr_par' dir='ltr' id='par_1_33' title="bbox 216 3419 1363 3632">
     <span class='ocr_line' id='line_1_90' title="bbox 216 3419 1363 3482; baseline -0.01 -6"><span class='ocrx_word' id='word_1_962' title='bbox 216 3447 236 3476; x_wconf 85' lang='lat' dir='ltr'>A</span> <span class='ocrx_word' id='word_1_963' title='bbox 245 3456 265 3475; x_wconf 97' lang='lat' dir='ltr'>N</span> <span class='ocrx_word' id='word_1_964' title='bbox 277 3457 294 3475; x_wconf 93' lang='lat' dir='ltr'>A</span> <span class='ocrx_word' id='word_1_965' title='bbox 304 3456 321 3474; x_wconf 88' lang='lat' dir='ltr'>x</span> <span class='ocrx_word' id='word_1_966' title='bbox 331 3419 370 3475; x_wconf 63' lang='lat' dir='ltr'>isi&lt;</span> <span class='ocrx_word' id='word_1_967' title='bbox 380 3419 396 3475; x_wconf 69' lang='grc' dir='ltr'>ιΞῑ</span> <span class='ocrx_word' id='word_1_968' title='bbox 406 3456 425 3474; x_wconf 72' lang='grc' dir='ltr'>τ</span> <span class='ocrx_word' id='word_1_969' title='bbox 435 3457 448 3474; x_wconf 77' lang='lat' dir='ltr'>s</span> <span class='ocrx_word' id='word_1_970' title='bbox 457 3468 465 3480; x_wconf 85' lang='lat'>,</span> <span class='ocrx_word' id='word_1_971' title='bbox 484 3421 501 3482; x_wconf 56' lang='grc' dir='ltr'>ἶ</span> <span class='ocrx_word' id='word_1_972' title='bbox 519 3445 652 3480; x_wconf 41' lang='lat' dir='ltr'>[siccidam</span> <span class='ocrx_word' id='word_1_973' title='bbox 667 3444 683 3478; x_wconf 86' lang='lat'><em>]</em></span> <span class='ocrx_word' id='word_1_974' title='bbox 702 3442 794 3472; x_wconf 74' lang='lat' dir='ltr'>Puella</span> <span class='ocrx_word' id='word_1_975' title='bbox 805 3442 856 3471; x_wconf 90' lang='lat' dir='ltr'>fuit</span> <span class='ocrx_word' id='word_1_976' title='bbox 866 3440 976 3478; x_wconf 80' lang='lat' dir='ltr'>Cypria,</span> <span class='ocrx_word' id='word_1_977' title='bbox 987 3448 1021 3467; x_wconf 83' lang='lat' dir='ltr'>ex</span> <span class='ocrx_word' id='word_1_978' title='bbox 1030 3438 1168 3467; x_wconf 75' lang='lat' dir='ltr'>Salamine</span> <span class='ocrx_word' id='word_1_979' title='bbox 1179 3438 1295 3475; x_wconf 88' lang='lat' dir='ltr'>oppido,</span> <span class='ocrx_word' id='word_1_980' title='bbox 1310 3439 1363 3467; x_wconf 85' lang='lat' dir='ltr'>for-</span> 
     </span>
     <span class='ocr_line' id='line_1_91' title="bbox 252 3475 1363 3520; baseline -0.006 -8"><span class='ocrx_word' id='word_1_981' title='bbox 252 3484 426 3520; x_wconf 84' lang='lat' dir='ltr'>mainlignis‚</span> <span class='ocrx_word' id='word_1_982' title='bbox 447 3485 470 3512; x_wconf 63' lang='lat' dir='ltr'>a</span> <span class='ocrx_word' id='word_1_983' title='bbox 484 3484 555 3520; x_wconf 81' lang='lat' dir='ltr'>regia</span> <span class='ocrx_word' id='word_1_984' title='bbox 569 3483 651 3520; x_wconf 85' lang='lat' dir='ltr'>stirpe</span> <span class='ocrx_word' id='word_1_985' title='bbox 661 3480 785 3519; x_wconf 84' lang='lat' dir='ltr'>superba,</span> <span class='ocrx_word' id='word_1_986' title='bbox 798 3490 807 3508; x_wconf 80' lang='lat'>&lt;</span> <span class='ocrx_word' id='word_1_987' title='bbox 817 3489 878 3508; x_wconf 83' lang='lat' dir='ltr'>uam</span> <span class='ocrx_word' id='word_1_988' title='bbox 888 3487 973 3515; x_wconf 84' lang='lat' dir='ltr'>quum</span> <span class='ocrx_word' id='word_1_989' title='bbox 983 3476 1065 3514; x_wconf 78' lang='lat' dir='ltr'>lphis,</span> <span class='ocrx_word' id='word_1_990' title='bbox 1093 3475 1192 3505; x_wconf 67' lang='lat' dir='ltr'>infimzt</span> <span class='ocrx_word' id='word_1_991' title='bbox 1203 3476 1279 3504; x_wconf 75' lang='lat' dir='ltr'>sortis</span> <span class='ocrx_word' id='word_1_992' title='bbox 1289 3477 1363 3511; x_wconf 61' lang='lat' dir='ltr'>iuven</span> 
     </span>
     <span class='ocr_line' id='line_1_92' title="bbox 250 3491 1361 3558; baseline -0.007 -8"><span class='ocrx_word' id='word_1_993' title='bbox 250 3522 293 3550; x_wconf 86' lang='lat' dir='ltr'>nis</span> <span class='ocrx_word' id='word_1_994' title='bbox 303 3520 479 3558; x_wconf 83' lang='lat' dir='ltr'>perditillime</span> <span class='ocrx_word' id='word_1_995' title='bbox 489 3527 605 3553; x_wconf 80' lang='lat' dir='ltr'>amaret,</span> <span class='ocrx_word' id='word_1_996' title='bbox 621 3521 646 3549; x_wconf 74' lang='lat' dir='ltr'>St</span> <span class='ocrx_word' id='word_1_997' title='bbox 658 3520 692 3548; x_wconf 85' lang='lat' dir='ltr'>ab</span> <span class='ocrx_word' id='word_1_998' title='bbox 700 3529 732 3548; x_wconf 74' lang='lat' dir='ltr'>ea</span> <span class='ocrx_word' id='word_1_999' title='bbox 743 3491 866 3547; x_wconf 76' lang='lat' dir='ltr'>ludibrio</span> <span class='ocrx_word' id='word_1_1000' title='bbox 879 3516 1023 3545; x_wconf 81' lang='lat' dir='ltr'>haberetur</span> <span class='ocrx_word' id='word_1_1001' title='bbox 1036 3536 1043 3549; x_wconf 61' lang='lat'><strong>⁷</strong></span> <span class='ocrx_word' id='word_1_1002' title='bbox 1063 3509 1167 3542; x_wconf 80' lang='lat' dir='ltr'>doloris</span> <span class='ocrx_word' id='word_1_1003' title='bbox 1179 3514 1361 3550; x_wconf 77' lang='lat' dir='ltr'>impatientia,</span> 
     </span>
     <span class='ocr_line' id='line_1_93' title="bbox 250 3551 1362 3595; baseline -0.006 -8"><span class='ocrx_word' id='word_1_1004' title='bbox 250 3558 304 3587; x_wconf 85' lang='lat' dir='ltr'>sese</span> <span class='ocrx_word' id='word_1_1005' title='bbox 317 3559 433 3587; x_wconf 72' lang='lat' dir='ltr'>adfores</span> <span class='ocrx_word' id='word_1_1006' title='bbox 449 3559 507 3593; x_wconf 88' lang='lat' dir='ltr'>ejus</span> <span class='ocrx_word' id='word_1_1007' title='bbox 519 3558 672 3595; x_wconf 79' lang='lat' dir='ltr'>suspendit:</span> <span class='ocrx_word' id='word_1_1008' title='bbox 695 3557 773 3592; x_wconf 79' lang='lat' dir='ltr'>cujus</span> <span class='ocrx_word' id='word_1_1009' title='bbox 786 3556 868 3584; x_wconf 81' lang='lat' dir='ltr'>funus</span> <span class='ocrx_word' id='word_1_1010' title='bbox 880 3560 965 3591; x_wconf 82' lang='lat' dir='ltr'>quum</span> <span class='ocrx_word' id='word_1_1011' title='bbox 976 3553 1125 3581; x_wconf 82' lang='lat' dir='ltr'>Anaxarete</span> <span class='ocrx_word' id='word_1_1012' title='bbox 1136 3551 1212 3579; x_wconf 83' lang='lat' dir='ltr'>siccis</span> <span class='ocrx_word' id='word_1_1013' title='bbox 1230 3552 1362 3580; x_wconf 85' lang='lat' dir='ltr'>immotis-</span> 
     </span>
     <span class='ocr_line' id='line_1_94' title="bbox 251 3589 1252 3632; baseline -0.011 -7"><span class='ocrx_word' id='word_1_1014' title='bbox 251 3605 304 3632; x_wconf 74' lang='lat' dir='ltr'>que</span> <span class='ocrx_word' id='word_1_1015' title='bbox 314 3595 400 3624; x_wconf 89' lang='lat' dir='ltr'>oculis</span> <span class='ocrx_word' id='word_1_1016' title='bbox 411 3596 570 3629; x_wconf 74' lang='lat' dir='ltr'>intueretur,</span> <span class='ocrx_word' id='word_1_1017' title='bbox 582 3594 709 3623; x_wconf 61' lang='lat' dir='ltr'>ins-axum</span> <span class='ocrx_word' id='word_1_1018' title='bbox 721 3594 759 3623; x_wconf 86' lang='lat' dir='ltr'>est</span> <span class='ocrx_word' id='word_1_1019' title='bbox 768 3592 905 3622; x_wconf 77' lang='lat' dir='ltr'>conversa.</span> <span class='ocrx_word' id='word_1_1020' title='bbox 935 3590 1015 3619; x_wconf 88' lang='lat' dir='ltr'>Ovid.</span> <span class='ocrx_word' id='word_1_1021' title='bbox 1043 3599 1083 3624; x_wconf 86' lang='lat'>14.</span> <span class='ocrx_word' id='word_1_1022' title='bbox 1100 3589 1169 3617; x_wconf 84' lang='lat' dir='ltr'>Met.</span> <span class='ocrx_word' id='word_1_1023' title='bbox 1190 3594 1252 3623; x_wconf 82' lang='lat'>699.</span> 
     </span>
    </p>

    <p class='ocr_par' dir='ltr' id='par_1_34' title="bbox 215 3625 1362 3745">
     <span class='ocr_line' id='line_1_95' title="bbox 215 3625 1361 3667; baseline -0.007 -6"><span class='ocrx_word' id='word_1_1024' title='bbox 215 3633 232 3661; x_wconf 97' lang='lat' dir='ltr'>A</span> <span class='ocrx_word' id='word_1_1025' title='bbox 242 3642 261 3661; x_wconf 88' lang='grc' dir='ltr'><strong>Ν</strong></span> <span class='ocrx_word' id='word_1_1026' title='bbox 272 3643 289 3661; x_wconf 88' lang='lat' dir='ltr'>A</span> <span class='ocrx_word' id='word_1_1027' title='bbox 299 3642 316 3661; x_wconf 86' lang='lat' dir='ltr'>x</span> <span class='ocrx_word' id='word_1_1028' title='bbox 327 3643 339 3660; x_wconf 78' lang='grc' dir='ltr'>ιτ,</span> <span class='ocrx_word' id='word_1_1029' title='bbox 348 3642 365 3660; x_wconf 88' lang='grc' dir='ltr'><strong>Ν</strong></span> <span class='ocrx_word' id='word_1_1030' title='bbox 374 3643 391 3660; x_wconf 91' lang='lat' dir='ltr'>o</span> <span class='ocrx_word' id='word_1_1031' title='bbox 403 3642 417 3659; x_wconf 64' lang='grc' dir='ltr'>τ’.</span> <span class='ocrx_word' id='word_1_1032' title='bbox 426 3654 433 3666; x_wconf 86' lang='lat'>,</span> <span class='ocrx_word' id='word_1_1033' title='bbox 456 3634 469 3667; x_wconf 91' lang='lat'>[</span> <span class='ocrx_word' id='word_1_1034' title='bbox 483 3636 601 3667; x_wconf 47' lang='lat' dir='ltr'>Alagma-:g</span> <span class='ocrx_word' id='word_1_1035' title='bbox 617 3632 631 3666; x_wconf 90' lang='lat'>]</span> <span class='ocrx_word' id='word_1_1036' title='bbox 647 3631 822 3660; x_wconf 68' lang='lat' dir='ltr'>citharoedus</span> <span class='ocrx_word' id='word_1_1037' title='bbox 839 3630 891 3659; x_wconf 84' lang='lat' dir='ltr'>fuit</span> <span class='ocrx_word' id='word_1_1038' title='bbox 904 3651 911 3663; x_wconf 92' lang='lat'>,</span> <span class='ocrx_word' id='word_1_1039' title='bbox 932 3637 1014 3665; x_wconf 85' lang='lat' dir='ltr'>quem</span> <span class='ocrx_word' id='word_1_1040' title='bbox 1026 3626 1163 3663; x_wconf 74' lang='lat' dir='ltr'>Magnesia</span> <span class='ocrx_word' id='word_1_1041' title='bbox 1174 3625 1268 3654; x_wconf 75' lang='lat' dir='ltr'>civitas</span> <span class='ocrx_word' id='word_1_1042' title='bbox 1281 3626 1361 3655; x_wconf 82' lang='lat' dir='ltr'>valde</span> 
     </span>
     <span class='ocr_line' id='line_1_96' title="bbox 250 3663 1362 3708; baseline -0.007 -9"><span class='ocrx_word' id='word_1_1043' title='bbox 250 3669 349 3699; x_wconf 86' lang='lat' dir='ltr'>extulit</span> <span class='ocrx_word' id='word_1_1044' title='bbox 358 3691 365 3704; x_wconf 86' lang='lat'><strong>‚</strong></span> <span class='ocrx_word' id='word_1_1045' title='bbox 390 3669 435 3698; x_wconf 84' lang='lat' dir='ltr'>sed</span> <span class='ocrx_word' id='word_1_1046' title='bbox 447 3669 584 3708; x_wconf 60' lang='lat' dir='ltr'>magislvl.</span> <span class='ocrx_word' id='word_1_1047' title='bbox 599 3670 743 3703; x_wconf 86' lang='lat' dir='ltr'>Antonius,</span> <span class='ocrx_word' id='word_1_1048' title='bbox 756 3669 802 3705; x_wconf 88' lang='lat' dir='ltr'>qui</span> <span class='ocrx_word' id='word_1_1049' title='bbox 814 3675 929 3705; x_wconf 86' lang='lat' dir='ltr'>quatuor</span> <span class='ocrx_word' id='word_1_1050' title='bbox 940 3665 1082 3694; x_wconf 84' lang='lat' dir='ltr'>civitatum</span> <span class='ocrx_word' id='word_1_1051' title='bbox 1095 3665 1120 3693; x_wconf 87' lang='lat' dir='ltr'>ei</span> <span class='ocrx_word' id='word_1_1052' title='bbox 1133 3663 1235 3693; x_wconf 86' lang='lat' dir='ltr'>tributa</span> <span class='ocrx_word' id='word_1_1053' title='bbox 1245 3663 1362 3700; x_wconf 77' lang='lat' dir='ltr'>legenda</span> 
     </span>
     <span class='ocr_line' id='line_1_97' title="bbox 249 3706 737 3745; baseline -0.004 -9"><span class='ocrx_word' id='word_1_1054' title='bbox 249 3708 374 3745; x_wconf 67' lang='lat' dir='ltr'>praebuit.</span> <span class='ocrx_word' id='word_1_1055' title='bbox 416 3706 518 3735; x_wconf 87' lang='lat' dir='ltr'>Author</span> <span class='ocrx_word' id='word_1_1056' title='bbox 529 3706 625 3735; x_wconf 72' lang='lat' dir='ltr'>Strabo</span> <span class='ocrx_word' id='word_1_1057' title='bbox 635 3706 682 3734; x_wconf 85' lang='lat' dir='ltr'>lib.</span> <span class='ocrx_word' id='word_1_1058' title='bbox 697 3717 737 3740; x_wconf 74' lang='lat'>¹4-</span> 
     </span>
    </p>

    <p class='ocr_par' dir='ltr' id='par_1_35' title="bbox 211 3737 1359 3817">
     <span class='ocr_line' id='line_1_98' title="bbox 211 3737 1359 3779; baseline -0.006 -5"><span class='ocrx_word' id='word_1_1059' title='bbox 211 3745 233 3774; x_wconf 90' lang='lat' dir='ltr'>A</span> <span class='ocrx_word' id='word_1_1060' title='bbox 242 3754 260 3773; x_wconf 91' lang='grc' dir='ltr'><strong>Ν</strong></span> <span class='ocrx_word' id='word_1_1061' title='bbox 272 3754 289 3773; x_wconf 86' lang='lat' dir='ltr'>A</span> <span class='ocrx_word' id='word_1_1062' title='bbox 298 3753 388 3773; x_wconf 81' lang='lat' dir='ltr'>x11.A</span> <span class='ocrx_word' id='word_1_1063' title='bbox 397 3753 408 3772; x_wconf 88' lang='lat' dir='ltr'>s</span> <span class='ocrx_word' id='word_1_1064' title='bbox 417 3765 424 3778; x_wconf 83' lang='lat'><strong>‚</strong></span> <span class='ocrx_word' id='word_1_1065' title='bbox 461 3742 631 3779; x_wconf 59' lang='grc' dir='ltr'>[Α’ναιξιλᾏκ]</span> <span class='ocrx_word' id='word_1_1066' title='bbox 654 3743 741 3772; x_wconf 78' lang='lat' dir='ltr'>Poeta:</span> <span class='ocrx_word' id='word_1_1067' title='bbox 755 3743 855 3771; x_wconf 86' lang='lat' dir='ltr'>cornici</span> <span class='ocrx_word' id='word_1_1068' title='bbox 872 3751 975 3770; x_wconf 88' lang='lat' dir='ltr'>nomen</span> <span class='ocrx_word' id='word_1_1069' title='bbox 987 3762 994 3776; x_wconf 88' lang='lat'>,</span> <span class='ocrx_word' id='word_1_1070' title='bbox 1016 3741 1094 3776; x_wconf 87' lang='lat' dir='ltr'>cujus</span> <span class='ocrx_word' id='word_1_1071' title='bbox 1107 3738 1235 3768; x_wconf 84' lang='lat' dir='ltr'>meminit</span> <span class='ocrx_word' id='word_1_1072' title='bbox 1252 3737 1359 3767; x_wconf 83' lang='lat' dir='ltr'>Suitlas.</span> 
     </span>
     <span class='ocr_line' id='line_1_99' title="bbox 250 3775 1338 3817; baseline -0.006 -7"><span class='ocrx_word' id='word_1_1073' title='bbox 250 3781 279 3810; x_wconf 88' lang='lat' dir='ltr'>V.</span> <span class='ocrx_word' id='word_1_1074' title='bbox 302 3780 372 3809; x_wconf 79' lang='lat' dir='ltr'>Vofl&#39;.</span> <span class='ocrx_word' id='word_1_1075' title='bbox 386 3781 420 3809; x_wconf 89' lang='lat' dir='ltr'>de</span> <span class='ocrx_word' id='word_1_1076' title='bbox 437 3781 509 3809; x_wconf 84' lang='lat' dir='ltr'>Poet.</span> <span class='ocrx_word' id='word_1_1077' title='bbox 525 3783 570 3810; x_wconf 80' lang='lat' dir='ltr'>Gr.</span> <span class='ocrx_word' id='word_1_1078' title='bbox 586 3790 612 3817; x_wconf 89' lang='lat' dir='ltr'>p.</span> <span class='ocrx_word' id='word_1_1079' title='bbox 623 3790 667 3815; x_wconf 86' lang='lat'>49.</span> <span class='ocrx_word' id='word_1_1080' title='bbox 709 3782 724 3815; x_wconf 86' lang='lat'>[</span> <span class='ocrx_word' id='word_1_1081' title='bbox 737 3779 860 3808; x_wconf 70' lang='lat' dir='ltr'>Anaxilas</span> <span class='ocrx_word' id='word_1_1082' title='bbox 875 3780 949 3808; x_wconf 86' lang='lat' dir='ltr'>idem</span> <span class='ocrx_word' id='word_1_1083' title='bbox 958 3788 1061 3807; x_wconf 85' lang='lat' dir='ltr'>nornen</span> <span class='ocrx_word' id='word_1_1084' title='bbox 1075 3787 1106 3806; x_wconf 84' lang='lat' dir='ltr'>ac</span> <span class='ocrx_word' id='word_1_1085' title='bbox 1118 3777 1169 3813; x_wconf 83' lang='lat' dir='ltr'>seq.</span> <span class='ocrx_word' id='word_1_1086' title='bbox 1183 3775 1338 3805; x_wconf 80' lang='lat' dir='ltr'>Anaxilaus.</span> 
     </span>
    </p>

    <p class='ocr_par' dir='ltr' id='par_1_36' title="bbox 206 3813 1364 3854">
     <span class='ocr_line' id='line_1_100' title="bbox 206 3813 1364 3854; baseline -0.007 -5"><span class='ocrx_word' id='word_1_1087' title='bbox 206 3819 229 3850; x_wconf 83' lang='lat' dir='ltr'>A</span> <span class='ocrx_word' id='word_1_1088' title='bbox 240 3829 258 3847; x_wconf 89' lang='lat' dir='ltr'>N</span> <span class='ocrx_word' id='word_1_1089' title='bbox 270 3829 288 3847; x_wconf 91' lang='lat' dir='ltr'>A</span> <span class='ocrx_word' id='word_1_1090' title='bbox 296 3828 314 3847; x_wconf 85' lang='lat' dir='ltr'>x</span> <span class='ocrx_word' id='word_1_1091' title='bbox 326 3829 335 3846; x_wconf 84' lang='lat' dir='ltr'>r</span> <span class='ocrx_word' id='word_1_1092' title='bbox 344 3829 359 3846; x_wconf 90' lang='lat' dir='ltr'>r.</span> <span class='ocrx_word' id='word_1_1093' title='bbox 369 3828 388 3846; x_wconf 90' lang='lat' dir='ltr'>A</span> <span class='ocrx_word' id='word_1_1094' title='bbox 399 3828 414 3846; x_wconf 80' lang='grc' dir='ltr'><em>υ</em></span> <span class='ocrx_word' id='word_1_1095' title='bbox 424 3829 435 3847; x_wconf 82' lang='lat' dir='ltr'>s</span> <span class='ocrx_word' id='word_1_1096' title='bbox 446 3840 453 3853; x_wconf 84' lang='lat'>,</span> <span class='ocrx_word' id='word_1_1097' title='bbox 483 3817 679 3854; x_wconf 57' lang='grc' dir='ltr'>[Ἀναξίλαῶι]</span> <span class='ocrx_word' id='word_1_1098' title='bbox 708 3817 857 3846; x_wconf 79' lang='lat' dir='ltr'>Meffenius</span> <span class='ocrx_word' id='word_1_1099' title='bbox 870 3838 877 3851; x_wconf 86' lang='lat'>‚</span> <span class='ocrx_word' id='word_1_1100' title='bbox 900 3817 946 3853; x_wconf 81' lang='lat' dir='ltr'>qui</span> <span class='ocrx_word' id='word_1_1101' title='bbox 958 3815 1110 3845; x_wconf 80' lang='lat' dir='ltr'>Melsanam</span> <span class='ocrx_word' id='word_1_1102' title='bbox 1121 3816 1148 3843; x_wconf 90' lang='lat' dir='ltr'>in</span> <span class='ocrx_word' id='word_1_1103' title='bbox 1163 3813 1255 3843; x_wconf 82' lang='lat' dir='ltr'>Sicilia</span> <span class='ocrx_word' id='word_1_1104' title='bbox 1265 3813 1364 3842; x_wconf 86' lang='lat' dir='ltr'>condi-</span> 
     </span>
    </p>
   </div>
   <div class='ocr_carea' id='block_1_11' title="bbox 1414 80 2599 3853">
    <p class='ocr_par' dir='ltr' id='par_1_37' title="bbox 1446 80 2596 531">
     <span class='ocr_line' id='line_1_101' title="bbox 1446 80 2593 132; baseline 0.001 -14"><span class='ocrx_word' id='word_1_1105' title='bbox 1446 89 1489 132; x_wconf 79' lang='lat' dir='ltr'>dit</span> <span class='ocrx_word' id='word_1_1106' title='bbox 1499 111 1506 123; x_wconf 78' lang='lat'>,</span> <span class='ocrx_word' id='word_1_1107' title='bbox 1526 88 1772 131; x_wconf 77' lang='lat' dir='ltr'>fuitRheginorum</span> <span class='ocrx_word' id='word_1_1108' title='bbox 1781 93 1922 126; x_wconf 76' lang='lat' dir='ltr'>tyrannus.</span> <span class='ocrx_word' id='word_1_1109' title='bbox 1950 89 1975 117; x_wconf 85' lang='lat' dir='ltr'>ls</span> <span class='ocrx_word' id='word_1_1110' title='bbox 1986 98 2069 125; x_wconf 85' lang='lat' dir='ltr'>quum</span> <span class='ocrx_word' id='word_1_1111' title='bbox 2083 98 2180 125; x_wconf 80' lang='lat' dir='ltr'>parvos</span> <span class='ocrx_word' id='word_1_1112' title='bbox 2194 88 2359 125; x_wconf 77' lang='lat' dir='ltr'>relinqueret</span> <span class='ocrx_word' id='word_1_1113' title='bbox 2372 88 2481 124; x_wconf 75' lang='lat' dir='ltr'>liberos,</span> <span class='ocrx_word' id='word_1_1114' title='bbox 2491 80 2551 127; x_wconf 69' lang='lat' dir='ltr'>Mys</span> <span class='ocrx_word' id='word_1_1115' title='bbox 2590 95 2593 114; x_wconf 62' lang='grc' dir='ltr'>ἱ</span> 
     </span>
     <span class='ocr_line' id='line_1_102' title="bbox 1446 119 2593 163; baseline -0.001 -7"><span class='ocrx_word' id='word_1_1116' title='bbox 1446 128 1522 156; x_wconf 80' lang='lat' dir='ltr'>cltho</span> <span class='ocrx_word' id='word_1_1117' title='bbox 1535 131 1608 155; x_wconf 68' lang='lat' dir='ltr'>iervo</span> <span class='ocrx_word' id='word_1_1118' title='bbox 1619 126 1666 156; x_wconf 87' lang='lat' dir='ltr'>suo</span> <span class='ocrx_word' id='word_1_1119' title='bbox 1676 126 1879 155; x_wconf 74' lang='lat' dir='ltr'>commendass&#39;e</span> <span class='ocrx_word' id='word_1_1120' title='bbox 1890 134 2038 155; x_wconf 81' lang='lat' dir='ltr'>contentus</span> <span class='ocrx_word' id='word_1_1121' title='bbox 2051 126 2112 154; x_wconf 87' lang='lat' dir='ltr'>fuit.</span> <span class='ocrx_word' id='word_1_1122' title='bbox 2136 127 2159 155; x_wconf 90' lang='lat' dir='ltr'>ls</span> <span class='ocrx_word' id='word_1_1123' title='bbox 2172 126 2286 154; x_wconf 88' lang='lat' dir='ltr'>tutelam</span> <span class='ocrx_word' id='word_1_1124' title='bbox 2301 133 2358 155; x_wconf 84' lang='lat' dir='ltr'>tam</span> <span class='ocrx_word' id='word_1_1125' title='bbox 2368 126 2457 154; x_wconf 64' lang='lat' dir='ltr'>sanffie</span> <span class='ocrx_word' id='word_1_1126' title='bbox 2467 127 2549 163; x_wconf 74' lang='lat' dir='ltr'>geffit,</span> <span class='ocrx_word' id='word_1_1127' title='bbox 2590 119 2593 127; x_wconf 60' lang='grc'>’</span> 
     </span>
     <span class='ocr_line' id='line_1_103' title="bbox 1448 163 2553 213; baseline 0.001 -21"><span class='ocrx_word' id='word_1_1128' title='bbox 1448 165 1650 213; x_wconf 51' lang='lat' dir='ltr'>ini-’‘eriumqne</span> <span class='ocrx_word' id='word_1_1129' title='bbox 1660 173 1716 193; x_wconf 81' lang='lat' dir='ltr'>tam</span> <span class='ocrx_word' id='word_1_1130' title='bbox 1733 164 1884 193; x_wconf 79' lang='lat' dir='ltr'>clementer</span> <span class='ocrx_word' id='word_1_1131' title='bbox 1894 164 2016 192; x_wconf 75' lang='lat' dir='ltr'>obtinuit</span> <span class='ocrx_word' id='word_1_1132' title='bbox 2027 186 2034 197; x_wconf 89' lang='lat'>,</span> <span class='ocrx_word' id='word_1_1133' title='bbox 2057 171 2087 192; x_wconf 89' lang='lat' dir='ltr'>ut</span> <span class='ocrx_word' id='word_1_1134' title='bbox 2097 163 2216 200; x_wconf 74' lang='lat' dir='ltr'>Rbegini</span> <span class='ocrx_word' id='word_1_1135' title='bbox 2228 173 2242 192; x_wconf 82' lang='lat' dir='ltr'>a</span> <span class='ocrx_word' id='word_1_1136' title='bbox 2251 163 2326 192; x_wconf 86' lang='lat' dir='ltr'>servo</span> <span class='ocrx_word' id='word_1_1137' title='bbox 2345 163 2400 200; x_wconf 80' lang='lat' dir='ltr'>regi</span> <span class='ocrx_word' id='word_1_1138' title='bbox 2412 173 2469 191; x_wconf 87' lang='lat' dir='ltr'>non</span> <span class='ocrx_word' id='word_1_1139' title='bbox 2478 163 2553 193; x_wconf 84' lang='lat' dir='ltr'>dedi·-</span> 
     </span>
     <span class='ocr_line' id='line_1_104' title="bbox 1448 200 2593 238; baseline 0 -8"><span class='ocrx_word' id='word_1_1140' title='bbox 1448 210 1602 237; x_wconf 61' lang='lat' dir='ltr'>guarentur.</span> <span class='ocrx_word' id='word_1_1141' title='bbox 1634 202 1773 230; x_wconf 67' lang='lat' dir='ltr'>l’erduclis</span> <span class='ocrx_word' id='word_1_1142' title='bbox 1784 202 1886 230; x_wconf 80' lang='lat' dir='ltr'>deinde</span> <span class='ocrx_word' id='word_1_1143' title='bbox 1897 202 1925 229; x_wconf 89' lang='lat' dir='ltr'>in</span> <span class='ocrx_word' id='word_1_1144' title='bbox 1934 208 2041 230; x_wconf 68' lang='lat' dir='ltr'>:etatem</span> <span class='ocrx_word' id='word_1_1145' title='bbox 2052 202 2144 238; x_wconf 77' lang='lat' dir='ltr'>pueris</span> <span class='ocrx_word' id='word_1_1146' title='bbox 2159 223 2166 234; x_wconf 86' lang='lat'>,</span> <span class='ocrx_word' id='word_1_1147' title='bbox 2189 202 2214 229; x_wconf 71' lang='grc'>8(</span> <span class='ocrx_word' id='word_1_1148' title='bbox 2226 200 2297 229; x_wconf 79' lang='lat' dir='ltr'>bona</span> <span class='ocrx_word' id='word_1_1149' title='bbox 2309 202 2334 230; x_wconf 74' lang='lat' dir='ltr'>St</span> <span class='ocrx_word' id='word_1_1150' title='bbox 2346 200 2491 237; x_wconf 85' lang='lat' dir='ltr'>imperium</span> <span class='ocrx_word' id='word_1_1151' title='bbox 2503 207 2553 230; x_wconf 85' lang='lat' dir='ltr'>tra-</span> <span class='ocrx_word' id='word_1_1152' title='bbox 2590 220 2593 230; x_wconf 69' lang='grc' dir='ltr'>ι</span> 
     </span>
     <span class='ocr_line' id='line_1_105' title="bbox 1450 237 2592 276; baseline -0.001 -8"><span class='ocrx_word' id='word_1_1153' title='bbox 1450 240 1538 268; x_wconf 82' lang='lat' dir='ltr'>didit:</span> <span class='ocrx_word' id='word_1_1154' title='bbox 1560 239 1616 276; x_wconf 84' lang='lat' dir='ltr'>ipse</span> <span class='ocrx_word' id='word_1_1155' title='bbox 1626 249 1709 276; x_wconf 83' lang='lat' dir='ltr'>parvo</span> <span class='ocrx_word' id='word_1_1156' title='bbox 1721 239 1819 267; x_wconf 76' lang='lat' dir='ltr'>viatico</span> <span class='ocrx_word' id='word_1_1157' title='bbox 1835 239 1943 276; x_wconf 80' lang='lat' dir='ltr'>sumpto</span> <span class='ocrx_word' id='word_1_1158' title='bbox 1954 239 2094 276; x_wconf 69' lang='lat' dir='ltr'>profectus</span> <span class='ocrx_word' id='word_1_1159' title='bbox 2106 239 2160 267; x_wconf 80' lang='lat' dir='ltr'>est:</span> <span class='ocrx_word' id='word_1_1160' title='bbox 2183 240 2209 267; x_wconf 65' lang='grc' dir='ltr'>ἃ</span> <span class='ocrx_word' id='word_1_1161' title='bbox 2224 237 2362 275; x_wconf 65' lang='lat' dir='ltr'>Olympia:</span> <span class='ocrx_word' id='word_1_1162' title='bbox 2379 247 2443 266; x_wconf 91' lang='lat' dir='ltr'>cum</span> <span class='ocrx_word' id='word_1_1163' title='bbox 2452 237 2553 267; x_wconf 88' lang='lat' dir='ltr'>summa</span> <span class='ocrx_word' id='word_1_1164' title='bbox 2590 244 2592 259; x_wconf 72' lang='lat'>⁵</span> 
     </span>
     <span class='ocr_line' id='line_1_106' title="bbox 1449 275 2596 314; baseline 0.001 -9"><span class='ocrx_word' id='word_1_1165' title='bbox 1449 277 1646 314; x_wconf 78' lang='lat' dir='ltr'>tranquillitate</span> <span class='ocrx_word' id='word_1_1166' title='bbox 1663 276 1813 305; x_wconf 70' lang='lat' dir='ltr'>consenuit.</span> <span class='ocrx_word' id='word_1_1167' title='bbox 1836 276 1959 305; x_wconf 78' lang='lat' dir='ltr'>Macrob.</span> <span class='ocrx_word' id='word_1_1168' title='bbox 1976 287 1998 305; x_wconf 86' lang='lat'>1.</span> <span class='ocrx_word' id='word_1_1169' title='bbox 2011 276 2116 304; x_wconf 81' lang='lat' dir='ltr'>Saturn.</span> <span class='ocrx_word' id='word_1_1170' title='bbox 2129 285 2238 313; x_wconf 70' lang='lat' dir='ltr'>cap.11.</span> <span class='ocrx_word' id='word_1_1171' title='bbox 2258 276 2356 311; x_wconf 82' lang='lat' dir='ltr'>Justin.</span> <span class='ocrx_word' id='word_1_1172' title='bbox 2368 285 2394 310; x_wconf 93' lang='lat'>4.</span> <span class='ocrx_word' id='word_1_1173' title='bbox 2409 284 2435 303; x_wconf 87' lang='lat'>2.</span> <span class='ocrx_word' id='word_1_1174' title='bbox 2447 286 2472 310; x_wconf 84' lang='lat'>4.</span> <span class='ocrx_word' id='word_1_1175' title='bbox 2483 275 2554 305; x_wconf 72' lang='lat' dir='ltr'>adde</span> <span class='ocrx_word' id='word_1_1176' title='bbox 2589 279 2596 306; x_wconf 68' lang='lat' dir='ltr'>f}</span> 
     </span>
     <span class='ocr_line' id='line_1_107' title="bbox 1450 313 2519 351; baseline -0.004 -8"><span class='ocrx_word' id='word_1_1177' title='bbox 1450 315 1554 351; x_wconf 76' lang='lat' dir='ltr'>Spanh.</span> <span class='ocrx_word' id='word_1_1178' title='bbox 1583 315 1618 342; x_wconf 85' lang='lat' dir='ltr'>de</span> <span class='ocrx_word' id='word_1_1179' title='bbox 1634 314 1686 342; x_wconf 89' lang='lat' dir='ltr'>Usu</span> <span class='ocrx_word' id='word_1_1180' title='bbox 1698 315 1723 343; x_wconf 63' lang='grc' dir='ltr'>ἃ</span> <span class='ocrx_word' id='word_1_1181' title='bbox 1743 314 1826 342; x_wconf 69' lang='lat' dir='ltr'>Praest.</span> <span class='ocrx_word' id='word_1_1182' title='bbox 1836 314 1920 342; x_wconf 87' lang='lat' dir='ltr'>Num.</span> <span class='ocrx_word' id='word_1_1183' title='bbox 1939 313 1997 342; x_wconf 71' lang='lat' dir='ltr'>diff.</span> <span class='ocrx_word' id='word_1_1184' title='bbox 2009 319 2033 347; x_wconf 77' lang='lat'>8.</span> <span class='ocrx_word' id='word_1_1185' title='bbox 2046 324 2070 347; x_wconf 86' lang='lat' dir='ltr'>p.</span> <span class='ocrx_word' id='word_1_1186' title='bbox 2082 323 2142 347; x_wconf 75' lang='lat'>553.</span> <span class='ocrx_word' id='word_1_1187' title='bbox 2516 327 2519 329; x_wconf 93' lang='lat'>·</span> 
     </span>
     <span class='ocr_line' id='line_1_108' title="bbox 1450 346 2475 385; baseline -0.003 -4"><span class='ocrx_word' id='word_1_1188' title='bbox 1450 353 1525 381; x_wconf 67' lang='lat' dir='ltr'>Alius</span> <span class='ocrx_word' id='word_1_1189' title='bbox 1537 352 1595 385; x_wconf 77' lang='lat' dir='ltr'>eius</span> <span class='ocrx_word' id='word_1_1190' title='bbox 1605 352 1726 380; x_wconf 82' lang='lat' dir='ltr'>nominis</span> <span class='ocrx_word' id='word_1_1191' title='bbox 1735 351 1862 380; x_wconf 72' lang='lat' dir='ltr'>Medicus</span> <span class='ocrx_word' id='word_1_1192' title='bbox 1876 351 2011 380; x_wconf 80' lang='lat' dir='ltr'>laudatus.</span> <span class='ocrx_word' id='word_1_1193' title='bbox 2042 346 2107 379; x_wconf 84' lang='lat' dir='ltr'>l’lin.</span> <span class='ocrx_word' id='word_1_1194' title='bbox 2125 361 2164 385; x_wconf 87' lang='lat'>¹9-</span> <span class='ocrx_word' id='word_1_1195' title='bbox 2179 359 2208 378; x_wconf 91' lang='lat'>1:</span> <span class='ocrx_word' id='word_1_1196' title='bbox 2230 359 2274 385; x_wconf 82' lang='lat'>25.</span> <span class='ocrx_word' id='word_1_1197' title='bbox 2290 358 2331 385; x_wconf 84' lang='lat'>13.</span> <span class='ocrx_word' id='word_1_1198' title='bbox 2355 346 2380 379; x_wconf 69' lang='grc' dir='ltr'>ἃ</span> <span class='ocrx_word' id='word_1_1199' title='bbox 2393 358 2436 385; x_wconf 80' lang='lat'>30.</span> <span class='ocrx_word' id='word_1_1200' title='bbox 2449 355 2475 383; x_wconf 87' lang='lat'>8.</span> 
     </span>
     <span class='ocr_line' id='line_1_109' title="bbox 1451 388 2595 424; baseline -0.004 -6"><span class='ocrx_word' id='word_1_1201' title='bbox 1451 390 1521 418; x_wconf 74' lang='lat' dir='ltr'>ltern</span> <span class='ocrx_word' id='word_1_1202' title='bbox 1534 389 1692 418; x_wconf 76' lang='lat' dir='ltr'>Historicus.</span> <span class='ocrx_word' id='word_1_1203' title='bbox 1730 388 1759 416; x_wconf 90' lang='lat' dir='ltr'>V.</span> <span class='ocrx_word' id='word_1_1204' title='bbox 1778 389 1859 417; x_wconf 89' lang='lat' dir='ltr'>Dion.</span> <span class='ocrx_word' id='word_1_1205' title='bbox 1872 388 2010 417; x_wconf 79' lang='lat' dir='ltr'>Halicarn.</span> <span class='ocrx_word' id='word_1_1206' title='bbox 2031 389 2090 416; x_wconf 90' lang='lat' dir='ltr'>Ant.</span> <span class='ocrx_word' id='word_1_1207' title='bbox 2105 388 2183 416; x_wconf 80' lang='lat' dir='ltr'>Rom.</span> <span class='ocrx_word' id='word_1_1208' title='bbox 2199 397 2237 424; x_wconf 85' lang='lat' dir='ltr'>pr.</span> <span class='ocrx_word' id='word_1_1209' title='bbox 2591 407 2595 417; x_wconf 63' lang='lat'>.</span> 
     </span>
     <span class='ocr_line' id='line_1_110' title="bbox 1451 419 2592 463; baseline -0.001 -7"><span class='ocrx_word' id='word_1_1210' title='bbox 1451 427 1514 456; x_wconf 83' lang='lat' dir='ltr'>Fuit</span> <span class='ocrx_word' id='word_1_1211' title='bbox 1528 432 1656 463; x_wconf 64' lang='lat' dir='ltr'>praeterea</span> <span class='ocrx_word' id='word_1_1212' title='bbox 1675 426 1818 455; x_wconf 70' lang='lat' dir='ltr'>Anaxilaus</span> <span class='ocrx_word' id='word_1_1213' title='bbox 1830 426 1942 462; x_wconf 86' lang='lat' dir='ltr'>quidam</span> <span class='ocrx_word' id='word_1_1214' title='bbox 1954 436 1987 455; x_wconf 88' lang='lat' dir='ltr'>ex</span> <span class='ocrx_word' id='word_1_1215' title='bbox 2008 425 2281 454; x_wconf 68' lang='lat' dir='ltr'>Lacedaemoniorum</span> <span class='ocrx_word' id='word_1_1216' title='bbox 2299 423 2488 461; x_wconf 78' lang='lat' dir='ltr'>principibus,</span> <span class='ocrx_word' id='word_1_1217' title='bbox 2509 419 2556 461; x_wconf 84' lang='lat' dir='ltr'>qui</span> <span class='ocrx_word' id='word_1_1218' title='bbox 2590 423 2592 426; x_wconf 70' lang='grc'><strong>’</strong></span> 
     </span>
     <span class='ocr_line' id='line_1_111' title="bbox 1471 460 2556 501; baseline -0.001 -8"><span class='ocrx_word' id='word_1_1219' title='bbox 1471 475 1524 493; x_wconf 76' lang='lat' dir='ltr'>una</span> <span class='ocrx_word' id='word_1_1220' title='bbox 1539 473 1602 492; x_wconf 81' lang='lat' dir='ltr'>cuin</span> <span class='ocrx_word' id='word_1_1221' title='bbox 1621 463 1743 501; x_wconf 80' lang='lat' dir='ltr'>Lycurgo</span> <span class='ocrx_word' id='word_1_1222' title='bbox 1761 464 1791 492; x_wconf 89' lang='lat' dir='ltr'>in</span> <span class='ocrx_word' id='word_1_1223' title='bbox 1806 463 1916 492; x_wconf 83' lang='lat' dir='ltr'>vincula</span> <span class='ocrx_word' id='word_1_1224' title='bbox 1928 464 2071 498; x_wconf 60' lang='lat' dir='ltr'>conjefftus</span> <span class='ocrx_word' id='word_1_1225' title='bbox 2084 463 2153 497; x_wconf 78' lang='lat' dir='ltr'>furt,</span> <span class='ocrx_word' id='word_1_1226' title='bbox 2175 464 2200 492; x_wconf 64' lang='grc' dir='ltr'><strong>ἃ</strong></span> <span class='ocrx_word' id='word_1_1227' title='bbox 2210 460 2294 500; x_wconf 87' lang='lat' dir='ltr'>paulo</span> <span class='ocrx_word' id='word_1_1228' title='bbox 2304 461 2364 499; x_wconf 90' lang='lat' dir='ltr'>post</span> <span class='ocrx_word' id='word_1_1229' title='bbox 2379 470 2444 490; x_wconf 89' lang='lat' dir='ltr'>cum</span> <span class='ocrx_word' id='word_1_1230' title='bbox 2458 462 2556 492; x_wconf 80' lang='lat' dir='ltr'>eodem·</span> 
     </span>
     <span class='ocr_line' id='line_1_112' title="bbox 1469 499 2594 531; baseline -0.005 -1"><span class='ocrx_word' id='word_1_1231' title='bbox 1469 501 1618 530; x_wconf 76' lang='lat' dir='ltr'>absolutus.</span> <span class='ocrx_word' id='word_1_1232' title='bbox 1656 501 1686 529; x_wconf 90' lang='lat' dir='ltr'><strong>V.</strong></span> <span class='ocrx_word' id='word_1_1233' title='bbox 1711 500 1843 531; x_wconf 80' lang='lat' dir='ltr'>Plutarch.</span> <span class='ocrx_word' id='word_1_1234' title='bbox 1861 501 1889 529; x_wconf 90' lang='lat' dir='ltr'>in</span> <span class='ocrx_word' id='word_1_1235' title='bbox 1908 500 2055 529; x_wconf 82' lang='lat' dir='ltr'>Alcibiade.</span> <span class='ocrx_word' id='word_1_1236' title='bbox 2542 520 2546 524; x_wconf 94' lang='lat'>.</span> <span class='ocrx_word' id='word_1_1237' title='bbox 2588 499 2594 530; x_wconf 22' lang='lat'>¹,</span> 
     </span>
    </p>

    <p class='ocr_par' dir='ltr' id='par_1_38' title="bbox 1414 535 2599 722">
     <span class='ocr_line' id='line_1_113' title="bbox 1414 535 2594 580; baseline -0.003 -12"><span class='ocrx_word' id='word_1_1238' title='bbox 1414 541 1435 568; x_wconf 90' lang='lat' dir='ltr'>A</span> <span class='ocrx_word' id='word_1_1239' title='bbox 1445 549 1465 568; x_wconf 85' lang='lat' dir='ltr'>N</span> <span class='ocrx_word' id='word_1_1240' title='bbox 1476 550 1494 567; x_wconf 89' lang='lat' dir='ltr'>A</span> <span class='ocrx_word' id='word_1_1241' title='bbox 1506 549 1522 567; x_wconf 71' lang='lat' dir='ltr'>x</span> <span class='ocrx_word' id='word_1_1242' title='bbox 1535 550 1543 566; x_wconf 89' lang='lat'>1</span> <span class='ocrx_word' id='word_1_1243' title='bbox 1556 550 1569 566; x_wconf 71' lang='grc' dir='ltr'>ι</span> <span class='ocrx_word' id='word_1_1244' title='bbox 1582 550 1589 566; x_wconf 80' lang='grc' dir='ltr'><em>ι</em></span> <span class='ocrx_word' id='word_1_1245' title='bbox 1602 549 1619 580; x_wconf 74' lang='lat' dir='ltr'>n</span> <span class='ocrx_word' id='word_1_1246' title='bbox 1630 548 1642 566; x_wconf 75' lang='lat' dir='ltr'>r</span> <span class='ocrx_word' id='word_1_1247' title='bbox 1652 548 1664 567; x_wconf 88' lang='lat' dir='ltr'>s</span> <span class='ocrx_word' id='word_1_1248' title='bbox 1675 560 1683 573; x_wconf 94' lang='lat'>,</span> <span class='ocrx_word' id='word_1_1249' title='bbox 1713 535 1912 574; x_wconf 52' lang='grc' dir='ltr'>[Ἀναξιλιῦὴς]</span> <span class='ocrx_word' id='word_1_1250' title='bbox 1932 538 2044 567; x_wconf 87' lang='lat' dir='ltr'>Nomen</span> <span class='ocrx_word' id='word_1_1251' title='bbox 2058 536 2234 575; x_wconf 88' lang='lat' dir='ltr'>philosophi,</span> <span class='ocrx_word' id='word_1_1252' title='bbox 2252 537 2287 566; x_wconf 89' lang='lat' dir='ltr'>de</span> <span class='ocrx_word' id='word_1_1253' title='bbox 2306 546 2361 573; x_wconf 92' lang='lat' dir='ltr'>quo</span> <span class='ocrx_word' id='word_1_1254' title='bbox 2374 535 2556 573; x_wconf 79' lang='lat' dir='ltr'>Hieronymus</span> <span class='ocrx_word' id='word_1_1255' title='bbox 2591 535 2594 570; x_wconf 70' lang='grc' dir='ltr'>ζ</span> 
     </span>
     <span class='ocr_line' id='line_1_114' title="bbox 1452 573 2590 612; baseline -0.001 -8"><span class='ocrx_word' id='word_1_1256' title='bbox 1452 575 1734 610; x_wconf 82' lang='lat' dir='ltr'>contraJovrnianum</span> <span class='ocrx_word' id='word_1_1257' title='bbox 1746 575 1853 611; x_wconf 89' lang='lat' dir='ltr'>scribit,</span> <span class='ocrx_word' id='word_1_1258' title='bbox 1875 577 1950 612; x_wconf 90' lang='lat' dir='ltr'>quod</span> <span class='ocrx_word' id='word_1_1259' title='bbox 1964 576 1993 603; x_wconf 91' lang='lat' dir='ltr'>in</span> <span class='ocrx_word' id='word_1_1260' title='bbox 2004 575 2076 603; x_wconf 91' lang='lat' dir='ltr'>libro</span> <span class='ocrx_word' id='word_1_1261' title='bbox 2085 574 2206 604; x_wconf 89' lang='lat' dir='ltr'>secundo</span> <span class='ocrx_word' id='word_1_1262' title='bbox 2217 574 2398 611; x_wconf 61' lang='lat' dir='ltr'>philosophiae</span> <span class='ocrx_word' id='word_1_1263' title='bbox 2406 573 2500 603; x_wconf 85' lang='lat' dir='ltr'>afferat</span> <span class='ocrx_word' id='word_1_1264' title='bbox 2509 574 2557 604; x_wconf 84' lang='lat' dir='ltr'>Po.</span> <span class='ocrx_word' id='word_1_1265' title='bbox 2587 578 2590 603; x_wconf 76' lang='grc' dir='ltr'>ἰ</span> 
     </span>
     <span class='ocr_line' id='line_1_115' title="bbox 1451 609 2599 657; baseline -0.001 -15"><span class='ocrx_word' id='word_1_1266' title='bbox 1451 621 1547 656; x_wconf 75' lang='lat' dir='ltr'>ronam</span> <span class='ocrx_word' id='word_1_1267' title='bbox 1563 621 1678 657; x_wconf 74' lang='lat' dir='ltr'>matrem</span> <span class='ocrx_word' id='word_1_1268' title='bbox 1702 613 1822 656; x_wconf 61' lang='lat' dir='ltr'>Platonis</span> <span class='ocrx_word' id='word_1_1269' title='bbox 1838 613 2026 651; x_wconf 69' lang='lat' dir='ltr'>phantasmate</span> <span class='ocrx_word' id='word_1_1270' title='bbox 2043 612 2177 650; x_wconf 81' lang='lat' dir='ltr'>Apollinis</span> <span class='ocrx_word' id='word_1_1271' title='bbox 2186 611 2264 641; x_wconf 71' lang='lat' dir='ltr'>fuisse</span> <span class='ocrx_word' id='word_1_1272' title='bbox 2276 611 2449 649; x_wconf 70' lang='lat' dir='ltr'>oppressam,</span> <span class='ocrx_word' id='word_1_1273' title='bbox 2474 612 2565 649; x_wconf 50' lang='lat' dir='ltr'>quoda-</span> <span class='ocrx_word' id='word_1_1274' title='bbox 2593 609 2599 614; x_wconf 87' lang='grc'>’</span> 
     </span>
     <span class='ocr_line' id='line_1_116' title="bbox 1453 649 2563 688; baseline -0.003 -8"><span class='ocrx_word' id='word_1_1275' title='bbox 1453 662 1505 688; x_wconf 72' lang='lat' dir='ltr'>que</span> <span class='ocrx_word' id='word_1_1276' title='bbox 1520 653 1659 688; x_wconf 74' lang='lat' dir='ltr'>lapientrae</span> <span class='ocrx_word' id='word_1_1277' title='bbox 1668 656 1822 688; x_wconf 78' lang='lat' dir='ltr'>principem</span> <span class='ocrx_word' id='word_1_1278' title='bbox 1838 661 1893 679; x_wconf 89' lang='lat' dir='ltr'>non</span> <span class='ocrx_word' id='word_1_1279' title='bbox 1911 650 1989 679; x_wconf 83' lang='lat' dir='ltr'>aliter</span> <span class='ocrx_word' id='word_1_1280' title='bbox 2000 651 2145 679; x_wconf 87' lang='lat' dir='ltr'>arbitretur</span> <span class='ocrx_word' id='word_1_1281' title='bbox 2155 671 2163 685; x_wconf 87' lang='lat'>,</span> <span class='ocrx_word' id='word_1_1282' title='bbox 2182 650 2232 678; x_wconf 85' lang='lat' dir='ltr'>nili</span> <span class='ocrx_word' id='word_1_1283' title='bbox 2242 651 2277 678; x_wconf 89' lang='lat' dir='ltr'>de</span> <span class='ocrx_word' id='word_1_1284' title='bbox 2285 654 2365 687; x_wconf 84' lang='lat' dir='ltr'>partu</span> <span class='ocrx_word' id='word_1_1285' title='bbox 2376 649 2487 686; x_wconf 84' lang='lat' dir='ltr'>virginis</span> <span class='ocrx_word' id='word_1_1286' title='bbox 2504 650 2563 679; x_wconf 50' lang='lat' dir='ltr'>edi;¹</span> 
     </span>
     <span class='ocr_line' id='line_1_117' title="bbox 1451 688 1883 722; baseline 0 -5"><span class='ocrx_word' id='word_1_1287' title='bbox 1451 697 1519 718; x_wconf 89' lang='lat' dir='ltr'>tum.</span> <span class='ocrx_word' id='word_1_1288' title='bbox 1554 689 1582 717; x_wconf 93' lang='lat' dir='ltr'><strong>V.</strong></span> <span class='ocrx_word' id='word_1_1289' title='bbox 1606 690 1632 718; x_wconf 85' lang='lat'>&amp;</span> <span class='ocrx_word' id='word_1_1290' title='bbox 1646 688 1734 717; x_wconf 73' lang='lat' dir='ltr'>Laert.</span> <span class='ocrx_word' id='word_1_1291' title='bbox 1748 688 1765 716; x_wconf 94' lang='lat' dir='ltr'>l.</span> <span class='ocrx_word' id='word_1_1292' title='bbox 1782 697 1805 722; x_wconf 76' lang='lat'>3.</span> <span class='ocrx_word' id='word_1_1293' title='bbox 1818 689 1844 717; x_wconf 94' lang='lat' dir='ltr'>S.</span> <span class='ocrx_word' id='word_1_1294' title='bbox 1858 698 1883 717; x_wconf 82' lang='lat'>2.</span> 
     </span>
    </p>

    <p class='ocr_par' dir='ltr' id='par_1_39' title="bbox 1414 721 2596 911">
     <span class='ocr_line' id='line_1_118' title="bbox 1414 721 2593 768; baseline -0.001 -12"><span class='ocrx_word' id='word_1_1295' title='bbox 1414 726 1436 756; x_wconf 82' lang='lat' dir='ltr'>A</span> <span class='ocrx_word' id='word_1_1296' title='bbox 1446 736 1465 755; x_wconf 88' lang='lat' dir='ltr'>N</span> <span class='ocrx_word' id='word_1_1297' title='bbox 1475 737 1493 755; x_wconf 86' lang='lat' dir='ltr'>A</span> <span class='ocrx_word' id='word_1_1298' title='bbox 1504 737 1520 755; x_wconf 84' lang='lat' dir='ltr'>x</span> <span class='ocrx_word' id='word_1_1299' title='bbox 1532 727 1572 768; x_wconf 57' lang='lat' dir='ltr'>in</span> <span class='ocrx_word' id='word_1_1300' title='bbox 1582 737 1599 754; x_wconf 90' lang='lat' dir='ltr'>A</span> <span class='ocrx_word' id='word_1_1301' title='bbox 1609 735 1627 754; x_wconf 90' lang='lat' dir='ltr'>N</span> <span class='ocrx_word' id='word_1_1302' title='bbox 1639 737 1656 754; x_wconf 81' lang='grc' dir='ltr'>υ</span> <span class='ocrx_word' id='word_1_1303' title='bbox 1667 736 1680 754; x_wconf 73' lang='grc' dir='ltr'>ε</span> <span class='ocrx_word' id='word_1_1304' title='bbox 1690 736 1706 754; x_wconf 79' lang='lat' dir='ltr'>R</span> <span class='ocrx_word' id='word_1_1305' title='bbox 1717 748 1725 760; x_wconf 90' lang='lat'>,</span> <span class='ocrx_word' id='word_1_1306' title='bbox 1755 723 2005 761; x_wconf 38' lang='lat' dir='ltr'>[Awgiffquobmff]</span> <span class='ocrx_word' id='word_1_1307' title='bbox 2026 723 2163 754; x_wconf 83' lang='lat' dir='ltr'>Praxiadis</span> <span class='ocrx_word' id='word_1_1308' title='bbox 2181 724 2219 754; x_wconf 84' lang='lat' dir='ltr'>fil.</span> <span class='ocrx_word' id='word_1_1309' title='bbox 2230 723 2351 754; x_wconf 81' lang='lat' dir='ltr'>Milefius</span> <span class='ocrx_word' id='word_1_1310' title='bbox 2360 721 2539 762; x_wconf 83' lang='lat' dir='ltr'>philosophus</span> <span class='ocrx_word' id='word_1_1311' title='bbox 2548 747 2558 761; x_wconf 93' lang='lat'>,</span> <span class='ocrx_word' id='word_1_1312' title='bbox 2590 737 2593 759; x_wconf 66' lang='lat'>1,</span> 
     </span>
     <span class='ocr_line' id='line_1_119' title="bbox 1452 760 2560 801; baseline -0.001 -8"><span class='ocrx_word' id='word_1_1313' title='bbox 1452 764 1577 793; x_wconf 79' lang='lat' dir='ltr'>Thaletis</span> <span class='ocrx_word' id='word_1_1314' title='bbox 1588 763 1687 793; x_wconf 86' lang='lat' dir='ltr'>sodalis</span> <span class='ocrx_word' id='word_1_1315' title='bbox 1695 786 1702 797; x_wconf 79' lang='lat'>,</span> <span class='ocrx_word' id='word_1_1316' title='bbox 1724 765 1829 801; x_wconf 88' lang='lat' dir='ltr'>primus</span> <span class='ocrx_word' id='word_1_1317' title='bbox 1839 770 1915 792; x_wconf 82' lang='lat' dir='ltr'>terrae</span> <span class='ocrx_word' id='word_1_1318' title='bbox 1925 763 2060 799; x_wconf 86' lang='lat' dir='ltr'>marisque</span> <span class='ocrx_word' id='word_1_1319' title='bbox 2069 763 2199 791; x_wconf 88' lang='lat' dir='ltr'>circuitus</span> <span class='ocrx_word' id='word_1_1320' title='bbox 2211 761 2350 799; x_wconf 71' lang='lat' dir='ltr'>descripsit</span> <span class='ocrx_word' id='word_1_1321' title='bbox 2362 784 2370 796; x_wconf 83' lang='lat'>‚</span> <span class='ocrx_word' id='word_1_1322' title='bbox 2393 763 2419 791; x_wconf 64' lang='grc' dir='ltr'>ὃς</span> <span class='ocrx_word' id='word_1_1323' title='bbox 2430 760 2560 798; x_wconf 79' lang='lat' dir='ltr'>sphaeram</span> 
     </span>
     <span class='ocr_line' id='line_1_120' title="bbox 1452 798 2595 839; baseline -0.001 -9"><span class='ocrx_word' id='word_1_1324' title='bbox 1452 801 1562 839; x_wconf 87' lang='lat' dir='ltr'>insuper</span> <span class='ocrx_word' id='word_1_1325' title='bbox 1570 801 1865 838; x_wconf 82' lang='lat' dir='ltr'>construxit,utinquit</span> <span class='ocrx_word' id='word_1_1326' title='bbox 1874 801 2063 830; x_wconf 85' lang='lat' dir='ltr'>Laertius.Hic</span> <span class='ocrx_word' id='word_1_1327' title='bbox 2075 800 2146 829; x_wconf 81' lang='lat' dir='ltr'>dixit</span> <span class='ocrx_word' id='word_1_1328' title='bbox 2155 800 2321 828; x_wconf 84' lang='lat' dir='ltr'>infinitatem</span> <span class='ocrx_word' id='word_1_1329' title='bbox 2334 809 2423 828; x_wconf 86' lang='lat' dir='ltr'>rerum</span> <span class='ocrx_word' id='word_1_1330' title='bbox 2436 799 2530 829; x_wconf 89' lang='lat' dir='ltr'>omniu</span> <span class='ocrx_word' id='word_1_1331' title='bbox 2590 798 2595 809; x_wconf 63' lang='lat'><strong>⁵</strong></span> 
     </span>
     <span class='ocr_line' id='line_1_121' title="bbox 1452 834 2596 876; baseline -0.001 -8"><span class='ocrx_word' id='word_1_1332' title='bbox 1452 838 1637 876; x_wconf 72' lang='lat' dir='ltr'>generationis</span> <span class='ocrx_word' id='word_1_1333' title='bbox 1646 846 1726 876; x_wconf 74' lang='lat' dir='ltr'>atque</span> <span class='ocrx_word' id='word_1_1334' title='bbox 1735 840 1919 876; x_wconf 78' lang='lat' dir='ltr'>corruptionis</span> <span class='ocrx_word' id='word_1_1335' title='bbox 1927 838 2033 867; x_wconf 82' lang='lat' dir='ltr'>causam</span> <span class='ocrx_word' id='word_1_1336' title='bbox 2046 837 2107 866; x_wconf 82' lang='lat' dir='ltr'>effe.</span> <span class='ocrx_word' id='word_1_1337' title='bbox 2148 837 2276 866; x_wconf 64' lang='lat' dir='ltr'>Praeterea</span> <span class='ocrx_word' id='word_1_1338' title='bbox 2284 836 2393 874; x_wconf 75' lang='lat' dir='ltr'>sphaerae.</span> <span class='ocrx_word' id='word_1_1339' title='bbox 2404 837 2498 865; x_wconf 86' lang='lat' dir='ltr'>formae</span> <span class='ocrx_word' id='word_1_1340' title='bbox 2544 847 2560 867; x_wconf 82' lang='lat' dir='ltr'>e</span> <span class='ocrx_word' id='word_1_1341' title='bbox 2588 834 2596 870; x_wconf 52' lang='grc' dir='ltr'>μ’</span> 
     </span>
     <span class='ocr_line' id='line_1_122' title="bbox 1452 874 2595 911; baseline -0.002 -6"><span class='ocrx_word' id='word_1_1342' title='bbox 1452 884 1555 906; x_wconf 84' lang='lat' dir='ltr'>terram</span> <span class='ocrx_word' id='word_1_1343' title='bbox 1566 876 1657 906; x_wconf 74' lang='lat' dir='ltr'>asserit</span> <span class='ocrx_word' id='word_1_1344' title='bbox 1666 878 1695 905; x_wconf 88' lang='lat' dir='ltr'>in</span> <span class='ocrx_word' id='word_1_1345' title='bbox 1704 884 1799 905; x_wconf 86' lang='lat' dir='ltr'>centro</span> <span class='ocrx_word' id='word_1_1346' title='bbox 1809 877 1907 905; x_wconf 86' lang='lat' dir='ltr'>mundi</span> <span class='ocrx_word' id='word_1_1347' title='bbox 1915 874 2087 905; x_wconf 84' lang='lat' dir='ltr'>collocatam.</span> <span class='ocrx_word' id='word_1_1348' title='bbox 2125 874 2156 904; x_wconf 85' lang='lat' dir='ltr'>V.</span> <span class='ocrx_word' id='word_1_1349' title='bbox 2179 874 2363 905; x_wconf 67' lang='lat' dir='ltr'>FabricAEibl.</span> <span class='ocrx_word' id='word_1_1350' title='bbox 2376 875 2418 904; x_wconf 90' lang='lat' dir='ltr'>Gr.</span> <span class='ocrx_word' id='word_1_1351' title='bbox 2437 884 2462 903; x_wconf 90' lang='lat'>2.</span> <span class='ocrx_word' id='word_1_1352' title='bbox 2473 883 2515 909; x_wconf 83' lang='lat'>23.</span> <span class='ocrx_word' id='word_1_1353' title='bbox 2532 881 2558 909; x_wconf 82' lang='lat'>8.</span> <span class='ocrx_word' id='word_1_1354' title='bbox 2588 875 2595 911; x_wconf 52' lang='grc' dir='ltr'><strong><em>Γ</em></strong></span> 
     </span>
    </p>

    <p class='ocr_par' dir='ltr' id='par_1_40' title="bbox 1415 910 2595 1405">
     <span class='ocr_line' id='line_1_123' title="bbox 1415 910 2595 950; baseline -0.001 -7"><span class='ocrx_word' id='word_1_1355' title='bbox 1415 914 1436 944; x_wconf 89' lang='lat' dir='ltr'>A</span> <span class='ocrx_word' id='word_1_1356' title='bbox 1446 924 1465 943; x_wconf 88' lang='lat' dir='ltr'>N</span> <span class='ocrx_word' id='word_1_1357' title='bbox 1477 925 1495 943; x_wconf 88' lang='lat' dir='ltr'>A</span> <span class='ocrx_word' id='word_1_1358' title='bbox 1505 924 1522 943; x_wconf 79' lang='lat' dir='ltr'>x</span> <span class='ocrx_word' id='word_1_1359' title='bbox 1534 917 1572 943; x_wconf 69' lang='lat' dir='ltr'>rm</span> <span class='ocrx_word' id='word_1_1360' title='bbox 1581 915 1596 942; x_wconf 74' lang='grc' dir='ltr'>ἑ</span> <span class='ocrx_word' id='word_1_1361' title='bbox 1606 924 1626 942; x_wconf 90' lang='grc' dir='ltr'><strong>Ν</strong></span> <span class='ocrx_word' id='word_1_1362' title='bbox 1635 924 1649 942; x_wconf 83' lang='lat' dir='ltr'>s</span> <span class='ocrx_word' id='word_1_1363' title='bbox 1659 924 1670 943; x_wconf 89' lang='lat' dir='ltr'>s</span> <span class='ocrx_word' id='word_1_1364' title='bbox 1682 936 1690 948; x_wconf 79' lang='lat'>,</span> <span class='ocrx_word' id='word_1_1365' title='bbox 1712 915 1726 949; x_wconf 84' lang='lat'>[</span> <span class='ocrx_word' id='word_1_1366' title='bbox 1741 910 1888 947; x_wconf 57' lang='lat' dir='ltr'>&#39;Avuimsslw‘m</span> <span class='ocrx_word' id='word_1_1367' title='bbox 1904 915 1919 948; x_wconf 86' lang='lat'>]</span> <span class='ocrx_word' id='word_1_1368' title='bbox 1940 912 2121 950; x_wconf 82' lang='lat' dir='ltr'>Philosophus</span> <span class='ocrx_word' id='word_1_1369' title='bbox 2133 913 2186 942; x_wconf 86' lang='lat' dir='ltr'>fuit</span> <span class='ocrx_word' id='word_1_1370' title='bbox 2196 935 2204 947; x_wconf 94' lang='lat'>,</span> <span class='ocrx_word' id='word_1_1371' title='bbox 2225 912 2361 941; x_wconf 84' lang='lat' dir='ltr'>Euristrati</span> <span class='ocrx_word' id='word_1_1372' title='bbox 2371 912 2443 941; x_wconf 84' lang='lat' dir='ltr'>filius</span> <span class='ocrx_word' id='word_1_1373' title='bbox 2454 934 2462 946; x_wconf 92' lang='lat'>,</span> <span class='ocrx_word' id='word_1_1374' title='bbox 2483 911 2562 942; x_wconf 61' lang='lat' dir='ltr'>Miles</span> <span class='ocrx_word' id='word_1_1375' title='bbox 2588 918 2595 937; x_wconf 59' lang='grc' dir='ltr'><em>ὃ</em></span> 
     </span>
     <span class='ocr_line' id='line_1_124' title="bbox 1454 940 2595 989; baseline -0.001 -8"><span class='ocrx_word' id='word_1_1376' title='bbox 1454 950 1524 981; x_wconf 69' lang='lat' dir='ltr'>sius:</span> <span class='ocrx_word' id='word_1_1377' title='bbox 1561 952 1757 981; x_wconf 76' lang='lat' dir='ltr'>Anaximandri</span> <span class='ocrx_word' id='word_1_1378' title='bbox 1781 951 1949 989; x_wconf 87' lang='lat' dir='ltr'>discipulus,</span> <span class='ocrx_word' id='word_1_1379' title='bbox 1979 950 2185 986; x_wconf 80' lang='lat' dir='ltr'>succefforque,</span> <span class='ocrx_word' id='word_1_1380' title='bbox 2207 951 2254 987; x_wconf 91' lang='lat' dir='ltr'>qui</span> <span class='ocrx_word' id='word_1_1381' title='bbox 2274 959 2309 978; x_wconf 90' lang='lat' dir='ltr'>eo</span> <span class='ocrx_word' id='word_1_1382' title='bbox 2335 949 2380 978; x_wconf 91' lang='lat' dir='ltr'>die</span> <span class='ocrx_word' id='word_1_1383' title='bbox 2402 949 2486 985; x_wconf 90' lang='lat' dir='ltr'>obiit,</span> <span class='ocrx_word' id='word_1_1384' title='bbox 2507 940 2569 987; x_wconf 63' lang='lat' dir='ltr'>quts</span> <span class='ocrx_word' id='word_1_1385' title='bbox 2588 945 2595 983; x_wconf 56' lang='lat' dir='ltr'>i}</span> 
     </span>
     <span class='ocr_line' id='line_1_125' title="bbox 1452 987 2589 1026; baseline 0 -8"><span class='ocrx_word' id='word_1_1386' title='bbox 1452 990 1550 1018; x_wconf 81' lang='lat' dir='ltr'>Sardes</span> <span class='ocrx_word' id='word_1_1387' title='bbox 1565 999 1597 1018; x_wconf 84' lang='lat' dir='ltr'>ca</span> <span class='ocrx_word' id='word_1_1388' title='bbox 1619 996 1653 1018; x_wconf 80' lang='lat' dir='ltr'>tae</span> <span class='ocrx_word' id='word_1_1389' title='bbox 1665 989 1783 1018; x_wconf 85' lang='lat' dir='ltr'>fuerunt.</span> <span class='ocrx_word' id='word_1_1390' title='bbox 1824 989 1878 1018; x_wconf 83' lang='lat' dir='ltr'>Hic</span> <span class='ocrx_word' id='word_1_1391' title='bbox 1894 989 2065 1026; x_wconf 87' lang='lat' dir='ltr'>principium</span> <span class='ocrx_word' id='word_1_1392' title='bbox 2078 998 2167 1017; x_wconf 92' lang='lat' dir='ltr'>rerum</span> <span class='ocrx_word' id='word_1_1393' title='bbox 2184 990 2245 1016; x_wconf 79' lang='lat' dir='ltr'>aera</span> <span class='ocrx_word' id='word_1_1394' title='bbox 2257 987 2385 1024; x_wconf 86' lang='lat' dir='ltr'>opinatus</span> <span class='ocrx_word' id='word_1_1395' title='bbox 2399 987 2456 1022; x_wconf 84' lang='lat' dir='ltr'>est,</span> <span class='ocrx_word' id='word_1_1396' title='bbox 2479 997 2571 1024; x_wconf 68' lang='lat' dir='ltr'>quem„</span> <span class='ocrx_word' id='word_1_1397' title='bbox 2588 1000 2589 1009; x_wconf 60' lang='lat'>¹</span> 
     </span>
     <span class='ocr_line' id='line_1_126' title="bbox 1454 1024 2593 1064; baseline -0.001 -8"><span class='ocrx_word' id='word_1_1398' title='bbox 1454 1037 1554 1063; x_wconf 70' lang='lat' dir='ltr'>genere</span> <span class='ocrx_word' id='word_1_1399' title='bbox 1567 1028 1594 1055; x_wconf 91' lang='lat' dir='ltr'>in</span> <span class='ocrx_word' id='word_1_1400' title='bbox 1616 1027 1724 1062; x_wconf 89' lang='lat' dir='ltr'>nitum,</span> <span class='ocrx_word' id='word_1_1401' title='bbox 1745 1026 1921 1064; x_wconf 76' lang='lat' dir='ltr'>qualitatibus</span> <span class='ocrx_word' id='word_1_1402' title='bbox 1933 1027 2043 1055; x_wconf 76' lang='lat' dir='ltr'>finitum</span> <span class='ocrx_word' id='word_1_1403' title='bbox 2061 1026 2115 1061; x_wconf 84' lang='lat' dir='ltr'>ait,</span> <span class='ocrx_word' id='word_1_1404' title='bbox 2136 1027 2215 1061; x_wconf 89' lang='lat' dir='ltr'>cujus</span> <span class='ocrx_word' id='word_1_1405' title='bbox 2224 1024 2438 1054; x_wconf 68' lang='lat' dir='ltr'>condenfirtione</span> <span class='ocrx_word' id='word_1_1406' title='bbox 2452 1034 2484 1054; x_wconf 81' lang='lat' dir='ltr'>ae</span> <span class='ocrx_word' id='word_1_1407' title='bbox 2495 1035 2562 1055; x_wconf 56' lang='lat' dir='ltr'>rare*</span> <span class='ocrx_word' id='word_1_1408' title='bbox 2587 1025 2593 1038; x_wconf 61' lang='lat'>&#39;¹</span> 
     </span>
     <span class='ocr_line' id='line_1_127' title="bbox 1453 1062 2589 1102; baseline -0.004 -8"><span class='ocrx_word' id='word_1_1409' title='bbox 1453 1066 1573 1094; x_wconf 66' lang='lat' dir='ltr'>factione</span> <span class='ocrx_word' id='word_1_1410' title='bbox 1584 1066 1683 1094; x_wconf 70' lang='lat' dir='ltr'>cuncta</span> <span class='ocrx_word' id='word_1_1411' title='bbox 1691 1065 1887 1102; x_wconf 80' lang='lat' dir='ltr'>gigniputavit.</span> <span class='ocrx_word' id='word_1_1412' title='bbox 1929 1065 2038 1094; x_wconf 76' lang='lat' dir='ltr'>Motum</span> <span class='ocrx_word' id='word_1_1413' title='bbox 2048 1073 2113 1092; x_wconf 91' lang='lat' dir='ltr'>vero</span> <span class='ocrx_word' id='word_1_1414' title='bbox 2125 1063 2159 1092; x_wconf 86' lang='lat' dir='ltr'>ab</span> <span class='ocrx_word' id='word_1_1415' title='bbox 2170 1070 2272 1092; x_wconf 82' lang='lat' dir='ltr'>aeterno</span> <span class='ocrx_word' id='word_1_1416' title='bbox 2287 1062 2339 1091; x_wconf 79' lang='lat' dir='ltr'>effe</span> <span class='ocrx_word' id='word_1_1417' title='bbox 2355 1063 2444 1091; x_wconf 84' lang='lat' dir='ltr'>dixit:</span> <span class='ocrx_word' id='word_1_1418' title='bbox 2465 1070 2563 1093; x_wconf 79' lang='lat' dir='ltr'>terram</span> <span class='ocrx_word' id='word_1_1419' title='bbox 2588 1082 2589 1090; x_wconf 65' lang='lat'>.</span> 
     </span>
     <span class='ocr_line' id='line_1_128' title="bbox 1455 1099 2561 1140; baseline -0.001 -9"><span class='ocrx_word' id='word_1_1420' title='bbox 1455 1112 1490 1131; x_wconf 84' lang='lat' dir='ltr'>ex</span> <span class='ocrx_word' id='word_1_1421' title='bbox 1509 1105 1571 1131; x_wconf 79' lang='lat' dir='ltr'>aere</span> <span class='ocrx_word' id='word_1_1422' title='bbox 1590 1101 1744 1139; x_wconf 86' lang='lat' dir='ltr'>constipato</span> <span class='ocrx_word' id='word_1_1423' title='bbox 1767 1102 1886 1140; x_wconf 86' lang='lat' dir='ltr'>primum</span> <span class='ocrx_word' id='word_1_1424' title='bbox 1909 1102 2036 1131; x_wconf 87' lang='lat' dir='ltr'>omniurn</span> <span class='ocrx_word' id='word_1_1425' title='bbox 2054 1102 2154 1130; x_wconf 73' lang='lat' dir='ltr'>factam</span> <span class='ocrx_word' id='word_1_1426' title='bbox 2169 1099 2269 1135; x_wconf 83' lang='lat' dir='ltr'>latam,</span> <span class='ocrx_word' id='word_1_1427' title='bbox 2290 1109 2417 1137; x_wconf 81' lang='lat' dir='ltr'>magnam</span> <span class='ocrx_word' id='word_1_1428' title='bbox 2430 1122 2439 1135; x_wconf 87' lang='lat'>,</span> <span class='ocrx_word' id='word_1_1429' title='bbox 2460 1100 2561 1130; x_wconf 82' lang='lat' dir='ltr'>idcirco</span> 
     </span>
     <span class='ocr_line' id='line_1_129' title="bbox 1455 1137 2561 1177; baseline -0.001 -8"><span class='ocrx_word' id='word_1_1430' title='bbox 1455 1150 1512 1169; x_wconf 90' lang='lat' dir='ltr'>non</span> <span class='ocrx_word' id='word_1_1431' title='bbox 1523 1139 1622 1177; x_wconf 80' lang='lat' dir='ltr'>absque</span> <span class='ocrx_word' id='word_1_1432' title='bbox 1633 1141 1738 1169; x_wconf 88' lang='lat' dir='ltr'>ratione</span> <span class='ocrx_word' id='word_1_1433' title='bbox 1750 1140 1828 1177; x_wconf 81' lang='lat' dir='ltr'>sup&#39;er</span> <span class='ocrx_word' id='word_1_1434' title='bbox 1843 1142 1933 1169; x_wconf 78' lang='lat' dir='ltr'>aerem</span> <span class='ocrx_word' id='word_1_1435' title='bbox 1944 1139 2081 1169; x_wconf 89' lang='lat' dir='ltr'>contineri</span> <span class='ocrx_word' id='word_1_1436' title='bbox 2093 1149 2099 1168; x_wconf 75' lang='lat'>1</span> <span class='ocrx_word' id='word_1_1437' title='bbox 2122 1138 2231 1172; x_wconf 90' lang='lat' dir='ltr'>Solem,</span> <span class='ocrx_word' id='word_1_1438' title='bbox 2251 1137 2359 1168; x_wconf 84' lang='lat' dir='ltr'>Lunam</span> <span class='ocrx_word' id='word_1_1439' title='bbox 2370 1160 2378 1173; x_wconf 97' lang='lat'>,</span> <span class='ocrx_word' id='word_1_1440' title='bbox 2399 1142 2561 1175; x_wconf 75' lang='lat' dir='ltr'>caeterasque</span> 
     </span>
     <span class='ocr_line' id='line_1_130' title="bbox 1453 1175 2568 1215; baseline 0 -9"><span class='ocrx_word' id='word_1_1441' title='bbox 1453 1177 1542 1207; x_wconf 88' lang='lat' dir='ltr'>stellas</span> <span class='ocrx_word' id='word_1_1442' title='bbox 1556 1188 1571 1206; x_wconf 88' lang='lat' dir='ltr'>a</span> <span class='ocrx_word' id='word_1_1443' title='bbox 1586 1184 1753 1207; x_wconf 86' lang='lat' dir='ltr'>terraortum</span> <span class='ocrx_word' id='word_1_1444' title='bbox 1762 1178 1870 1207; x_wconf 90' lang='lat' dir='ltr'>habere.</span> <span class='ocrx_word' id='word_1_1445' title='bbox 1891 1177 1985 1215; x_wconf 87' lang='lat' dir='ltr'>Calep.</span> <span class='ocrx_word' id='word_1_1446' title='bbox 2010 1177 2039 1206; x_wconf 91' lang='lat' dir='ltr'><strong>V.</strong></span> <span class='ocrx_word' id='word_1_1447' title='bbox 2064 1177 2141 1214; x_wconf 83' lang='lat' dir='ltr'>Diog.</span> <span class='ocrx_word' id='word_1_1448' title='bbox 2158 1176 2242 1205; x_wconf 76' lang='lat' dir='ltr'>Laert.</span> <span class='ocrx_word' id='word_1_1449' title='bbox 2254 1175 2271 1205; x_wconf 91' lang='lat' dir='ltr'>l.</span> <span class='ocrx_word' id='word_1_1450' title='bbox 2284 1185 2310 1204; x_wconf 89' lang='lat'>2.</span> <span class='ocrx_word' id='word_1_1451' title='bbox 2330 1177 2357 1205; x_wconf 86' lang='lat'>&amp;</span> <span class='ocrx_word' id='word_1_1452' title='bbox 2374 1175 2409 1204; x_wconf 87' lang='lat' dir='ltr'>ad</span> <span class='ocrx_word' id='word_1_1453' title='bbox 2424 1175 2568 1206; x_wconf 86' lang='lat' dir='ltr'>eumVV.&#39;</span> 
     </span>
     <span class='ocr_line' id='line_1_131' title="bbox 1453 1213 2562 1255; baseline -0.001 -11"><span class='ocrx_word' id='word_1_1454' title='bbox 1453 1216 1479 1245; x_wconf 94' lang='lat' dir='ltr'>D</span> <span class='ocrx_word' id='word_1_1455' title='bbox 1493 1215 1525 1244; x_wconf 93' lang='lat' dir='ltr'><strong>D.</strong></span> <span class='ocrx_word' id='word_1_1456' title='bbox 1542 1222 1643 1252; x_wconf 83' lang='lat' dir='ltr'>notata.</span> <span class='ocrx_word' id='word_1_1457' title='bbox 1667 1215 1741 1255; x_wconf 86' lang='lat' dir='ltr'>Fabr.</span> <span class='ocrx_word' id='word_1_1458' title='bbox 1754 1214 1823 1244; x_wconf 83' lang='lat' dir='ltr'>Bibl.</span> <span class='ocrx_word' id='word_1_1459' title='bbox 1836 1216 1880 1245; x_wconf 91' lang='lat' dir='ltr'>Gr.</span> <span class='ocrx_word' id='word_1_1460' title='bbox 1893 1225 1919 1244; x_wconf 89' lang='lat'>2.</span> <span class='ocrx_word' id='word_1_1461' title='bbox 1930 1225 1973 1251; x_wconf 82' lang='lat'>23.</span> <span class='ocrx_word' id='word_1_1462' title='bbox 1988 1225 2012 1250; x_wconf 87' lang='lat'>9.</span> <span class='ocrx_word' id='word_1_1463' title='bbox 2052 1213 2109 1250; x_wconf 81' lang='lat' dir='ltr'>Qui</span> <span class='ocrx_word' id='word_1_1464' title='bbox 2130 1214 2198 1243; x_wconf 87' lang='lat' dir='ltr'>alios</span> <span class='ocrx_word' id='word_1_1465' title='bbox 2215 1213 2339 1250; x_wconf 85' lang='lat' dir='ltr'>ejusdem</span> <span class='ocrx_word' id='word_1_1466' title='bbox 2356 1213 2479 1242; x_wconf 81' lang='lat' dir='ltr'>nominis</span> <span class='ocrx_word' id='word_1_1467' title='bbox 2495 1213 2562 1243; x_wconf 78' lang='lat' dir='ltr'>duos</span> 
     </span>
     <span class='ocr_line' id='line_1_132' title="bbox 1455 1250 2589 1290; baseline -0.003 -8"><span class='ocrx_word' id='word_1_1468' title='bbox 1455 1259 1591 1282; x_wconf 85' lang='lat' dir='ltr'>memorat</span> <span class='ocrx_word' id='word_1_1469' title='bbox 1605 1275 1612 1286; x_wconf 79' lang='lat'>,</span> <span class='ocrx_word' id='word_1_1470' title='bbox 1636 1253 1683 1282; x_wconf 90' lang='lat' dir='ltr'>sed</span> <span class='ocrx_word' id='word_1_1471' title='bbox 1699 1252 1899 1290; x_wconf 77' lang='lat' dir='ltr'>Lampsacenos</span> <span class='ocrx_word' id='word_1_1472' title='bbox 1911 1275 1918 1288; x_wconf 87' lang='lat'>,</span> <span class='ocrx_word' id='word_1_1473' title='bbox 1950 1253 2097 1281; x_wconf 84' lang='lat' dir='ltr'>Oratorem</span> <span class='ocrx_word' id='word_1_1474' title='bbox 2116 1262 2220 1286; x_wconf 89' lang='lat' dir='ltr'>unum,</span> <span class='ocrx_word' id='word_1_1475' title='bbox 2242 1251 2409 1280; x_wconf 81' lang='lat' dir='ltr'>Historicum</span> <span class='ocrx_word' id='word_1_1476' title='bbox 2429 1250 2560 1288; x_wconf 69' lang='lat' dir='ltr'>alterum,</span> <span class='ocrx_word' id='word_1_1477' title='bbox 2588 1255 2589 1258; x_wconf 78' lang='grc'>’</span> 
     </span>
     <span class='ocr_line' id='line_1_133' title="bbox 1455 1288 2564 1330; baseline -0.002 -10"><span class='ocrx_word' id='word_1_1478' title='bbox 1455 1292 1555 1330; x_wconf 87' lang='lat' dir='ltr'>prioris</span> <span class='ocrx_word' id='word_1_1479' title='bbox 1571 1301 1586 1320; x_wconf 91' lang='lat' dir='ltr'>e</span> <span class='ocrx_word' id='word_1_1480' title='bbox 1603 1291 1692 1320; x_wconf 83' lang='lat' dir='ltr'>sorore</span> <span class='ocrx_word' id='word_1_1481' title='bbox 1706 1299 1838 1328; x_wconf 89' lang='lat' dir='ltr'>nepotem</span> <span class='ocrx_word' id='word_1_1482' title='bbox 1851 1301 1857 1320; x_wconf 89' lang='grc'>;</span> <span class='ocrx_word' id='word_1_1483' title='bbox 1882 1300 2039 1328; x_wconf 85' lang='lat' dir='ltr'>quanquam</span> <span class='ocrx_word' id='word_1_1484' title='bbox 2050 1290 2167 1326; x_wconf 86' lang='lat' dir='ltr'>dubium</span> <span class='ocrx_word' id='word_1_1485' title='bbox 2178 1290 2215 1318; x_wconf 86' lang='lat' dir='ltr'>est</span> <span class='ocrx_word' id='word_1_1486' title='bbox 2230 1298 2324 1318; x_wconf 86' lang='lat' dir='ltr'>annon</span> <span class='ocrx_word' id='word_1_1487' title='bbox 2334 1289 2409 1325; x_wconf 92' lang='lat' dir='ltr'>prior</span> <span class='ocrx_word' id='word_1_1488' title='bbox 2419 1288 2497 1317; x_wconf 81' lang='lat' dir='ltr'>simul</span> <span class='ocrx_word' id='word_1_1489' title='bbox 2507 1288 2564 1318; x_wconf 62' lang='lat' dir='ltr'>fuez</span> 
     </span>
     <span class='ocr_line' id='line_1_134' title="bbox 1455 1326 2587 1366; baseline 0 -8"><span class='ocrx_word' id='word_1_1490' title='bbox 1455 1330 1490 1358; x_wconf 90' lang='lat' dir='ltr'>rit</span> <span class='ocrx_word' id='word_1_1491' title='bbox 1500 1329 1668 1364; x_wconf 82' lang='lat' dir='ltr'>Historicus;</span> <span class='ocrx_word' id='word_1_1492' title='bbox 1689 1330 1735 1366; x_wconf 88' lang='lat' dir='ltr'>qui</span> <span class='ocrx_word' id='word_1_1493' title='bbox 1748 1350 1755 1362; x_wconf 88' lang='lat'>,</span> <span class='ocrx_word' id='word_1_1494' title='bbox 1782 1335 1812 1357; x_wconf 91' lang='lat' dir='ltr'>ut</span> <span class='ocrx_word' id='word_1_1495' title='bbox 1832 1338 1847 1357; x_wconf 93' lang='lat' dir='ltr'>e</span> <span class='ocrx_word' id='word_1_1496' title='bbox 1858 1329 1942 1358; x_wconf 86' lang='lat' dir='ltr'>Suida</span> <span class='ocrx_word' id='word_1_1497' title='bbox 1959 1328 2061 1363; x_wconf 85' lang='lat' dir='ltr'>disces,</span> <span class='ocrx_word' id='word_1_1498' title='bbox 2082 1327 2231 1365; x_wconf 89' lang='lat' dir='ltr'>discipulus</span> <span class='ocrx_word' id='word_1_1499' title='bbox 2242 1327 2295 1356; x_wconf 89' lang='lat' dir='ltr'>fuit</span> <span class='ocrx_word' id='word_1_1500' title='bbox 2304 1326 2437 1363; x_wconf 86' lang='lat' dir='ltr'>Diogenis</span> <span class='ocrx_word' id='word_1_1501' title='bbox 2454 1326 2562 1364; x_wconf 59' lang='lat' dir='ltr'>Cynici)</span> <span class='ocrx_word' id='word_1_1502' title='bbox 2580 1347 2587 1360; x_wconf 70' lang='grc'>;</span> 
     </span>
     <span class='ocr_line' id='line_1_135' title="bbox 1455 1364 2558 1405; baseline -0.005 -9"><span class='ocrx_word' id='word_1_1503' title='bbox 1455 1374 1609 1405; x_wconf 68' lang='lat' dir='ltr'>praeceptor</span> <span class='ocrx_word' id='word_1_1504' title='bbox 1625 1366 1772 1396; x_wconf 75' lang='lat' dir='ltr'>Alexandri</span> <span class='ocrx_word' id='word_1_1505' title='bbox 1787 1366 1886 1403; x_wconf 87' lang='lat' dir='ltr'>magni.</span> <span class='ocrx_word' id='word_1_1506' title='bbox 1927 1366 1957 1395; x_wconf 88' lang='lat' dir='ltr'>V.</span> <span class='ocrx_word' id='word_1_1507' title='bbox 1979 1365 2050 1394; x_wconf 78' lang='lat' dir='ltr'>Voss.</span> <span class='ocrx_word' id='word_1_1508' title='bbox 2073 1376 2095 1395; x_wconf 88' lang='lat'>1.</span> <span class='ocrx_word' id='word_1_1509' title='bbox 2117 1366 2151 1394; x_wconf 91' lang='lat' dir='ltr'>de</span> <span class='ocrx_word' id='word_1_1510' title='bbox 2162 1365 2226 1394; x_wconf 84' lang='lat' dir='ltr'>Hist.</span> <span class='ocrx_word' id='word_1_1511' title='bbox 2239 1364 2285 1394; x_wconf 91' lang='lat' dir='ltr'>Gr.</span> <span class='ocrx_word' id='word_1_1512' title='bbox 2301 1375 2341 1393; x_wconf 82' lang='lat'>10.</span> <span class='ocrx_word' id='word_1_1513' title='bbox 2354 1374 2380 1401; x_wconf 89' lang='lat' dir='ltr'>p.</span> <span class='ocrx_word' id='word_1_1514' title='bbox 2394 1373 2438 1401; x_wconf 85' lang='lat'>75.</span> <span class='ocrx_word' id='word_1_1515' title='bbox 2555 1392 2558 1400; x_wconf 41' lang='grc' dir='ltr'>Ι</span> 
     </span>
    </p>

    <p class='ocr_par' dir='ltr' id='par_1_41' title="bbox 1418 1400 2587 1547">
     <span class='ocr_line' id='line_1_136' title="bbox 1418 1400 2562 1440; baseline -0.003 -6"><span class='ocrx_word' id='word_1_1516' title='bbox 1418 1403 1439 1436; x_wconf 85' lang='lat' dir='ltr'>A</span> <span class='ocrx_word' id='word_1_1517' title='bbox 1449 1415 1467 1434; x_wconf 89' lang='lat' dir='ltr'>N</span> <span class='ocrx_word' id='word_1_1518' title='bbox 1482 1415 1499 1433; x_wconf 91' lang='lat' dir='ltr'>A</span> <span class='ocrx_word' id='word_1_1519' title='bbox 1510 1413 1528 1433; x_wconf 79' lang='lat' dir='ltr'>x</span> <span class='ocrx_word' id='word_1_1520' title='bbox 1539 1415 1555 1433; x_wconf 91' lang='lat' dir='ltr'>o</span> <span class='ocrx_word' id='word_1_1521' title='bbox 1567 1426 1574 1440; x_wconf 84' lang='lat'>,</span> <span class='ocrx_word' id='word_1_1522' title='bbox 1596 1406 1611 1440; x_wconf 89' lang='lat'>[</span> <span class='ocrx_word' id='word_1_1523' title='bbox 1628 1405 1718 1436; x_wconf 71' lang='grc' dir='ltr'><em>Ἀναξὼ</em></span> <span class='ocrx_word' id='word_1_1524' title='bbox 1731 1405 1746 1439; x_wconf 85' lang='grc'>]</span> <span class='ocrx_word' id='word_1_1525' title='bbox 1768 1404 2011 1440; x_wconf 80' lang='lat' dir='ltr'>Ancaeicujusdam</span> <span class='ocrx_word' id='word_1_1526' title='bbox 2031 1403 2086 1432; x_wconf 83' lang='lat' dir='ltr'>filia</span> <span class='ocrx_word' id='word_1_1527' title='bbox 2098 1403 2150 1432; x_wconf 86' lang='lat' dir='ltr'>suit</span> <span class='ocrx_word' id='word_1_1528' title='bbox 2160 1425 2168 1437; x_wconf 94' lang='lat'>,</span> <span class='ocrx_word' id='word_1_1529' title='bbox 2192 1413 2275 1440; x_wconf 88' lang='lat' dir='ltr'>quam</span> <span class='ocrx_word' id='word_1_1530' title='bbox 2289 1402 2402 1439; x_wconf 87' lang='lat' dir='ltr'>quidam</span> <span class='ocrx_word' id='word_1_1531' title='bbox 2421 1400 2562 1431; x_wconf 72' lang='lat' dir='ltr'>Alcmenes</span> 
     </span>
     <span class='ocr_line' id='line_1_137' title="bbox 1456 1438 2562 1480; baseline -0.004 -9"><span class='ocrx_word' id='word_1_1532' title='bbox 1456 1448 1571 1472; x_wconf 78' lang='lat' dir='ltr'>matrem</span> <span class='ocrx_word' id='word_1_1533' title='bbox 1585 1442 1709 1477; x_wconf 67' lang='lat' dir='ltr'>faciunt.</span> <span class='ocrx_word' id='word_1_1534' title='bbox 1730 1452 1788 1471; x_wconf 89' lang='lat' dir='ltr'>non</span> <span class='ocrx_word' id='word_1_1535' title='bbox 1799 1441 1951 1480; x_wconf 80' lang='lat' dir='ltr'>Lysidicem</span> <span class='ocrx_word' id='word_1_1536' title='bbox 1968 1441 2088 1470; x_wconf 87' lang='lat' dir='ltr'>sororem</span> <span class='ocrx_word' id='word_1_1537' title='bbox 2100 1441 2199 1470; x_wconf 89' lang='lat' dir='ltr'>Pitthei</span> <span class='ocrx_word' id='word_1_1538' title='bbox 2211 1463 2219 1474; x_wconf 80' lang='lat'>,</span> <span class='ocrx_word' id='word_1_1539' title='bbox 2242 1450 2275 1469; x_wconf 85' lang='lat' dir='ltr'>ex</span> <span class='ocrx_word' id='word_1_1540' title='bbox 2295 1439 2397 1477; x_wconf 87' lang='lat' dir='ltr'>Pelope</span> <span class='ocrx_word' id='word_1_1541' title='bbox 2421 1440 2447 1468; x_wconf 72' lang='lat' dir='ltr'>Sc</span> <span class='ocrx_word' id='word_1_1542' title='bbox 2460 1438 2562 1478; x_wconf 70' lang='lat' dir='ltr'>Hippea</span> 
     </span>
     <span class='ocr_line' id='line_1_138' title="bbox 1456 1476 2587 1547; baseline -0.002 -37"><span class='ocrx_word' id='word_1_1543' title='bbox 1456 1481 1558 1547; x_wconf 50' lang='lat' dir='ltr'>paglia,</span> <span class='ocrx_word' id='word_1_1544' title='bbox 1573 1485 1605 1510; x_wconf 89' lang='lat' dir='ltr'>ut</span> <span class='ocrx_word' id='word_1_1545' title='bbox 1613 1479 1696 1509; x_wconf 85' lang='lat' dir='ltr'>habet</span> <span class='ocrx_word' id='word_1_1546' title='bbox 1706 1479 1839 1509; x_wconf 81' lang='lat' dir='ltr'>Plutarch.</span> <span class='ocrx_word' id='word_1_1547' title='bbox 1878 1480 1892 1516; x_wconf 94' lang='lat'>[</span> <span class='ocrx_word' id='word_1_1548' title='bbox 1906 1479 1966 1509; x_wconf 89' lang='lat' dir='ltr'>Imo</span> <span class='ocrx_word' id='word_1_1549' title='bbox 1976 1478 2057 1508; x_wconf 83' lang='lat' dir='ltr'>Alcaei</span> <span class='ocrx_word' id='word_1_1550' title='bbox 2069 1480 2095 1508; x_wconf 69' lang='grc' dir='ltr'>ἃ</span> <span class='ocrx_word' id='word_1_1551' title='bbox 2107 1479 2301 1516; x_wconf 85' lang='lat' dir='ltr'>Hipponomes</span> <span class='ocrx_word' id='word_1_1552' title='bbox 2312 1477 2397 1506; x_wconf 85' lang='lat' dir='ltr'>filiam</span> <span class='ocrx_word' id='word_1_1553' title='bbox 2406 1477 2472 1506; x_wconf 83' lang='lat' dir='ltr'>facit</span> <span class='ocrx_word' id='word_1_1554' title='bbox 2484 1476 2563 1514; x_wconf 58' lang='lat' dir='ltr'>Apol*</span> <span class='ocrx_word' id='word_1_1555' title='bbox 2586 1500 2587 1508; x_wconf 65' lang='lat'>.</span> 
     </span>
    </p>

    <p class='ocr_par' dir='ltr' id='par_1_42' title="bbox 1468 1528 1577 1547">
     <span class='ocr_line' id='line_1_139' title="bbox 1468 1528 1577 1547; baseline -0.009 0"><span class='ocrx_word' id='word_1_1556' title='bbox 1468 1529 1484 1547; x_wconf 92' lang='lat' dir='ltr'>o</span> <span class='ocrx_word' id='word_1_1557' title='bbox 1508 1541 1513 1547; x_wconf 95' lang='lat'>.</span> <span class='ocrx_word' id='word_1_1558' title='bbox 1534 1528 1577 1547; x_wconf 88' lang='lat'>.2.</span> 
     </span>
    </p>

    <p class='ocr_par' dir='ltr' id='par_1_43' title="bbox 1417 1550 2580 1668">
     <span class='ocr_line' id='line_1_140' title="bbox 1417 1550 2563 1591; baseline -0.003 -6"><span class='ocrx_word' id='word_1_1559' title='bbox 1417 1557 1439 1587; x_wconf 87' lang='lat' dir='ltr'>A</span> <span class='ocrx_word' id='word_1_1560' title='bbox 1449 1567 1469 1585; x_wconf 95' lang='lat' dir='ltr'>N</span> <span class='ocrx_word' id='word_1_1561' title='bbox 1481 1567 1499 1584; x_wconf 88' lang='lat' dir='ltr'>A</span> <span class='ocrx_word' id='word_1_1562' title='bbox 1508 1565 1527 1584; x_wconf 76' lang='lat' dir='ltr'>x</span> <span class='ocrx_word' id='word_1_1563' title='bbox 1537 1566 1556 1584; x_wconf 82' lang='lat' dir='ltr'>Y</span> <span class='ocrx_word' id='word_1_1564' title='bbox 1566 1566 1582 1584; x_wconf 82' lang='lat' dir='ltr'>R</span> <span class='ocrx_word' id='word_1_1565' title='bbox 1592 1567 1600 1584; x_wconf 89' lang='lat' dir='ltr'>r</span> <span class='ocrx_word' id='word_1_1566' title='bbox 1610 1565 1628 1584; x_wconf 84' lang='lat' dir='ltr'>n</span> <span class='ocrx_word' id='word_1_1567' title='bbox 1640 1565 1674 1584; x_wconf 81' lang='lat' dir='ltr'>ss</span> <span class='ocrx_word' id='word_1_1568' title='bbox 1686 1577 1693 1590; x_wconf 87' lang='lat'>,</span> <span class='ocrx_word' id='word_1_1569' title='bbox 1715 1550 1908 1591; x_wconf 54' lang='lat' dir='ltr'>[a&#39;mivffl&#39;hr]</span> <span class='ocrx_word' id='word_1_1570' title='bbox 1930 1554 2021 1583; x_wconf 85' lang='lat' dir='ltr'>Vestes</span> <span class='ocrx_word' id='word_1_1571' title='bbox 2029 1554 2091 1583; x_wconf 90' lang='lat' dir='ltr'>sunt</span> <span class='ocrx_word' id='word_1_1572' title='bbox 2103 1576 2111 1588; x_wconf 83' lang='lat'>,</span> <span class='ocrx_word' id='word_1_1573' title='bbox 2133 1555 2158 1583; x_wconf 65' lang='grc' dir='ltr'>ἃ</span> <span class='ocrx_word' id='word_1_1574' title='bbox 2170 1553 2275 1582; x_wconf 84' lang='lat' dir='ltr'>braccae</span> <span class='ocrx_word' id='word_1_1575' title='bbox 2290 1552 2380 1589; x_wconf 83' lang='lat' dir='ltr'>longis</span> <span class='ocrx_word' id='word_1_1576' title='bbox 2389 1551 2563 1582; x_wconf 68' lang='lat' dir='ltr'>femoralibus</span> 
     </span>
     <span class='ocr_line' id='line_1_141' title="bbox 1455 1588 2580 1632; baseline -0.004 -10"><span class='ocrx_word' id='word_1_1577' title='bbox 1455 1604 1521 1623; x_wconf 87' lang='lat' dir='ltr'>auro</span> <span class='ocrx_word' id='word_1_1578' title='bbox 1533 1594 1613 1632; x_wconf 70' lang='lat' dir='ltr'>pietae</span> <span class='ocrx_word' id='word_1_1579' title='bbox 1622 1616 1630 1628; x_wconf 89' lang='lat'><strong>‚</strong></span> <span class='ocrx_word' id='word_1_1580' title='bbox 1651 1593 1765 1622; x_wconf 63' lang='lat' dir='ltr'>intonsae</span> <span class='ocrx_word' id='word_1_1581' title='bbox 1779 1615 1787 1628; x_wconf 93' lang='lat'>‚</span> <span class='ocrx_word' id='word_1_1582' title='bbox 1809 1594 1834 1622; x_wconf 74' lang='grc' dir='ltr'>ἂ</span> <span class='ocrx_word' id='word_1_1583' title='bbox 1848 1593 1913 1621; x_wconf 87' lang='lat' dir='ltr'>varii</span> <span class='ocrx_word' id='word_1_1584' title='bbox 1924 1592 2026 1621; x_wconf 91' lang='lat' dir='ltr'>coloris</span> <span class='ocrx_word' id='word_1_1585' title='bbox 2038 1614 2046 1625; x_wconf 89' lang='lat'>,</span> <span class='ocrx_word' id='word_1_1586' title='bbox 2069 1601 2135 1629; x_wconf 87' lang='lat' dir='ltr'>quas</span> <span class='ocrx_word' id='word_1_1587' title='bbox 2146 1590 2231 1620; x_wconf 89' lang='lat' dir='ltr'>Gallis</span> <span class='ocrx_word' id='word_1_1588' title='bbox 2246 1589 2393 1619; x_wconf 67' lang='lat' dir='ltr'>familiares</span> <span class='ocrx_word' id='word_1_1589' title='bbox 2404 1589 2457 1618; x_wconf 83' lang='lat' dir='ltr'>effe</span> <span class='ocrx_word' id='word_1_1590' title='bbox 2474 1588 2564 1620; x_wconf 72' lang='lat' dir='ltr'>scribit</span> <span class='ocrx_word' id='word_1_1591' title='bbox 2577 1602 2580 1617; x_wconf 71' lang='grc' dir='ltr'>ι</span> 
     </span>
     <span class='ocr_line' id='line_1_142' title="bbox 1456 1627 2465 1668; baseline -0.005 -7"><span class='ocrx_word' id='word_1_1592' title='bbox 1456 1631 1530 1661; x_wconf 84' lang='lat' dir='ltr'>Alex.</span> <span class='ocrx_word' id='word_1_1593' title='bbox 1544 1632 1577 1660; x_wconf 86' lang='lat' dir='ltr'>ab</span> <span class='ocrx_word' id='word_1_1594' title='bbox 1587 1631 1663 1660; x_wconf 86' lang='lat' dir='ltr'>Alex.</span> <span class='ocrx_word' id='word_1_1595' title='bbox 1676 1631 1723 1660; x_wconf 84' lang='lat' dir='ltr'>lib.</span> <span class='ocrx_word' id='word_1_1596' title='bbox 1741 1642 1764 1666; x_wconf 84' lang='lat'>5.</span> <span class='ocrx_word' id='word_1_1597' title='bbox 1776 1640 1836 1668; x_wconf 80' lang='lat' dir='ltr'>cap.</span> <span class='ocrx_word' id='word_1_1598' title='bbox 1856 1639 1898 1659; x_wconf 77' lang='grc' dir='ltr'>ιο.</span> <span class='ocrx_word' id='word_1_1599' title='bbox 1918 1630 1991 1659; x_wconf 83' lang='lat' dir='ltr'>conf.</span> <span class='ocrx_word' id='word_1_1600' title='bbox 2004 1627 2109 1659; x_wconf 85' lang='lat' dir='ltr'>Polluc.</span> <span class='ocrx_word' id='word_1_1601' title='bbox 2124 1638 2149 1666; x_wconf 84' lang='lat'>7.</span> <span class='ocrx_word' id='word_1_1602' title='bbox 2170 1638 2212 1663; x_wconf 85' lang='lat'>13.</span> <span class='ocrx_word' id='word_1_1603' title='bbox 2230 1630 2310 1658; x_wconf 63' lang='lat'>&amp;22</span> <span class='ocrx_word' id='word_1_1604' title='bbox 2326 1629 2352 1657; x_wconf 84' lang='lat'>&amp;</span> <span class='ocrx_word' id='word_1_1605' title='bbox 2366 1637 2465 1663; x_wconf 78' lang='lat'>10.40.</span> 
     </span>
    </p>

    <p class='ocr_par' dir='ltr' id='par_1_44' title="bbox 1417 1664 2567 1775">
     <span class='ocr_line' id='line_1_143' title="bbox 1417 1664 2562 1704; baseline -0.005 -5"><span class='ocrx_word' id='word_1_1606' title='bbox 1417 1669 1467 1701; x_wconf 78' lang='lat' dir='ltr'>AN</span> <span class='ocrx_word' id='word_1_1607' title='bbox 1480 1681 1497 1698; x_wconf 89' lang='lat' dir='ltr'>A</span> <span class='ocrx_word' id='word_1_1608' title='bbox 1507 1671 1576 1699; x_wconf 57' lang='lat' dir='ltr'>xtra</span> <span class='ocrx_word' id='word_1_1609' title='bbox 1588 1680 1595 1697; x_wconf 86' lang='lat'><em>1</em></span> <span class='ocrx_word' id='word_1_1610' title='bbox 1605 1679 1617 1698; x_wconf 88' lang='lat' dir='ltr'>s</span> <span class='ocrx_word' id='word_1_1611' title='bbox 1627 1691 1635 1703; x_wconf 91' lang='lat'>‚</span> <span class='ocrx_word' id='word_1_1612' title='bbox 1667 1669 1730 1698; x_wconf 72' lang='lat' dir='ltr'>idis.</span> <span class='ocrx_word' id='word_1_1613' title='bbox 1753 1668 1770 1697; x_wconf 86' lang='lat' dir='ltr'>f.</span> <span class='ocrx_word' id='word_1_1614' title='bbox 1794 1670 1808 1704; x_wconf 92' lang='lat'>[</span> <span class='ocrx_word' id='word_1_1615' title='bbox 1823 1666 1938 1700; x_wconf 54' lang='grc' dir='ltr'>ἁναξυελς</span> <span class='ocrx_word' id='word_1_1616' title='bbox 1952 1668 1967 1702; x_wconf 89' lang='grc'>]</span> <span class='ocrx_word' id='word_1_1617' title='bbox 1987 1667 2080 1696; x_wconf 86' lang='lat' dir='ltr'>Genus</span> <span class='ocrx_word' id='word_1_1618' title='bbox 2097 1666 2239 1704; x_wconf 86' lang='lat' dir='ltr'>quoddam</span> <span class='ocrx_word' id='word_1_1619' title='bbox 2250 1665 2367 1703; x_wconf 85' lang='lat' dir='ltr'>Lapathi</span> <span class='ocrx_word' id='word_1_1620' title='bbox 2379 1664 2425 1694; x_wconf 81' lang='lat' dir='ltr'>seu</span> <span class='ocrx_word' id='word_1_1621' title='bbox 2436 1665 2562 1700; x_wconf 86' lang='lat' dir='ltr'>rumicis,</span> 
     </span>
     <span class='ocr_line' id='line_1_144' title="bbox 1455 1702 2567 1775; baseline -0.004 -39"><span class='ocrx_word' id='word_1_1622' title='bbox 1455 1709 1493 1775; x_wconf 60' lang='lat' dir='ltr'>{ta</span> <span class='ocrx_word' id='word_1_1623' title='bbox 1504 1708 1612 1773; x_wconf 34' lang='lat' dir='ltr'>dipping</span> <span class='ocrx_word' id='word_1_1624' title='bbox 1619 1706 1694 1773; x_wconf 45' lang='lat' dir='ltr'>qqod</span> <span class='ocrx_word' id='word_1_1625' title='bbox 1704 1706 1770 1735; x_wconf 85' lang='lat' dir='ltr'>folia</span> <span class='ocrx_word' id='word_1_1626' title='bbox 1781 1707 1839 1742; x_wconf 84' lang='lat' dir='ltr'>ejus</span> <span class='ocrx_word' id='word_1_1627' title='bbox 1850 1712 1956 1735; x_wconf 86' lang='lat' dir='ltr'>certum</span> <span class='ocrx_word' id='word_1_1628' title='bbox 1966 1705 2122 1734; x_wconf 82' lang='lat' dir='ltr'>calceorum</span> <span class='ocrx_word' id='word_1_1629' title='bbox 2133 1714 2218 1742; x_wconf 84' lang='lat' dir='ltr'>genus</span> <span class='ocrx_word' id='word_1_1630' title='bbox 2227 1704 2390 1738; x_wconf 78' lang='lat' dir='ltr'>imitentur3</span> <span class='ocrx_word' id='word_1_1631' title='bbox 2416 1702 2481 1732; x_wconf 82' lang='lat' dir='ltr'>alias</span> <span class='ocrx_word' id='word_1_1632' title='bbox 2493 1702 2567 1732; x_wconf 58' lang='lat' dir='ltr'>Oxaz</span> 
     </span>
    </p>

    <p class='ocr_par' dir='ltr' id='par_1_45' title="bbox 1418 1745 2564 1850">
     <span class='ocr_line' id='line_1_145' title="bbox 1467 1745 1794 1775; baseline -0.009 -1"><span class='ocrx_word' id='word_1_1633' title='bbox 1467 1756 1497 1775; x_wconf 82' lang='lat' dir='ltr'>is.</span> <span class='ocrx_word' id='word_1_1634' title='bbox 1560 1767 1565 1773; x_wconf 95' lang='lat'>.</span> <span class='ocrx_word' id='word_1_1635' title='bbox 1614 1745 1641 1773; x_wconf 91' lang='lat' dir='ltr'>io</span> <span class='ocrx_word' id='word_1_1636' title='bbox 1655 1754 1678 1774; x_wconf 90' lang='lat' dir='ltr'>c.</span> <span class='ocrx_word' id='word_1_1637' title='bbox 1689 1754 1715 1773; x_wconf 92' lang='lat'>2.</span> <span class='ocrx_word' id='word_1_1638' title='bbox 1735 1747 1794 1773; x_wconf 91' lang='lat'>106.</span> 
     </span>
     <span class='ocr_line' id='line_1_146' title="bbox 1418 1777 2564 1849; baseline -0.004 -36"><span class='ocrx_word' id='word_1_1639' title='bbox 1418 1785 1495 1813; x_wconf 91' lang='lat' dir='ltr'>ANA</span> <span class='ocrx_word' id='word_1_1640' title='bbox 1504 1793 1551 1826; x_wconf 38' lang='lat'>2⁴2&amp;</span> <span class='ocrx_word' id='word_1_1641' title='bbox 1562 1792 1651 1849; x_wconf 43' lang='lat' dir='ltr'>Rpaeh,</span> <span class='ocrx_word' id='word_1_1642' title='bbox 1681 1780 1817 1818; x_wconf 66' lang='grc' dir='ltr'>Ἀναζάξζα</span> <span class='ocrx_word' id='word_1_1643' title='bbox 1836 1780 1978 1818; x_wconf 83' lang='lat' dir='ltr'>Stephano</span> <span class='ocrx_word' id='word_1_1644' title='bbox 1992 1802 2000 1816; x_wconf 85' lang='lat'>,</span> <span class='ocrx_word' id='word_1_1645' title='bbox 2036 1780 2183 1818; x_wconf 90' lang='lat' dir='ltr'>Oppidum</span> <span class='ocrx_word' id='word_1_1646' title='bbox 2199 1779 2237 1808; x_wconf 85' lang='lat' dir='ltr'>est</span> <span class='ocrx_word' id='word_1_1647' title='bbox 2256 1777 2377 1813; x_wconf 87' lang='lat' dir='ltr'>Ciliciae,</span> <span class='ocrx_word' id='word_1_1648' title='bbox 2400 1777 2564 1808; x_wconf 77' lang='lat' dir='ltr'>Dioscoridis</span> 
     </span>
     <span class='ocr_line' id='line_1_147' title="bbox 1477 1829 1657 1850; baseline -0.011 0"><span class='ocrx_word' id='word_1_1649' title='bbox 1477 1831 1550 1850; x_wconf 82' lang='lat' dir='ltr'>atria.</span> <span class='ocrx_word' id='word_1_1650' title='bbox 1602 1829 1620 1848; x_wconf 90' lang='lat' dir='ltr'>n</span> <span class='ocrx_word' id='word_1_1651' title='bbox 1642 1829 1657 1848; x_wconf 88' lang='lat' dir='ltr'>e</span> 
     </span>
    </p>

    <p class='ocr_par' dir='ltr' id='par_1_46' title="bbox 1418 1832 2585 1932">
     <span class='ocr_line' id='line_1_148' title="bbox 1418 1832 2585 1895; baseline -0.004 -7"><span class='ocrx_word' id='word_1_1652' title='bbox 1418 1859 1439 1889; x_wconf 86' lang='lat' dir='ltr'>A</span> <span class='ocrx_word' id='word_1_1653' title='bbox 1449 1832 1523 1888; x_wconf 39' lang='grc' dir='ltr'>ΕΑΖ</span> <span class='ocrx_word' id='word_1_1654' title='bbox 1534 1868 1552 1886; x_wconf 90' lang='lat' dir='ltr'>A</span> <span class='ocrx_word' id='word_1_1655' title='bbox 1563 1867 1671 1886; x_wconf 72' lang='lat' dir='ltr'>RRsNr</span> <span class='ocrx_word' id='word_1_1656' title='bbox 1684 1880 1692 1891; x_wconf 86' lang='lat'>,</span> <span class='ocrx_word' id='word_1_1657' title='bbox 1711 1856 1809 1895; x_wconf 88' lang='lat' dir='ltr'>Populi</span> <span class='ocrx_word' id='word_1_1658' title='bbox 1826 1857 1861 1886; x_wconf 89' lang='lat' dir='ltr'>de</span> <span class='ocrx_word' id='word_1_1659' title='bbox 1879 1855 1978 1894; x_wconf 89' lang='lat' dir='ltr'>quibus</span> <span class='ocrx_word' id='word_1_1660' title='bbox 1997 1854 2066 1884; x_wconf 85' lang='lat' dir='ltr'>Plin.</span> <span class='ocrx_word' id='word_1_1661' title='bbox 2087 1854 2137 1884; x_wconf 89' lang='lat' dir='ltr'>lib.</span> <span class='ocrx_word' id='word_1_1662' title='bbox 2150 1865 2173 1891; x_wconf 83' lang='lat'>5.</span> <span class='ocrx_word' id='word_1_1663' title='bbox 2189 1862 2305 1892; x_wconf 73' lang='lat' dir='ltr'>cap.2¹5.</span> <span class='ocrx_word' id='word_1_1664' title='bbox 2354 1853 2387 1882; x_wconf 89' lang='lat' dir='ltr'>V.</span> <span class='ocrx_word' id='word_1_1665' title='bbox 2408 1852 2509 1891; x_wconf 85' lang='lat' dir='ltr'>Spanh.</span> <span class='ocrx_word' id='word_1_1666' title='bbox 2530 1852 2564 1883; x_wconf 70' lang='lat' dir='ltr'>de&#39;</span> <span class='ocrx_word' id='word_1_1667' title='bbox 2584 1858 2585 1878; x_wconf 61' lang='grc' dir='ltr'>ἰ</span> 
     </span>
     <span class='ocr_line' id='line_1_149' title="bbox 1457 1894 2585 1932; baseline -0.006 -7"><span class='ocrx_word' id='word_1_1668' title='bbox 1457 1896 1512 1926; x_wconf 90' lang='lat' dir='ltr'>Usu</span> <span class='ocrx_word' id='word_1_1669' title='bbox 1524 1898 1550 1925; x_wconf 83' lang='lat'>&amp;</span> <span class='ocrx_word' id='word_1_1670' title='bbox 1561 1895 1648 1925; x_wconf 75' lang='lat' dir='ltr'>Praest.</span> <span class='ocrx_word' id='word_1_1671' title='bbox 1668 1894 1752 1924; x_wconf 89' lang='lat' dir='ltr'>Num.</span> <span class='ocrx_word' id='word_1_1672' title='bbox 1766 1894 1824 1923; x_wconf 79' lang='lat' dir='ltr'>diff.</span> <span class='ocrx_word' id='word_1_1673' title='bbox 1832 1905 1857 1929; x_wconf 87' lang='lat'>9.</span> <span class='ocrx_word' id='word_1_1674' title='bbox 1871 1905 1897 1932; x_wconf 89' lang='lat' dir='ltr'>p.</span> <span class='ocrx_word' id='word_1_1675' title='bbox 1913 1905 1956 1929; x_wconf 82' lang='grc' dir='ltr'>ςς.</span> <span class='ocrx_word' id='word_1_1676' title='bbox 2584 1895 2585 1900; x_wconf 76' lang='grc'>’</span> 
     </span>
    </p>

    <p class='ocr_par' dir='ltr' id='par_1_47' title="bbox 1418 1923 2575 1970">
     <span class='ocr_line' id='line_1_150' title="bbox 1418 1923 2575 1970; baseline -0.006 -5"><span class='ocrx_word' id='word_1_1677' title='bbox 1418 1935 1468 1965; x_wconf 85' lang='lat' dir='ltr'>AN</span> <span class='ocrx_word' id='word_1_1678' title='bbox 1478 1944 1526 1963; x_wconf 71' lang='lat' dir='ltr'>effi</span> <span class='ocrx_word' id='word_1_1679' title='bbox 1536 1944 1575 1962; x_wconf 83' lang='lat' dir='ltr'>SA</span> <span class='ocrx_word' id='word_1_1680' title='bbox 1585 1956 1592 1968; x_wconf 93' lang='lat'>‚</span> <span class='ocrx_word' id='word_1_1681' title='bbox 1615 1933 1686 1968; x_wconf 84' lang='lat' dir='ltr'>(nisi</span> <span class='ocrx_word' id='word_1_1682' title='bbox 1698 1933 1789 1970; x_wconf 87' lang='lat' dir='ltr'>potius</span> <span class='ocrx_word' id='word_1_1683' title='bbox 1803 1932 1937 1968; x_wconf 82' lang='lat' dir='ltr'>Amcaesa)</span> <span class='ocrx_word' id='word_1_1684' title='bbox 1956 1930 2035 1960; x_wconf 62' lang='lat' dir='ltr'>Dicta</span> <span class='ocrx_word' id='word_1_1685' title='bbox 2051 1930 2114 1959; x_wconf 91' lang='lat' dir='ltr'>sunt</span> <span class='ocrx_word' id='word_1_1686' title='bbox 2132 1930 2166 1959; x_wconf 89' lang='lat' dir='ltr'>ab</span> <span class='ocrx_word' id='word_1_1687' title='bbox 2181 1930 2301 1967; x_wconf 86' lang='lat' dir='ltr'>antiquis</span> <span class='ocrx_word' id='word_1_1688' title='bbox 2315 1928 2382 1958; x_wconf 83' lang='lat' dir='ltr'>Vasa</span> <span class='ocrx_word' id='word_1_1689' title='bbox 2414 1923 2458 1957; x_wconf 65' lang='lat' dir='ltr'>{1ae</span> <span class='ocrx_word' id='word_1_1690' title='bbox 2468 1927 2575 1958; x_wconf 43' lang='lat' dir='ltr'>Caelata.</span> 
     </span>
    </p>

    <p class='ocr_par' dir='ltr' id='par_1_48' title="bbox 1441 1964 2592 2042">
     <span class='ocr_line' id='line_1_151' title="bbox 1441 1964 2564 2010; baseline -0.006 -9"><span class='ocrx_word' id='word_1_1691' title='bbox 1441 1970 1628 2010; x_wconf 75' lang='lat' dir='ltr'>‘appellamus</span> <span class='ocrx_word' id='word_1_1692' title='bbox 1641 1980 1646 2000; x_wconf 92' lang='lat'>:</span> <span class='ocrx_word' id='word_1_1693' title='bbox 1669 1970 1744 2008; x_wconf 89' lang='lat' dir='ltr'>quod</span> <span class='ocrx_word' id='word_1_1694' title='bbox 1755 1969 1973 1999; x_wconf 87' lang='lat' dir='ltr'>circuncidendo</span> <span class='ocrx_word' id='word_1_1695' title='bbox 1987 1968 2052 1997; x_wconf 84' lang='lat' dir='ltr'>talia</span> <span class='ocrx_word' id='word_1_1696' title='bbox 2062 1968 2137 1997; x_wconf 71' lang='lat' dir='ltr'>fiant.</span> <span class='ocrx_word' id='word_1_1697' title='bbox 2177 1967 2268 2005; x_wconf 82' lang='lat' dir='ltr'>[psum</span> <span class='ocrx_word' id='word_1_1698' title='bbox 2278 1976 2388 2004; x_wconf 90' lang='lat' dir='ltr'>quoque</span> <span class='ocrx_word' id='word_1_1699' title='bbox 2414 1964 2502 1995; x_wconf 68' lang='lat' dir='ltr'>‘aelare</span> <span class='ocrx_word' id='word_1_1700' title='bbox 2510 1973 2564 1995; x_wconf 64' lang='lat' dir='ltr'>veta</span> 
     </span>
     <span class='ocr_line' id='line_1_152' title="bbox 1456 2000 2592 2042; baseline -0.006 -4"><span class='ocrx_word' id='word_1_1701' title='bbox 1456 2010 1523 2039; x_wconf 89' lang='lat' dir='ltr'>bum</span> <span class='ocrx_word' id='word_1_1702' title='bbox 1535 2009 1631 2038; x_wconf 85' lang='lat' dir='ltr'>eadem</span> <span class='ocrx_word' id='word_1_1703' title='bbox 1640 2008 1719 2038; x_wconf 82' lang='lat' dir='ltr'>causa</span> <span class='ocrx_word' id='word_1_1704' title='bbox 1730 2008 1767 2037; x_wconf 93' lang='lat' dir='ltr'>est</span> <span class='ocrx_word' id='word_1_1705' title='bbox 1778 2008 1883 2037; x_wconf 68' lang='lat' dir='ltr'>dicrum</span> <span class='ocrx_word' id='word_1_1706' title='bbox 1897 2029 1904 2041; x_wconf 82' lang='lat'>,</span> <span class='ocrx_word' id='word_1_1707' title='bbox 1926 2007 1945 2035; x_wconf 90' lang='lat' dir='ltr'>d</span> <span class='ocrx_word' id='word_1_1708' title='bbox 1955 2029 1963 2042; x_wconf 89' lang='lat'>,</span> <span class='ocrx_word' id='word_1_1709' title='bbox 1984 2006 2062 2035; x_wconf 82' lang='lat' dir='ltr'>litera</span> <span class='ocrx_word' id='word_1_1710' title='bbox 2074 2015 2138 2035; x_wconf 89' lang='lat' dir='ltr'>cum</span> <span class='ocrx_word' id='word_1_1711' title='bbox 2157 2005 2167 2034; x_wconf 92' lang='lat' dir='ltr'>l</span> <span class='ocrx_word' id='word_1_1712' title='bbox 2186 2012 2347 2042; x_wconf 80' lang='lat' dir='ltr'>permutata.</span> <span class='ocrx_word' id='word_1_1713' title='bbox 2386 2004 2487 2033; x_wconf 82' lang='lat' dir='ltr'>Festus.</span> <span class='ocrx_word' id='word_1_1714' title='bbox 2589 2000 2592 2035; x_wconf 62' lang='lat' dir='ltr'><em>J</em></span> 
     </span>
    </p>

    <p class='ocr_par' dir='ltr' id='par_1_49' title="bbox 1420 2040 2595 2303">
     <span class='ocr_line' id='line_1_153' title="bbox 1420 2040 2591 2082; baseline -0.005 -5"><span class='ocrx_word' id='word_1_1715' title='bbox 1420 2049 1440 2078; x_wconf 89' lang='lat' dir='ltr'>A</span> <span class='ocrx_word' id='word_1_1716' title='bbox 1448 2058 1468 2077; x_wconf 88' lang='lat' dir='ltr'>N</span> <span class='ocrx_word' id='word_1_1717' title='bbox 1478 2058 1495 2076; x_wconf 89' lang='lat' dir='ltr'>c</span> <span class='ocrx_word' id='word_1_1718' title='bbox 1504 2059 1527 2076; x_wconf 65' lang='grc' dir='ltr'>,ιε</span> <span class='ocrx_word' id='word_1_1719' title='bbox 1535 2057 1552 2076; x_wconf 82' lang='lat' dir='ltr'>u</span> <span class='ocrx_word' id='word_1_1720' title='bbox 1562 2057 1584 2082; x_wconf 87' lang='lat' dir='ltr'>s,</span> <span class='ocrx_word' id='word_1_1721' title='bbox 1606 2047 1761 2082; x_wconf 38' lang='lat' dir='ltr'>[Myndo</span> <span class='ocrx_word' id='word_1_1722' title='bbox 1773 2046 1788 2080; x_wconf 91' lang='lat'>]</span> <span class='ocrx_word' id='word_1_1723' title='bbox 1810 2052 1840 2074; x_wconf 91' lang='lat' dir='ltr'>ut</span> <span class='ocrx_word' id='word_1_1724' title='bbox 1849 2045 1942 2074; x_wconf 81' lang='lat' dir='ltr'>scribit</span> <span class='ocrx_word' id='word_1_1725' title='bbox 1953 2044 2133 2073; x_wconf 88' lang='lat' dir='ltr'>Aristomenes</span> <span class='ocrx_word' id='word_1_1726' title='bbox 2143 2065 2151 2078; x_wconf 91' lang='lat'>,</span> <span class='ocrx_word' id='word_1_1727' title='bbox 2171 2043 2225 2072; x_wconf 84' lang='lat' dir='ltr'>suit</span> <span class='ocrx_word' id='word_1_1728' title='bbox 2235 2042 2406 2080; x_wconf 66' lang='lat' dir='ltr'>agriculturae</span> <span class='ocrx_word' id='word_1_1729' title='bbox 2416 2040 2561 2071; x_wconf 79' lang='lat' dir='ltr'>studiosus:</span> <span class='ocrx_word' id='word_1_1730' title='bbox 2588 2041 2591 2073; x_wconf 65' lang='lat'>&#39;‚</span> 
     </span>
     <span class='ocr_line' id='line_1_154' title="bbox 1457 2079 2595 2122; baseline -0.006 -8"><span class='ocrx_word' id='word_1_1731' title='bbox 1457 2095 1543 2122; x_wconf 89' lang='lat' dir='ltr'>quum</span> <span class='ocrx_word' id='word_1_1732' title='bbox 1570 2092 1662 2113; x_wconf 82' lang='lat' dir='ltr'>autern</span> <span class='ocrx_word' id='word_1_1733' title='bbox 1685 2084 1796 2112; x_wconf 87' lang='lat' dir='ltr'>vineam</span> <span class='ocrx_word' id='word_1_1734' title='bbox 1812 2083 1963 2120; x_wconf 82' lang='lat' dir='ltr'>plantaret,</span> <span class='ocrx_word' id='word_1_1735' title='bbox 1993 2082 2113 2110; x_wconf 87' lang='lat' dir='ltr'>nimium</span> <span class='ocrx_word' id='word_1_1736' title='bbox 2139 2081 2212 2118; x_wconf 82' lang='lat' dir='ltr'>gravi</span> <span class='ocrx_word' id='word_1_1737' title='bbox 2233 2080 2327 2109; x_wconf 86' lang='lat' dir='ltr'>labore</span> <span class='ocrx_word' id='word_1_1738' title='bbox 2348 2080 2438 2108; x_wconf 89' lang='lat' dir='ltr'>servos</span> <span class='ocrx_word' id='word_1_1739' title='bbox 2463 2079 2565 2116; x_wconf 75' lang='lat' dir='ltr'>preme-</span> <span class='ocrx_word' id='word_1_1740' title='bbox 2587 2097 2595 2115; x_wconf 78' lang='lat'>:-</span> 
     </span>
     <span class='ocr_line' id='line_1_155' title="bbox 1456 2117 2594 2160; baseline -0.005 -9"><span class='ocrx_word' id='word_1_1741' title='bbox 1456 2122 1518 2152; x_wconf 84' lang='lat' dir='ltr'>bat:</span> <span class='ocrx_word' id='word_1_1742' title='bbox 1551 2132 1633 2160; x_wconf 85' lang='lat' dir='ltr'>quare</span> <span class='ocrx_word' id='word_1_1743' title='bbox 1652 2121 1763 2150; x_wconf 88' lang='lat' dir='ltr'>illorum</span> <span class='ocrx_word' id='word_1_1744' title='bbox 1791 2121 1902 2158; x_wconf 80' lang='lat' dir='ltr'>quidam</span> <span class='ocrx_word' id='word_1_1745' title='bbox 1928 2120 2017 2154; x_wconf 82' lang='lat' dir='ltr'>dixit,</span> <span class='ocrx_word' id='word_1_1746' title='bbox 2047 2120 2194 2148; x_wconf 83' lang='lat' dir='ltr'>dominum</span> <span class='ocrx_word' id='word_1_1747' title='bbox 2216 2128 2251 2147; x_wconf 82' lang='lat' dir='ltr'>ex</span> <span class='ocrx_word' id='word_1_1748' title='bbox 2277 2117 2323 2147; x_wconf 90' lang='lat' dir='ltr'>illa</span> <span class='ocrx_word' id='word_1_1749' title='bbox 2346 2118 2426 2146; x_wconf 79' lang='lat' dir='ltr'>vinea</span> <span class='ocrx_word' id='word_1_1750' title='bbox 2448 2117 2564 2146; x_wconf 72' lang='lat' dir='ltr'>fructum</span> <span class='ocrx_word' id='word_1_1751' title='bbox 2588 2118 2594 2147; x_wconf 72' lang='grc'>,“</span> 
     </span>
     <span class='ocr_line' id='line_1_156' title="bbox 1456 2148 2594 2197; baseline -0.005 -8"><span class='ocrx_word' id='word_1_1752' title='bbox 1456 2171 1599 2197; x_wconf 84' lang='lat' dir='ltr'>nunquam</span> <span class='ocrx_word' id='word_1_1753' title='bbox 1617 2167 1822 2197; x_wconf 80' lang='lat' dir='ltr'>percepturum.</span> <span class='ocrx_word' id='word_1_1754' title='bbox 1881 2160 1994 2187; x_wconf 81' lang='lat' dir='ltr'>Ancaeus</span> <span class='ocrx_word' id='word_1_1755' title='bbox 2015 2167 2080 2185; x_wconf 88' lang='lat' dir='ltr'>vero</span> <span class='ocrx_word' id='word_1_1756' title='bbox 2102 2157 2279 2195; x_wconf 71' lang='lat' dir='ltr'>posteaquam</span> <span class='ocrx_word' id='word_1_1757' title='bbox 2297 2166 2350 2185; x_wconf 85' lang='lat' dir='ltr'>uva</span> <span class='ocrx_word' id='word_1_1758' title='bbox 2367 2155 2421 2184; x_wconf 82' lang='lat' dir='ltr'>fuit</span> <span class='ocrx_word' id='word_1_1759' title='bbox 2442 2156 2562 2190; x_wconf 75' lang='lat' dir='ltr'>matura,</span> <span class='ocrx_word' id='word_1_1760' title='bbox 2591 2148 2594 2158; x_wconf 87' lang='grc'><strong>’</strong></span> 
     </span>
     <span class='ocr_line' id='line_1_157' title="bbox 1455 2191 2590 2233; baseline -0.006 -6"><span class='ocrx_word' id='word_1_1761' title='bbox 1455 2198 1534 2228; x_wconf 66' lang='lat' dir='ltr'>laetus</span> <span class='ocrx_word' id='word_1_1762' title='bbox 1560 2197 1765 2226; x_wconf 70' lang='lat' dir='ltr'>vindemiabat:</span> <span class='ocrx_word' id='word_1_1763' title='bbox 1797 2196 1957 2233; x_wconf 88' lang='lat' dir='ltr'>servumque</span> <span class='ocrx_word' id='word_1_1764' title='bbox 1976 2194 2050 2230; x_wconf 76' lang='lat' dir='ltr'>juisst</span> <span class='ocrx_word' id='word_1_1765' title='bbox 2067 2196 2164 2223; x_wconf 91' lang='lat' dir='ltr'>vinum</span> <span class='ocrx_word' id='word_1_1766' title='bbox 2185 2194 2234 2223; x_wconf 79' lang='lat' dir='ltr'>sibi</span> <span class='ocrx_word' id='word_1_1767' title='bbox 2259 2194 2385 2222; x_wconf 82' lang='lat' dir='ltr'>fundere.</span> <span class='ocrx_word' id='word_1_1768' title='bbox 2434 2191 2564 2221; x_wconf 83' lang='lat' dir='ltr'>Poculum</span> <span class='ocrx_word' id='word_1_1769' title='bbox 2580 2199 2590 2231; x_wconf 48' lang='grc' dir='ltr'><strong><em>Γ</em></strong></span> 
     </span>
     <span class='ocr_line' id='line_1_158' title="bbox 1455 2228 2592 2303; baseline -0.004 -38"><span class='ocrx_word' id='word_1_1770' title='bbox 1455 2237 1544 2303; x_wconf 46' lang='lat' dir='ltr'>{iim}</span> <span class='ocrx_word' id='word_1_1771' title='bbox 1565 2245 1650 2272; x_wconf 88' lang='lat' dir='ltr'>quum</span> <span class='ocrx_word' id='word_1_1772' title='bbox 1675 2236 1716 2264; x_wconf 89' lang='lat' dir='ltr'>ori</span> <span class='ocrx_word' id='word_1_1773' title='bbox 1742 2241 1916 2272; x_wconf 81' lang='lat' dir='ltr'>apponeret,</span> <span class='ocrx_word' id='word_1_1774' title='bbox 1953 2233 2061 2262; x_wconf 63' lang='lat' dir='ltr'>dictum</span> <span class='ocrx_word' id='word_1_1775' title='bbox 2084 2232 2157 2261; x_wconf 76' lang='lat' dir='ltr'>illius</span> <span class='ocrx_word' id='word_1_1776' title='bbox 2180 2232 2210 2261; x_wconf 89' lang='lat' dir='ltr'>in</span> <span class='ocrx_word' id='word_1_1777' title='bbox 2229 2232 2394 2261; x_wconf 84' lang='lat' dir='ltr'>memoriam</span> <span class='ocrx_word' id='word_1_1778' title='bbox 2419 2228 2562 2260; x_wconf 80' lang='lat' dir='ltr'>revocavit.</span> <span class='ocrx_word' id='word_1_1779' title='bbox 2579 2234 2592 2273; x_wconf 34' lang='lat' dir='ltr'>l,</span> 
     </span>
    </p>

    <p class='ocr_par' dir='ltr' id='par_1_50' title="bbox 1455 2283 2592 2685">
     <span class='ocr_line' id='line_1_159' title="bbox 1481 2283 1629 2308; baseline -0.007 -5"><span class='ocrx_word' id='word_1_1780' title='bbox 1481 2284 1509 2303; x_wconf 80' lang='lat' dir='ltr'>ur</span> <span class='ocrx_word' id='word_1_1781' title='bbox 1539 2283 1629 2308; x_wconf 87' lang='lat' dir='ltr'>ervus,</span> 
     </span>
     <span class='ocr_line' id='line_1_160' title="bbox 1537 2303 2591 2345; baseline -0.007 -5"><span class='ocrx_word' id='word_1_1782' title='bbox 1537 2311 1628 2341; x_wconf 79' lang='lat' dir='ltr'>Multa</span> <span class='ocrx_word' id='word_1_1783' title='bbox 1643 2310 1747 2339; x_wconf 83' lang='lat' dir='ltr'>eadunt</span> <span class='ocrx_word' id='word_1_1784' title='bbox 1758 2309 1828 2338; x_wconf 90' lang='lat' dir='ltr'>inter</span> <span class='ocrx_word' id='word_1_1785' title='bbox 1849 2306 1980 2343; x_wconf 82' lang='lat' dir='ltr'>calicem,</span> <span class='ocrx_word' id='word_1_1786' title='bbox 2002 2308 2183 2345; x_wconf 84' lang='lat' dir='ltr'>supremaque</span> <span class='ocrx_word' id='word_1_1787' title='bbox 2202 2306 2284 2336; x_wconf 85' lang='lat' dir='ltr'>labra.</span> <span class='ocrx_word' id='word_1_1788' title='bbox 2379 2305 2431 2334; x_wconf 90' lang='lat' dir='ltr'>His</span> <span class='ocrx_word' id='word_1_1789' title='bbox 2448 2315 2514 2334; x_wconf 91' lang='lat' dir='ltr'>vero</span> <span class='ocrx_word' id='word_1_1790' title='bbox 2525 2303 2564 2334; x_wconf 83' lang='lat' dir='ltr'>di·</span> <span class='ocrx_word' id='word_1_1791' title='bbox 2589 2333 2591 2338; x_wconf 81' lang='grc'><strong>,</strong></span> 
     </span>
     <span class='ocr_line' id='line_1_161' title="bbox 1458 2341 2564 2386; baseline -0.006 -8"><span class='ocrx_word' id='word_1_1792' title='bbox 1458 2350 1508 2381; x_wconf 68' lang='lat' dir='ltr'>ctis</span> <span class='ocrx_word' id='word_1_1793' title='bbox 1524 2349 1637 2386; x_wconf 80' lang='lat' dir='ltr'>quidam</span> <span class='ocrx_word' id='word_1_1794' title='bbox 1653 2347 1787 2381; x_wconf 82' lang='lat' dir='ltr'>accurrit,</span> <span class='ocrx_word' id='word_1_1795' title='bbox 1817 2348 1948 2376; x_wconf 75' lang='lat' dir='ltr'>nuntians</span> <span class='ocrx_word' id='word_1_1796' title='bbox 1965 2356 2045 2383; x_wconf 86' lang='lat' dir='ltr'>quam</span> <span class='ocrx_word' id='word_1_1797' title='bbox 2060 2346 2216 2374; x_wconf 86' lang='lat' dir='ltr'>maximum</span> <span class='ocrx_word' id='word_1_1798' title='bbox 2235 2353 2332 2382; x_wconf 87' lang='lat' dir='ltr'>aprum</span> <span class='ocrx_word' id='word_1_1799' title='bbox 2351 2341 2564 2379; x_wconf 78' lang='lat' dir='ltr'>vineamingres-</span> 
     </span>
     <span class='ocr_line' id='line_1_162' title="bbox 1456 2380 2590 2423; baseline -0.006 -7"><span class='ocrx_word' id='word_1_1800' title='bbox 1456 2387 1517 2416; x_wconf 92' lang='lat' dir='ltr'>sum</span> <span class='ocrx_word' id='word_1_1801' title='bbox 1530 2409 1538 2422; x_wconf 96' lang='lat'>,</span> <span class='ocrx_word' id='word_1_1802' title='bbox 1559 2386 1633 2415; x_wconf 85' lang='lat' dir='ltr'>illam</span> <span class='ocrx_word' id='word_1_1803' title='bbox 1645 2382 1799 2423; x_wconf 72' lang='lat' dir='ltr'>pervertere</span> <span class='ocrx_word' id='word_1_1804' title='bbox 1807 2392 1901 2413; x_wconf 85' lang='lat' dir='ltr'>totam.</span> <span class='ocrx_word' id='word_1_1805' title='bbox 1938 2384 2145 2413; x_wconf 80' lang='lat' dir='ltr'>TuncAncaeus</span> <span class='ocrx_word' id='word_1_1806' title='bbox 2161 2381 2296 2421; x_wconf 79' lang='lat' dir='ltr'>poculum</span> <span class='ocrx_word' id='word_1_1807' title='bbox 2315 2391 2400 2417; x_wconf 84' lang='lat' dir='ltr'>quum</span> <span class='ocrx_word' id='word_1_1808' title='bbox 2411 2380 2562 2416; x_wconf 73' lang='lat' dir='ltr'>abjecisset,</span> <span class='ocrx_word' id='word_1_1809' title='bbox 2587 2411 2590 2416; x_wconf 64' lang='grc'><strong>,</strong></span> 
     </span>
     <span class='ocr_line' id='line_1_163' title="bbox 1457 2419 2589 2462; baseline -0.007 -8"><span class='ocrx_word' id='word_1_1810' title='bbox 1457 2425 1492 2454; x_wconf 80' lang='lat' dir='ltr'>ad</span> <span class='ocrx_word' id='word_1_1811' title='bbox 1504 2434 1601 2462; x_wconf 81' lang='lat' dir='ltr'>aprum</span> <span class='ocrx_word' id='word_1_1812' title='bbox 1613 2421 1764 2457; x_wconf 81' lang='lat' dir='ltr'>festinavit,</span> <span class='ocrx_word' id='word_1_1813' title='bbox 1787 2432 1801 2451; x_wconf 88' lang='lat' dir='ltr'>a</span> <span class='ocrx_word' id='word_1_1814' title='bbox 1823 2432 1877 2459; x_wconf 89' lang='lat' dir='ltr'>quo</span> <span class='ocrx_word' id='word_1_1815' title='bbox 1895 2421 2034 2460; x_wconf 56' lang='lat' dir='ltr'>percuss‘us</span> <span class='ocrx_word' id='word_1_1816' title='bbox 2049 2421 2162 2449; x_wconf 88' lang='lat' dir='ltr'>interiit.</span> <span class='ocrx_word' id='word_1_1817' title='bbox 2203 2420 2283 2449; x_wconf 83' lang='lat' dir='ltr'>Unde</span> <span class='ocrx_word' id='word_1_1818' title='bbox 2294 2426 2390 2457; x_wconf 83' lang='lat' dir='ltr'>natum</span> <span class='ocrx_word' id='word_1_1819' title='bbox 2404 2419 2441 2447; x_wconf 89' lang='lat' dir='ltr'>est</span> <span class='ocrx_word' id='word_1_1820' title='bbox 2459 2427 2564 2456; x_wconf 82' lang='lat' dir='ltr'>prover·</span> <span class='ocrx_word' id='word_1_1821' title='bbox 2587 2422 2589 2426; x_wconf 67' lang='lat'><em>⁴</em></span> 
     </span>
     <span class='ocr_line' id='line_1_164' title="bbox 1458 2454 2589 2498; baseline -0.007 -7"><span class='ocrx_word' id='word_1_1822' title='bbox 1458 2462 1536 2491; x_wconf 89' lang='lat' dir='ltr'>bium</span> <span class='ocrx_word' id='word_1_1823' title='bbox 1554 2463 1582 2490; x_wconf 91' lang='lat' dir='ltr'>in</span> <span class='ocrx_word' id='word_1_1824' title='bbox 1598 2471 1644 2491; x_wconf 89' lang='lat' dir='ltr'>eos</span> <span class='ocrx_word' id='word_1_1825' title='bbox 1655 2460 1754 2498; x_wconf 85' lang='lat' dir='ltr'>quibus</span> <span class='ocrx_word' id='word_1_1826' title='bbox 1763 2468 1860 2498; x_wconf 62' lang='lat' dir='ltr'>praeter</span> <span class='ocrx_word' id='word_1_1827' title='bbox 1868 2459 1943 2497; x_wconf 85' lang='lat' dir='ltr'>spem</span> <span class='ocrx_word' id='word_1_1828' title='bbox 1954 2459 2056 2496; x_wconf 77' lang='lat' dir='ltr'>aliquid</span> <span class='ocrx_word' id='word_1_1829' title='bbox 2068 2459 2170 2487; x_wconf 74' lang='lat' dir='ltr'>evenit.</span> <span class='ocrx_word' id='word_1_1830' title='bbox 2192 2458 2266 2495; x_wconf 88' lang='lat' dir='ltr'>quod</span> <span class='ocrx_word' id='word_1_1831' title='bbox 2279 2457 2314 2486; x_wconf 87' lang='lat' dir='ltr'>fic</span> <span class='ocrx_word' id='word_1_1832' title='bbox 2332 2466 2347 2485; x_wconf 90' lang='lat' dir='ltr'>e</span> <span class='ocrx_word' id='word_1_1833' title='bbox 2361 2457 2455 2485; x_wconf 78' lang='lat' dir='ltr'>Graeco</span> <span class='ocrx_word' id='word_1_1834' title='bbox 2472 2456 2498 2484; x_wconf 92' lang='lat' dir='ltr'>in</span> <span class='ocrx_word' id='word_1_1835' title='bbox 2518 2454 2564 2484; x_wconf 80' lang='lat' dir='ltr'>La·</span> <span class='ocrx_word' id='word_1_1836' title='bbox 2584 2463 2589 2479; x_wconf 69' lang='lat'>³</span> 
     </span>
     <span class='ocr_line' id='line_1_165' title="bbox 1456 2492 2591 2533; baseline -0.006 -4"><span class='ocrx_word' id='word_1_1837' title='bbox 1456 2501 1547 2529; x_wconf 91' lang='lat' dir='ltr'>tinum</span> <span class='ocrx_word' id='word_1_1838' title='bbox 1568 2499 1638 2528; x_wconf 81' lang='lat' dir='ltr'>Cato</span> <span class='ocrx_word' id='word_1_1839' title='bbox 1654 2499 1755 2533; x_wconf 84' lang='lat' dir='ltr'>vertit,</span> <span class='ocrx_word' id='word_1_1840' title='bbox 1784 2498 1906 2527; x_wconf 79' lang='lat' dir='ltr'>Multum</span> <span class='ocrx_word' id='word_1_1841' title='bbox 1920 2498 2031 2526; x_wconf 88' lang='lat' dir='ltr'>interest</span> <span class='ocrx_word' id='word_1_1842' title='bbox 2042 2498 2154 2525; x_wconf 87' lang='lat' dir='ltr'>interos</span> <span class='ocrx_word' id='word_1_1843' title='bbox 2177 2497 2202 2525; x_wconf 66' lang='grc' dir='ltr'>δι</span> <span class='ocrx_word' id='word_1_1844' title='bbox 2215 2495 2310 2524; x_wconf 82' lang='lat' dir='ltr'>offam.</span> <span class='ocrx_word' id='word_1_1845' title='bbox 2347 2494 2429 2531; x_wconf 90' lang='lat' dir='ltr'>Apud</span> <span class='ocrx_word' id='word_1_1846' title='bbox 2440 2492 2510 2523; x_wconf 87' lang='lat' dir='ltr'>Gell.</span> <span class='ocrx_word' id='word_1_1847' title='bbox 2521 2501 2560 2530; x_wconf 82' lang='lat'>13.</span> <span class='ocrx_word' id='word_1_1848' title='bbox 2584 2494 2591 2509; x_wconf 83' lang='grc'>·”</span> 
     </span>
     <span class='ocr_line' id='line_1_166' title="bbox 1459 2533 2353 2575; baseline -0.007 -8"><span class='ocrx_word' id='word_1_1849' title='bbox 1459 2544 1502 2575; x_wconf 69' lang='lat'>17·</span> <span class='ocrx_word' id='word_1_1850' title='bbox 1526 2538 1556 2566; x_wconf 91' lang='lat' dir='ltr'>V.</span> <span class='ocrx_word' id='word_1_1851' title='bbox 1575 2536 1673 2566; x_wconf 85' lang='lat' dir='ltr'>Erasm.</span> <span class='ocrx_word' id='word_1_1852' title='bbox 1686 2535 1757 2565; x_wconf 88' lang='lat' dir='ltr'>Chil.</span> <span class='ocrx_word' id='word_1_1853' title='bbox 1773 2546 1795 2564; x_wconf 87' lang='lat'>1.</span> <span class='ocrx_word' id='word_1_1854' title='bbox 1810 2547 1832 2570; x_wconf 84' lang='lat'>5.</span> <span class='ocrx_word' id='word_1_1855' title='bbox 1847 2546 1868 2565; x_wconf 87' lang='lat'>1.</span> <span class='ocrx_word' id='word_1_1856' title='bbox 1892 2535 1933 2564; x_wconf 87' lang='lat' dir='ltr'>De</span> <span class='ocrx_word' id='word_1_1857' title='bbox 1948 2537 2045 2565; x_wconf 75' lang='lat' dir='ltr'>Ancaeo</span> <span class='ocrx_word' id='word_1_1858' title='bbox 2060 2534 2144 2563; x_wconf 89' lang='lat' dir='ltr'>Ovid.</span> <span class='ocrx_word' id='word_1_1859' title='bbox 2158 2539 2183 2567; x_wconf 78' lang='lat'>8.</span> <span class='ocrx_word' id='word_1_1860' title='bbox 2205 2533 2274 2563; x_wconf 82' lang='lat' dir='ltr'>Met.</span> <span class='ocrx_word' id='word_1_1861' title='bbox 2289 2542 2353 2569; x_wconf 88' lang='lat'><strong>407.</strong></span> 
     </span>
     <span class='ocr_line' id='line_1_167' title="bbox 1456 2573 2067 2609; baseline -0.007 -4"><span class='ocrx_word' id='word_1_1862' title='bbox 1456 2579 1571 2605; x_wconf 76' lang='lat' dir='ltr'>Ancaeus</span> <span class='ocrx_word' id='word_1_1863' title='bbox 1596 2574 1753 2603; x_wconf 77' lang='lat' dir='ltr'>Parrhasius.</span> <span class='ocrx_word' id='word_1_1864' title='bbox 1776 2573 1858 2602; x_wconf 91' lang='lat' dir='ltr'>Ovid.</span> <span class='ocrx_word' id='word_1_1865' title='bbox 1875 2579 1900 2606; x_wconf 76' lang='lat'>8.</span> <span class='ocrx_word' id='word_1_1866' title='bbox 1924 2573 1993 2602; x_wconf 82' lang='lat' dir='ltr'>Met.</span> <span class='ocrx_word' id='word_1_1867' title='bbox 2007 2582 2067 2609; x_wconf 72' lang='lat'>3¹5·</span> 
     </span>
     <span class='ocr_line' id='line_1_168' title="bbox 1455 2609 2590 2645; baseline -0.005 -2"><span class='ocrx_word' id='word_1_1868' title='bbox 1455 2614 1548 2643; x_wconf 69' lang='lat' dir='ltr'>Ancaei</span> <span class='ocrx_word' id='word_1_1869' title='bbox 1569 2612 1692 2642; x_wconf 86' lang='lat' dir='ltr'>vulnera.</span> <span class='ocrx_word' id='word_1_1870' title='bbox 1716 2611 1799 2640; x_wconf 87' lang='lat' dir='ltr'>Ovid.</span> <span class='ocrx_word' id='word_1_1871' title='bbox 1813 2614 1837 2645; x_wconf 73' lang='lat'>8.</span> <span class='ocrx_word' id='word_1_1872' title='bbox 1857 2611 1926 2640; x_wconf 79' lang='lat' dir='ltr'>Met.</span> <span class='ocrx_word' id='word_1_1873' title='bbox 1945 2616 2003 2645; x_wconf 73' lang='lat'>518-</span> <span class='ocrx_word' id='word_1_1874' title='bbox 2028 2610 2063 2639; x_wconf 87' lang='lat' dir='ltr'>de</span> <span class='ocrx_word' id='word_1_1875' title='bbox 2075 2609 2227 2644; x_wconf 61' lang='lat' dir='ltr'>Meleagro,</span> <span class='ocrx_word' id='word_1_1876' title='bbox 2586 2627 2590 2638; x_wconf 64' lang='lat'><em>1</em></span> 
     </span>
     <span class='ocr_line' id='line_1_169' title="bbox 1536 2644 2592 2685; baseline -0.007 -5"><span class='ocrx_word' id='word_1_1877' title='bbox 1536 2651 1654 2685; x_wconf 82' lang='lat' dir='ltr'>Moeret,</span> <span class='ocrx_word' id='word_1_1878' title='bbox 1677 2651 1702 2679; x_wconf 79' lang='lat' dir='ltr'>St</span> <span class='ocrx_word' id='word_1_1879' title='bbox 1717 2650 1807 2678; x_wconf 77' lang='lat' dir='ltr'>Ancaei</span> <span class='ocrx_word' id='word_1_1880' title='bbox 1826 2649 1917 2677; x_wconf 89' lang='lat' dir='ltr'>felicia</span> <span class='ocrx_word' id='word_1_1881' title='bbox 1937 2648 2050 2677; x_wconf 81' lang='lat' dir='ltr'>vulnera</span> <span class='ocrx_word' id='word_1_1882' title='bbox 2064 2648 2139 2676; x_wconf 77' lang='lat' dir='ltr'>dicit.</span> <span class='ocrx_word' id='word_1_1883' title='bbox 2577 2644 2592 2679; x_wconf 72' lang='lat'>⁰1</span> 
     </span>
    </p>

    <p class='ocr_par' dir='ltr' id='par_1_51' title="bbox 1419 2662 2589 2763">
     <span class='ocr_line' id='line_1_170' title="bbox 1419 2662 2589 2732; baseline -0.006 -14"><span class='ocrx_word' id='word_1_1884' title='bbox 1419 2689 1470 2718; x_wconf 88' lang='lat' dir='ltr'>AN</span> <span class='ocrx_word' id='word_1_1885' title='bbox 1482 2698 1498 2717; x_wconf 88' lang='lat' dir='ltr'>c</span> <span class='ocrx_word' id='word_1_1886' title='bbox 1509 2698 1576 2717; x_wconf 73' lang='lat' dir='ltr'>Ats</span> <span class='ocrx_word' id='word_1_1887' title='bbox 1588 2710 1595 2723; x_wconf 93' lang='lat'>,</span> <span class='ocrx_word' id='word_1_1888' title='bbox 1630 2698 1667 2717; x_wconf 90' lang='lat' dir='ltr'>es.</span> <span class='ocrx_word' id='word_1_1889' title='bbox 1689 2688 1706 2716; x_wconf 80' lang='lat' dir='ltr'>f,</span> <span class='ocrx_word' id='word_1_1890' title='bbox 1731 2688 1745 2722; x_wconf 86' lang='lat'>[</span> <span class='ocrx_word' id='word_1_1891' title='bbox 1762 2683 1864 2719; x_wconf 55' lang='grc' dir='ltr'>ἀγκάλη</span> <span class='ocrx_word' id='word_1_1892' title='bbox 1879 2687 1893 2721; x_wconf 88' lang='grc'>]</span> <span class='ocrx_word' id='word_1_1893' title='bbox 1914 2685 2021 2724; x_wconf 87' lang='lat' dir='ltr'>Poples.</span> <span class='ocrx_word' id='word_1_1894' title='bbox 2051 2685 2116 2714; x_wconf 78' lang='lat' dir='ltr'>Caei.</span> <span class='ocrx_word' id='word_1_1895' title='bbox 2132 2683 2222 2714; x_wconf 76' lang='lat' dir='ltr'>Aurei.</span> <span class='ocrx_word' id='word_1_1896' title='bbox 2243 2682 2327 2713; x_wconf 82' lang='lat' dir='ltr'>Tard.</span> <span class='ocrx_word' id='word_1_1897' title='bbox 2345 2693 2368 2718; x_wconf 87' lang='lat'>5.</span> <span class='ocrx_word' id='word_1_1898' title='bbox 2386 2688 2408 2712; x_wconf 74' lang='lat' dir='ltr'>i.</span> <span class='ocrx_word' id='word_1_1899' title='bbox 2430 2682 2473 2712; x_wconf 88' lang='lat' dir='ltr'>Ad</span> <span class='ocrx_word' id='word_1_1900' title='bbox 2487 2690 2562 2712; x_wconf 71' lang='lat' dir='ltr'>anca·</span> <span class='ocrx_word' id='word_1_1901' title='bbox 2576 2662 2589 2732; x_wconf 57' lang='lat' dir='ltr'>i</span> 
     </span>
     <span class='ocr_line' id='line_1_171' title="bbox 1457 2718 2587 2763; baseline -0.006 -8"><span class='ocrx_word' id='word_1_1902' title='bbox 1457 2726 1504 2755; x_wconf 86' lang='lat' dir='ltr'>len</span> <span class='ocrx_word' id='word_1_1903' title='bbox 1521 2726 1685 2763; x_wconf 66' lang='lat' dir='ltr'>perveniens</span> <span class='ocrx_word' id='word_1_1904' title='bbox 1701 2732 1782 2762; x_wconf 83' lang='lat' dir='ltr'>atque</span> <span class='ocrx_word' id='word_1_1905' title='bbox 1801 2723 1897 2753; x_wconf 85' lang='lat' dir='ltr'>suram.</span> <span class='ocrx_word' id='word_1_1906' title='bbox 2553 2718 2556 2723; x_wconf 80' lang='lat'>&#39;</span> <span class='ocrx_word' id='word_1_1907' title='bbox 2582 2723 2587 2755; x_wconf 67' lang='grc' dir='ltr'><strong><em>ζ</em></strong></span> 
     </span>
    </p>

    <p class='ocr_par' dir='ltr' id='par_1_52' title="bbox 1420 2741 2586 2912">
     <span class='ocr_line' id='line_1_172' title="bbox 1420 2741 2584 2799; baseline -0.007 -6"><span class='ocrx_word' id='word_1_1908' title='bbox 1420 2766 1441 2793; x_wconf 93' lang='lat' dir='ltr'>A</span> <span class='ocrx_word' id='word_1_1909' title='bbox 1450 2774 1468 2793; x_wconf 80' lang='lat' dir='ltr'>N</span> <span class='ocrx_word' id='word_1_1910' title='bbox 1480 2774 1497 2793; x_wconf 78' lang='lat' dir='ltr'>c</span> <span class='ocrx_word' id='word_1_1911' title='bbox 1507 2774 1525 2792; x_wconf 81' lang='lat' dir='ltr'>A</span> <span class='ocrx_word' id='word_1_1912' title='bbox 1537 2774 1551 2792; x_wconf 80' lang='lat' dir='ltr'>R</span> <span class='ocrx_word' id='word_1_1913' title='bbox 1563 2774 1570 2791; x_wconf 85' lang='lat'><em>1</em></span> <span class='ocrx_word' id='word_1_1914' title='bbox 1583 2774 1601 2792; x_wconf 87' lang='lat' dir='ltr'>A</span> <span class='ocrx_word' id='word_1_1915' title='bbox 1614 2786 1622 2799; x_wconf 92' lang='lat'>,</span> <span class='ocrx_word' id='word_1_1916' title='bbox 1643 2763 1688 2792; x_wconf 84' lang='lat' dir='ltr'>vel</span> <span class='ocrx_word' id='word_1_1917' title='bbox 1708 2764 1727 2792; x_wconf 87' lang='lat' dir='ltr'>A</span> <span class='ocrx_word' id='word_1_1918' title='bbox 1738 2771 1810 2791; x_wconf 76' lang='lat' dir='ltr'>Ner—r</span> <span class='ocrx_word' id='word_1_1919' title='bbox 1821 2772 1840 2790; x_wconf 89' lang='lat' dir='ltr'>A</span> <span class='ocrx_word' id='word_1_1920' title='bbox 1851 2772 1866 2790; x_wconf 73' lang='lat' dir='ltr'>r.</span> <span class='ocrx_word' id='word_1_1921' title='bbox 1875 2773 1884 2790; x_wconf 88' lang='lat'>1</span> <span class='ocrx_word' id='word_1_1922' title='bbox 1895 2771 1913 2790; x_wconf 90' lang='lat' dir='ltr'>A</span> <span class='ocrx_word' id='word_1_1923' title='bbox 1924 2783 1932 2796; x_wconf 86' lang='lat'>,</span> <span class='ocrx_word' id='word_1_1924' title='bbox 1951 2760 2010 2790; x_wconf 79' lang='lat' dir='ltr'>Dea</span> <span class='ocrx_word' id='word_1_1925' title='bbox 2025 2760 2060 2790; x_wconf 86' lang='lat' dir='ltr'>ab</span> <span class='ocrx_word' id='word_1_1926' title='bbox 2076 2758 2214 2789; x_wconf 88' lang='lat' dir='ltr'>Asculanis</span> <span class='ocrx_word' id='word_1_1927' title='bbox 2230 2753 2341 2796; x_wconf 77' lang='lat' dir='ltr'>populis</span> <span class='ocrx_word' id='word_1_1928' title='bbox 2356 2756 2497 2786; x_wconf 86' lang='lat' dir='ltr'>colebatur</span> <span class='ocrx_word' id='word_1_1929' title='bbox 2507 2778 2515 2792; x_wconf 85' lang='lat'>,</span> <span class='ocrx_word' id='word_1_1930' title='bbox 2533 2760 2563 2786; x_wconf 82' lang='lat' dir='ltr'>ut</span> <span class='ocrx_word' id='word_1_1931' title='bbox 2576 2741 2584 2775; x_wconf 61' lang='lat' dir='ltr'>l*</span> 
     </span>
     <span class='ocr_line' id='line_1_173' title="bbox 1458 2794 2579 2838; baseline -0.007 -7"><span class='ocrx_word' id='word_1_1932' title='bbox 1458 2802 1544 2838; x_wconf 74' lang='lat' dir='ltr'>patria</span> <span class='ocrx_word' id='word_1_1933' title='bbox 1556 2802 1582 2830; x_wconf 65' lang='grc' dir='ltr'>ἃς</span> <span class='ocrx_word' id='word_1_1934' title='bbox 1599 2801 1738 2834; x_wconf 77' lang='lat' dir='ltr'>tutelaris,</span> <span class='ocrx_word' id='word_1_1935' title='bbox 1757 2809 1792 2828; x_wconf 84' lang='lat' dir='ltr'>ne</span> <span class='ocrx_word' id='word_1_1936' title='bbox 1805 2800 1924 2828; x_wconf 74' lang='lat' dir='ltr'>hostium</span> <span class='ocrx_word' id='word_1_1937' title='bbox 1940 2799 2105 2827; x_wconf 79' lang='lat' dir='ltr'>vastarentur</span> <span class='ocrx_word' id='word_1_1938' title='bbox 2124 2796 2241 2826; x_wconf 87' lang='lat' dir='ltr'>incursu.</span> <span class='ocrx_word' id='word_1_1939' title='bbox 2294 2795 2326 2824; x_wconf 88' lang='lat' dir='ltr'>V.</span> <span class='ocrx_word' id='word_1_1940' title='bbox 2344 2794 2419 2824; x_wconf 80' lang='lat' dir='ltr'>Alex.</span> <span class='ocrx_word' id='word_1_1941' title='bbox 2436 2795 2471 2824; x_wconf 82' lang='lat' dir='ltr'>ab</span> <span class='ocrx_word' id='word_1_1942' title='bbox 2488 2795 2560 2824; x_wconf 80' lang='lat' dir='ltr'>Alex.</span> <span class='ocrx_word' id='word_1_1943' title='bbox 2576 2805 2579 2824; x_wconf 82' lang='grc' dir='ltr'>ι</span> 
     </span>
     <span class='ocr_line' id='line_1_174' title="bbox 1457 2830 2586 2887; baseline -0.006 -20"><span class='ocrx_word' id='word_1_1944' title='bbox 1457 2839 1504 2868; x_wconf 84' lang='lat' dir='ltr'>lib.</span> <span class='ocrx_word' id='word_1_1945' title='bbox 1518 2844 1543 2868; x_wconf 90' lang='lat'>6.</span> <span class='ocrx_word' id='word_1_1946' title='bbox 1559 2849 1618 2876; x_wconf 85' lang='lat' dir='ltr'>cap.</span> <span class='ocrx_word' id='word_1_1947' title='bbox 1637 2850 1663 2874; x_wconf 92' lang='lat'>4.</span> <span class='ocrx_word' id='word_1_1948' title='bbox 1704 2838 1737 2867; x_wconf 84' lang='lat' dir='ltr'>Et</span> <span class='ocrx_word' id='word_1_1949' title='bbox 1753 2838 1843 2867; x_wconf 78' lang='lat' dir='ltr'>Burni.</span> <span class='ocrx_word' id='word_1_1950' title='bbox 1855 2837 1888 2865; x_wconf 86' lang='lat' dir='ltr'>ad</span> <span class='ocrx_word' id='word_1_1951' title='bbox 1905 2836 2023 2872; x_wconf 83' lang='lat' dir='ltr'>Quintil.</span> <span class='ocrx_word' id='word_1_1952' title='bbox 2037 2845 2062 2871; x_wconf 78' lang='lat'>4.</span> <span class='ocrx_word' id='word_1_1953' title='bbox 2080 2845 2102 2864; x_wconf 93' lang='lat'>1.</span> <span class='ocrx_word' id='word_1_1954' title='bbox 2115 2845 2213 2873; x_wconf 82' lang='lat' dir='ltr'>p.315.</span> <span class='ocrx_word' id='word_1_1955' title='bbox 2576 2830 2586 2887; x_wconf 30' lang='grc' dir='ltr'>,μ’</span> 
     </span>
     <span class='ocr_line' id='line_1_175' title="bbox 1456 2875 2580 2912; baseline -0.006 -6"><span class='ocrx_word' id='word_1_1956' title='bbox 1456 2878 1597 2907; x_wconf 81' lang='lat' dir='ltr'>Ancarius.</span> <span class='ocrx_word' id='word_1_1957' title='bbox 1617 2875 1740 2905; x_wconf 87' lang='lat' dir='ltr'>Lucilius</span> <span class='ocrx_word' id='word_1_1958' title='bbox 1751 2898 1758 2910; x_wconf 92' lang='lat'>,</span> <span class='ocrx_word' id='word_1_1959' title='bbox 1780 2875 1852 2912; x_wconf 84' lang='lat' dir='ltr'>apud</span> <span class='ocrx_word' id='word_1_1960' title='bbox 1871 2875 1997 2903; x_wconf 81' lang='lat' dir='ltr'>Nonium</span> <span class='ocrx_word' id='word_1_1961' title='bbox 2012 2884 2031 2902; x_wconf 86' lang='lat' dir='ltr'>r.</span> <span class='ocrx_word' id='word_1_1962' title='bbox 2047 2879 2091 2910; x_wconf 64' lang='lat'><strong>753.</strong></span> <span class='ocrx_word' id='word_1_1963' title='bbox 2576 2889 2580 2905; x_wconf 43' lang='lat'>,-</span> 
     </span>
    </p>

    <p class='ocr_par' dir='ltr' id='par_1_53' title="bbox 1471 2909 2582 3484">
     <span class='ocr_line' id='line_1_176' title="bbox 1535 2909 2577 2947; baseline -0.006 -4"><span class='ocrx_word' id='word_1_1964' title='bbox 1535 2914 1603 2944; x_wconf 65' lang='lat' dir='ltr'>rime</span> <span class='ocrx_word' id='word_1_1965' title='bbox 1619 2915 1716 2943; x_wconf 77' lang='lat' dir='ltr'>eadem</span> <span class='ocrx_word' id='word_1_1966' title='bbox 1737 2913 1817 2942; x_wconf 86' lang='lat' dir='ltr'>rudet</span> <span class='ocrx_word' id='word_1_1967' title='bbox 1832 2922 1847 2941; x_wconf 83' lang='lat' dir='ltr'>e</span> <span class='ocrx_word' id='word_1_1968' title='bbox 1868 2912 1957 2941; x_wconf 79' lang='lat' dir='ltr'>rostris</span> <span class='ocrx_word' id='word_1_1969' title='bbox 1971 2920 2053 2947; x_wconf 77' lang='lat' dir='ltr'>atque</span> <span class='ocrx_word' id='word_1_1970' title='bbox 2072 2909 2210 2946; x_wconf 75' lang='lat' dir='ltr'>ejulitabit</span> <span class='ocrx_word' id='word_1_1971' title='bbox 2576 2933 2577 2938; x_wconf 72' lang='grc'>,</span> 
     </span>
     <span class='ocr_line' id='line_1_177' title="bbox 1484 2942 2561 2988; baseline -0.007 -7"><span class='ocrx_word' id='word_1_1972' title='bbox 1484 2985 1487 2988; x_wconf 44' lang='grc'><strong>,</strong></span> <span class='ocrx_word' id='word_1_1973' title='bbox 1536 2951 1708 2981; x_wconf 76' lang='lat' dir='ltr'>Concursans</span> <span class='ocrx_word' id='word_1_1974' title='bbox 1729 2950 1805 2980; x_wconf 79' lang='lat' dir='ltr'>velut</span> <span class='ocrx_word' id='word_1_1975' title='bbox 1826 2950 1969 2983; x_wconf 58' lang='lat' dir='ltr'>Ancarius,</span> <span class='ocrx_word' id='word_1_1976' title='bbox 1992 2949 2118 2985; x_wconf 77' lang='lat' dir='ltr'>clareque</span> <span class='ocrx_word' id='word_1_1977' title='bbox 2135 2948 2276 2985; x_wconf 82' lang='lat' dir='ltr'>quiritans.</span> <span class='ocrx_word' id='word_1_1978' title='bbox 2350 2945 2424 2975; x_wconf 84' lang='lat' dir='ltr'>cons.</span> <span class='ocrx_word' id='word_1_1979' title='bbox 2440 2942 2561 2974; x_wconf 84' lang='lat' dir='ltr'>Turnebi</span> 
     </span>
     <span class='ocr_line' id='line_1_178' title="bbox 1476 2983 2577 3027; baseline -0.007 -9"><span class='ocrx_word' id='word_1_1980' title='bbox 1476 2989 1583 3019; x_wconf 83' lang='lat' dir='ltr'>Advers.</span> <span class='ocrx_word' id='word_1_1981' title='bbox 1613 2999 1653 3027; x_wconf 89' lang='lat'>17.</span> <span class='ocrx_word' id='word_1_1982' title='bbox 1676 2999 1719 3022; x_wconf 72' lang='lat'>24.</span> <span class='ocrx_word' id='word_1_1983' title='bbox 1756 2989 1850 3024; x_wconf 79' lang='lat' dir='ltr'>Quem</span> <span class='ocrx_word' id='word_1_1984' title='bbox 1869 2988 1981 3016; x_wconf 76' lang='lat' dir='ltr'>taudem</span> <span class='ocrx_word' id='word_1_1985' title='bbox 2001 2987 2047 3015; x_wconf 91' lang='lat' dir='ltr'>hic</span> <span class='ocrx_word' id='word_1_1986' title='bbox 2066 2987 2212 3015; x_wconf 79' lang='lat' dir='ltr'>Ancarium</span> <span class='ocrx_word' id='word_1_1987' title='bbox 2230 2983 2428 3021; x_wconf 75' lang='lat' dir='ltr'>intelligimus?</span> <span class='ocrx_word' id='word_1_1988' title='bbox 2462 2983 2577 3011; x_wconf 80' lang='lat' dir='ltr'>Ancara-</span> 
     </span>
     <span class='ocr_line' id='line_1_179' title="bbox 1474 3019 2577 3061; baseline -0.008 -5"><span class='ocrx_word' id='word_1_1989' title='bbox 1474 3027 1540 3056; x_wconf 80' lang='lat' dir='ltr'>urbs</span> <span class='ocrx_word' id='word_1_1990' title='bbox 1561 3027 1644 3056; x_wconf 76' lang='lat' dir='ltr'>ltaliae</span> <span class='ocrx_word' id='word_1_1991' title='bbox 1664 3027 1716 3055; x_wconf 86' lang='lat' dir='ltr'>fuit</span> <span class='ocrx_word' id='word_1_1992' title='bbox 1733 3027 1793 3061; x_wconf 78' lang='lat' dir='ltr'>(ait</span> <span class='ocrx_word' id='word_1_1993' title='bbox 1811 3024 1978 3054; x_wconf 50' lang='lat' dir='ltr'>Turnebus]</span> <span class='ocrx_word' id='word_1_1994' title='bbox 2001 3025 2028 3053; x_wconf 88' lang='lat' dir='ltr'>in</span> <span class='ocrx_word' id='word_1_1995' title='bbox 2049 3034 2115 3060; x_wconf 74' lang='lat' dir='ltr'>qua,</span> <span class='ocrx_word' id='word_1_1996' title='bbox 2136 3023 2180 3052; x_wconf 84' lang='lat' dir='ltr'>vel</span> <span class='ocrx_word' id='word_1_1997' title='bbox 2200 3020 2282 3059; x_wconf 81' lang='lat' dir='ltr'>aliqui</span> <span class='ocrx_word' id='word_1_1998' title='bbox 2300 3019 2507 3059; x_wconf 80' lang='lat' dir='ltr'>patresfamilias</span> <span class='ocrx_word' id='word_1_1999' title='bbox 2524 3019 2577 3048; x_wconf 79' lang='lat' dir='ltr'>su-</span> 
     </span>
     <span class='ocr_line' id='line_1_180' title="bbox 1475 3054 2578 3102; baseline -0.007 -9"><span class='ocrx_word' id='word_1_2000' title='bbox 1475 3071 1565 3099; x_wconf 51' lang='lat' dir='ltr'>eruut¹</span> <span class='ocrx_word' id='word_1_2001' title='bbox 1582 3065 1688 3102; x_wconf 83' lang='lat' dir='ltr'>operosi</span> <span class='ocrx_word' id='word_1_2002' title='bbox 1705 3066 1731 3094; x_wconf 65' lang='lat' dir='ltr'>St</span> <span class='ocrx_word' id='word_1_2003' title='bbox 1754 3062 1892 3101; x_wconf 67' lang='lat' dir='ltr'>quaestuoli</span> <span class='ocrx_word' id='word_1_2004' title='bbox 1905 3084 1913 3093; x_wconf 82' lang='grc'>,</span> <span class='ocrx_word' id='word_1_2005' title='bbox 1946 3063 1992 3099; x_wconf 87' lang='lat' dir='ltr'>qui</span> <span class='ocrx_word' id='word_1_2006' title='bbox 2012 3063 2150 3091; x_wconf 80' lang='lat' dir='ltr'>lervorum</span> <span class='ocrx_word' id='word_1_2007' title='bbox 2171 3060 2287 3089; x_wconf 74' lang='lat' dir='ltr'>familias</span> <span class='ocrx_word' id='word_1_2008' title='bbox 2314 3059 2488 3088; x_wconf 83' lang='lat' dir='ltr'>habuerunt:</span> <span class='ocrx_word' id='word_1_2009' title='bbox 2518 3054 2578 3086; x_wconf 81' lang='lat' dir='ltr'>vel</span> 
     </span>
     <span class='ocr_line' id='line_1_181' title="bbox 1475 3094 2580 3140; baseline -0.007 -9"><span class='ocrx_word' id='word_1_2010' title='bbox 1475 3103 1539 3131; x_wconf 85' lang='lat' dir='ltr'>urbs</span> <span class='ocrx_word' id='word_1_2011' title='bbox 1560 3101 1634 3140; x_wconf 77' lang='lat' dir='ltr'>ipsa,</span> <span class='ocrx_word' id='word_1_2012' title='bbox 1662 3100 1736 3139; x_wconf 84' lang='lat' dir='ltr'>quod</span> <span class='ocrx_word' id='word_1_2013' title='bbox 1764 3111 1797 3130; x_wconf 82' lang='lat' dir='ltr'>ex</span> <span class='ocrx_word' id='word_1_2014' title='bbox 1817 3110 1850 3128; x_wconf 90' lang='lat' dir='ltr'>eo</span> <span class='ocrx_word' id='word_1_2015' title='bbox 1871 3099 1989 3137; x_wconf 69' lang='lat' dir='ltr'>stispicor</span> <span class='ocrx_word' id='word_1_2016' title='bbox 2004 3122 2012 3134; x_wconf 93' lang='lat'>,</span> <span class='ocrx_word' id='word_1_2017' title='bbox 2042 3099 2116 3136; x_wconf 89' lang='lat' dir='ltr'>quod</span> <span class='ocrx_word' id='word_1_2018' title='bbox 2137 3109 2151 3128; x_wconf 86' lang='lat' dir='ltr'>a</span> <span class='ocrx_word' id='word_1_2019' title='bbox 2170 3098 2275 3127; x_wconf 74' lang='lat' dir='ltr'>familia</span> <span class='ocrx_word' id='word_1_2020' title='bbox 2297 3097 2447 3126; x_wconf 79' lang='lat' dir='ltr'>Aucarlana</span> <span class='ocrx_word' id='word_1_2021' title='bbox 2465 3094 2513 3124; x_wconf 84' lang='lat' dir='ltr'>lib.</span> <span class='ocrx_word' id='word_1_2022' title='bbox 2534 3104 2558 3129; x_wconf 90' lang='grc'>9.</span> <span class='ocrx_word' id='word_1_2023' title='bbox 2574 3103 2580 3130; x_wconf 41' lang='lat'>⁴2</span> 
     </span>
     <span class='ocr_line' id='line_1_182' title="bbox 1474 3131 2581 3170; baseline -0.007 -1"><span class='ocrx_word' id='word_1_2024' title='bbox 1474 3140 1612 3169; x_wconf 85' lang='lat' dir='ltr'>Varenum</span> <span class='ocrx_word' id='word_1_2025' title='bbox 1632 3139 1723 3168; x_wconf 86' lang='lat' dir='ltr'>scribit</span> <span class='ocrx_word' id='word_1_2026' title='bbox 1744 3138 1841 3168; x_wconf 76' lang='lat' dir='ltr'>Fabius</span> <span class='ocrx_word' id='word_1_2027' title='bbox 1866 3138 2040 3166; x_wconf 61' lang='lat' dir='ltr'>interfectum</span> <span class='ocrx_word' id='word_1_2028' title='bbox 2060 3134 2146 3165; x_wconf 62' lang='lat' dir='ltr'>fuiss‘e.</span> <span class='ocrx_word' id='word_1_2029' title='bbox 2183 3136 2260 3165; x_wconf 79' lang='lat' dir='ltr'>Servi</span> <span class='ocrx_word' id='word_1_2030' title='bbox 2279 3142 2371 3164; x_wconf 82' lang='lat' dir='ltr'>autem</span> <span class='ocrx_word' id='word_1_2031' title='bbox 2391 3133 2432 3162; x_wconf 90' lang='lat' dir='ltr'>illi</span> <span class='ocrx_word' id='word_1_2032' title='bbox 2451 3131 2560 3170; x_wconf 65' lang='lat' dir='ltr'>opifices</span> <span class='ocrx_word' id='word_1_2033' title='bbox 2574 3132 2581 3156; x_wconf 46' lang='grc' dir='ltr'>α’</span> 
     </span>
     <span class='ocr_line' id='line_1_183' title="bbox 1474 3168 2579 3213; baseline -0.007 -7"><span class='ocrx_word' id='word_1_2034' title='bbox 1474 3179 1500 3207; x_wconf 70' lang='grc' dir='ltr'>ἃ</span> <span class='ocrx_word' id='word_1_2035' title='bbox 1521 3178 1638 3213; x_wconf 83' lang='lat' dir='ltr'>operarii</span> <span class='ocrx_word' id='word_1_2036' title='bbox 1660 3176 1729 3213; x_wconf 75' lang='lat' dir='ltr'>saepe</span> <span class='ocrx_word' id='word_1_2037' title='bbox 1750 3175 1949 3205; x_wconf 63' lang='lat' dir='ltr'>concurs-ibant</span> <span class='ocrx_word' id='word_1_2038' title='bbox 1962 3197 1970 3209; x_wconf 85' lang='lat'>,</span> <span class='ocrx_word' id='word_1_2039' title='bbox 1999 3176 2024 3204; x_wconf 56' lang='grc' dir='ltr'>ἃ</span> <span class='ocrx_word' id='word_1_2040' title='bbox 2045 3184 2093 3211; x_wconf 85' lang='lat' dir='ltr'>per</span> <span class='ocrx_word' id='word_1_2041' title='bbox 2114 3173 2209 3202; x_wconf 78' lang='lat' dir='ltr'>urbem</span> <span class='ocrx_word' id='word_1_2042' title='bbox 2225 3196 2233 3205; x_wconf 73' lang='lat'>,</span> <span class='ocrx_word' id='word_1_2043' title='bbox 2264 3181 2311 3201; x_wconf 79' lang='lat' dir='ltr'>aut</span> <span class='ocrx_word' id='word_1_2044' title='bbox 2329 3182 2406 3209; x_wconf 74' lang='lat' dir='ltr'>agros</span> <span class='ocrx_word' id='word_1_2045' title='bbox 2427 3180 2454 3199; x_wconf 90' lang='lat' dir='ltr'>re</span> <span class='ocrx_word' id='word_1_2046' title='bbox 2474 3168 2559 3206; x_wconf 83' lang='lat' dir='ltr'>aliqua</span> <span class='ocrx_word' id='word_1_2047' title='bbox 2578 3186 2579 3191; x_wconf 68' lang='lat'>=</span> 
     </span>
     <span class='ocr_line' id='line_1_184' title="bbox 1474 3209 2576 3251; baseline -0.009 -6"><span class='ocrx_word' id='word_1_2048' title='bbox 1474 3215 1584 3250; x_wconf 65' lang='lat' dir='ltr'>amiflh,</span> <span class='ocrx_word' id='word_1_2049' title='bbox 1607 3222 1653 3244; x_wconf 85' lang='lat' dir='ltr'>aut.</span> <span class='ocrx_word' id='word_1_2050' title='bbox 1673 3214 1777 3251; x_wconf 81' lang='lat' dir='ltr'>uspiam</span> <span class='ocrx_word' id='word_1_2051' title='bbox 1799 3213 1911 3248; x_wconf 68' lang='lat' dir='ltr'>relicta,</span> <span class='ocrx_word' id='word_1_2052' title='bbox 1941 3213 2105 3241; x_wconf 80' lang='lat' dir='ltr'>consternati</span> <span class='ocrx_word' id='word_1_2053' title='bbox 2125 3214 2150 3241; x_wconf 64' lang='lat' dir='ltr'>S.-</span> <span class='ocrx_word' id='word_1_2054' title='bbox 2170 3211 2356 3248; x_wconf 81' lang='lat' dir='ltr'>quiritabundi</span> <span class='ocrx_word' id='word_1_2055' title='bbox 2376 3209 2576 3246; x_wconf 79' lang='lat' dir='ltr'>vagabantur,¹</span> 
     </span>
     <span class='ocr_line' id='line_1_185' title="bbox 1474 3246 2558 3290; baseline -0.008 -8"><span class='ocrx_word' id='word_1_2056' title='bbox 1474 3254 1549 3290; x_wconf 84' lang='lat' dir='ltr'>quod</span> <span class='ocrx_word' id='word_1_2057' title='bbox 1570 3253 1625 3283; x_wconf 87' lang='lat' dir='ltr'>illis</span> <span class='ocrx_word' id='word_1_2058' title='bbox 1645 3251 1762 3281; x_wconf 75' lang='lat' dir='ltr'>versibus</span> <span class='ocrx_word' id='word_1_2059' title='bbox 1784 3250 1932 3287; x_wconf 69' lang='lat' dir='ltr'>lignificare</span> <span class='ocrx_word' id='word_1_2060' title='bbox 1953 3250 2041 3278; x_wconf 88' lang='lat' dir='ltr'>voluit</span> <span class='ocrx_word' id='word_1_2061' title='bbox 2061 3256 2142 3286; x_wconf 85' lang='lat' dir='ltr'>poeta</span> <span class='ocrx_word' id='word_1_2062' title='bbox 2162 3248 2292 3279; x_wconf 87' lang='lat' dir='ltr'>Lucilius.</span> <span class='ocrx_word' id='word_1_2063' title='bbox 2332 3246 2448 3277; x_wconf 84' lang='lat' dir='ltr'>Tertuil.</span> <span class='ocrx_word' id='word_1_2064' title='bbox 2470 3250 2558 3274; x_wconf 76' lang='lat' dir='ltr'>tamon</span> 
     </span>
     <span class='ocr_line' id='line_1_186' title="bbox 1473 3283 2558 3328; baseline -0.009 -8"><span class='ocrx_word' id='word_1_2065' title='bbox 1473 3291 1503 3320; x_wconf 79' lang='lat' dir='ltr'>in</span> <span class='ocrx_word' id='word_1_2066' title='bbox 1518 3291 1633 3328; x_wconf 72' lang='lat' dir='ltr'>Apolog.</span> <span class='ocrx_word' id='word_1_2067' title='bbox 1647 3300 1670 3318; x_wconf 90' lang='lat' dir='ltr'>c.</span> <span class='ocrx_word' id='word_1_2068' title='bbox 1683 3300 1727 3324; x_wconf 78' lang='lat'>24.</span> <span class='ocrx_word' id='word_1_2069' title='bbox 1745 3290 1886 3318; x_wconf 76' lang='lat' dir='ltr'>Ancariam</span> <span class='ocrx_word' id='word_1_2070' title='bbox 1898 3288 2091 3316; x_wconf 79' lang='lat' dir='ltr'>Asculanorum</span> <span class='ocrx_word' id='word_1_2071' title='bbox 2101 3287 2181 3316; x_wconf 82' lang='lat' dir='ltr'>deam</span> <span class='ocrx_word' id='word_1_2072' title='bbox 2193 3285 2376 3315; x_wconf 76' lang='lat' dir='ltr'>lcribitssxiss&#39;e.</span> <span class='ocrx_word' id='word_1_2073' title='bbox 2394 3290 2424 3313; x_wconf 89' lang='lat' dir='ltr'>ut</span> <span class='ocrx_word' id='word_1_2074' title='bbox 2438 3283 2558 3312; x_wconf 66' lang='lat' dir='ltr'>[incurios</span> 
     </span>
     <span class='ocr_line' id='line_1_187' title="bbox 1471 3321 2582 3366; baseline -0.01 -8"><span class='ocrx_word' id='word_1_2075' title='bbox 1471 3336 1568 3365; x_wconf 85' lang='lat' dir='ltr'>putare</span> <span class='ocrx_word' id='word_1_2076' title='bbox 1589 3327 1719 3366; x_wconf 57' lang='lat' dir='ltr'>idiirnus</span> <span class='ocrx_word' id='word_1_2077' title='bbox 1738 3326 1791 3355; x_wconf 72' lang='lat' dir='ltr'>elle</span> <span class='ocrx_word' id='word_1_2078' title='bbox 1811 3325 1942 3358; x_wconf 81' lang='lat' dir='ltr'>furiosos.</span> <span class='ocrx_word' id='word_1_2079' title='bbox 1975 3325 2009 3353; x_wconf 87' lang='lat' dir='ltr'>ab</span> <span class='ocrx_word' id='word_1_2080' title='bbox 2032 3324 2077 3353; x_wconf 84' lang='lat' dir='ltr'>illa</span> <span class='ocrx_word' id='word_1_2081' title='bbox 2097 3324 2148 3354; x_wconf 81' lang='lat' dir='ltr'>dea</span> <span class='ocrx_word' id='word_1_2082' title='bbox 2169 3333 2258 3353; x_wconf 82' lang='lat' dir='ltr'>errore</span> <span class='ocrx_word' id='word_1_2083' title='bbox 2273 3321 2391 3352; x_wconf 76' lang='lat' dir='ltr'>immiffo</span> <span class='ocrx_word' id='word_1_2084' title='bbox 2412 3324 2557 3358; x_wconf 79' lang='lat' dir='ltr'>correptos.</span> <span class='ocrx_word' id='word_1_2085' title='bbox 2578 3332 2582 3338; x_wconf 76' lang='lat'>¹</span> 
     </span>
     <span class='ocr_line' id='line_1_188' title="bbox 1472 3355 2557 3400; baseline -0.007 -6"><span class='ocrx_word' id='word_1_2086' title='bbox 1472 3367 1544 3400; x_wconf 80' lang='lat' dir='ltr'>Nam</span> <span class='ocrx_word' id='word_1_2087' title='bbox 1568 3374 1598 3394; x_wconf 89' lang='lat' dir='ltr'>ut</span> <span class='ocrx_word' id='word_1_2088' title='bbox 1618 3366 1652 3394; x_wconf 85' lang='lat' dir='ltr'>de</span> <span class='ocrx_word' id='word_1_2089' title='bbox 1671 3364 1771 3394; x_wconf 78' lang='lat' dir='ltr'>furioso</span> <span class='ocrx_word' id='word_1_2090' title='bbox 1793 3364 1869 3399; x_wconf 85' lang='lat' dir='ltr'>loqui</span> <span class='ocrx_word' id='word_1_2091' title='bbox 1889 3363 1996 3391; x_wconf 67' lang='lat' dir='ltr'>videtur</span> <span class='ocrx_word' id='word_1_2092' title='bbox 2018 3361 2156 3396; x_wconf 80' lang='lat' dir='ltr'>Lucilius,</span> <span class='ocrx_word' id='word_1_2093' title='bbox 2177 3361 2265 3398; x_wconf 74' lang='lat' dir='ltr'>posset</span> <span class='ocrx_word' id='word_1_2094' title='bbox 2285 3363 2311 3389; x_wconf 66' lang='grc' dir='ltr'>ἃ</span> <span class='ocrx_word' id='word_1_2095' title='bbox 2331 3360 2461 3389; x_wconf 82' lang='lat' dir='ltr'>Ancarius</span> <span class='ocrx_word' id='word_1_2096' title='bbox 2483 3355 2557 3387; x_wconf 82' lang='lat' dir='ltr'>intel-</span> 
     </span>
     <span class='ocr_line' id='line_1_189' title="bbox 1471 3394 2574 3441; baseline -0.008 -9"><span class='ocrx_word' id='word_1_2097' title='bbox 1471 3403 1518 3441; x_wconf 74' lang='lat' dir='ltr'>ligi</span> <span class='ocrx_word' id='word_1_2098' title='bbox 1531 3425 1539 3438; x_wconf 90' lang='lat'>,</span> <span class='ocrx_word' id='word_1_2099' title='bbox 1575 3403 1672 3439; x_wconf 83' lang='lat' dir='ltr'>aliquis</span> <span class='ocrx_word' id='word_1_2100' title='bbox 1700 3403 1735 3431; x_wconf 89' lang='lat' dir='ltr'>de</span> <span class='ocrx_word' id='word_1_2101' title='bbox 1761 3401 1864 3430; x_wconf 84' lang='lat' dir='ltr'>familia</span> <span class='ocrx_word' id='word_1_2102' title='bbox 1884 3401 2005 3429; x_wconf 79' lang='lat' dir='ltr'>Ancariae</span> <span class='ocrx_word' id='word_1_2103' title='bbox 2032 3399 2113 3429; x_wconf 72' lang='lat' dir='ltr'>sacra.</span> <span class='ocrx_word' id='word_1_2104' title='bbox 2166 3400 2232 3428; x_wconf 79' lang='lat' dir='ltr'>Haec</span> <span class='ocrx_word' id='word_1_2105' title='bbox 2262 3397 2319 3427; x_wconf 88' lang='lat' dir='ltr'>ille.</span> <span class='ocrx_word' id='word_1_2106' title='bbox 2348 3397 2420 3427; x_wconf 78' lang='lat' dir='ltr'>adde</span> <span class='ocrx_word' id='word_1_2107' title='bbox 2439 3394 2506 3425; x_wconf 76' lang='lat' dir='ltr'><strong>Voss.</strong></span> <span class='ocrx_word' id='word_1_2108' title='bbox 2529 3394 2574 3423; x_wconf 70' lang='lat' dir='ltr'>ini</span> 
     </span>
     <span class='ocr_line' id='line_1_190' title="bbox 1471 3440 2221 3484; baseline -0.005 -14"><span class='ocrx_word' id='word_1_2109' title='bbox 1471 3441 1566 3478; x_wconf 87' lang='lat' dir='ltr'>Pomp.</span> <span class='ocrx_word' id='word_1_2110' title='bbox 1590 3440 1711 3484; x_wconf 68' lang='lat' dir='ltr'>Melam,</span> <span class='ocrx_word' id='word_1_2111' title='bbox 1733 3449 1759 3477; x_wconf 87' lang='lat' dir='ltr'>p.</span> <span class='ocrx_word' id='word_1_2112' title='bbox 1783 3443 1826 3473; x_wconf 76' lang='lat'>48.</span> <span class='ocrx_word' id='word_1_2113' title='bbox 2218 3463 2221 3466; x_wconf 77' lang='grc'>,</span> 
     </span>
    </p>

    <p class='ocr_par' dir='ltr' id='par_1_54' title="bbox 1415 3468 2579 3775">
     <span class='ocr_line' id='line_1_191' title="bbox 1415 3468 2579 3513; baseline -0.009 -5"><span class='ocrx_word' id='word_1_2114' title='bbox 1415 3479 1491 3508; x_wconf 67' lang='lat' dir='ltr'>ANc</span> <span class='ocrx_word' id='word_1_2115' title='bbox 1505 3488 1582 3512; x_wconf 73' lang='lat' dir='ltr'>svs,</span> <span class='ocrx_word' id='word_1_2116' title='bbox 1603 3479 1658 3507; x_wconf 74' lang='lat' dir='ltr'>itis.</span> <span class='ocrx_word' id='word_1_2117' title='bbox 1679 3473 1884 3513; x_wconf 49' lang='lat' dir='ltr'>[oc&#39;paeae‘hgme]</span> <span class='ocrx_word' id='word_1_2118' title='bbox 1905 3475 1964 3510; x_wconf 89' lang='lat' dir='ltr'>Adj.</span> <span class='ocrx_word' id='word_1_2119' title='bbox 1989 3485 2005 3504; x_wconf 83' lang='lat' dir='ltr'>a</span> <span class='ocrx_word' id='word_1_2120' title='bbox 2025 3474 2123 3511; x_wconf 83' lang='lat' dir='ltr'>Capite</span> <span class='ocrx_word' id='word_1_2121' title='bbox 2143 3474 2314 3507; x_wconf 81' lang='lat' dir='ltr'>derivatum,</span> <span class='ocrx_word' id='word_1_2122' title='bbox 2336 3471 2389 3501; x_wconf 85' lang='lat' dir='ltr'>abl.</span> <span class='ocrx_word' id='word_1_2123' title='bbox 2412 3471 2449 3500; x_wconf 92' lang='lat' dir='ltr'>est</span> <span class='ocrx_word' id='word_1_2124' title='bbox 2458 3468 2556 3507; x_wconf 83' lang='lat' dir='ltr'>ancipi-</span> <span class='ocrx_word' id='word_1_2125' title='bbox 2577 3474 2579 3481; x_wconf 72' lang='lat'><strong>⁴</strong></span> 
     </span>
     <span class='ocr_line' id='line_1_192' title="bbox 1452 3508 2554 3551; baseline -0.008 -6"><span class='ocrx_word' id='word_1_2126' title='bbox 1452 3523 1479 3545; x_wconf 87' lang='lat' dir='ltr'>te</span> <span class='ocrx_word' id='word_1_2127' title='bbox 1501 3516 1543 3545; x_wconf 77' lang='lat' dir='ltr'>vel</span> <span class='ocrx_word' id='word_1_2128' title='bbox 1566 3517 1582 3544; x_wconf 92' lang='lat' dir='ltr'>i.</span> <span class='ocrx_word' id='word_1_2129' title='bbox 1606 3515 1676 3544; x_wconf 83' lang='lat' dir='ltr'>Plur.</span> <span class='ocrx_word' id='word_1_2130' title='bbox 1701 3514 1854 3551; x_wconf 80' lang='lat' dir='ltr'>ancipites,</span> <span class='ocrx_word' id='word_1_2131' title='bbox 1876 3514 1901 3542; x_wconf 75' lang='lat' dir='ltr'>St</span> <span class='ocrx_word' id='word_1_2132' title='bbox 1917 3513 1960 3548; x_wconf 77' lang='lat' dir='ltr'>ia,</span> <span class='ocrx_word' id='word_1_2133' title='bbox 1981 3523 2043 3549; x_wconf 80' lang='lat' dir='ltr'>gen.</span> <span class='ocrx_word' id='word_1_2134' title='bbox 2060 3514 2117 3541; x_wconf 89' lang='lat' dir='ltr'>ium</span> <span class='ocrx_word' id='word_1_2135' title='bbox 2139 3513 2164 3541; x_wconf 63' lang='grc' dir='ltr'><em>ἃ</em></span> <span class='ocrx_word' id='word_1_2136' title='bbox 2184 3521 2231 3548; x_wconf 89' lang='lat' dir='ltr'>per</span> <span class='ocrx_word' id='word_1_2137' title='bbox 2250 3510 2323 3548; x_wconf 69' lang='lat' dir='ltr'>sync.</span> <span class='ocrx_word' id='word_1_2138' title='bbox 2346 3519 2401 3538; x_wconf 88' lang='lat' dir='ltr'>um.</span> <span class='ocrx_word' id='word_1_2139' title='bbox 2448 3508 2554 3541; x_wconf 77' lang='lat' dir='ltr'>Festus,</span> 
     </span>
     <span class='ocr_line' id='line_1_193' title="bbox 1452 3546 2556 3591; baseline -0.008 -8"><span class='ocrx_word' id='word_1_2140' title='bbox 1452 3556 1561 3591; x_wconf 85' lang='lat' dir='ltr'>Anceps</span> <span class='ocrx_word' id='word_1_2141' title='bbox 1579 3553 1726 3590; x_wconf 78' lang='lat' dir='ltr'>significare</span> <span class='ocrx_word' id='word_1_2142' title='bbox 1744 3552 1852 3581; x_wconf 84' lang='lat' dir='ltr'>videtur</span> <span class='ocrx_word' id='word_1_2143' title='bbox 1874 3550 1904 3579; x_wconf 87' lang='lat' dir='ltr'>ld</span> <span class='ocrx_word' id='word_1_2144' title='bbox 1924 3551 1998 3587; x_wconf 86' lang='lat' dir='ltr'>quod</span> <span class='ocrx_word' id='word_1_2145' title='bbox 2016 3559 2050 3578; x_wconf 86' lang='lat' dir='ltr'>ex</span> <span class='ocrx_word' id='word_1_2146' title='bbox 2064 3555 2178 3586; x_wconf 81' lang='lat' dir='ltr'>utraque</span> <span class='ocrx_word' id='word_1_2147' title='bbox 2198 3556 2275 3586; x_wconf 79' lang='lat' dir='ltr'>parte</span> <span class='ocrx_word' id='word_1_2148' title='bbox 2299 3552 2381 3585; x_wconf 87' lang='lat' dir='ltr'>caput</span> <span class='ocrx_word' id='word_1_2149' title='bbox 2396 3546 2508 3580; x_wconf 83' lang='lat' dir='ltr'>habeat,</span> <span class='ocrx_word' id='word_1_2150' title='bbox 2527 3547 2556 3573; x_wconf 60' lang='lat'>1⁴11</span> 
     </span>
     <span class='ocr_line' id='line_1_194' title="bbox 1451 3584 2556 3634; baseline -0.007 -14"><span class='ocrx_word' id='word_1_2151' title='bbox 1451 3592 1564 3620; x_wconf 84' lang='lat' dir='ltr'>Secures</span> <span class='ocrx_word' id='word_1_2152' title='bbox 1585 3592 1610 3620; x_wconf 69' lang='grc' dir='ltr'>δ(</span> <span class='ocrx_word' id='word_1_2153' title='bbox 1630 3591 1772 3634; x_wconf 86' lang='lat' dir='ltr'>bipennes.</span> <span class='ocrx_word' id='word_1_2154' title='bbox 1807 3588 1867 3618; x_wconf 62' lang='lat' dir='ltr'>,Sed</span> <span class='ocrx_word' id='word_1_2155' title='bbox 1890 3588 1976 3625; x_wconf 67' lang='lat' dir='ltr'>magis</span> <span class='ocrx_word' id='word_1_2156' title='bbox 1993 3598 2007 3616; x_wconf 83' lang='lat' dir='ltr'>a</span> <span class='ocrx_word' id='word_1_2157' title='bbox 2027 3587 2171 3624; x_wconf 85' lang='lat' dir='ltr'>Capiendo</span> <span class='ocrx_word' id='word_1_2158' title='bbox 2184 3608 2191 3621; x_wconf 84' lang='lat'>‚</span> <span class='ocrx_word' id='word_1_2159' title='bbox 2218 3584 2293 3623; x_wconf 88' lang='lat' dir='ltr'>quod</span> <span class='ocrx_word' id='word_1_2160' title='bbox 2316 3593 2351 3614; x_wconf 84' lang='lat' dir='ltr'>ex</span> <span class='ocrx_word' id='word_1_2161' title='bbox 2369 3590 2481 3621; x_wconf 75' lang='lat' dir='ltr'>utraque</span> <span class='ocrx_word' id='word_1_2162' title='bbox 2500 3590 2556 3620; x_wconf 87' lang='lat' dir='ltr'>par·</span> 
     </span>
     <span class='ocr_line' id='line_1_195' title="bbox 1450 3623 2575 3666; baseline -0.01 -9"><span class='ocrx_word' id='word_1_2163' title='bbox 1450 3636 1477 3657; x_wconf 90' lang='lat' dir='ltr'>te</span> <span class='ocrx_word' id='word_1_2164' title='bbox 1503 3638 1578 3665; x_wconf 67' lang='lat' dir='ltr'>aeque</span> <span class='ocrx_word' id='word_1_2165' title='bbox 1607 3634 1729 3666; x_wconf 76' lang='lat' dir='ltr'>capiatur</span> <span class='ocrx_word' id='word_1_2166' title='bbox 1745 3650 1752 3662; x_wconf 92' lang='lat'>,</span> <span class='ocrx_word' id='word_1_2167' title='bbox 1784 3625 1952 3664; x_wconf 74' lang='lat' dir='ltr'>appellatum</span> <span class='ocrx_word' id='word_1_2168' title='bbox 1980 3625 2025 3653; x_wconf 82' lang='lat' dir='ltr'>est.</span> <span class='ocrx_word' id='word_1_2169' title='bbox 2067 3623 2166 3654; x_wconf 76' lang='lat' dir='ltr'>Charis.</span> <span class='ocrx_word' id='word_1_2170' title='bbox 2190 3623 2236 3653; x_wconf 89' lang='lat' dir='ltr'>lib.</span> <span class='ocrx_word' id='word_1_2171' title='bbox 2262 3634 2284 3652; x_wconf 86' lang='lat'>1.</span> <span class='ocrx_word' id='word_1_2172' title='bbox 2314 3623 2432 3660; x_wconf 86' lang='lat' dir='ltr'>Ancipes</span> <span class='ocrx_word' id='word_1_2173' title='bbox 2456 3626 2554 3649; x_wconf 85' lang='lat' dir='ltr'>veteres</span> <span class='ocrx_word' id='word_1_2174' title='bbox 2573 3644 2575 3646; x_wconf 84' lang='lat'>.</span> 
     </span>
     <span class='ocr_line' id='line_1_196' title="bbox 1450 3655 2554 3700; baseline -0.009 -5"><span class='ocrx_word' id='word_1_2175' title='bbox 1450 3675 1514 3695; x_wconf 89' lang='lat' dir='ltr'>eum</span> <span class='ocrx_word' id='word_1_2176' title='bbox 1534 3666 1640 3695; x_wconf 83' lang='lat' dir='ltr'>ratione</span> <span class='ocrx_word' id='word_1_2177' title='bbox 1661 3666 1807 3699; x_wconf 71' lang='lat' dir='ltr'>dij-emur,</span> <span class='ocrx_word' id='word_1_2178' title='bbox 1829 3673 1864 3691; x_wconf 86' lang='lat' dir='ltr'>ne</span> <span class='ocrx_word' id='word_1_2179' title='bbox 1884 3663 2005 3700; x_wconf 73' lang='lat' dir='ltr'>genitivo</span> <span class='ocrx_word' id='word_1_2180' title='bbox 2025 3663 2154 3699; x_wconf 80' lang='lat' dir='ltr'>ancipitis</span> <span class='ocrx_word' id='word_1_2181' title='bbox 2174 3661 2280 3690; x_wconf 79' lang='lat' dir='ltr'>duabus</span> <span class='ocrx_word' id='word_1_2182' title='bbox 2299 3661 2436 3689; x_wconf 83' lang='lat' dir='ltr'>videretur</span> <span class='ocrx_word' id='word_1_2183' title='bbox 2453 3655 2554 3695; x_wconf 83' lang='lat' dir='ltr'>syllabis</span> 
     </span>
     <span class='ocr_line' id='line_1_197' title="bbox 1450 3691 2554 3738; baseline -0.009 -6"><span class='ocrx_word' id='word_1_2184' title='bbox 1450 3704 1577 3732; x_wconf 80' lang='lat' dir='ltr'>cresccre.</span> <span class='ocrx_word' id='word_1_2185' title='bbox 1621 3703 1647 3732; x_wconf 92' lang='lat' dir='ltr'>V.</span> <span class='ocrx_word' id='word_1_2186' title='bbox 1676 3702 1800 3732; x_wconf 67' lang='lat' dir='ltr'>Priscian,</span> <span class='ocrx_word' id='word_1_2187' title='bbox 1825 3701 1872 3729; x_wconf 89' lang='lat' dir='ltr'>lib.</span> <span class='ocrx_word' id='word_1_2188' title='bbox 1892 3711 1914 3736; x_wconf 91' lang='lat'>7.</span> <span class='ocrx_word' id='word_1_2189' title='bbox 1940 3711 1966 3738; x_wconf 89' lang='lat' dir='ltr'>p.</span> <span class='ocrx_word' id='word_1_2190' title='bbox 1983 3709 2046 3737; x_wconf 80' lang='lat'><strong>754.</strong></span> <span class='ocrx_word' id='word_1_2191' title='bbox 2070 3700 2151 3729; x_wconf 82' lang='lat' dir='ltr'>Plaut.</span> <span class='ocrx_word' id='word_1_2192' title='bbox 2167 3697 2238 3728; x_wconf 86' lang='lat' dir='ltr'>Rud.</span> <span class='ocrx_word' id='word_1_2193' title='bbox 2262 3710 2287 3734; x_wconf 88' lang='lat'>4.</span> <span class='ocrx_word' id='word_1_2194' title='bbox 2309 3709 2334 3734; x_wconf 88' lang='lat'>4.</span> <span class='ocrx_word' id='word_1_2195' title='bbox 2355 3707 2415 3732; x_wconf 77' lang='lat'>114.</span> <span class='ocrx_word' id='word_1_2196' title='bbox 2454 3695 2512 3725; x_wconf 80' lang='lat' dir='ltr'>Post</span> <span class='ocrx_word' id='word_1_2197' title='bbox 2522 3691 2554 3723; x_wconf 83' lang='lat' dir='ltr'>al-</span> 
     </span>
     <span class='ocr_line' id='line_1_198' title="bbox 1449 3738 1956 3775; baseline -0.008 -6"><span class='ocrx_word' id='word_1_2198' title='bbox 1449 3741 1582 3769; x_wconf 80' lang='lat' dir='ltr'>trinsecus</span> <span class='ocrx_word' id='word_1_2199' title='bbox 1604 3741 1641 3769; x_wconf 86' lang='lat' dir='ltr'>est</span> <span class='ocrx_word' id='word_1_2200' title='bbox 1665 3738 1815 3769; x_wconf 72' lang='lat' dir='ltr'>securicula</span> <span class='ocrx_word' id='word_1_2201' title='bbox 1835 3739 1956 3775; x_wconf 85' lang='lat' dir='ltr'>aucipes.</span> 
     </span>
    </p>

    <p class='ocr_par' dir='ltr' id='par_1_55' title="bbox 1450 3766 2554 3853">
     <span class='ocr_line' id='line_1_199' title="bbox 1450 3766 2554 3814; baseline -0.008 -8"><span class='ocrx_word' id='word_1_2202' title='bbox 1450 3778 1557 3814; x_wconf 74' lang='lat' dir='ltr'>Anceps</span> <span class='ocrx_word' id='word_1_2203' title='bbox 1571 3800 1579 3811; x_wconf 87' lang='lat'>,</span> <span class='ocrx_word' id='word_1_2204' title='bbox 1602 3779 1718 3807; x_wconf 89' lang='lat' dir='ltr'>Acutum</span> <span class='ocrx_word' id='word_1_2205' title='bbox 1736 3786 1770 3806; x_wconf 68' lang='lat' dir='ltr'>ex</span> <span class='ocrx_word' id='word_1_2206' title='bbox 1790 3782 1902 3812; x_wconf 80' lang='lat' dir='ltr'>utraque</span> <span class='ocrx_word' id='word_1_2207' title='bbox 1921 3780 2004 3813; x_wconf 83' lang='lat' dir='ltr'>parre.</span> <span class='ocrx_word' id='word_1_2208' title='bbox 2029 3773 2114 3803; x_wconf 83' lang='lat' dir='ltr'>Lucil.</span> <span class='ocrx_word' id='word_1_2209' title='bbox 2136 3773 2183 3802; x_wconf 90' lang='lat' dir='ltr'>lib.</span> <span class='ocrx_word' id='word_1_2210' title='bbox 2198 3783 2242 3809; x_wconf 87' lang='lat'>29.</span> <span class='ocrx_word' id='word_1_2211' title='bbox 2279 3771 2363 3802; x_wconf 62' lang='lat' dir='ltr'>Vecte</span> <span class='ocrx_word' id='word_1_2212' title='bbox 2383 3779 2464 3808; x_wconf 85' lang='lat' dir='ltr'>atque</span> <span class='ocrx_word' id='word_1_2213' title='bbox 2485 3766 2554 3798; x_wconf 64' lang='lat' dir='ltr'>anch</span> 
     </span>
     <span class='ocr_line' id='line_1_200' title="bbox 1469 3813 2538 3853; baseline -0.005 -10"><span class='ocrx_word' id='word_1_2214' title='bbox 1469 3815 1518 3852; x_wconf 84' lang='lat' dir='ltr'>piti</span> <span class='ocrx_word' id='word_1_2215' title='bbox 1534 3815 1604 3844; x_wconf 77' lang='lat' dir='ltr'>ferro</span> <span class='ocrx_word' id='word_1_2216' title='bbox 1623 3815 1767 3853; x_wconf 69' lang='lat' dir='ltr'>efl‘ringarn</span> <span class='ocrx_word' id='word_1_2217' title='bbox 1787 3814 1920 3843; x_wconf 82' lang='lat' dir='ltr'>cardines.</span> <span class='ocrx_word' id='word_1_2218' title='bbox 1961 3813 2070 3842; x_wconf 86' lang='lat' dir='ltr'>Nonius</span> <span class='ocrx_word' id='word_1_2219' title='bbox 2086 3823 2110 3847; x_wconf 81' lang='lat'>4.</span> <span class='ocrx_word' id='word_1_2220' title='bbox 2129 3820 2170 3847; x_wconf 79' lang='lat'>32.</span> <span class='ocrx_word' id='word_1_2221' title='bbox 2535 3819 2538 3824; x_wconf 69' lang='lat'><strong>⁴</strong></span> 
     </span>
    </p>
   </div>
   <div class='ocr_carea' id='block_1_12' title="bbox 2563 280 2604 3945">
    <p class='ocr_par' dir='ltr' id='par_1_56' title="bbox 2563 280 2604 3945">
     <span class='ocr_line' id='line_1_201' title="bbox 2580 280 2604 707; baseline 0 -29"><span class='ocrx_word' id='word_1_2222' title='bbox 2580 280 2604 707; x_wconf 95' lang='lat' dir='ltr'>   </span> 
     </span>
     <span class='ocr_line' id='line_1_202' title="bbox 2579 707 2604 968; baseline 0 0"><span class='ocrx_word' id='word_1_2223' title='bbox 2579 707 2604 968; x_wconf 95' lang='lat' dir='ltr'>   </span> 
     </span>
     <span class='ocr_line' id='line_1_203' title="bbox 2578 968 2604 1155; baseline 0 0"><span class='ocrx_word' id='word_1_2224' title='bbox 2578 968 2604 1155; x_wconf 95' lang='lat' dir='ltr'>   </span> 
     </span>
     <span class='ocr_line' id='line_1_204' title="bbox 2578 1155 2604 1303; baseline 0 -68"><span class='ocrx_word' id='word_1_2225' title='bbox 2578 1155 2604 1303; x_wconf 95' lang='lat' dir='ltr'>   </span> 
     </span>
     <span class='ocr_line' id='line_1_205' title="bbox 2582 1303 2604 1387; baseline 0 0"><span class='ocrx_word' id='word_1_2226' title='bbox 2582 1303 2604 1387; x_wconf 95' lang='lat' dir='ltr'>  </span> 
     </span>
     <span class='ocr_line' id='line_1_206' title="bbox 2574 1387 2604 1566; baseline 0 -30"><span class='ocrx_word' id='word_1_2227' title='bbox 2574 1387 2604 1566; x_wconf 95' lang='lat' dir='ltr'>   </span> 
     </span>
     <span class='ocr_line' id='line_1_207' title="bbox 2572 1566 2604 1682; baseline 0 -28"><span class='ocrx_word' id='word_1_2228' title='bbox 2572 1566 2604 1682; x_wconf 95' lang='lat' dir='ltr'>   </span> 
     </span>
     <span class='ocr_line' id='line_1_208' title="bbox 2570 1682 2604 1900; baseline 0 -62"><span class='ocrx_word' id='word_1_2229' title='bbox 2570 1682 2604 1900; x_wconf 95' lang='lat' dir='ltr'>   </span> 
     </span>
     <span class='ocr_line' id='line_1_209' title="bbox 2574 1900 2604 2058; baseline 0 -25"><span class='ocrx_word' id='word_1_2230' title='bbox 2574 1900 2604 2058; x_wconf 95' lang='lat' dir='ltr'>    </span> 
     </span>
     <span class='ocr_line' id='line_1_210' title="bbox 2574 2058 2604 2181; baseline 0.467 -12"><span class='ocrx_word' id='word_1_2231' title='bbox 2574 2058 2604 2181; x_wconf 95' lang='lat' dir='ltr'>   </span> 
     </span>
     <span class='ocr_line' id='line_1_211' title="bbox 2569 2181 2604 2408; baseline 0 -59"><span class='ocrx_word' id='word_1_2232' title='bbox 2569 2181 2604 2408; x_wconf 95' lang='lat' dir='ltr'>    </span> 
     </span>
     <span class='ocr_line' id='line_1_212' title="bbox 2569 2408 2604 2520; baseline 0 0"><span class='ocrx_word' id='word_1_2233' title='bbox 2569 2408 2604 2520; x_wconf 95' lang='lat' dir='ltr'>  </span> 
     </span>
     <span class='ocr_line' id='line_1_213' title="bbox 2569 2520 2604 2833; baseline 0 -69"><span class='ocrx_word' id='word_1_2234' title='bbox 2569 2520 2604 2833; x_wconf 95' lang='lat' dir='ltr'>   </span> 
     </span>
     <span class='ocr_line' id='line_1_214' title="bbox 2563 2868 2604 3945; baseline 0 0"><span class='ocrx_word' id='word_1_2235' title='bbox 2563 2868 2604 3945; x_wconf 95' lang='lat' dir='ltr'>   </span> 
     </span>
    </p>
   </div>
  </div>
 </body>
</html>
