2600 4177
527 133 556 167 C
656 134 690 168 O
788 133 817 168 C

79 209 241 241 Cocani<
262 222 431 243 oninium
445 235 453 249 ,
474 214 492 244 i.
513 224 542 243 n.
564 211 797 251 [ouzarpvldl&=]
817 214 978 252 Thy-melica
989 215 1082 245 herba.
1101 215 1168 245 Plin.
1185 223 1229 251 27.

118 260 142 281 o.
157 250 261 279 &Cels
276 262 298 285 ς.
316 260 338 286 3.
353 253 376 280 δι’
393 262 415 286 ς.

82 286 183 315 Cocc
195 297 207 314 a
219 298 235 315 υ
247 298 273 322 s,
291 298 323 321 a,
345 297 400 317 um.
423 294 471 323 ut,
496 287 663 317 Indumenta
674 298 785 318 coccea.
808 289 947 326 Lamprid.
968 291 1094 318 Diadum.
1111 299 1171 326 cap.
1187 297 1210 321 ξ.

81 323 229 352 CocciN
241 328 255 353 ῖς
268 335 305 353 us
316 347 323 359 ,
344 336 359 354 a
372 348 379 360 ‚
402 335 456 354 um.
479 326 647 361 [κόκκινίυῦν]
675 327 735 363 Adj.
759 334 804 362 ut,
827 328 959 357 Coccinei
979 328 1061 358 acini.
1092 327 1161 356 Plin.
1183 326 1232 356 lib.

119 370 164 389 21.
177 370 206 389 ca
217 372 235 390 i.
249 371 290 396 3!-

119 372 370 428 Colorlmccincus.
391 399 468 428 Ideni
483 409 526 428 22.
539 408 565 429 2.

121 435 247 464 Lacernae
257 437 404 465 coccineae.
426 437 543 466 Martial.
562 447 600 473 ¹4-
616 438 722 468 [cmm.
739 447 801 472 12¹.

83 472 293 517 CocciNus9
315 483 348 507 a,
369 483 425 503 um.
458 476 626 511 [κάκκιυςὺν]
657 476 733 505 aliud
758 477 816 511 Adi.
839 483 890 511 ut,
913 477 1052 506 Cot-cinus
1074 476 1168 511 color,
1189 476 1237 512 qui

119 511 328 539 exuberantiam
348 513 486 546 quandam
505 522 536 541 ac
550 513 727 551 splendorem
743 515 850 543 ruboris
872 515 1001 544 ostendit.
1027 516 1100 543 unde
1114 514 1237 543 Coccina

119 548 198 577 vestis
211 569 218 583 ,
241 548 334 577 Cocco
349 549 459 578 infecta.
481 550 598 580 Martial.
615 563 640 586 4.
653 557 696 585 28-

82 585 129 615 Co
140 587 199 615 cci
210 594 284 628 Num
299 608 317 629 ,ι
328 587 345 614 ἰ,
367 596 394 616 n.
417 589 600 624 [καμπῶν]
622 599 671 625 pro
684 589 806 618 Coccina
816 590 898 619 veste.
921 589 1098 618 Martialdib.
1115 597 1141 618 2.
1156 592 1199 618 16.

211 623 237 669 83
250 624 331 666 suerit
339 623 418 654 sanus
430 647 437 655 .
461 627 575 656 coccina
586 628 653 663 quid
666 627 767 656 sacient
777 628 790 655 ‘?
907 627 985 656 Idem
995 637 1020 656 2.
1037 636 1079 663 39.

212 660 334 690 Coccma
346 662 454 691 famosis
467 664 554 693 donas
567 687 574 698 ,
596 667 619 694 ἃ
634 665 756 693 ianthina
773 665 899 693 moechae.

83 697 255 741 CocciNA
269 709 350 742 rus,
372 710 404 735 a,
427 711 484 730 uni.
507 700 695 738 [mmm—35]
725 702 847 732 Coccina
867 702 976 738 ferens,
1005 702 1145 732 Coccinea
1166 700 1240 731 veste

120 736 244 765 indutus.
267 736 385 766 Martial.
401 748 422 771 ς.
438 743 480 771 26.

213 773 321 803 Clamat
331 776 494 805 coccinatus
506 776 643 807 Euclides.

120 810 253 840 Puerulus
265 813 434 842 coccinatus.
457 815 531 844 Suet.
549 815 652 844 Domit.
670 825 731 852 cap.
745 824 772 850 4.

121 848 264 878 Coccinati
277 860 343 879 num
357 852 430 880 viri?
450 852 566 881 martial.
587 863 608 882 i.
620 862 664 889 οῖ’.
677 852 711 882 al.
726 856 772 888 64.

213 887 268 923 Qui
280 889 440 919 coccinatos
456 900 511 918 non
522 899 600 927 putat
610 892 682 920 viros
694 889 757 919 effe.

84 922 237 953 Coccvx
248 947 256 959 ,
277 927 337 955 *Teis
360 927 401 955 vel
421 929 515 965 potius
532 929 602 963 suis.
626 938 663 957 m.
685 926 824 964 [κόκκυξ]
846 927 910 957 Avis
925 928 964 957 est
975 937 1123 965 exgenere
1140 925 1243 964 accipi-

120 969 193 990 trum
203 984 210 997 ,
232 965 356 1005 quamvis
367 965 482 994 aduncis
492 967 631 1002 unguibus
649 972 740 995 careat
750 987 758 1000 ,
779 975 865 994 verno
879 973 1005 1003 tempore
1022 966 1177 1002 procedens
1187 987 1195 999 ,
1216 966 1243 994 Sc

119 998 313 1043 subcameulae
326 1010 455 1032 exortum
470 1003 523 1032 sese
535 1004 687 1033 occultans.
726 1003 813 1032 Latini
828 1003 968 1032 Cuculum
986 1003 1137 1040 appellant.
1180 1003 1243 1032 Ova

119 1044 190 1074 parit
200 1038 303 1075 fingula
315 1040 343 1068 in
354 1040 452 1070 alienis
462 1041 534 1070 nidis
545 1063 553 1076 ,
579 1043 604 1071 ἃ
616 1042 735 1070 maxime
749 1040 936 1078 palumbium:
960 1043 1038 1074 cuius
1052 1041 1089 1070 rei
1102 1040 1181 1070 causa
1193 1050 1243 1078 pu-

119 1081 192 1118 tatur
202 1097 210 1110 ‚
233 1077 307 1121 quod
320 1077 385 1107 sciat
398 1079 424 1107 se
438 1079 550 1116 reliquis
565 1079 660 1108 avibus
671 1079 725 1108 else
739 1079 864 1108 invisam.
890 1079 920 1108 V.
943 1079 1010 1108 Plin.
1022 1079 1070 1108 lib.
1086 1089 1126 1108 10.
1140 1088 1201 1115 cap.
1215 1088 1241 1112 9.

120 1112 197 1156 {dinc
208 1115 332 1150 κφκκυζειν
347 1116 434 1145 Graeci
445 1117 543 1145 dicunt
554 1139 562 1151 ,
582 1127 633 1155 pro
643 1127 677 1146 co
687 1118 762 1154 quod
778 1117 907 1154 coccygis
918 1127 995 1146 more
1006 1116 1126 1147 eandem
1135 1116 1244 1154 semper

120 1159 245 1186 ingerere
255 1153 423 1183 cantilenam
435 1177 442 1189 ,
464 1164 546 1192 quam
558 1156 583 1184 ἃ
598 1155 737 1188 ›munaus-a
749 1155 901 1192 appellant.

120 1188 202 1218 Est&
215 1188 345 1228 coccyx,
369 1192 447 1221 Piscis
459 1192 600 1228 cujusdam
611 1202 715 1222 nomen
735 1193 811 1229 apud
833 1193 962 1226 Graecos,
983 1201 1067 1229 quem
1087 1193 1113 1221 Sc
1133 1190 1246 1220 Latino-

139 1236 199 1255 rum
211 1229 340 1257 nonnulli
353 1230 490 1259 Cuculum
503 1237 623 1259 vertunt.
663 1231 691 1259 V.
715 1230 824 1260 Aristot.
836 1231 870 1258 de
884 1230 948 1259 Hist.
964 1230 1051 1258 Anim.
1064 1241 1090 1265 4.
1105 1240 1130 1264 9.

121 1263 254 1306 Coc-cyx,
277 1268 415 1302 [κόκκυξ]
436 1278 450 1297 a
466 1268 584 1297 medicis
599 1269 638 1297 Os
657 1267 732 1297 sacro
752 1268 800 1297 olli
822 1268 991 1305 suppositum
1012 1266 1188 1305 appellatur,
1209 1276 1246 1296 ex

140 1302 364 1346 cujusolateribus
375 1305 456 1334 Ilium
468 1306 542 1334 aliud
555 1316 585 1335 os
598 1307 703 1335 ditium
715 1306 851 1336 enascitur
862 1328 870 1340 ,
893 1315 923 1335 ut
940 1306 1036 1335 videre
1049 1305 1087 1334 est
1103 1305 1178 1343 apud
1195 1305 1247 1335 Ga-

139 1339 194 1369 len.
210 1340 257 1371 lib.
271 1352 296 1372 2.
311 1345 346 1372 de
360 1345 485 1373 llnatom.
498 1344 647 1373 administr.

85 1377 108 1408 C
118 1387 135 1406 o
144 1387 161 1407 c
172 1387 193 1406 H
205 1388 221 1406 L
233 1389 277 1422 A=c
286 1391 309 1409 ie
321 1403 328 1415 ,
350 1382 522 1417 [κόχλοεκεε]
543 1382 674 1412 dicuntur
684 1381 804 1420 Lapides
813 1391 847 1411 ex
862 1382 977 1411 flumine
994 1381 1108 1411 rotundi
1117 1382 1152 1411 ad
1163 1380 1247 1411 coch-

124 1416 229 1445 learum
242 1418 460 1448 limilitudinem.
482 1419 581 1449 Festus.

86 1454 192 1497 coci-1
203 1464 219 1481 L
230 1465 242 1484 a
254 1465 270 1484 A
285 1477 293 1490 ,
315 1467 346 1486 ae.
369 1457 387 1486 f.
410 1456 558 1496 [ιφχλέιω
581 1458 687 1492 xixa&
698 1480 706 1491 ,
729 1457 868 1493 Φεςέωνρτ]
889 1458 1001 1496 proprie
1019 1457 1100 1486 Testa
1117 1457 1244 1486 limacis:

122 1490 190 1520 licet
201 1495 370 1531 quandoque
381 1495 452 1533 prol
464 1495 504 1524 )ίό
520 1495 620 1524 limace
631 1517 638 1529 ,
661 1496 708 1533 qui
718 1496 812 1524 testam
828 1495 912 1524 habet
922 1518 929 1529 ,
948 1496 1108 1533 accipiatur.
1150 1495 1192 1524 Est
1201 1504 1248 1523 au-

121 1535 180 1558 tem
194 1533 304 1568 proprie
317 1533 428 1567 Limnx,
451 1534 508 1568 Cui
519 1533 572 1562 line
585 1533 650 1562 testa
660 1534 698 1562 est
712 1543 718 1563 :
741 1532 863 1562 Cochlea
875 1543 940 1563 vero
961 1534 1031 1571 Quae
1046 1533 1141 1562 testam
1153 1533 1246 1562 habet.

122 1566 209 1611 Pleuit:
224 1569 300 1599 Poen.
314 1580 336 1605 3.
354 1582 375 1599 i.
389 1581 432 1604 zo.
457 1571 563 1600 Vicillis
573 1571 718 1601 cochleam
728 1571 910 1601 tarditudine.
931 1572 988 1601 Cic.
1000 1581 1025 1601 2.
1038 1571 1074 1600 de
1085 1571 1246 1608 Div—in.133.

121 1605 256 1635 Scribitur
271 1610 297 1638 ἃ*
309 1608 364 1637 line
374 1609 489 1646 aspirata
503 1609 615 1639 Coclea.

121 1642 164 1673 De
174 1644 315 1682 cochleis,
338 1648 482 1684 quomodo
493 1647 528 1676 ali
549 1648 670 1677 debeant
689 1646 804 1676 invilla
815 1668 823 1682 ,
844 1647 908 1676 vide
925 1646 998 1676 Vai‘r.
1012 1646 1060 1676 lib.
1075 1655 1100 1683 3.
1119 1646 1154 1676 de
1165 1645 1199 1676 R.
1212 1645 1245 1675 R.

141 1690 205 1718 cap.
223 1693 264 1719 14.

123 1718 253 1750 Coclileae
267 1723 322 1751 vita
334 1744 342 1757 ,
365 1722 456 1756 »(φχλίε
468 1722 539 1753 CI&-

143 1766 175 1786 ce
188 1768 328 1795 parvoque
339 1760 444 1789 vivunt.

124 1794 219 1839 Alriles
234 1798 367 1827 cochleae.
398 1798 425 1827 V.
445 1797 532 1827 Altilis
545 1798 573 1826 in
593 1807 612 1827 A
623 1808 675 1828 Lo.

124 1832 201 1866 Casia
212 1835 352 1874 sanguine.
394 1836 424 1866 In
446 1846 463 1865 c
474 1847 493 1865 A
502 1846 514 1865 s
523 1846 534 1865 s
546 1846 562 1865 u
571 1845 592 1865 s.

125 1870 261 1903 Cavaticae
275 1873 406 1903 cochleae.
448 1874 480 1903 In
501 1884 545 1903 CA
557 1884 573 1902 v
583 1884 632 1903 us.

124 1910 277 1941 Curvatum
287 1913 387 1942 domus
399 1912 584 1941 cochlearum.
607 1913 673 1942 Stat.
684 1922 710 1946 4.
722 1912 788 1942 silv.
800 1923 825 1948 9.
839 1920 881 1948 ³³·

123 1946 241 1985 Serpere
250 1951 278 1979 in
288 1951 432 1980 cochleam
440 1950 521 1979 fascia
532 1950 641 1979 dicitur.
682 1951 751 1980 Cels.
765 1951 812 1980 lib.
827 1956 852 1985 8.
869 1959 930 1988 cap.
946 1959 988 1981 10.
1012 1949 1083 1988 Quae
1095 1949 1173 1989 spirae
1189 1959 1249 1979 mo-

142 1987 179 2015 do
191 1988 418 2018 circumvolvitur
429 1988 555 2017 membro
569 1988 665 2018 frac‘m.

123 2024 248 2055 Cochlea
257 2048 264 2061 ,
287 2027 315 2055 in
327 2026 453 2055 torculari
465 2025 583 2063 Lignum
594 2027 632 2055 est
641 2028 765 2056 ercitum
777 2025 963 2055 claviculatim
975 2048 983 2061 ,
1005 2026 1033 2055 id
1045 2026 1082 2055 est
1096 2025 1249 2063 spirulatim

113 2094 119 2097 ,
143 2063 360 2101 &capreolatim
371 2064 512 2098 stri-atum,
534 2065 609 2101 quod
621 2074 670 2102 per
687 2064 812 2093 medium
829 2064 938 2102 prelum
953 2064 1073 2093 striarum
1093 2065 1119 2093 δε
1135 2064 1226 2102 ipsum
1239 2085 1247 2098 ,

142 2103 307 2132 transactum
318 2124 325 2137 ,
344 2102 480 2139 vertigine
493 2101 539 2131 sua
548 2101 675 2131 tollendo
684 2124 692 2137 ,
714 2102 945 2139 deniittendoque
955 2101 1032 2139 prelo
1043 2103 1187 2131 inventum
1199 2102 1246 2131 est.

142 2140 233 2177 Vulgo
244 2140 304 2170 Visa
315 2140 461 2170 torcularis
474 2140 583 2169 dicitur.
626 2140 656 2169 V.
680 2140 782 2169 Vitfuv.
794 2144 819 2169 6.
836 2151 860 2175 9.
886 2140 965 2168 Unde
975 2142 1000 2169 διε
1014 2139 1136 2169 Cochlea
1147 2141 1174 2168 in
1184 2139 1249 2168 aedi-

143 2177 212 2208 ficiis
224 2179 298 2209 dicia
310 2200 318 2213 ,
339 2188 398 2215 qua:
410 2178 494 2208 Scalae
505 2178 648 2207 cochlides
659 2180 742 2207 etiam
754 2178 900 2207 dfcuntur:
923 2177 959 2206 ob
970 2178 999 2206 id
1011 2178 1045 2207 lic
1060 2177 1150 2213 dictae,
1172 2177 1248 2214 quod

143 2217 320 2247 anfractuosae
340 2220 389 2245 lint
400 2217 428 2245 in
443 2217 560 2245 modum
572 2216 725 2245 cochlearis
737 2217 810 2245 testae
824 2238 831 2250 ,
853 2217 879 2245 Sc
895 2216 969 2251 quod
981 2215 1144 2245 claviculam
1157 2217 1184 2245 Sc
1195 2222 1250 2245 tor-

141 2255 185 2283 tili
198 2257 329 2285 structura
344 2265 358 2283 a
378 2255 504 2283 tricliniis
524 2254 552 2282 in
574 2254 719 2283 coenacula
735 2254 868 2283 evadant:
891 2253 1046 2290 cujusmodi
1063 2254 1120 2283 fere
1135 2253 1197 2282 sunt
1219 2254 1248 2283 in

141 2293 267 2323 aedificiis
278 2293 391 2322 Gallicis
404 2292 488 2321 sefflae.
513 2292 638 2321 Budaeus.

124 2330 247 2360 Cochlea
259 2354 267 2366 ,
290 2331 463 2360 Haustorium
475 2340 609 2367 organum
621 2330 696 2366 quod.
707 2328 804 2365 vulgus
823 2329 956 2366 Pompam
969 2328 1098 2366 appellat.
1140 2328 1171 2358 In
1193 2338 1250 2358 me-

141 2369 190 2398 dio
204 2376 262 2399 rota
275 2370 328 2398 est:
352 2379 412 2406 qua:
427 2370 493 2397 dui-n
506 2379 521 2397 a
532 2368 704 2397 calcantibus
715 2368 835 2397 vellatur
848 2367 975 2396 machina
984 2367 1115 2396 introrsus
1128 2366 1250 2396 clavicu-

142 2406 220 2437 latim
232 2409 359 2442 detorta,
381 2408 453 2436 inter
465 2407 539 2435 strias
554 2408 578 2436 ἃ
595 2406 687 2443 striges
699 2416 781 2442 aquas
794 2405 911 2435 exorbet
922 2415 957 2434 ex
973 2406 1084 2442 aquario
1106 2404 1200 2440 septo,
1222 2407 1249 2434 δε

141 2446 271 2475 retrorsus
283 2446 393 2474 emittit.
437 2445 525 2481 Hujus
536 2453 630 2473 autem
646 2445 781 2473 machinae
793 2443 975 2472 conficienda:
987 2444 1055 2472 ratio
1068 2465 1075 2478 ,
1096 2453 1111 2472 a
1123 2443 1248 2472 Vitruvio

142 2483 254 2513 decimo
274 2485 321 2513 lib.
338 2493 399 2521 cap.
416 2493 456 2512 ri.
481 2481 663 2517 describitur,
693 2482 735 2511 Est
753 2488 846 2511 autem
861 2503 868 2515 ,
890 2482 998 2518 inquit,
1021 2482 1105 2510 etiam
1123 2481 1249 2510 cochleae

143 2523 230 2556 ratio,
253 2532 312 2559 quae
326 2531 453 2558 magnam
465 2521 522 2550 vim
536 2520 627 2549 haurit
644 2530 739 2556 aquae,
761 2519 808 2548 sed
829 2526 884 2549 tam
902 2519 956 2548 alte
979 2518 1052 2548 tollit
1073 2529 1155 2556 quam
1177 2528 1245 2549 rota.

141 2558 268 2595 Ibidem,
290 2560 374 2598 paulo
386 2570 398 2588 a
412 2559 464 2587 line
475 2568 536 2596 cap.
566 2560 598 2588 ht
617 2559 655 2587 ita
676 2557 792 2587 cochlea
809 2557 972 2587 hominibus
991 2557 1163 2587 calcantibus
1183 2557 1250 2586 facit

141 2599 291 2628 versiones.
336 2598 365 2626 V.
389 2596 471 2627 &liu
488 2608 510 2631 ς.
524 2606 582 2634 cap.
595 2597 642 2626 ult.

124 2634 246 2666 Cochlea
258 2659 265 2667 .
289 2636 325 2665 est
335 2637 418 2664 etiam
436 2635 505 2664 Ostii
518 2645 613 2670 genus.
657 2634 740 2663 Varro
752 2642 776 2662 2.
796 2633 829 2662 R.
849 2632 883 2662 R.
897 2642 959 2669 cap.
974 2643 998 2668 ς.
1022 2633 1057 2662 de
1077 2633 1168 2663 Cavea
1178 2633 1250 2662 avia-

143 2674 191 2704 ria.
224 2674 332 2704 Ostium
346 2674 447 2703 habere
458 2673 564 2702 humile
575 2695 582 2707 ,
604 2674 629 2702 31
639 2672 786 2709 angustum
799 2693 806 2706 ,
829 2672 854 2700 8<
870 2671 1042 2708 potillimuni
1062 2673 1121 2708 ejus
1141 2673 1250 2709 generis

143 2713 220 2779 pulod
233 2712 376 2742 cochleam
394 2711 555 2749 appellant,
576 2718 607 2740 ut
615 2709 684 2739 solet
694 2710 749 2739 eise
768 2711 797 2738 in
817 2719 901 2738 cavea
921 2709 949 2737 in
968 2719 1022 2746 qua
1038 2711 1109 2740 tauri
1125 2719 1250 2748 pugnare

156 2760 172 2779 o
185 2758 241 2780 ent.

88 2782 111 2814 C
120 2797 136 2816 o
147 2798 192 2817 cri
203 2800 219 2817 L
230 2798 243 2818 E
253 2798 269 2817 A
282 2798 298 2816 a
309 2799 317 2816 i
327 2798 344 2817 u
355 2798 375 2817 M
384 2810 392 2823 ,
409 2787 427 2816 i.
449 2797 477 2817 n.
499 2785 729 2823 [icflmowvv'm]
751 2785 840 2815 Locus
861 2795 915 2821 quo
927 2790 1102 2822 reponuntur
1112 2785 1245 2816 cochleae.

127 2826 208 2856 Varro
223 2836 246 2864 3.
260 2826 295 2855 de
309 2827 342 2856 R.
352 2825 385 2855 R.
398 2835 458 2863 cap.
473 2835 515 2860 ¹4·
537 2825 610 2854 Nam
621 2824 777 2854 &idoneus
790 2823 837 2852 sub
850 2824 898 2851 dio
912 2823 1063 2852 sumendus
1075 2822 1152 2853 locus
1165 2825 1250 2853 coch—

123 2862 230 2901 leariis,
252 2874 335 2901 quern
345 2865 450 2893 circum
458 2869 550 2893 totum
563 2872 632 2900 aqua
647 2861 759 2891 claudas
773 2883 780 2896 ,
803 2871 839 2890 ne
855 2870 920 2898 quas
940 2861 979 2890 ibi
999 2860 1124 2898 posueris
1137 2862 1172 2890 ad
1190 2872 1250 2900 par-

124 2908 184 2932 tum
196 2925 204 2939 ,
229 2912 286 2932 non
297 2903 399 2932 liberos
409 2911 504 2931 earum
518 2921 525 2931 ‚
546 2900 593 2930 sed
606 2899 676 2938 ipsas
687 2909 800 2937 quaeras.

123 2939 212 2975 Item,
233 2940 423 2977 [mm-adem]
444 2938 574 2970 Mensura
589 2938 724 2975 quaedam,
736 2948 789 2974 qua
809 2936 911 2966 medici
930 2936 1017 2965 Graeci
1033 2936 1062 2965 in
1083 2936 1248 2974 potionibus

143 2988 278 3016 aegrcrum
289 2985 412 3008 utuntur.
452 2983 511 3007 erat
522 2982 615 3007 autem
628 2976 815 3006 cochlearium
828 2975 916 3007 maius
928 2996 935 3008 ,
957 2975 983 3004 &
994 2974 1180 3004 cochlearium
1197 2977 1250 3004 mi-

105 3020 110 3023 '
141 3025 203 3046 nus.
242 3016 310 3047 Plin.
323 3017 371 3046 lib.
381 3026 426 3046 20.
440 3025 501 3054 cap.
515 3025 559 3044 22.
582 3014 653 3043 Cum
665 3014 761 3043 addito
775 3012 865 3042 mellis
881 3012 1000 3041 sextario
1020 3012 1110 3042 rursus
1129 3012 1248 3042 decoeto

142 3054 318 3128 {dlsexgtariois
333 3055 402 3084 duos
412 3076 419 3090 ,
439 3054 458 3083 si
469 3053 617 3083 cochlearii
630 3051 757 3082 mensura
767 3051 796 3080 iri
807 3051 852 3080 die
862 3050 1038 3080 sorbeaturin
1050 3060 1126 3087 aquae
1135 3050 1247 3088 cyatho.

129 3109 133 3112 .
189 3116 194 3122 .
238 3093 284 3122 ist.
310 3104 323 3123 e
346 3116 350 3122 .

54 3129 56 3133 ’
88 3126 313 3160 Cocum-:aim
325 3103 342 3167 ‚q
354 3129 398 3159 vel
417 3129 642 3162 COCHLEAR,
663 3128 693 3157 is.
717 3136 745 3156 n.
766 3125 938 3163 [ιωχ-Ἀιιὲςιον,
959 3121 1060 3161 δὶῖδυξ]
1081 3125 1248 3156 Instrumen-

124 3173 184 3198 tum
198 3175 307 3198 notum.
331 3167 508 3200 Mastusia.
524 3177 583 3196 121.
605 3166 641 3195 de
653 3165 809 3199 cochleari,

215 3207 281 3237 Sum
291 3206 413 3236 cochleis
428 3205 529 3235 habilis
541 3227 549 3239 ,
569 3204 617 3234 sed
629 3214 680 3233 nec
693 3205 786 3232 minus
796 3202 872 3231 utilis
883 3202 943 3231 ovis
954 3223 963 3238 ,

270 3243 465 3282 Nunquidscis
474 3244 566 3281 potius
576 3252 625 3271 cur
634 3241 779 3272 cochleare
791 3241 896 3270 vocer?
979 3238 1116 3269 Columel.
1136 3240 1185 3270 lib.
1203 3249 1246 3271 12.

123 3290 240 3320 capnt.
261 3283 349 3321 quue
360 3292 446 3320 quum
456 3282 494 3311 est
503 3280 742 3314 aridumfastum,
763 3279 878 3308 molitur
893 3300 901 3312 ,
924 3278 950 3307 δι
973 3287 1008 3306 ex
1025 3287 1059 3306 eo
1077 3278 1176 3307 molito
1188 3279 1248 3316 post

122 3318 262 3350 salituram
274 3321 353 3350 musti
362 3318 491 3350 cochlear
500 3317 672 3349 cumulatum
683 3340 690 3353 ,
714 3317 757 3347 vel
769 3315 856 3346 simile
866 3325 953 3353 genus
961 3316 1056 3353 poculi
1068 3317 1127 3351 ejus
1138 3326 1198 3353 quae
1209 3317 1248 3346 est

144 3365 219 3388 uarta
232 3369 294 3397 pars
303 3358 395 3396 cyathi
407 3381 415 3392 ,
436 3357 565 3393 adjicitur
580 3358 608 3385 in
619 3356 699 3386 binas
710 3365 800 3385 urnas.

124 3367 260 3427 {oehlear
272 3398 309 3427 est
319 3398 404 3426 etiam
415 3396 509 3426 Patina
520 3418 527 3430 ,
549 3396 577 3424 in
597 3404 651 3432 qua
668 3392 791 3423 cochleae
805 3396 985 3429 apponuntur
995 3412 1003 3426 ,
1024 3391 1119 3428 postea
1131 3391 1166 3420 ad
1179 3391 1249 3421 alios

143 3434 221 3464 cibos
231 3435 401 3466 transfertur.
443 3434 473 3462 V.
496 3432 607 3463 Salmas.
625 3433 660 3462 ad
672 3431 753 3461 Treb,
768 3430 834 3459 Poll.
848 3439 908 3466 pag.
928 3437 987 3463 ¹30·
1001 3428 1075 3457 Edit.
1093 3429 1169 3458 Paris

89 3468 291 3503 CoeHLsAR
302 3483 330 3502 1s
341 3495 350 3509 ,
370 3482 394 3502 e.
418 3471 477 3506 Adi.
498 3471 568 3501 Plin.
581 3470 627 3500 lib.
640 3480 685 3499 21.
698 3479 758 3507 cap.
771 3477 816 3505 27.
847 3466 919 3497 Tusa
938 3466 1101 3503 hydropicis
1119 3467 1199 3496 datur
1218 3468 1249 3497 in

125 3519 212 3547 aqua,
233 3511 371 3541 cochleari
381 3509 516 3540 mensura.
556 3508 613 3538 Nisi
627 3509 699 3537 forte
711 3507 843 3544 scriptum
856 3503 1045 3534 IitCoehleari
1059 3526 1067 3539 ,
1089 3515 1140 3541 pro
1159 3505 1250 3535 Coch-

125 3546 211 3579 learii.
234 3550 328 3586 [Quin
337 3550 431 3587 potius
445 3549 475 3577 in
486 3547 609 3585 genitivo
622 3545 781 3575 Coc'nlearis
795 3543 982 3573 scribendum.
1014 3542 1084 3571 Nam
1098 3542 1132 3571 sic
1143 3542 1188 3572 lib.
1201 3553 1246 3579 24,

125 3595 186 3624 cap.
207 3597 249 3618 12.
266 3589 300 3617 Et
315 3587 413 3617 crebro
432 3586 499 3615 alias
516 3584 687 3614 substantivo
711 3583 766 3612 boc
788 3582 825 3620 pl.
846 3591 922 3610 num.
945 3579 1101 3608 mensuram
1115 3580 1247 3617 designat.

581 1722 653 1753 Varr.
666 1722 698 1753 R.
715 1722 749 1753 R.
765 1730 790 1760 3.
806 1732 848 1759 14.
870 1722 906 1753 de
917 1721 971 1751 illis
982 1722 1085 1752 dicitur
1098 1744 1106 1759 ,
1131 1722 1248 1760 quipar-

1 3618 2 3623 ¹
38 3652 41 3654 ,
91 3620 114 3651 C
122 3633 139 3652 o
148 3633 165 3653 c
174 3634 194 3653 H
205 3636 220 3653 L
230 3635 244 3654 a
254 3636 271 3655 A
280 3635 312 3654 izi
321 3635 341 3654 A
350 3647 358 3660 ,
380 3635 410 3654 ae.
433 3624 452 3653 f.
477 3623 569 3653 Herba
579 3623 609 3651 in
619 3621 739 3651 officinis
748 3621 787 3650 ita
796 3626 895 3649 vocata
906 3641 914 3654 ,
935 3627 951 3647 a
962 3617 1114 3647 cochlearis
1126 3618 1250 3649 similitu·

20 3665 25 3675 Α
1061 3671 1065 3674 .

126 3661 192 3692 dine
202 3664 231 3692 in
240 3663 322 3695 foliis.

92 3696 114 3727 C
122 3708 139 3727 o
149 3709 166 3729 c
177 3710 198 3729 u
209 3712 225 3730 L
235 3711 250 3730 a
260 3705 276 3730 A
285 3710 305 3729 T
316 3711 334 3730 u
344 3710 355 3729 s
367 3722 374 3735 ,
396 3709 411 3728 a
421 3721 428 3733 ,
448 3709 506 3729 um.
527 3704 559 3728 ut
569 3720 577 3733 ,
597 3696 738 3734 Equuleus
748 3693 909 3725 cochleatus
921 3713 928 3724 ,
950 3692 1086 3730 Pompon.
1107 3693 1182 3730 apud
1193 3693 1250 3723 No.

127 3738 205 3768 nium
219 3749 245 3768 2.
255 3744 319 3774 284.
340 3738 416 3776 quod
429 3737 518 3767 forsan
527 3736 672 3775 epitheton
681 3735 719 3764 est
728 3732 902 3762 instrumenti
913 3754 921 3767 ,
943 3740 1002 3760 non
1015 3731 1153 3760 animalis.

92 3771 164 3804 Coc.
173 3786 193 3804 H
205 3786 272 3805 LaA
283 3786 320 3804 T:
333 3787 353 3804 M
365 3797 373 3811 ,
395 3776 462 3805 Adv.
489 3775 585 3805 Sidon.
600 3773 717 3810 4.Epist.
734 3782 775 3806 ις.
798 3774 884 3808 Agger
901 3768 1070 3799 cochleatim
1081 3768 1191 3798 freierus.

93 3809 284 3843 Coei-impr
297 3824 344 3842 um
357 3835 365 3848 ,
385 3814 403 3842 i.
421 3823 447 3842 n.
471 3811 644 3848 [εωχλίδᾶον]
665 3809 743 3840 Scala
761 3809 890 3838 rotunda.
931 3806 1031 3836 Strabo
1044 3806 1091 3835 lib.
1108 3806 1158 3835 ult.
1183 3805 1247 3836 Alti-

128 3851 195 3880 tudo
209 3852 335 3889 quaeclam
350 3852 533 3886 manufacta,
554 3849 702 3883 turbinea,
719 3846 834 3885 petrosae
851 3848 918 3883 ripae
936 3843 1080 3882 persimilis
1092 3866 1099 3879 ,
1121 3844 1150 3872 in
1166 3853 1250 3880 quam

127 3896 176 3924 per
185 3888 360 3919 ccchlidium
369 3888 534 3918 ascenditur.
1041 3919 1046 3924 ,

93 3921 219 3956 Coan
230 3937 259 3957 is
270 3949 278 3963 ,
298 3928 363 3956 idis.
386 3926 403 3955 f.
433 3925 570 3962 [ιφχλὶς]
590 3931 621 3953 ut
635 3945 644 3959 ,
672 3921 823 3952 Cochlides
844 3929 921 3949 nunc
944 3917 1134 3956 vulgatiffimae
1145 3940 1154 3955 ,
1176 3919 1250 3948 inter

126 3971 248 3999 gemmas
259 3964 410 3995 nascentes.
431 3963 501 3994 Plin.
517 3972 560 4000 ¹7·
574 3972 615 3992 iz.

1698 130 1727 165 C
1822 130 1857 164 O
1954 130 1987 163 D
2383 137 2449 173 551

1295 215 1317 245 C
1327 225 1342 243 o
1354 225 1370 242 c.
1381 224 1401 243 u
1413 217 1428 244 ὃ
1439 224 1456 242 N
1466 223 1479 241 r
1491 235 1499 247 ,
1520 209 1651 249 [καλόν-η]
1673 212 1774 241 dicitur
1785 211 1846 240 Pars
1865 210 1936 239 infra
1945 209 2079 255 pudenda
2090 230 2098 243 ‚
2119 220 2180 246 quae
2198 212 2275 240 coxis
2294 211 2451 247 interjacet.

1334 253 1491 280 Grzecorum
1504 252 1646 280 communi
1657 250 1751 287 lingua
1767 256 1881 277 vocatur
1892 252 2050 280 pennen&
2061 269 2068 281 ,
2091 248 2153 283 quia
2165 248 2195 276 sit
2215 249 2285 278 inter
2302 258 2378 278 crura
2397 257 2455 277 me-

1336 291 1398 318 dius
1410 289 1487 318 locus
1498 311 1505 323 ,
1524 298 1581 325 qua·
1592 296 1692 317 vocant
1706 293 1784 315 σκελη.
1807 286 1872 315 Cari.
1886 285 2006 322 Rhodig.
2020 285 2068 313 lib.
2081 295 2106 318 4.
2116 294 2177 322 cap.
2190 295 2213 321 7.

1297 327 1321 357 C
1332 337 1348 355 o
1358 337 1373 355 c
1385 338 1392 354 1
1405 336 1423 355 N
1435 337 1453 354 ‘r
1463 336 1480 354 ii
1494 336 1510 354 υ
1524 337 1542 354 Μ
1557 347 1564 358 ,
1585 326 1627 353 vel
1651 326 1697 354 Co
1709 335 1725 354 c
1736 336 1744 353 1
1755 334 1774 353 N
1784 334 1802 352 'r
1813 334 1828 352 u
1841 335 1860 352 M
1872 345 1879 357 ,
1900 324 1916 351 i.
1942 333 1969 352 n.
1992 322 2148 358 [Κάνθον]
2170 323 2255 352 Italiae
2267 322 2456 360 longissimum

1337 364 1558 401 promontorium
1571 384 1578 397 ,
1601 364 1675 399 quod
1689 363 1871 391 meridianam
1881 360 1990 399 plagam
1999 360 2124 397 speclans
2135 382 2143 393 ,
2167 361 2275 389 lonium
2292 362 2316 389 ἃ
2331 360 2458 390 Siculum

1337 411 1412 430 mare
1423 401 1600 430 discriminat.
1626 400 1717 438 Polyb.
1731 400 1779 429 lib.
1791 409 1816 429 2.
1828 409 1855 436 p.
1870 409 1930 434 142.
1944 399 1987 427 ed.
1999 398 2119 428 Gronov.
2133 399 2158 427 ἃ
2168 398 2234 426 Plin.
2247 398 2294 426 lib.
2309 407 2331 432 3.
2344 407 2404 434 cap.
2415 408 2457 427 ιο.

1298 439 1419 469 Cocio
1431 461 1439 472 ,
1461 440 1530 467 (inis.
1553 447 1589 466 m.
1613 436 1784 473 [κῶπηλβψ]
1807 437 1891 466 Plaut.
1907 437 1976 464 Asin.
1991 446 2012 464 r.
2027 445 2049 469 3.
2065 445 2109 469 5¹-
2133 436 2216 465 Vetus
2235 435 2290 469 est,
2313 435 2394 464 nihili
2412 444 2461 463 co-

1336 477 1380 506 cio
1392 476 1438 504 est.
1479 476 1558 504 Varie
1573 475 1618 504 hic
1635 475 1713 504 locus
1733 475 1766 504 ab
1779 474 1976 511 interpretibus
1988 473 2126 510 expolitus
2140 474 2186 502 est.
2227 472 2317 502 Festus
2337 474 2392 506 ait,
2412 482 2460 500 co-

1337 515 1433 543 ciones
1444 513 1499 548 <1355
1512 524 1525 541 a
1537 513 1730 542 cunctatione:
1754 514 1828 550 quod
1841 513 1868 541 in
1881 512 2008 540 emendis
2018 511 2227 547 vendendisque
2235 511 2372 539 mercibus
2382 510 2460 538 tarde

1338 551 1545 589 pervciiiantad
1557 550 1618 585 justi
1630 551 1708 587 pretii
1721 551 1814 579 finem.
1853 550 1947 586 ltaque
1959 549 2033 587 apud
2049 549 2176 586 antiquos
2191 549 2308 586 primum
2328 547 2461 585 syllabam

1338 599 1387 627 per
1401 599 1417 616 v
1429 588 1546 616 lizterain
1559 588 1638 617 scribi
1656 587 1772 616 solitum.
1814 587 1972 617 Gronovius
1989 587 2059 615 dicit
2079 586 2234 616 Cocionem
2248 586 2292 614 vel
2311 586 2461 614 Cotioncm

1339 636 1391 664 pro
1403 625 1664 662 Cautionepoi'itam
1673 625 1741 661 effe,
1763 632 1794 653 ut
1804 626 1883 662 Copo
1898 635 1949 663 pro
1961 625 2066 662 Caupo.
2107 625 2137 654 V.
2160 625 2249 661 ipsum
2269 624 2302 652 ad
2329 624 2412 652 Plaut.
2435 625 2462 652 oz

1339 664 1450 694 Salmas.
1465 664 1499 691 de
1511 663 1596 692 usuris
1608 673 1636 699 p.
1654 672 1715 698 345.
1739 662 1823 692 Gloss‘.
1846 663 1906 692 Vet.
1929 664 2105 696 usmnta'we,
2127 662 2223 692 Cocio.
2250 661 2279 691 V.
2304 662 2328 691 Sc
2338 661 2461 690 Gell.16.

1341 711 1367 738 7.
1381 703 1406 731 ἃ
1416 701 1515 737 Scalig.
1528 701 1557 728 in
1570 700 1637 729 Fest.
1650 710 1676 737 p.
1689 710 1733 735 ²3·
1745 701 1773 728 in
1785 709 1854 729 voce
1864 699 2023 734 Arrillator,
2046 701 2071 728 ἃ
2082 699 2203 737 Rutgers.
2237 699 2267 728 V.
2284 698 2313 728 L.
2326 709 2351 728 2.
2368 709 2410 733 ¹9·

1305 739 1353 769 Co
1364 749 1381 768 c
1393 750 1401 766 1
1413 742 1430 767 ὂ
1440 748 1457 766 N
1468 749 1484 766 o
1495 748 1510 766 R
1520 760 1527 772 ,
1548 739 1597 766 ari.
1620 738 1749 766 Cunclari
1768 739 1796 766 in
1808 738 1940 767 emendo.
1981 737 2101 773 Quintil.
2123 738 2198 768 Decl.
2223 746 2264 766 12.
2288 747 2333 766 αι.
2359 747 2385 774 p.
2397 739 2462 772 263.

1341 777 1395 843 {iu
1407 776 1570 805 cocionatus
1579 775 1625 805 est.
1669 776 1700 805 V.
1723 782 1781 804 not.
1793 776 1884 805 Burin.
1897 777 1923 805 δι
1933 776 2021 813 quiin
2032 775 2097 805 dict.
2109 775 2241 815 superiori
2256 774 2409 812 allegantur
2419 784 2466 803 au-

1342 826 1357 844 c
1371 823 1442 843 ores.

1304 852 1352 882 Co
1362 862 1395 881 ci
1406 862 1423 880 o
1434 860 1454 880 N
1466 860 1483 879 A
1492 859 1538 880 τυ
1547 860 1563 879 R
1575 860 1594 879 A
1606 872 1615 885 ,
1636 860 1667 879 ae.
1689 850 1708 880 f.
1732 849 1816 879 Gloff.
1830 850 1875 879 Gr.
1894 850 1950 879 Lat.
1970 849 2124 883 μετέστης
2136 872 2145 885 ,
2165 849 2359 880 Cocionatura.

1305 891 1327 920 C
1337 900 1355 919 o
1364 899 1382 919 c
1392 899 1427 918 1A
1436 898 1456 917 T
1466 898 1482 917 o
1494 899 1524 923 ri,
1545 889 1608 917 oris.
1630 898 1667 917 m.
1690 888 1767 917 idem
1779 898 1810 917 ac
1820 888 1917 918 Cocio.
1940 887 2024 918 Closs.
2050 887 2109 917 Vet.
2130 886 2278 923 μετέέολῶυ
2290 910 2298 923 ,
2325 888 2466 917 Dardana-

1344 928 1417 962 rius,
1438 927 1561 956 cociator
1571 948 1579 960 ,
1601 925 1724 955 arillatoi·
1735 948 1742 959 ,
1764 926 1854 954 cocio.

1304 965 1328 995 C
1339 974 1447 994 00Las
1458 986 1466 999 ,
1486 964 1541 993 itis.
1564 969 1601 993 m.
1624 964 1848 999 [pcovo'cpJaMaeffi]
1869 963 1971 992 Luscus
1988 962 2022 992 ab
2036 963 2156 1000 antiquis
2174 962 2335 1000 dicebatur,
2356 963 2410 992 hoc
2429 963 2467 992 est

1342 1003 1390 1040 qui
1400 1007 1604 1033 unumtantum
1615 1001 1728 1030 oculum
1740 1001 1870 1030 habebat.
1898 1001 1982 1029 Plaut.
2001 1001 2081 1030 Curc.
2098 1011 2122 1036 ³-
2139 1011 2185 1031 22.

1436 1039 1565 1069 Unocule
1579 1061 1587 1075 ,
1610 1038 1690 1068 salve.
1723 1049 1749 1068 c.
1774 1038 1883 1075 quaeso,
1906 1038 2050 1067 deridesne
2061 1040 2129 1068 me?

1437 1089 1454 1106 r.
1463 1088 1495 1107 Y..
1515 1078 1556 1107 De
1564 1076 1697 1106 coelitum
1706 1076 1831 1115 prosapia
1839 1084 1867 1106 te
1882 1075 1936 1105 esse
1946 1077 2079 1105 arbitror:

1438 1116 1509 1146 Nam
1519 1115 1617 1144 hisunt
1627 1115 1751 1144 unoculi.
1850 1114 1932 1143 Varro
1951 1115 1985 1143 de
2004 1114 2029 1142 L.
2047 1113 2074 1142 L.
2088 1113 2135 1143 lib.
2148 1117 2174 1143 6.
2190 1123 2214 1150 3.
2228 1120 2297 1144 extr.
2332 1114 2371 1143 Ab
2385 1113 2470 1144 oculo

1343 1153 1453 1187 cocles,
1474 1160 1505 1183 ut
1516 1153 1592 1182 ocles
1601 1153 1691 1182 dictus
1705 1175 1713 1187 ,
1733 1153 1779 1189 qui
1793 1162 1880 1181 unum
1894 1152 2006 1181 liaberet
2017 1151 2139 1180 oculum.
2163 1152 2195 1181 Et
2211 1152 2278 1182 Plin.
2293 1162 2334 1182 11.
2346 1162 2387 1189 37.
2412 1152 2470 1188 Qui

1345 1193 1433 1221 altero
1445 1192 1551 1220 lumine
1563 1191 1623 1220 orbi
1639 1191 1830 1225 nascerentur,
1852 1190 1974 1218 Coclites
1987 1198 2130 1218 vocantur.

1306 1230 1330 1260 C
1341 1240 1357 1260 o
1369 1239 1410 1258 CL
1421 1239 1474 1262 Rs,
1497 1229 1634 1266 [Κόκλης]
1656 1229 1821 1265 Cognomen
1841 1228 1876 1257 ob
1895 1228 2013 1257 eandem
2029 1228 2203 1256 debilitatem
2222 1227 2337 1255 Horatio
2354 1228 2448 1256 datum
2463 1249 2471 1262 ,

1345 1268 1392 1305 qui
1405 1267 1520 1296 Porsena
1532 1277 1606 1303 rege,
1628 1273 1658 1295 ut
1671 1267 1754 1295 docet
1768 1266 1824 1295 Liv.
1838 1266 1887 1295 lib.
1900 1276 1925 1294 2.
1944 1275 1985 1294 io.
2003 1276 2053 1303 per
2061 1265 2217 1295 Sublicium
2232 1272 2347 1301 pontem
2359 1266 2471 1294 tranlire

1346 1312 1477 1340 conante,
1499 1305 1571 1334 solus
1581 1305 1699 1334 hostium
1713 1305 1848 1342 impetum
1867 1304 2007 1334 sustinuit.
2029 1304 2121 1331 donec
2140 1314 2153 1331 :i
2175 1311 2252 1336 toruo
2271 1313 2340 1336 pons
2357 1314 2370 1332 a
2393 1303 2472 1331 sociis

1345 1345 1534 1380 frangeretur:
1557 1352 1611 1379 quo
1622 1340 1719 1377 fracto,
1740 1343 1766 1372 se
1778 1352 1841 1371 cum
1853 1342 1936 1371 armis
1946 1342 2130 1379 praecipitavit
2140 1341 2169 1369 in
2183 1341 2318 1369 Tiberim.
2362 1341 2393 1370 lit
2405 1340 2475 1369 licet.

1346 1381 1424 1411 laesus
1436 1383 1464 1410 in
1477 1391 1547 1411 coxa
1560 1381 1664 1415 fuerit,
1686 1380 1811 1410 Tiberim
1823 1387 1917 1409 tamen
1928 1380 2065 1408 tranando
2076 1379 2111 1408 ad
2130 1379 2191 1408 suos
2213 1380 2346 1416 pervenit.
2388 1378 2472 1407 Unde

1346 1420 1385 1448 est
1395 1419 1464 1448 illud
1476 1419 1509 1449 ab
1523 1429 1556 1448 eo
1568 1419 1674 1448 distum
1684 1441 1691 1453 ,
1712 1428 1798 1455 quum
1808 1418 1831 1446 ei
1842 1419 1871 1446 in
1882 1418 2004 1447 comitiis
2016 1427 2093 1446 coxae
2104 1418 2202 1446 vitium
2213 1417 2382 1451 objiceretur
2393 1439 2400 1451 ,
2425 1417 2473 1445 Per

1346 1457 1466 1495 singulos
1481 1458 1580 1494 gradus
1593 1457 1747 1486 admoneor
1757 1456 1891 1493 triumphi
1911 1456 1974 1484 mei.
2018 1455 2108 1491 Hujus
2134 1455 2265 1484 meminit
2286 1454 2372 1484 Valer.
2393 1454 2472 1484 Max.

1345 1495 1396 1525 lib.
1412 1505 1436 1532 3.
1449 1505 1509 1533 cap.
1522 1504 1547 1524 2.
1559 1504 1600 1532 pr.
1624 1494 1696 1531 Virg.
1713 1504 1824 1532 quoque
1837 1500 1862 1527 8.
1876 1494 1937 1523 ffin.
1953 1498 2017 1528 ⁶50·

1439 1534 1523 1563 Illum
1533 1533 1689 1570 indignanti
1702 1532 1818 1562 similem
1828 1554 1835 1567 ,
1857 1531 2031 1567 similemque
2043 1530 2161 1560 minanti

1438 1571 1579 1609 Aspiceres
1589 1593 1596 1605 ,
1617 1578 1734 1609 pontem
1744 1570 1860 1599 auderet
1868 1569 1944 1606 quod
1955 1568 2056 1598 vellere
2067 1568 2175 1598 Cocles.
2259 1566 2318 1597 Cic.
2332 1576 2358 1596 2.
2378 1567 2413 1597 de
2425 1567 2476 1596 Le-

1345 1607 1402 1647 gib.
1416 1619 1458 1638 10.
1482 1610 1542 1639 Nec
1555 1609 1618 1646 quia
1632 1608 1767 1646 nusquam
1778 1614 1835 1638 erat
1846 1607 1979 1645 scriptum
1992 1629 1999 1641 ,
2021 1614 2053 1635 ut
2072 1615 2168 1636 contra
2183 1614 2282 1635 omnes
2296 1606 2413 1634 hostium
2427 1615 2477 1634 co-

1345 1647 1405 1685 pias
1416 1648 1443 1676 in
1456 1654 1543 1685 ponte
1555 1655 1628 1676 unus
1637 1646 1765 1676 assisteret
1775 1668 1782 1681 ,
1803 1656 1818 1675 a
1829 1653 1963 1682 tergoque
1972 1652 2090 1682 pontem
2102 1643 2263 1674 interscindi
2284 1643 2396 1679 juberet
2405 1665 2413 1677 ,
2435 1643 2477 1672 id-

1344 1686 1421 1715 circo
1432 1687 1524 1716 minus
1541 1684 1679 1722 Coclitem
1689 1684 1769 1714 illum
1780 1694 1837 1713 rem
1849 1683 1954 1722 gessisse
1968 1690 2094 1719 tantam,
2116 1681 2288 1712 fortitudinis
2307 1680 2368 1719 lege
2391 1686 2474 1718 atque

1347 1724 1467 1761 imperio
1486 1723 1656 1761 putabimus.

1309 1761 1357 1791 Co
1366 1771 1382 1790 e
1391 1772 1445 1791 Lis
1455 1784 1463 1796 ,
1485 1761 1590 1798 Capitis
1599 1761 1637 1790 est
1649 1767 1843 1790 ornamentum
1856 1781 1865 1793 ,
1885 1758 1920 1788 ab
1932 1758 2113 1788 similitudine
2125 1757 2257 1787 scalarum
2269 1779 2277 1792 ,
2296 1756 2339 1786 vel
2350 1756 2477 1786 animalis

1346 1799 1432 1829 verbo
1444 1800 1577 1828 derivato.
1598 1798 1685 1828 Pollio
1697 1798 1854 1828 Trebellius
1864 1797 1894 1826 in
1909 1796 2034 1826 Zenobia
2044 1806 2104 1833 cap.
2120 1806 2164 1830 χεν).
2178 1796 2254 1832 Trig.
2270 1794 2337 1832 Tyr.
2363 1796 2476 1824 Adcon-

1346 1838 1443 1867 ciones
1451 1838 1557 1875 galeata
1567 1836 1697 1874 proceffit
1706 1846 1770 1865 cum
1778 1836 1865 1865 limbo
1873 1845 2016 1873 purpureo
2026 1857 2033 1869 ,
2059 1835 2178 1871 gemmis
2187 1832 2416 1870 dependentibus
2425 1842 2478 1869 per

1347 1875 1474 1905 ultimam
1484 1875 1621 1904 fimbriam
1634 1897 1642 1910 ‚
1663 1875 1756 1904 media
1766 1875 1851 1904 etiam
1870 1873 1982 1902 cocli‘de
1992 1896 2000 1907 ,
2021 1873 2098 1902 velut
2117 1871 2200 1902 fibula
2209 1871 2338 1900 muliebri
2354 1871 2477 1906 astricta,

1348 1913 1461 1943 brachio
1473 1914 1542 1950 saepe
1551 1913 1638 1942 nud0.
1682 1912 1721 1942 Ex
1735 1911 1801 1942 Cael.
1815 1912 1936 1949 Rhodig.
1954 1911 2002 1941 lib.
2014 1915 2039 1940 6.
2051 1920 2111 1948 cap.
2128 1919 2170 1946 13.
2211 1909 2267 1939 Sed
2279 1909 2434 1938 emendatis
2446 1910 2476 1937 in

1347 1952 1430 1981 codd.
1444 1952 1543 1989 legitur
1558 1951 1691 1989 cyclade.

1311 1989 1334 2019 C
1343 1999 1359 2018 o
1368 1999 1385 2019 c
1394 2000 1411 2018 o
1419 2001 1435 2018 L
1443 2000 1459 2019 ο
1469 2001 1484 2018 Β
1494 2001 1501 2018 ι
1513 1999 1524 2018 s
1536 2011 1544 2024 ,
1566 1990 1601 2018 is.
1623 1989 1642 2017 f.
1668 1987 1795 2025 Hispanis
1805 1997 1864 2016 uvae
1874 1996 1960 2024 genus
1971 1986 2008 2015 est
2019 2009 2026 2019 ,
2048 1995 2131 2022 quam
2140 1984 2324 2022 Dyrrhachini
2334 1983 2477 2013 Basilicam

1348 2034 1458 2095 bociam.
1470 2065 1477 2094 l
1498 2028 1561 2062 Eius
1571 2027 1628 2056 duo
1637 2026 1700 2056 sunt
1713 2035 1815 2063 genera
1825 2047 1833 2060 ,
1850 2034 1910 2062 quae
1921 2024 1985 2054 vide
1995 2026 2070 2062 apud
2084 2024 2153 2053 Plin.
2169 2023 2217 2052 lib.
2232 2032 2275 2058 14.
2288 2032 2349 2060 cap.
2359 2032 2385 2051 2.
2400 2022 2477 2052 conf.

1374 2076 1390 2094 o
1404 2075 1467 2095 ume
1482 2088 1487 2095 .
1519 2076 1562 2094 .2.

1309 2103 1332 2133 C
1342 2113 1358 2132 o
1368 2113 1385 2132 c
1395 2114 1415 2132 Τ
1425 2114 1445 2132 A
1456 2125 1464 2139 ,
1490 2076 1521 2133 ἐ.
1544 2103 1563 2132 f.
1586 2101 1659 2130 Valis
1672 2110 1758 2137 genus
1769 2123 1777 2137 ‚
1798 2100 1874 2138 quod
1886 2101 1912 2130 Sc
1925 2098 2065 2129 Siruscula
2083 2100 2109 2129 ec
2119 2098 2201 2129 Gello
2221 2097 2376 2128 dicebatur.
2401 2097 2479 2128 Mar-

1348 2141 1407 2170 tial.
1421 2151 1446 2171 2.
1460 2147 1505 2177 85.
1545 2140 1575 2170 V.
1596 2139 1636 2168 ibi
1650 2139 1769 2169 Scriver.

1311 2179 1440 2208 Coc‘rA
1453 2189 1516 2213 NA,
1538 2185 1585 2208 aut
1606 2178 1800 2207 CocToNA.
1839 2175 1870 2204 V.
1893 2183 2061 2204 coTONA.

1310 2217 1564 2251 COCTIBILIS,
1588 2215 1772 2245 Cocrtms
1785 2236 1794 2249 ,
1817 2213 2031 2249 CocTivus,
2059 2211 2224 2248 Coquns.
2264 2210 2297 2240 V.
2320 2220 2456 2248 coQuo.

1309 2255 1469 2285 Coc’riffl
1489 2263 1619 2288 ALPas,
1642 2252 1673 2282 V.
1696 2262 1872 2282 corvus.

1310 2293 1507 2323 COCTxLIA
1522 2314 1530 2328 ,
1553 2292 1583 2321 V.
1606 2300 1796 2320 COACTlLl
1809 2300 1838 2319 A.

1310 2330 1511 2367 CocruRA,
1534 2330 1704 2365 CocTt-s,
1729 2330 1754 2357 8<
1776 2328 1912 2357 Cocus.
1951 2326 1983 2356 V.
2008 2335 2141 2362 coquo.

1311 2368 1333 2398 C
1342 2372 1359 2398 ὃ
1369 2372 1411 2398 οἷ’
1420 2379 1466 2398 Tu
1475 2378 1487 2397 s
1496 2391 1503 2404 ,
1526 2369 1544 2398 i.
1566 2377 1603 2397 m.
1626 2362 1774 2402 [κωκνῗᾷς]
1796 2367 1807 2401 <
1818 2366 1911 2402 inquit
1921 2365 2051 2394 Servius]
2073 2363 2187 2393 Fluvios
2198 2362 2361 2394 inferorum.
2384 2362 2477 2391 did'tus

1347 2404 1394 2434 >bri
1413 2402 1437 2435 §s
1448 2408 1551 2442 κωκόᾶν,
1572 2406 1601 2435 id
1612 2404 1764 2442 estlugere.
1808 2404 1879 2433 Nam
1891 2403 2030 2433 Homerus
2040 2401 2076 2431 sic
2084 2401 2184 2440 posuit.
2225 2401 2270 2430 Est
2286 2407 2381 2430 autem
2398 2400 2478 2429 locus

1347 2446 1457 2475 vicinus
1473 2444 1633 2474 Acheronti.
1658 2442 1730 2480 Virg.
1743 2446 1768 2471 6.
1785 2441 1842 2471 AEn.
1859 2450 1921 2475 132.

1622 2486 1768 2510 -tenent
1784 2480 1876 2509 media
1888 2477 2066 2508 omnia‘silvae
2077 2499 2087 2514 ,

1440 2519 1616 2557 Cocytusque
1627 2518 1686 2548 sinu
1700 2518 1796 2547 labens
1811 2517 2071 2547 circumvenitatro.

1346 2558 1483 2589 Fremitus
1495 2554 1603 2594 Cocyti.
1644 2556 1703 2586 Cic.
1721 2566 1743 2585 r.
1755 2555 1838 2585 Tuse.
1854 2565 1895 2584 ιο.
1915 2553 2066 2591 Dicquaeso
2078 2575 2086 2587 ,
2107 2561 2176 2582 num
2186 2557 2216 2581 te
2224 2551 2272 2581 illa
2282 2555 2403 2585 terrent,
2429 2550 2480 2580 tri-

1365 2606 1432 2635 ceps
1440 2598 1515 2634 apud
1524 2596 1627 2624 inferos
1637 2594 1783 2628 Cerberus,
1795 2593 1894 2630 Cocyti
1904 2592 2040 2627 fremitus,
2049 2590 2213 2621 transvectio
2223 2590 2399 2625 Acherontis,
2422 2590 2474 2619 &c-

1346 2636 1412 2665 Ater
1420 2635 1544 2671 Cocytus
1554 2642 1646 2662 errans
1656 2632 1790 2670 languido
1800 2631 1929 2660 flumine.
1949 2631 2018 2660 Hor.
2032 2639 2058 2659 2.
2071 2629 2163 2659 Carm.
2180 2638 2223 2665 ¹4·
2234 2634 2280 2664 18.

1345 2673 1519 2703 Inamoenus.
1541 2671 1608 2700 Stat.
1627 2680 1650 2700 1.
1662 2670 1753 2700 Theb.
1766 2675 1811 2704 89.

1347 2711 1432 2741 Iners.
1456 2711 1518 2740 Sen.
1531 2710 1610 2739 Herc.
1629 2709 1681 2738 fur.
1692 2718 1717 2743 9.
1740 2707 1818 2737 Palus
1828 2706 1925 2736 inertis
1937 2706 2012 2735 foeda
2024 2704 2122 2742 Cocyti
2137 2705 2219 2740 jacet.

1345 2749 1460 2786 Rigens.
1503 2748 1567 2777 Sen.
1578 2746 1670 2777 OEth.
1686 2751 1728 2775 16.
1751 2746 1817 2776 Non
1828 2754 1875 2774 me
1886 2745 2001 2781 rigentis
2011 2744 2105 2780 stagna
2114 2742 2214 2781 Cocyti
2224 2746 2330 2771 tenent.

1344 2788 1462 2817 Severus
1472 2786 1574 2821 Cocyti
1586 2785 1684 2814 amnis.
1707 2784 1780 2822 virg.
1796 2793 1820 2817 z.
1834 2783 1934 2820 Georg.
1949 2788 1993 2817 38.

1345 2826 1473 2856 Acheron
1484 2833 1598 2853 omnem
1612 2823 1719 2861 Cocyto
1731 2823 1837 2852 eruc'tat
1851 2830 1974 2850 arenam.
2011 2819 2084 2856 Virg.
2098 2822 2123 2848 6.
2142 2817 2204 2848 AEn.
2217 2826 2281 2854 297.
2312 2816 2352 2846 Ad
2367 2815 2476 2854 phylio-

1365 2863 1468 2901 logiam
1479 2862 1533 2891 hoc
1543 2861 1708 2898 figmentum
1720 2860 1859 2897 pertinere
1867 2859 1978 2888 Servius
1993 2857 2030 2899 ait
2039 2879 2046 2891 ,
2068 2856 2144 2893 quod
2156 2856 2203 2894 qui
2218 2863 2292 2885 caret
2301 2855 2402 2891 gaudio
2414 2876 2422 2888 ,
2445 2854 2478 2882 fi-

1365 2912 1401 2930 ne
1413 2901 1500 2930 dubio
1512 2899 1647 2928 tristisest.
1671 2899 1779 2928 tristitia
1788 2904 1883 2927 autem
1900 2897 1992 2926 vicina
2011 2896 2097 2924 1υὲὶυὶ
2112 2894 2167 2927 est,
2188 2895 2233 2931 qui
2252 2903 2286 2922 ex
2305 2900 2396 2921 morte
2412 2901 2476 2930 pro-

1364 2946 1482 2969 creatur.
1503 2939 1577 2966 recte
1586 2946 1652 2974 ergo
1660 2936 1689 2965 in
1701 2937 1840 2974 Cocytum
1850 2945 1901 2974 per
1915 2935 2030 2972 Stygem
2049 2941 2146 2962 arenas
2170 2933 2294 2961 eructare
2310 2930 2369 2960 suas
2387 2930 2476 2960 Ache-

1365 2985 1475 3007 rontem
1488 2975 1567 3012 fingit
1578 2975 1668 3004 Maro.

1345 3015 1441 3046 Limus
1453 3015 1545 3051 cocyti
1555 3013 1635 3051 niger
1645 3014 1671 3042 Sc
1680 3012 1814 3041 deformis
1824 3011 1939 3040 arundo.
1972 3009 2048 3046 Virg.
2058 3018 2084 3044 4.
2098 3007 2200 3044 Georg.
2215 3014 2280 3043 479.

1346 3055 1448 3092 Stagna
1456 3052 1509 3081 alta
1521 3051 1629 3089 Cocyti.
1651 3050 1724 3088 Virg.
1736 3054 1760 3079 6.
1776 3050 1836 3080 AEn.
1851 3058 1913 3085 323-

1345 3092 1444 3123 Fluere
1467 3090 1568 3119 dicitur
1585 3089 1662 3127 apud
1684 3089 1788 3117 inferos
1803 3087 1934 3124 Cocytus.
1976 3084 2034 3128 Cic.
2050 3092 2074 3119 3.
2101 3083 2136 3112 de
2149 3082 2217 3126 Nat.
2232 3081 2371 3124 Deerat.
2402 3080 2474 3118 Ergo

1363 3128 1547 3160 etiamOrcus
1559 3127 1639 3156 Frater
1651 3136 1746 3156 eorum
1760 3126 1843 3160 deus,
1865 3126 1891 3155 δε
1902 3123 1943 3153 illi
1954 3132 1999 3160 qui
2015 3122 2100 3150 fluere
2112 3121 2188 3158 apud
2198 3120 2303 3149 inferos
2321 3119 2452 3148 dicuntur
2463 3141 2472 3153 ,

1364 3168 1508 3233 Achergn,
1532 3166 1655 3203 Cocytus
1666 3186 1675 3200 ,
1696 3163 1912 3202 Pyriphlegeton
1921 3184 1929 3198 ,
1951 3168 2011 3190 tum
2032 3159 2142 3188 Charon
2153 3180 2162 3193 ‚
2194 3164 2253 3187 tum
2276 3156 2414 3186 Cerberus
2431 3157 2473 3186 dii

1386 3213 1452 3235 utan
1476 3214 1493 3233 ι.

1306 3216 1456 3274 Οοὲντι
1467 3251 1505 3271 us
1517 3263 1525 3277 ‚
1545 3250 1561 3270 a
1573 3263 1582 3277 ,
1604 3250 1661 3270 uni.
1685 3239 1748 3275 Adi.
1771 3244 1814 3273 ut,
1838 3237 1959 3274 AEquora
1974 3235 2100 3272 Cocytia.
2123 3232 2222 3262 Claud.
2232 3232 2333 3262 inRuf.
2345 3240 2371 3262 2.
2386 3241 2451 3269 47¹·

1536 3279 1680 3308 —dextra
1691 3278 1808 3315 Cocytia
1819 3276 1900 3305 findit
2030 3273 2159 3309 AEquora.
2345 3307 2350 3312 Ι

1307 3319 1330 3349 C
1341 3323 1357 3349 ὃ
1368 3321 1413 3348 εἰ*
1422 3327 1441 3346 T
1453 3328 1462 3346 1
1474 3327 1494 3346 A
1506 3339 1513 3352 ,
1536 3327 1626 3346 orum.
1650 3327 1677 3345 n.
1701 3315 1739 3354 pl.
1762 3310 1914 3351 [κωκῦτιοι]
1935 3313 2018 3342 Sacra
2027 3316 2105 3339 erant
2115 3331 2122 3343 ,
2145 3317 2205 3345 quae
2221 3306 2325 3336 fiebant
2344 3317 2371 3335 in
2383 3307 2471 3336 hono.

1344 3367 1402 3386 rem
1414 3355 1580 3393 Proserpinae
1592 3377 1600 3391 ,
1621 3364 1706 3392 quam
1714 3354 1791 3383 Pluro
1801 3352 1899 3389 rapuit.
1942 3351 2043 3380 Auctor
2057 3347 2211 3385 Porphyrio
2223 3346 2254 3374 in
2272 3344 2341 3374 illud
2353 3345 2419 3374 Hor.
2440 3346 2471 3374 in

1344 3395 1436 3433 Epod.
1450 3403 1491 3430 17.
1509 3397 1551 3427 56·
1832 3426 1838 3432 ·

1438 3431 1546 3461 Inultus
1557 3436 1587 3459 ut
1597 3437 1625 3459 tu
1637 3429 1725 3459 riseris
1740 3427 1863 3464 Cocytia.

1437 3469 1567 3506 Vulgata,
1589 3467 1696 3497 sacrum
1715 3466 1803 3498 liberi,
1812 3462 1969 3501 Cupidinis.

1345 3508 1498 3546 Cotyttone
1510 3528 1518 3543 ,
1540 3506 1600 3535 Dea
1612 3504 1804 3543 impudicitiae.

1307 3617 1356 3647 Co
1367 3628 1431 3652 DA,
1452 3627 1484 3646 ae.
1506 3616 1525 3646 f.
1548 3616 1642 3652 [ἕρμ’]
1668 3614 1775 3644 Codam
1792 3617 1899 3642 veteres
1915 3611 2046 3641 dicebant
2062 3619 2112 3647 pro
2124 3607 2228 3638 Cauda.
2249 3607 2353 3643 Varro,
2373 3608 2427 3638 Sed
2441 3613 2472 3637 ut

1347 3657 1422 3685 canis
1434 3656 1490 3684 sine
1499 3655 1579 3683 coda.
1612 3654 1728 3683 Nonius.
2434 3683 2440 3686 .

1308 3693 1332 3723 C
1340 3703 1357 3722 o
1366 3704 1384 3722 o
1393 3703 1412 3722 A
1434 3703 1453 3720 T
1463 3703 1478 3720 a
1489 3702 1502 3720 iz
1510 3703 1530 3721 M
1542 3702 1558 3720 υ
1569 3702 1586 3720 L
1594 3701 1630 3725 A,
1655 3691 1744 3727 Vulgo
1753 3688 1856 3718 dicitur
1863 3687 1921 3717 avis
1931 3696 1991 3724 quae
2002 3685 2056 3715 alio
2066 3684 2182 3714 nomine
2191 3683 2337 3714 Motaciua
2348 3683 2471 3721 appella-

1346 3738 1399 3760 tur.
1429 3731 1530 3760 Perott.
2113 3736 2115 3738 ν

1309 3768 1357 3797 Co
1368 3779 1386 3796 D
1399 3778 1417 3796 A
1427 3778 1446 3796 N
1458 3779 1466 3795 1
1478 3778 1495 3795 A
1508 3789 1516 3802 ,
1537 3776 1568 3795 ε.
1590 3765 1610 3794 f.
1634 3764 1729 3794 nanim
1739 3761 1904 3799 metropolis
1915 3783 1923 3797 ‚
1943 3759 2046 3790 Hafnia
2062 3759 2149 3789 latine
2158 3781 2166 3794 ,
2186 3758 2272 3797 vulgo
2289 3758 2471 3794 Cappenhagi-n.

1309 3806 1332 3836 C
1343 3816 1359 3835 o
1368 3816 1386 3834 n
1396 3815 1415 3834 A
1425 3815 1444 3834 N
1454 3815 1471 3833 o
1481 3815 1500 3833 N
1510 3816 1518 3832 r
1530 3814 1548 3832 A
1563 3825 1571 3838 ,
1592 3813 1623 3832 ae.
1645 3803 1665 3831 f.
1688 3802 1777 3830 Insula
1787 3810 1842 3829 una
1853 3800 1891 3829 est
1900 3809 1934 3828 ex
1947 3798 2121 3828 Hemodibus
2141 3799 2169 3826 in
2189 3797 2345 3826 Germania.
2367 3797 2402 3824 de
2421 3805 2473 3832 qua

1346 3843 1384 3872 sic
1394 3843 1566 3880 Pomponius
1580 3840 1653 3869 mela
1665 3840 1713 3868 lib.
1730 3849 1752 3873 ς.
1764 3848 1824 3876 cap.
1837 3841 1862 3867 6.
1874 3836 1984 3872 scribit,
2006 3837 2120 3874 Septem
2132 3835 2273 3865 Hemodos
2289 3843 2386 3863 contra
2408 3833 2473 3862 Ger-

1347 3881 1468 3910 maniam
1483 3879 1612 3917 pretence
1625 3877 1710 3906 inillo
1722 3877 1778 3905 sinu
1789 3899 1796 3910 ,
1817 3885 1899 3912 quem
1913 3875 2061 3904 Codanum
2077 3874 2208 3902 diximus.
2246 3872 2286 3901 Ex
2297 3872 2329 3900 iis
2342 3870 2473 3912 Codano-

1347 3919 1394 3948 nia
1402 3939 1409 3951 ‚
1432 3927 1513 3953 quain
1525 3917 1618 3945 adhuc
1628 3915 1751 3945 Teutoni
1762 3922 1879 3949 tenent,
1900 3919 1933 3942 ut
1941 3912 2137 3951 magnitudine
2147 3911 2214 3940 alias
2225 3932 2233 3946 ‚
2255 3911 2293 3938 ita
2300 3909 2472 3938 fecunditate

1347 3955 1471 3986 antestat.
1515 3954 1547 3984 V.
1568 3963 1580 3983 s
1591 3963 1609 3983 c
1618 3963 1639 3982 A
1650 3963 1668 3982 N
1678 3963 1696 3982 D
1705 3963 1714 3981 1
1725 3963 1753 3982 A.

2096 3459 2151 3491 Alii
2171 3458 2270 3496 legunt
2284 3457 2410 3496 Cotyttia
2421 3479 2430 3494 ‚
2453 3467 2470 3488 a

2277 3983 2472 4017 CoDANuffi
