2604 4222
209 140 278 172 262
662 133 690 166 A
784 130 814 164 R
901 128 921 163 S

253 217 366 246 Sumere
379 216 404 245 ἃ
417 221 540 250 arrogare
554 212 609 241 fibi.
632 212 689 241 Cic.
701 221 750 249 pro
761 210 852 240 Planc.
868 217 892 243 ι.

254 254 389 284 Tribuere
399 252 472 281 alteri
486 253 511 280 ok
522 250 566 278 libi
577 259 699 283 :irrogare
710 248 823 284 aliquid.
846 247 904 276 Cic.
917 256 940 280 4
956 244 1028 273 fam.
1048 254 1066 273 1v

256 291 396 327 Arrogavit
409 290 457 318 tibi
470 289 576 317 fortuna
589 286 707 315 laudem.
733 287 797 314 Hor.
812 296 836 319 4.
855 284 943 312 Carm.
958 291 999 316 14.
1012 290 1056 317 40.

257 331 348 359 Artem
360 327 546 363 libiam-ugare.
570 324 634 353 lior.
647 334 671 352 2.
693 324 812 357 Serm.4.
827 331 870 354 ³5-

258 366 334 397 Nihil
346 375 401 393 non
411 369 516 398 arrogat
525 363 615 390 armis.
638 362 701 390 Hor.
717 360 743 388 in
756 362 816 388 Arte
824 358 898 386 Poet.
914 365 974 385 122.

260 406 388 437 fir-rogare
400 402 516 438 pretium
528 400 574 427 rei.
597 399 661 427 Hor.
675 408 697 425 2.
717 397 795 433 Epist.
811 406 834 424 1.
848 404 891 430 κς.
912 431 918 436 .
1022 430 1027 435 θ
1084 429 1089 435 q

261 433 388 476 [irrogare
398 461 406 473 ,
427 437 599 473 [aaemsf'ia'rus
609 437 622 469 ]
655 436 684 463 ln
694 434 779 462 lilium
792 442 823 461 ac
834 431 966 460 familiam
981 429 1027 458 sibi
1039 427 1176 458 asetscere.
1218 429 1235 458 ll
1248 439 1302 465 quo
1319 429 1362 458 Ar.

281 478 401 514 rogatio,
423 476 458 504 de
468 473 562 511 quasic
574 471 698 501 Gelllib.
715 482 737 505 ς.
752 480 812 507 cap.
829 480 869 504 19.
911 468 1005 504 Quum
1024 468 1052 496 in
1072 467 1189 496 alienam
1210 467 1362 501 familiam,

280 510 621 550 inqueliberorumlocum
639 508 760 537 extranei
774 508 931 536 sumuntur:
955 514 1001 533 aut
1021 515 1069 542 per
1088 505 1229 533 Praetorem
1248 504 1295 536 fit.
1316 509 1365 533 aur.

282 562 331 590 per
340 550 483 588 populum.
525 547 607 583 Quod
623 557 670 584 per
687 546 829 574 Przetorem
853 544 899 577 fit,
921 543 1063 580 adoptatio
1083 543 1198 571 dicitur:
1220 543 1296 579 quod
1316 552 1365 579 per

280 588 417 628 populum
429 609 436 619 ,
457 585 598 621 arrogatio.
638 584 809 619 Adoptantur
821 588 912 610 autem
927 603 934 614 ,
955 590 1039 617 quum
1053 591 1068 609 a
1084 588 1195 617 parente
1208 602 1215 613 ,
1236 581 1265 608 in
1287 581 1365 615 cujus

282 624 500 666 poteltateliint,
520 623 598 650 tertia
609 621 812 656 mancipatione
833 620 860 647 in
881 620 938 651 iure
950 619 1100 647 ceduntur:
1124 624 1206 654 atque
1220 617 1253 645 ab
1264 627 1297 646 eo
1318 618 1364 653 qui

283 665 413 700 adoptat,
428 661 500 698 apud
510 668 571 687 eum
583 659 655 694 apud
667 668 747 694 quem
759 658 825 695 legis
837 657 907 684 actio
918 656 962 687 est.
979 657 1161 684 vindicantur.
1201 656 1366 691 Arrogantur

282 702 302 730 ii
312 698 357 737 qui
368 708 451 735 quum
459 697 494 726 sui
508 697 572 731 juris
583 696 632 724 fint
641 718 648 730 s
664 695 691 724 in
704 695 820 724 alienam
831 694 884 723 sese
894 694 1054 731 potestatem
1066 693 1190 726 tradunt,
1206 692 1317 728 ejusque
1327 692 1366 721 rei

283 734 554 775 ipsrauthoresfiunt.
597 733 628 762 Et
639 733 719 770 paulo
731 733 810 770 post,
831 732 1070 768 [irrogatioantem
1086 731 1176 763 dieta,
1199 731 1261 766 quia
1280 739 1366 767 genus

282 774 375 804 hocin
385 773 501 802 alienam
516 770 645 799 familiam
657 770 780 800 transitus
795 792 802 804 7
823 779 871 807 per
882 769 978 806 populi
992 769 1162 805 rogationem
1171 767 1210 801 fit,
1221 769 1272 796 &o

265 814 334 843 Item
353 811 528 846 Interrogare.
551 808 635 837 Plaut.
651 820 674 839 ς.
685 818 710 837 2.
724 820 750 844 4.
791 807 898 837 Accede
910 807 977 836 duni
990 807 1061 836 huc:
1084 805 1175 834 Venus
1185 805 1244 834 haec
1256 804 1318 833 volo
1328 814 1368 832 ar-

283 856 360 885 roget
370 855 404 877 te.
427 847 456 875 V.
477 846 598 875 Turneb.
612 847 639 874 in
656 846 710 875 loc.

266 888 393 923 arrogare
404 885 572 914 Dictatorem
582 884 703 912 Consuli.
726 882 780 911 Liv.
794 891 819 919 7.

228 926 248 955 Α
259 935 273 953 R
283 935 296 951 ν.
308 934 323 952 o
335 934 352 951 c,
361 934 376 951 A
389 932 409 951 N
419 932 430 951 s
442 944 448 953 .
471 922 612 957 [ἀλαζὼν]
634 922 728 950 Partic.
758 920 815 956 Qui
831 919 878 949 sibi
890 919 994 955 aliquid
1005 925 1109 947 temere
1125 924 1207 953 atque
1221 914 1368 946 insolenter

264 963 289 992 ὃ(
302 961 368 990 falso
382 960 485 989 tribuit.
507 959 570 988 Caes.
587 969 610 993 3.
624 959 687 988 Bell.
702 957 782 987 Civil.
798 968 821 987 1.
858 958 901 987 Ne
913 966 958 985 aut
970 958 1089 992 ingratus
1106 956 1134 984 in
1153 955 1295 984 referenda
1311 963 1369 991 gra-

263 1000 318 1028 tia:
340 1005 387 1027 aut
397 1006 523 1034 arrogans
536 998 562 1024 in
575 996 760 1034 praeripiendo
772 994 868 1033 populi
879 994 1013 1023 beneficio
1024 994 1170 1022 videretur.
1189 992 1277 1025 Cic.3.
1293 992 1366 1019 Verr.

266 1047 278 1065 1
286 1048 296 1068 ς
305 1048 328 1068 ς.
361 1035 484 1065 Tantum
495 1035 584 1063 dicam
595 1057 602 1066 ,
616 1035 741 1063 homines
751 1039 905 1067 arrogantes
916 1032 970 1061 hoc
981 1032 1106 1067 adjutore
1118 1031 1153 1067 Q.
1166 1029 1312 1067 Opimium
1321 1037 1369 1066 per

262 1073 360 1103 ludum
371 1076 395 1103 St
408 1074 498 1107 iocum
510 1072 624 1100 fortunis
635 1071 763 1100 omnibus
771 1069 901 1099 evei-rifle.

261 1113 396 1148 Atro-gans
407 1109 569 1139 minoribus.
588 1111 640 1138 i.e.
661 1109 726 1144 Erga
737 1108 887 1137 inferiores.
914 1106 1002 1135 Tacit.
1020 1115 1060 1135 11.
1080 1106 1148 1134 Arm.
1163 1115 1207 1134 21.
1239 1103 1369 1134 Adversus

282 1150 433 1187 superiores
442 1149 508 1176 tristi
523 1148 682 1176 adulatione
693 1169 701 1181 ,
721 1154 850 1182 arrogans
867 1144 1019 1173 minoribus
1031 1166 1039 1179 ‚
1060 1144 1132 1172 inter
1148 1152 1226 1181 pares
1239 1141 1368 1171 difficilis.

213 1214 215 1216 .
263 1187 362 1217 Minax
373 1188 541 1222 &arrogans
565 1185 621 1213 Cic.
636 1195 685 1221 pro
697 1184 774 1213 Font.
788 1186 831 1211 26.

264 1224 330 1254 Non
354 1223 539 1290 grataspotius
551 1244 559 1257 ‚
591 1231 670 1258 quam
686 1230 813 1257 arrogans
832 1219 1032 1249 beneficiorum
1050 1218 1223 1257 praedicatio.
1256 1216 1314 1246 Cic.
1334 1216 1370 1244 de

282 1263 353 1291 Arus
370 1285 374 1290 .
386 1262 424 1291 Re
459 1284 464 1290 .
482 1265 522 1290 16.

228 1302 250 1331 A
260 1310 298 1329 1³1³
308 1310 324 1329 o
333 1273 379 1328 epa
391 1310 409 1328 N
418 1272 486 1328 τῗυι
495 1321 503 1333 ‚
524 1298 566 1327 ius
576 1319 582 1329 .
600 1297 693 1327 iffime.
725 1296 788 1326 Adv.
818 1294 1017 1331 [ἀλαζονμιῶς]
1046 1293 1103 1323 Cic.
1115 1303 1141 1323 2.
1165 1293 1200 1322 de
1213 1292 1289 1322 Orat.
1305 1299 1368 1326 352.

264 1338 292 1368 Si
303 1338 411 1375 aspere,
434 1337 634 1373 fiarroganrer,
656 1335 673 1363 si
682 1335 813 1372 turpiter,
833 1332 959 1368 sordide,
981 1332 999 1361 ss
1017 1341 1129 1369 quoquo
1142 1331 1229 1361 animi
1249 1330 1317 1360 vitio
1329 1329 1370 1358 di.

265 1378 340 1405 ctum
350 1375 402 1404 effe
412 1374 516 1411 aliquid
529 1373 660 1403 videatur.
956 1406 961 1411 .

263 1412 325 1442 Nec
334 1423 397 1441 vero
408 1421 562 1448 arroganter
573 1412 626 1439 hoc
636 1411 739 1439 dietum
751 1408 898 1438 existimari
908 1405 1001 1435 velim.
1023 1405 1082 1435 Cic.
1098 1416 1120 1435 1.
1137 1405 1195 1435 Off.
1207 1415 1233 1434 2.

264 1452 363 1480 Audite
374 1450 519 1480 Consulem
530 1448 656 1484 Judices:
678 1447 749 1476 nihil
759 1447 850 1475 dicam
862 1444 1039 1481 arrogantius.
1054 1444 1110 1473 Cic.
1125 1453 1174 1481 pro
1182 1443 1292 1472 Mur-en.
1306 1446 1350 1479 78.

264 1488 383 1518 Temere
392 1495 473 1523 atque
482 1493 635 1522 arroganter
643 1485 759 1514 assentiri
770 1483 860 1513 alicui.
883 1483 942 1512 Cic.
954 1491 979 1510 2.
1000 1481 1034 1509 tle
1047 1481 1152 1510 lnvent.
1167 1491 1208 1510 10.

263 1529 426 1563 arroganter
436 1532 517 1562 peto,
539 1524 556 1553 ii
565 1533 647 1552 nemo
657 1522 820 1560 impetravit.
862 1520 919 1550 Cic.
933 1529 983 1557 pro
993 1519 1078 1556 Ligar.
1091 1528 1134 1556 30.

266 1564 671 1597 Contumaciter&arroganter
679 1560 805 1589 scribere.
827 1558 885 1588 Cic.
897 1562 922 1587 6.
941 1558 992 1586 Att.
1009 1567 1031 1586 1.

227 1600 250 1629 A
259 1611 276 1630 R
286 1611 298 1627 Ρ
311 1611 327 1630 o
337 1611 354 1629 c
365 1611 380 1629 A
394 1610 411 1629 N
421 1610 440 1628 T
450 1612 458 1628 1
470 1611 487 1628 A
498 1622 505 1633 ,
523 1610 553 1629 ae.
575 1600 592 1627 f.
615 1598 788 1634 [ἀλαζονήοι]
809 1596 857 1626 Per
868 1605 950 1632 quam
968 1594 1107 1624 temeritas
1126 1599 1208 1631 atque
1225 1593 1370 1631 impudens

264 1640 301 1668 tia
316 1648 413 1667 vanam
424 1638 470 1666 fibi
485 1643 626 1674 comparat
636 1636 838 1665 authoritatem.
861 1633 926 1662 Caes.
942 1644 962 1661 1.
976 1632 1042 1661 Bell.
1055 1632 1135 1661 Civil.
1148 1638 1190 1666 85.
1237 1632 1371 1661 Accidiffe

263 1677 348 1714 igitur
359 1677 400 1705 his
411 1698 418 1709 ‚
440 1675 513 1712 quod
523 1675 676 1712 plerunque
689 1672 848 1702 hominibus
858 1671 940 1700 nimia
958 1670 1108 1707 pertinacia
1125 1678 1207 1707 atque
1218 1670 1371 1706 arrogantia

263 1715 390 1748 accidere
399 1713 483 1743 soleat
493 1725 503 1748 ‚·
521 1713 561 1741 uti
569 1722 603 1742 eo
613 1718 772 1746 recurrant,
793 1711 819 1740 &
837 1710 866 1738 id
876 1707 1049 1747 cupidissime
1066 1714 1180 1746 petant,
1201 1708 1276 1744 quod
1287 1707 1370 1745 paulo

264 1758 330 1781 ante
342 1751 563 1788 contempserint.

264 1788 603 1827 Superbiafflrrogantia.
626 1786 683 1816 Cic.
701 1797 724 1816 1.
746 1786 781 1816 de
792 1785 898 1816 invent.
915 1792 956 1820 ς2.

263 1827 540 1863 Arrogantiaecrimen
549 1823 735 1855 extimescere.
756 1825 806 1853 Cic
829 1824 858 1852 in
873 1823 949 1852 Orat.
966 1828 1027 1857 ¹³2·

264 1866 429 1902 Arrogantiae
438 1864 571 1901 opinione
580 1864 711 1892 laborare.
733 1861 852 1899 Quintil.
867 1861 914 1890 lib.
923 1872 949 1896 4.
967 1870 1027 1898 cap.
1044 1871 1066 1889 ι,

265 1903 361 1932 Sermo
372 1902 469 1939 plenus
478 1902 646 1939 arrogantiae.
668 1901 727 1931 Cic.
743 1910 793 1938 pro
804 1899 914 1929 Muren.
930 1908 974 1934 49.

266 1941 358 1970 Gravis
369 1947 450 1977 atque
460 1939 640 1968 intolerabilis
651 1938 810 1975 arrogantia.
832 1937 890 1966 Cic.
903 1946 951 1974 pro
965 1934 1074 1965 Cluent.
1089 1943 1150 1971 109.

264 1977 373 2007 Exuere
381 1978 559 2014 arrogantiam
570 1979 595 2006 Sc
609 1977 756 2005 avaritiam.
777 1975 868 2005 Tacit.
879 1975 908 2003 in
921 1974 980 2002 Vita
993 1973 1077 2009 Agric.
1090 1982 1115 2008 9.
1185 2003 1190 2015 ,

264 2015 393 2045 Minucre
401 2016 589 2052 arrogantiam.
612 2014 669 2043 Cic.
685 2024 708 2049 3.
723 2014 758 2050 Q.
771 2013 830 2042 frat.
843 2017 868 2042 6.
906 2012 939 2041 Et
949 2011 1016 2040 illud
1028 2012 1098 2046 24in
1110 2020 1204 2036 ποια-ην
1218 2031 1226 2043 ‚
1250 2007 1307 2037 noli
1321 2016 1372 2047 pua

284 2060 341 2082 tare
350 2053 383 2081 ad
394 2054 576 2090 arrogantiam
594 2052 774 2081 minuendam
784 2050 872 2080 solum
882 2049 936 2079 esse
950 2050 1056 2078 dit‘tum
1066 2069 1074 2083 ‚
1094 2056 1189 2077 verum
1202 2053 1231 2076 ut
1242 2046 1314 2077 bona
1323 2057 1373 2076 no»

283 2092 334 2120 stra
343 2091 473 2120 norimus.

228 2130 273 2159 Aa
284 2139 298 2157 1<
308 2139 350 2157 oc
362 2138 449 2157 Arm
460 2150 468 2163 ,
491 2128 561 2157 onis.
582 2127 601 2157 f.
623 2127 786 2165 Adoptionis
798 2126 910 2165 species.
932 2124 964 2153 V.
982 2123 1052 2154 Gell.
1066 2134 1090 2157 ς.
1106 2133 1149 2159 19.

227 2169 248 2197 A
259 2178 275 2196 R
283 2177 300 2195 R
309 2176 326 2195 o
335 2176 352 2194 G
361 2169 378 2194 Ξ
387 2175 406 2194 T
416 2175 432 2194 o
442 2176 457 2194 a
469 2188 477 2200 ,
498 2167 560 2195 oris.
582 2175 619 2194 m.
642 2165 697 2202 Qui
708 2165 828 2203 adoptat.
848 2164 866 2193 l.
884 2174 894 2192 1
902 2174 924 2199 ς.
946 2163 1039 2200 digest.
1052 2161 1087 2190 de
1094 2161 1187 2198 adopt.

227 2207 409 2234 ARRosoR.
452 2203 481 2232 V.
504 2213 660 2232 Arzaooo.
1294 2230 1296 2233 ,

227 2244 249 2272 Α
258 2252 275 2271 a
285 2251 301 2270 R
311 2246 328 2270 ῡ
337 2250 354 2269 c
363 2252 372 2268 1
380 2263 388 2276 ‚
410 2241 540 2277 [Ἀβρέκί]
561 2241 666 2270 Baeticae
676 2239 812 2278 oppidum
823 2261 831 2274 ,
849 2239 877 2267 in
888 2243 1027 2268 conventu
1038 2235 1200 2275 Hispalenfi.
1212 2235 1281 2265 Plin.
1292 2235 1368 2273 1ib.3.

270 2289 300 2308 ca
323 2301 328 2308 .
347 2288 369 2307 1.

227 2319 274 2348 Aa
283 2289 326 2345 alis
336 2326 352 2344 c
362 2318 374 2344 ῖ
383 2326 401 2345 Α
413 2338 421 2351 ,
437 2326 467 2345 ae.
491 2315 637 2351 [o'cp'fim'oe]
657 2314 808 2344 Cuniculus
825 2313 1013 2343 subterraneus
1031 2321 1085 2350 quo
1101 2311 1251 2340 extrahitur
1265 2318 1370 2340 aurum.

264 2353 333 2384 Plin.
344 2353 407 2388 libai
417 2364 438 2389 3.
454 2363 513 2390 cap.
525 2364 549 2387 4.
573 2353 714 2382 Cuniculis
726 2363 774 2390 per
784 2352 972 2389 magnaspatia
980 2351 1046 2380 actis
1054 2372 1062 2385 ,
1082 2355 1212 2378 cavantur
1221 2357 1329 2377 montes
1337 2349 1373 2377 ad

266 2393 438 2421 lucernarum
450 2391 562 2420 lumina.
597 2391 699 2420 Eadem
708 2389 832 2419 mensura
843 2390 996 2426 vigiliarum
1010 2388 1047 2417 est
1056 2410 1064 2422 ‚
1078 2386 1223 2424 multisque
1234 2386 1372 2415 mensibus

264 2439 320 2459 non
330 2429 450 2458 cernitur
460 2429 529 2457 dies.
549 2429 666 2465 arrugias
678 2429 705 2456 id
716 2437 800 2464 genus
808 2433 916 2456 vocant.
938 2427 971 2456 Et
980 2426 1084 2454 ibidem
1096 2436 1105 2453 1
1115 2435 1136 2453 1.
1154 2426 1255 2453 {lurum
1267 2425 1371 2461 arrugia

264 2466 406 2509 quaefitums
415 2476 472 2495 non
484 2468 610 2504 coquitur
621 2488 629 2501 ,
649 2465 696 2495 sed
705 2466 793 2495 statim
804 2465 883 2495 suurn
893 2465 940 2494 est.
978 2464 1160 2493 Inveniuntur
1169 2463 1207 2491 ita
1215 2461 1313 2491 massae.

226 2581 293 2609 Ana
304 2600 312 2613 ,
333 2579 406 2608 artis.
428 2578 446 2607 f.
468 2573 585 2613 [τέχνη]
606 2576 736 2606 Diomed.
748 2586 773 2605 2.
814 2576 861 2606 Ars
872 2577 908 2606 est
918 2575 955 2605 rei
975 2573 1115 2610 cujusdam
1130 2571 1250 2603 Scientia
1261 2571 1308 2602 usu
1326 2568 1370 2602 vel

262 2617 410 2646 traditione
421 2615 464 2644 vel
480 2615 585 2643 ratione
595 2621 743 2652 percepta,
763 2614 881 2643 tendens
893 2614 926 2643 ad
940 2613 1015 2642 usum
1034 2612 1153 2648 aliquem
1170 2612 1232 2640 vitae
1252 2611 1372 2640 necessa-

262 2655 343 2683 rium.
367 2654 470 2683 Author
478 2652 512 2681 ad
523 2652 622 2681 lieren.
636 2652 681 2681 lib.
699 2663 721 2681 1.
733 2662 758 2681 2.
791 2653 838 2680 Ars
849 2653 886 2680 est
898 2650 1045 2688 Praeceptio
1058 2659 1117 2686 quae
1125 2649 1172 2677 dat
1185 2656 1287 2678 certam
1298 2650 1370 2677 viam

259 2693 453 2728 rationemque
464 2690 592 2719 faciendi.
614 2690 645 2719 V.
667 2690 744 2727 plura
755 2689 829 2727 apud
839 2689 955 2726 Quintil.
968 2698 992 2717 2.
1013 2697 1053 2724 ¹7·
1090 2686 1147 2715 Cic.
1159 2698 1185 2721 4.
1198 2687 1281 2715 Acad.
1321 2689 1369 2715 Ars

259 2738 326 2759 vero
338 2739 397 2765 quae
406 2729 494 2766 potest
504 2727 556 2756 effe
567 2749 574 2760 ‚
595 2727 643 2756 nili
656 2737 715 2764 quae
725 2737 782 2755 non
792 2733 827 2755 ex
837 2735 891 2756 una
902 2749 910 2761 ‚
931 2732 978 2755 aut
988 2735 1021 2754 ex
1032 2723 1138 2754 duabus
1146 2745 1154 2758 ‚
1169 2724 1216 2753 sed
1230 2734 1264 2753 ex
1272 2723 1367 2753 multis

259 2767 345 2796 animi
357 2765 581 2804 perceptionibus
595 2765 699 2794 constat
709 2766 722 2793 ἶ)
743 2765 820 2793 Idem
837 2774 859 2793 1.
884 2764 918 2794 de
930 2764 1005 2793 Orat.
1027 2772 1087 2796 192.
1124 2761 1310 2791 Menedemus
1331 2771 1371 2789 ar-

259 2812 316 2834 tem
336 2804 453 2841 negabat
468 2802 521 2832 esse
537 2802 619 2831 ullam
630 2825 637 2836 ,
659 2802 777 2839 nisrquae
787 2803 904 2839 cognitis
916 2824 923 2828 .
944 2800 1108 2839 penitusque
1118 2799 1280 2837 perspectis,
1302 2800 1327 2828 δε
1339 2800 1367 2827 in

258 2852 346 2872 unum
357 2842 464 2870 exitum
480 2840 664 2878 spectantibus
674 2862 681 2872 ,
702 2841 728 2869 ἃ
742 2849 882 2875 nunquam
896 2838 1052 2868 fallentibus
1072 2837 1151 2866 rebus
1172 2838 1368 2865 contineretur.

257 2879 322 2909 Ter.
343 2880 411 2908 And.
427 2889 448 2907 1.
464 2887 486 2907 1.
500 2889 526 2913 4.
566 2878 642 2913 Quid
652 2877 689 2906 est
700 2877 903 2914 quodtibimea
914 2887 953 2905 ars
964 2876 1071 2905 efficere
1081 2876 1135 2904 hoc
1163 2874 1368 2910 offitamplius‘?

257 2927 271 2946 s
281 2928 300 2947 1.
337 2916 414 2946 Nihil
426 2916 570 2952 istacopus
580 2916 616 2944 est
628 2922 683 2944 arte
693 2915 728 2944 ad
741 2915 812 2944 hanc
822 2924 880 2944 rem
891 2924 973 2952 quam
984 2923 1060 2951 paro.
1081 2912 1131 2942 ubi
1170 2918 1267 2941 onatus
1275 2909 1321 2938 >dvi
1332 2912 1370 2939 τῆς

257 2955 339 2989 ἀρετῆς
352 2964 401 2993 per
411 2954 549 2991 syncopen
558 2953 681 2982 deducit.

256 2993 326 3022 Artis
335 3001 445 3029 quoque
456 2990 595 3026 cujusdam
606 2991 644 3020 est
653 3012 660 3024 ,
681 2988 820 3027 aequaliter
828 2986 959 3028 spargere.
982 2986 1052 3018 Plin.
1064 2986 1111 3017 lib.
1125 2992 1166 3021 ¹8-
1178 2995 1238 3024 cap.
1251 2996 1296 3021 24.

255 3031 303 3073 Ars
313 3029 421 3097 glicubi
443 3029 593 3067 opponitur
604 3028 730 3065 Ingenio.
751 3027 835 3057 Ovid.
855 3028 889 3056 de
905 3025 1090 3062 Callimacho,
1111 3034 1195 3062 quem
1209 3030 1289 3054 vocat
1309 3023 1370 3053 Bate

274 3074 311 3096 tia
332 3077 377 3097 em
393 3078 400 3098 ι

445 3103 584 3134 Battiades
597 3102 702 3141 semper
711 3107 771 3132 toto
781 3102 936 3133 cantabitur
947 3101 1011 3130 orbe
1024 3112 1032 3136 ς

255 3180 268 3210 I
325 3177 329 3179 .
484 3141 618 3178 Quamvis
629 3141 743 3179 ingenio
753 3150 810 3169 non
823 3140 894 3170 valet
903 3161 911 3173 .,
926 3146 982 3168 arte
997 3138 1077 3168 valet.

270 3185 341 3210 tem:
1236 3205 1238 3209 ,

446 3216 672 3254 Enniusingenio
680 3216 815 3245 maximus
827 3221 882 3244 arte
894 3214 977 3243 rudis.
1074 3211 1109 3242 H.
1131 3211 1169 3242 St.
1200 3210 1275 3241 Prior
1291 3209 1369 3241 locus

275 3260 352 3283 extat
363 3254 382 3284 Ι.
395 3255 485 3284 Amor.
502 3265 544 3289 ις.
558 3263 599 3290 13.
638 3254 709 3283 Alter
718 3263 745 3288 2.
760 3252 838 3282 Trist.
852 3262 915 3287 424.
1313 3278 1314 3283 ,

256 3290 356 3327 Ratio,
377 3291 428 3321 slve
439 3301 488 3321 ars.
509 3292 567 3322 Cic.
579 3302 604 3321 2.
618 3291 653 3320 de
663 3291 739 3320 Orat.
755 3299 815 3327 147.
855 3290 897 3319 Ad
909 3288 1109 3318 inveniendum
1121 3288 1150 3315 in
1168 3286 1291 3315 dicendo
1312 3285 1370 3315 haec

275 3330 326 3358 tria
336 3329 385 3358 sint
395 3351 403 3364 ‚
421 3339 536 3358 acumen
549 3352 556 3364 7
578 3329 680 3359 deinde
689 3329 758 3358 ratio
769 3350 777 3364 ,
800 3337 882 3365 quam
893 3327 959 3356 licet
979 3326 1016 3362 <fi
1028 3324 1178 3360 volumus)
1198 3323 1370 3361 appellemus

275 3372 376 3400 artem,
397 3368 509 3396 tertium
522 3367 675 3403 diligentia.

256 3404 304 3433 Ars
318 3404 374 3431 dux
383 3404 480 3433 certior
487 3414 567 3441 quam
580 3411 684 3435 natura.
705 3403 761 3433 Cic.
779 3413 804 3438 4.
819 3403 854 3432 de
862 3402 921 3432 fin.
938 3411 979 3430 10.

256 3441 303 3470 Ars
323 3441 433 3477 (inquit
453 3441 581 3475 Servius)
612 3443 633 3470 Ψ
649 3442 725 3477 past-fin
749 3441 795 3470 est.
829 3440 904 3469 unde
924 3439 979 3468 sine
999 3436 1123 3474 epitheto
1143 3435 1214 3465 male
1238 3436 1366 3473 ponitur.-

274 3483 305 3506 ut
315 3477 402 3506 Bonas
411 3486 479 3507 artes
491 3500 498 3513 ,
526 3479 663 3516 Malasque
676 3485 745 3508 artes
757 3479 889 3508 dicamus.
911 3477 984 3513 Virg.
1003 3485 1024 3504 1.
1047 3474 1107 3505 ffin.
1117 3477 1181 3510 657.

336 3515 371 3579 gt
381 3515 514 3580 C¹yltberea
523 3526 606 3546 novas
620 3523 690 3546 artes
703 3538 711 3552 ‚
728 3526 801 3545 nova
812 3517 924 3554 pectore
942 3513 1027 3543 versat

361 3561 397 3580 on
411 3562 417 3579 ι
432 3562 465 3580 ia.

256 3587 304 3618 Ars
313 3588 436 3617 ordinata
446 3591 597 3627 praeceptis.
617 3590 634 3619 i.
645 3600 669 3620 e.
698 3590 819 3620 Redaeta
831 3591 859 3619 in
870 3593 1014 3629 praecepta.
1039 3585 1096 3616 Liv.

256 3625 321 3660 Ars,
340 3625 436 3659 Fraus,
457 3626 544 3660 dolus.
571 3627 640 3664 Virg.
651 3637 675 3657 2.
695 3628 756 3658 AEn.
779 3638 839 3663 152.

353 3677 388 3682 —
408 3662 454 3691 ille
481 3663 551 3692 dolis
568 3664 730 3701 instructus,
752 3668 778 3695 ὅ(
802 3673 859 3698 arte
875 3662 990 3701 Pelasga.

274 3698 384 3735 Nempe
394 3705 440 3728 tua
450 3708 506 3729 arte
516 3701 612 3737 viginti
625 3703 705 3731 minae
739 3713 768 3732 ro
779 3702 885 3740 psaltria
895 3703 1008 3740 periere.

256 3735 336 3774 Opus
347 3737 410 3765 artis
419 3737 530 3779 ‚.Q10d
543 3745 626 3767 artem
637 3741 663 3768 ὃς
675 3741 715 3768 int
726 3741 833 3769 ustriam
846 3740 963 3776 requirit.
980 3737 1063 3767 Ovid.
1075 3745 1102 3766 2.
1113 3736 1147 3766 de
1159 3735 1221 3765 Arte
1232 3734 1289 3763 Am.
1305 3744 1346 3769 14.

336 3773 394 3802 Nec
406 3783 494 3803 minor
501 3775 537 3803 est
549 3775 633 3804 virtus
645 3797 652 3809 .
675 3786 757 3813 quam
767 3787 887 3814 quaerere
900 3799 907 3812 ,
927 3783 1001 3814 parta
1012 3775 1081 3804 tueri
1096 3785 1102 3804 :

371 3810 453 3840 Casus
464 3812 531 3840 inest
543 3811 598 3840 illic
610 3833 617 3845 ,
636 3813 680 3841 hic
692 3815 743 3842 erit
752 3815 815 3843 artis
823 3824 902 3852 opus.

253 3848 398 3876 Armorum
408 3857 455 3876 ars.
480 3848 599 3884 Quintil.
613 3849 659 3878 lib.
677 3860 701 3879 2.
723 3860 783 3888 cap.
794 3861 819 3887 7.

254 3884 425 3913 Vestibulum
434 3886 497 3913 artis
509 3887 622 3920 ingredi.
666 3887 694 3915 V.
717 3897 734 3916 v
745 3898 757 3917 ιι
766 3898 778 3916 s
788 3897 806 3916 T
817 3899 826 3916 1
838 3898 853 3916 B
862 3898 880 3916 u
891 3897 934 3916 Lu
945 3898 976 3916 M.

254 3921 350 3950 Clarus
360 3929 416 3951 arte
428 3923 580 3951 medicinae.
604 3923 723 3958 Quintil.
737 3925 783 3954 lib.
796 3934 819 3960 3.
833 3934 892 3962 cap.
906 3929 931 3954 6⁴

252 3958 421 3989 Humiliarte
428 3960 567 3996 praeditus.
581 3959 691 3997 empto
704 3963 829 3991 Archao.
845 3961 952 3991 Etenim
965 3967 1051 4000 quum
1063 3957 1250 3989 mediocribus
1260 3952 1363 3989 multis.

1039 3661 1102 3691 Ter.
1124 3658 1199 3690 Adel.
1228 3669 1252 3694 4.
1276 3667 1300 3695 7.
1322 3668 1366 3695 ας.

1849 119 1877 153 Α
1972 118 2003 152 R
2099 118 2119 152 S

1470 200 1496 229 a<
1506 205 1553 228 aut
1563 199 1650 233 nullm
1666 206 1712 228 aut
1723 198 1822 228 humili
1831 200 1921 236 aliqua
1933 206 1989 228 arte
2001 199 2129 235 praeditis,
2141 200 2259 235 gratuito
2270 198 2408 227 civitatem
2418 198 2446 227 in
2457 199 2555 231 Graecia

1473 237 1602 303 {ionginves
1612 237 1839 274 impertiebantur
1851 260 1858 272 ‚
1882 239 1932 266 arc.
1955 237 1984 265 id
1996 237 2060 265 huic
2068 236 2172 265 summa
2183 236 2287 274 ingenii
2298 236 2411 273 praedito
2421 235 2503 272 gloria
2511 247 2556 268 no·
2579 238 2583 269 i

1485 278 1521 303 uil
1536 285 1550 302 e
1561 281 1570 302 “.
2579 278 2582 287 ”

1454 312 1502 341 Ars
1511 312 1599 340 audax
1613 332 1621 346 ,
1642 310 1712 346 Quat
1725 311 1848 340 animum
1863 311 1995 340 audacem
2006 310 2131 348 postulat.
2153 310 2235 339 Ovid.
2247 319 2272 339 2.
2286 309 2321 339 de
2333 310 2393 339 Arte
2403 310 2460 339 Am.

1456 348 1614 379 Ambitiosa.
1635 348 1702 377 Plin.
1716 358 1759 383 29.
1782 358 1804 377 1.
1827 349 1862 378 de
1874 349 1985 378 Medica
1998 356 2052 377 arte
2063 348 2194 384 loquitur.

1451 387 1548 416 ..Bnnae
1591 386 1621 413 V.
1644 395 1685 414 Bo
1697 395 1716 412 Ν
1727 396 1744 413 u
1754 395 1775 414 s.
2581 397 2583 404 ⁴
2600 398 2604 412 i

1458 424 1559 453 Civiles
1571 433 1601 451 ac
1615 422 1741 452 forenses.
1764 422 1821 451 Cic.
1834 423 1862 451 in
1872 422 1952 456 Brut.
1969 422 2132 458 Quumduae
2142 421 2236 451 civiles
2248 427 2318 450 artes
2335 430 2367 450 ac
2378 421 2495 451 forenses
2504 422 2558 460 plu.
2596 439 2604 457 -.

1476 463 1577 526 ζὶηιιίιιῃ
1589 462 1623 503 ¹&
1639 460 1727 489 laudis
1740 460 1891 496 haberent,
1912 462 1938 490 ἃ
1949 461 2048 498 gratiae.
2087 460 2160 495 Juris
2174 459 2314 488 scientiam
2333 461 2359 488 &
2374 459 2558 496 Eloquentiam
2594 469 2604 523 ,1

1478 506 1535 526 Inte
1559 509 1566 526 l
1588 506 1615 526 lt.

1459 508 1676 565 DolosagOvid.
1692 544 1733 570 15.
1755 534 1822 564 Met.
1839 544 1903 572 473.
2596 528 2604 594 1

1460 573 1633 602 Gravilsimae.
1657 572 1713 601 Cic.
1727 582 1752 601 2.
1766 573 1800 601 de
1811 573 1869 602 Fin.
1909 572 1940 601 V.
1965 571 2048 610 paulo
2062 571 2139 610 post,
2160 569 2308 601 Instssuftus
2321 593 2327 607 ‚
2342 573 2393 602 Sec.
2576 582 2578 596 l
2599 594 2604 603 .

1459 611 1567 646 Jejuna.
1590 609 1708 646 Quintil.
1718 609 1765 639 lib.
1781 620 1802 639 1.
1819 620 1879 647 cap.
1895 621 1920 645 4.
2300 627 2301 630 =
2576 621 2578 643 l
2599 607 2604 633 ἶ

1461 649 1595 685 Ignorata.
1619 647 1683 676 Hor.
1702 648 1729 675 in
1741 649 1802 676 Arte
1814 647 1889 677 Poet.
1902 651 1965 677 262.
2598 643 2604 691 j

1460 685 1646 722 imperatoria.
1669 684 1787 721 Quintil.
1804 685 1851 714 lib.
1865 695 1892 715 2.
1904 695 1965 723 cap.
1981 693 2022 721 17.
2595 698 2604 736 1

1460 723 1603 757 Indotata,
1634 723 1666 751 ln
1687 733 1922 752 xNDO'rA’rUS.
2538 732 2556 759 χ
2578 731 2604 743 ’-

1462 760 1537 789 Iners
1546 770 1586 789 ars
1598 782 1606 793 ,
1627 759 1743 789 inutilis.
1765 761 1849 789 Ovid.
1862 770 1885 795 3.
1903 761 1938 788 de
1951 762 2011 788 Arte
2025 760 2082 789 Am.
2096 764 2158 794 208.
2595 737 2604 820 l

1460 797 1542 835 Inopi
1555 797 1714 826 miserabilis
1724 804 1789 827 arte.
1810 797 1908 834 Juven.
1924 807 1964 825 12.
1978 797 2031 825 Sat.

1460 835 1599 873 Ingenuae.
1622 835 1678 864 Cic.
1691 846 1717 870 4.
1734 835 1807 864 Fam.
1819 845 1842 871 3.
1857 835 1976 865 &Ovid.
1991 843 2014 870 3.
2028 833 2093 864 Fast.
2106 837 2133 862 6.

1461 872 1592 910 Ingenuis
1604 872 1706 902 artibus
1718 873 1872 902 instructus.
1910 872 1940 901 V.
1968 883 1978 900 1
1987 881 2028 901 Ns
2039 881 2057 901 T
2066 882 2082 901 ι
2092 881 2111 901 υ
2121 881 2147 902 ο.

1461 909 1609 939 Liberales.
1629 909 1661 939 In
1681 921 1697 938 L
1708 921 1717 938 1
1727 921 1740 938 Β
1750 920 1763 938 a
1771 921 1786 938 R
1796 932 1804 946 ,
1827 910 1916 939 liberi.

1461 947 1587 978 Ludicra.
1609 947 1641 976 ln
1661 957 1704 976 Lu
1714 958 1731 976 D
1742 958 1760 976 u
1770 957 1790 977 s.
2178 973 2182 977 .

1462 986 1581 1022 Mngica.
1602 984 1675 1022 Virg.
1687 996 1713 1020 4.
1724 986 1784 1021 AEn.
1797 994 1860 1021 493.
1900 984 1934 1014 Et
1945 983 2020 1022 apud
2031 983 2113 1014 Ovid.
2127 993 2151 1021 3.
2173 984 2267 1014 Amor.
2280 992 2305 1021 7.
2321 988 2367 1021 ξς,

1464 1023 1599 1059 magistrae
1609 1031 1686 1052 artes.
1709 1022 1792 1052 Ovid.
1807 1033 1848 1056 1<-
1864 1022 1946 1059 Epist.
1958 1028 2003 1060 83.

1463 1061 1600 1096 Magna&
1617 1058 1739 1097 gloriosa.
1759 1060 1817 1090 Cic.
1828 1062 1856 1090 in
1868 1060 1945 1090 Orat.

1463 1098 1546 1128 Malae
1558 1105 1636 1126 artes.
1658 1098 1776 1127 Martial.
1788 1098 1833 1127 lib.
1848 1110 1871 1133 ς.
1886 1104 1928 1131 18.

1463 1135 1641 1165 Medentium
1653 1145 1709 1170 ars,
1733 1135 1884 1166 Medicina.
1904 1136 1972 1165 Stat.
1986 1145 2011 1171 ς.
2024 1135 2098 1173 Sylv.
2113 1145 2137 1164 1.
2150 1140 2211 1170 158.

1464 1173 1594 1203 Medicae.
1616 1173 1699 1202 Ovid.
1715 1184 1739 1208 5.
1751 1173 1832 1210 Epist.
1849 1184 1910 1209 145.

1464 1210 1567 1240 Mediae
1579 1216 1665 1245 artes,
1684 1220 1745 1247 quae
1756 1212 1890 1241 dicantur.
1910 1210 1943 1239 In
1962 1221 1984 1240 M
1995 1220 2009 1239 Β
2018 1221 2037 1240 t>
2046 1222 2055 1239 1
2067 1220 2085 1239 u
2094 1220 2116 1240 s.
2547 1235 2561 1241 „
2580 1207 2587 1215 ³

1463 1248 1626 1278 Mediocris.
1644 1248 1676 1277 ln
1697 1259 1717 1277 M
1728 1258 1909 1278 numerus.
2197 1280 2199 1283 ,

1464 1285 1648 1316 Monstrificae.
1672 1285 1761 1315 Valer.
1774 1289 1800 1316 6.
1814 1288 1913 1325 Argon.
1930 1296 1990 1323 153.
2020 1286 2183 1324 periphrasis
2192 1285 2300 1323 Magiae.

1463 1324 1563 1353 Mutae.
1595 1324 1626 1353 ln
1646 1333 1782 1353 MUTUS.
2314 1321 2318 1324 ’

1463 1361 1560 1391 Novae.
1581 1361 1653 1398 Virg.
1669 1371 1692 1391 1.
1712 1362 1774 1392 AEn.
1786 1364 1851 1399 657.
2067 1393 2071 1397 ,

1543 1400 1577 1428 At
1587 1399 1721 1436 Cytherea
1729 1409 1813 1429 novas
1823 1406 1894 1429 artes
1906 1421 1914 1433 ,
1935 1408 2007 1429 nova
2018 1398 2130 1438 pectore
2138 1398 2225 1429 versat

1468 1436 1567 1466 Nudae.
1590 1437 1709 1473 Quintil.
1721 1437 1749 1465 in
1760 1448 1877 1474 prooem.
1889 1437 1938 1467 lib.
1955 1447 1979 1466 1.

1464 1474 1626 1511 Nugatoria.
1649 1474 1732 1504 plaut.
1748 1475 1826 1505 Trin.

1465 1511 1596 1549 Operol‘a.
1616 1513 1683 1541 Stat.
1697 1523 1721 1548 ς.
1743 1513 1817 1550 Sylv.
1834 1523 1856 1543 1.
1871 1517 1932 1549 158.
1974 1511 2005 1540 V.
2027 1520 2221 1542 optxosuu.

1465 1550 1601 1579 Oratoria.
1623 1549 1741 1586 Quintil.
1750 1550 1797 1580 lib.
1811 1561 1834 1588 3.
1848 1561 1908 1589 cap.
1924 1560 1946 1579 1.

1464 1587 1611 1625 Praecipua.
1633 1588 1716 1617 Ovid.
1734 1598 1756 1618 1.
1779 1589 1814 1618 de
1829 1590 1891 1618 Arte
1903 1591 1962 1618 Am.

1466 1625 1600 1654 Prudens.
1621 1625 1705 1655 Ovid.
1720 1637 1743 1662 ς.
1757 1626 1839 1664 Epist.

1465 1663 1613 1700 Parasitica.
1637 1663 1722 1692 Plaut.
1733 1663 1811 1702 Capt.
1827 1673 1852 1701 3.
1868 1674 1890 1694 1.
1904 1675 1930 1700 9.

1464 1700 1622 1730 Palaestrita.
1644 1701 1762 1737 Quintil.
1773 1702 1821 1731 lib.
1831 1712 1856 1731 2.
1874 1712 1933 1740 cap.
1945 1711 1988 1731 21.

1466 1738 1624 1768 Pecuniosa.
1647 1739 1678 1768 ln
1696 1749 1937 1769 PacuNrosus.
2081 1770 2083 1772 .

1464 1776 1568 1806 Pieriae.
1590 1777 1687 1806 Claud.
1696 1777 1769 1807 Praef.
1783 1777 1839 1807 inl.
1853 1787 1875 1814 3.
1886 1779 1920 1807 de
1938 1777 2020 1806 Laud.
2030 1774 2114 1806 stilic.
2128 1784 2154 1812 ς»

1594 1814 1658 1843 Non
1667 1814 1723 1844 sine
1734 1815 1828 1844 Pieriis
1838 1816 1960 1844 exercuit
1975 1812 2077 1844 artibus
2088 1822 2171 1843 arma.

1464 1847 1660 1881 Pulcherrima.
1685 1852 1804 1889 Quintil.
1816 1852 1864 1882 lib.
1879 1863 1969 1891 neap.
1986 1863 2028 1882 10.

1465 1889 1549 1919 Raras
1559 1891 1651 1919 dotata
1667 1900 1716 1928 per
1726 1897 1804 1920 artes.
1828 1890 1912 1920 Ovid.
1923 1901 1948 1919 2.
1963 1891 2052 1919 Amor.
2065 1900 2090 1923 4.
2111 1897 2153 1926 17.

1464 1927 1600 1963 Secretae,
1621 1928 1738 1965 Magicae
1749 1929 1888 1958 dicuntur.
1907 1928 1989 1958 Ovid.
2007 1938 2031 1965 7.
2045 1927 2112 1956 Met.
2127 1930 2186 1963 138.

1464 1965 1576 2002 Sopitae.
1599 1965 1695 1999 Claud.
1707 1967 1743 1995 de
1758 1966 1837 1996 Cons.
1850 1966 1913 1996 Mal.
1926 1965 2036 1995 Theod.
2048 1969 2111 2000 ²⁶4·

1464 2003 1591 2032 Sordida.
1631 2003 1661 2032 V.
1684 2004 1853 2042 paulopost,
1875 2003 1977 2033 Versari
1987 2004 2016 2032 in
2025 2002 2135 2035 sordida
2142 2007 2207 2030 arte.

1463 2041 1585 2069 Summa.
1610 2041 1728 2077 Quintil.
1741 2041 1788 2071 lib.
1798 2052 1822 2071 2.
1840 2052 1899 2080 cap.
1915 2050 1956 2078 19.

1463 2077 1571 2108 Tacita.
1614 2079 1644 2107 V.
1663 2079 1748 2116 paulo
1758 2079 1832 2117 post,
1856 2080 1962 2109 Nocere
1971 2078 2054 2107 tacita
2065 2083 2130 2106 arte.
2564 2080 2567 2098 ¹

1465 2115 1561 2145 Tantae
1574 2117 1636 2145 artis
1649 2126 1720 2153 opus
1730 2139 1737 2151 ‚
1762 2117 1853 2147 Tanto
1863 2117 1965 2146 factum
1976 2116 2100 2148 artificio.
2122 2112 2205 2143 ovid.
2217 2119 2257 2150 13.
2272 2107 2340 2143 Met.
2353 2116 2415 2146 29‘0.
2530 2115 2534 2118 ⁴

1464 2153 1572 2183 Tenuis
1582 2164 1630 2183 ars.
1654 2154 1773 2191 Quintil.
1786 2155 1834 2185 lib.
1849 2165 1870 2184 1.
1884 2165 1945 2193 cap.
1956 2165 1981 2190 4.

1464 2187 1595 2228 vulgatae.
1619 2192 1684 2221 Hor.
1698 2204 1725 2227 4.
1743 2192 1832 2222 Carm.
1846 2203 1872 2227 9.
1890 2202 1913 2227 3.
2018 2215 2021 2217 -

1463 2229 1577 2266 Accingi
1589 2230 1623 2258 ad
1635 2237 1705 2259 artes
1715 2232 1841 2268 magicas.
1882 2230 1914 2260 ln
1935 2240 1955 2258 Λ
1965 2239 1982 2258 c
1990 2239 2006 2258 c
2015 2240 2023 2257 1
2031 2238 2050 2257 N
2060 2238 2078 2256 c,
2087 2238 2113 2262 0,.

1463 2267 1594 2304 Accipere
1605 2275 1674 2296 artes
1685 2278 1698 2296 a
1709 2269 1847 2305 magistris.
1867 2267 1899 2297 V.
1918 2277 1938 2296 A
1947 2277 1990 2303 cc
2000 2278 2008 2295 1
2020 2277 2034 2295 P
2043 2277 2052 2295 1
2062 2276 2087 2295 o.
2111 2264 2230 2299 Ovid.-9·
2245 2262 2313 2293 Met-
2327 2269 2390 2299 7171

1464 2305 1592 2334 Addocet
1600 2313 1670 2334 artes
1681 2305 1805 2335 ebrietas.
1828 2306 1894 2335 Hor.
1912 2315 1935 2334 1.
1956 2304 2037 2343 Epist.
2054 2314 2077 2339 5.
2091 2309 2133 2337 ¹8-

1464 2342 1602 2371 Adhibere
1616 2350 1710 2372 artem.
1732 2343 1763 2373 In
1783 2354 1803 2372 A
1812 2354 1830 2372 n
1839 2354 1859 2372 H
1869 2354 1877 2371 1
1888 2354 1902 2372 Β
1911 2353 1925 2371 F.
1935 2353 1960 2371 o.

1462 2380 1590 2425 Adjicere
1601 2379 1663 2417 plus
1675 2381 1747 2410 artis.
1770 2381 1787 2410 i.
1800 2391 1824 2410 e.
1846 2380 2006 2411 Doc'tiorem
2019 2378 2144 2408 reddere.
2169 2374 2235 2407 Hor.
2253 2385 2279 2405 2.
2291 2373 2373 2413 Epist.
2388 2383 2414 2404 2.
2427 2380 2470 2409 42.

1463 2417 1583 2460 Aoipisci
1595 2418 1698 2454 aliquid
1707 2419 1802 2448 studiis
1812 2420 1837 2449 ἃ
1847 2420 1957 2448 artibus.
1980 2418 2037 2447 Cic.
2052 2428 2075 2446 1.
2097 2417 2133 2453 Q
2145 2415 2203 2444 frat.
2218 2425 2242 2443 1.
2565 2448 2567 2454 y

1462 2456 1583 2490 Adjuvet
1592 2462 1670 2485 artes.
1695 2456 1779 2486 Ovid.
1790 2462 1815 2490 8.
1837 2457 1905 2486 Met.
1918 2460 1981 2489 866.
2525 2466 2567 2551 ἢ

2305 1394 2430 1428 Consilia.

2560 2374 2570 2433 <4-
2561 2291 2569 2350 -Ᾰ-ιῂ.
2562 2262 2569 2280 x
2562 2213 2569 2250 2:-

1462 2490 1618 2522 admiscere
1628 2500 1712 2523 artem
1724 2495 1813 2531 pretio
1824 2516 1832 2528 ,
1853 2496 1879 2523 ἅ
1887 2493 2028 2523 metallum
2042 2490 2122 2530 perse
2133 2488 2282 2529 pretiosum
2291 2487 2407 2518 artificio
2423 2487 2450 2516 δε
2463 2482 2525 2515 σιεῘεῑ

1482 2540 1511 2559 ra
1520 2531 1662 2568 pretiosius
1671 2532 1793 2565 reddere.
1816 2531 1913 2561 Claud.
1925 2532 1960 2560 de
1967 2531 2052 2568 Nupt.
2065 2530 2138 2559 Hon.
2150 2530 2175 2558 &
2187 2527 2257 2557 Mar.

1463 2568 1605 2598 Advocare
1615 2575 1709 2599 artem.
1738 2569 1771 2599 ln
1791 2580 1811 2598 A
1822 2580 1839 2598 r>
1847 2579 1863 2598 v
1871 2579 1888 2598 ο
1899 2579 1950 2598 co.
2558 2568 2566 2590 =¹

1463 2605 1611 2636 Alsumere.
1650 2608 1681 2636 ln
1701 2617 1720 2636 A
1730 2617 1742 2636 s
1752 2617 1763 2636 s
1773 2617 1790 2636 u
1798 2618 1819 2636 Μ
1828 2617 1853 2637 ο.
2517 2597 2525 2611 ’
2558 2597 2565 2610 ”

1462 2643 1616 2673 Attribuere
1630 2644 1734 2681 aliquid
1746 2645 1858 2674 artibus.
1881 2644 1939 2674 Cic.
1954 2654 1979 2678 4.
1994 2643 2029 2672 de
2038 2643 2096 2672 Fin.
2110 2644 2154 2678 76.
2182 2638 2319 2670 Omnibus
2327 2637 2430 2667 artibus
2440 2611 2565 2676 volumusi

1483 2682 1642 2711 attributam
1652 2683 1704 2711 effe
1715 2693 1776 2712 eam
1785 2704 1793 2717 ‚
1814 2692 1874 2719 quae
1892 2682 2049 2711 communis
2061 2679 2215 2717 appellatur
2226 2678 2373 2715 prudentia
2385 2697 2393 2709 .,
2415 2683 2494 2712 quam
2509 2662 2564 2715 omli

1482 2729 1531 2748 nes
1541 2720 1587 2756 qui
1599 2720 1726 2757 cuiquam
1735 2720 1848 2749 artificio
1858 2719 1975 2758 praesunt
1985 2741 1992 2753 ,
2019 2718 2122 2747 debent
2132 2716 2242 2746 habere.
2556 2711 2564 2755 ‘j

1462 2756 1559 2787 Bibere
1569 2764 1633 2786 arte.
1656 2758 1737 2787 Ovid.
1749 2767 1774 2786 2.
1791 2758 1826 2787 de
1839 2759 1899 2787 Arte
1908 2758 1964 2786 Am.
1985 2761 2046 2790 506.
2520 2751 2528 2758 ‘
2556 2758 2573 2791 ᾗ,

1462 2794 1566 2824 Bibunt
1575 2800 1646 2824 artes
1658 2795 1769 2824 succum
1779 2796 1892 2832 ingenii.
1914 2793 2031 2831 Quintil.
2044 2795 2072 2822 in
2082 2801 2199 2830 prooem.
2214 2801 2237 2820 1.
2250 2789 2298 2820 lib.
2314 2794 2355 2824 18.
2556 2788 2572 2828 ll·

1463 2832 1568 2861 Canere
1581 2839 1645 2861 arte.
1668 2833 1752 2862 Ovid.
1766 2843 1790 2862 2.
1802 2834 1836 2862 de
1848 2834 1908 2862 Arte
1921 2835 1978 2861 Am.
1994 2836 2054 2868 506.
2566 2827 2569 2831 ”

1463 2869 1630 2899 Combibere
1641 2877 1718 2900 artes.
1762 2868 1794 2900 ln
1815 2880 1831 2899 c
1840 2880 1857 2899 o
1866 2881 1885 2899 Μ
1896 2880 1951 2899 8113
1961 2880 1986 2898 o.

1462 2907 1665 2937 Commendare
1674 2908 1699 2937 se
1709 2915 1774 2937 arte.
1796 2908 1862 2937 Hor.
1876 2918 1900 2937 2.
1917 2907 1996 2944 Epist.
2011 2917 2032 2936 1.
2045 2910 2107 2936 261.
2130 2905 2184 2935 i.e.
2205 2903 2348 2935 Ostentare
2366 2900 2392 2931 se.
2410 2893 2562 2953 οδω-κως

1462 2945 1623 2974 Concedere
1636 2946 1717 2975 alicui
1726 2953 1820 2975 artem.
1862 2945 1893 2975 ln
1913 2954 1954 2974 co
1965 2955 1984 2974 N
1994 2954 2011 2974 c
2021 2954 2035 2973 s
2046 2954 2063 2973 n
2072 2954 2098 2973 o.
2554 2955 2561 2979 l

1462 2982 1611 3012 Confidere
1621 2991 1684 3012 arte.
1707 2983 1764 3013 Cic.
1775 2995 1798 3018 ς.
1820 2983 1901 3013 Tusc.
1915 2984 1939 3016 8.
2554 2982 2559 3012 ἕ
2602 3006 2603 3010 .

1461 3020 1659 3050 Conticescunt
1668 3028 1746 3050 artes.
1784 3021 1816 3050 ln
1832 3028 1947 3050 coN‘rr
1959 3026 2079 3049 crsco'
2558 3020 2567 3045 l·
2602 3043 2604 3051 ,

1462 3058 1647 3087 Continentur
1657 3060 1728 3088 inter
1739 3058 1764 3089 se
1775 3065 1852 3088 artes.
1892 3058 1924 3088 In
1945 3067 1961 3086 c
1972 3067 1988 3086 o
1999 3067 2017 3086 Ν
2027 3067 2046 3086 'r
2056 3068 2063 3085 1
2074 3066 2093 3086 N
2102 3066 2116 3085 ε
2124 3065 2151 3085 ο.
2602 3055 2604 3060 “

1462 3095 1656 3125 Consummata
1666 3106 1715 3125 ars.
1748 3096 1779 3125 ln
1799 3106 1841 3125 co
1852 3105 1871 3124 N
1880 3105 1892 3125 s
1902 3106 1918 3124 u
1929 3106 1947 3123 Μ
1959 3106 1976 3123 Μ
1988 3105 2014 3123 o.

1462 3133 1652 3168 Continentur
1661 3133 1763 3163 artibus
1773 3133 1899 3163 liberales
1911 3130 2069 3169 disciplinae.
2092 3127 2149 3160 Cic'.
2165 3134 2188 3163 ξ.
2210 3130 2244 3158 de
2257 3129 2332 3158 Orat.
2348 3136 2407 3162 125.

1462 3171 1598 3200 Contudit
1606 3172 1711 3200 animos
1723 3171 1792 3200 seros
1804 3168 1953 3200 mollia'rte.
1978 3169 2059 3199 Ovid.
2076 3179 2097 3198 1.
2110 3167 2144 3197 de
2161 3168 2221 3197 Arte.
2233 3169 2290 3196 rim.
2305 3175 2345 3194 12.

1461 3208 1596 3246 Decipere
1607 3209 1697 3245 aliqua
1707 3216 1772 3238 arte.
1795 3208 1877 3237 Ovid.
1893 3218 1933 3237 12.
1948 3207 2028 3246 Epist.
2042 3218 2083 3243 50.
2416 3231 2423 3238 ,

1461 3246 1591 3275 Desinere
1601 3254 1694 3275 artem.
1728 3241 1758 3275 ln
1782 3256 1799 3274 o
1810 3255 1923 3275 11er0.
2555 3254 2568 3281 j.

1461 3283 1608 3321 Despicere
1617 3284 1694 3313 arte's.
1718 3283 1813 3312 Claud·
1825 3293 1850 3312 2.
1864 3284 1898 3312 de
1911 3283 1989 3320 Rapt.
2003 3280 2119 3319 Proserp.
2136 3281 2166 3310 in
2180 3279 2284 3319 praefat.
2295 3287 2339 3313 23.
2556 3283 2571 3296 ‘⁵
2601 3283 2602 3287 ’

1460 3319 1576 3350 Destitui
1587 3322 1619 3350 ab
1632 3331 1688 3350 arte
1697 3321 1750 3350 sua.
1775 3320 1857 3350 Ovid.
1875 3332 1899 3355 5.
1922 3320 2002 3357 Epist.
2021 3330 2079 3351 ιςο.
2550 3334 2553 3350 .
2569 3342 2574 3347 ,

1460 3358 1606 3388 Dimittere
1614 3360 1737 3388 animuin
1747 3359 1775 3387 in
1784 3366 1853 3387 artes
1865 3359 1977 3395 ignotas.
1992 3357 2076 3387 Ovid.
2089 3362 2111 3390 8.
2124 3353 2193 3386 Met.
2205 3359 2266 3389 188.
2282 3353 2317 3382 de.
2329 3348 2448 3381 Daedalo.
2512 3376 2517 3386 ,
2550 3360 2556 3388 ς,
2571 3350 2575 3378 ἴ

1460 3396 1541 3426 Disce
1552 3396 1637 3425 bonas
1647 3398 1725 3425 artes.
1748 3396 1829 3425 Ovid.
1847 3396 1914 3425 1.de
1927 3397 1986 3424 Arte
1997 3396 2054 3424 Am.
2064 3404 2128 3430 459.

1461 3433 1567 3463 Diverti
1581 3435 1615 3463 ad
1625 3441 1702 3463 artes.
1729 3433 1813 3463 Ovid.
1824 3443 1848 3469 9.
1861 3433 1930 3462 Met.
1940 3443 2001 3468 425.

1460 3471 1586 3501 Ediscere
1596 3480 1721 3509 paternas
1732 3478 1809 3500 artes.
1831 3470 1914 3500 Ovid.
1925 3481 1950 3499 2.
1966 3469 2035 3500 Met.
2050 3473 2113 3505 638.
2175 3504 2178 3506 .

1459 3508 1573 3548 Ellicere
1585 3516 1686 3544 artem,
1705 3509 1778 3538 idem
1786 3508 1864 3546 quod
1877 3508 2010 3545 Retligere
2020 3506 2054 3536 ad
2065 3506 2159 3536 artem.
2175 3503 2232 3534 Cic.
2247 3513 2269 3532 1-
2279 3502 2313 3532 de
2323 3501 2398 3531 Orat.
2412 3501 2471 3543 186·
2549 3530 2551 3539 ,

1459 3546 1621 3612 bsslfficiuiittrr
1632 3553 1701 3576 artes
1711 3556 1745 3575 ex
1755 3543 1961 3583 cognitionibus
1970 3547 1995 3575 Sc
2006 3541 2298 3583 comprehenlionibus
2310 3547 2406 3569 rerum.
2422 3536 2478 3566 C1c.
2489 3540 2513 3571 ἳ-
2523 3526 2555 3578 ‘³⁶51
2603 3573 2604 3578 ¹

1501 3593 1538 3612 ln.
1551 3596 1568 3619 4
1590 3607 1595 3613 .
2548 3585 2550 3610 ζ

1459 3594 1666 3650 Efficereqartem
1678 3631 1711 3651 ex
1721 3620 1917 3650 observatione.
1940 3618 2058 3657 Quintil.
2074 3617 2122 3648 lib:
2133 3626 2155 3655 3.
2168 3626 2228 3655 cap.
2240 3625 2266 3646 2=

1458 3658 1588 3688 Eruditus
1598 3660 1711 3696 optimis
1719 3658 1829 3688 artibus.
1851 3659 1921 3695 Nep.
1935 3667 1979 3692 24.
1992 3667 2033 3686 12.

1458 3695 1591 3725 Excolere
1603 3698 1686 3726 vitam
1699 3706 1747 3734 per
1758 3703 1836 3725 artes.
1859 3694 1930 3732 Virg.
1943 3707 1968 3731 4.
1988 3694 2049 3724 ffin.
2064 3696 2127 3729 663.

1458 3731 1603 3762 Excudcre
1613 3742 1690 3763 artes.
1732 3733 1762 3762 V.
1784 3742 1799 3761 a
1808 3742 1826 3762 x
1834 3742 1851 3761 c
1860 3742 1879 3761 u
1890 3743 1907 3761 D
1918 3742 1943 3761 o.
2210 3758 2212 3761 .
2413 3756 2416 3761 ,
2547 3734 2549 3768 (¹

1457 3769 1594 3812 Excutere
1605 3793 1612 3805 ,
1633 3772 1708 3800 idem
1715 3769 1790 3808 quod
1800 3769 1965 3800 Extundere.
1997 3769 2080 3799 Ovid.
2093 3776 2116 3797 1.
2129 3767 2164 3797 de
2175 3767 2237 3798 Arte
2249 3765 2307 3795 Am.
2316 3771 2378 3800 242.
2418 3757 2493 3798 [1⁰1⁰
2501 3763 2553 3794 ΥίωῐἸ
2565 3771 2568 3782 “
2602 3798 2604 3801 ,

1476 3808 1561 3836 idern.
1603 3809 1643 3838 En
1657 3809 1750 3838 locum
1764 3817 1771 3837 z
2469 3817 2474 3821 ’
2500 3827 2503 3829 »

1549 3845 1631 3875 Tunc
1643 3847 1730 3883 aperit
1739 3850 1844 3875 mentes
1855 3866 1863 3879 ‚
1885 3853 1942 3873 aevo
1952 3841 2082 3872 rarissima
2093 3842 2185 3872 nostro
2195 3862 2205 3877 ‚

1574 3883 1742 3921 Simplicitas
1755 3892 1763 3917 ς
1784 3888 1853 3911 artes
1863 3882 2021 3910 excutiente
2032 3880 2102 3909 Deo.
2308 3911 2315 3920 .
2550 3912 2551 3916 Ἰ

1474 3917 1550 3948 Deus
1565 3919 1610 3949 ille
1619 3921 1741 3950 Bacchus
1750 3919 1804 3953 est,
1825 3919 1872 3955 qui
1883 3920 1959 3948 Artes
1969 3940 1977 3953 ,
1998 3918 2017 3947 ἱ.
2029 3927 2053 3947 e.
2065 3916 2145 3946 dolos
2155 3937 2164 3953 ,
2181 3913 2294 3950 excutit,
2307 3924 2324 3943 1.
2338 3922 2362 3942 e.
2373 3912 2499 3941 removet.

1456 3957 1598 3987 Exercere.
1625 3952 1691 3988 Hor.
1703 3955 1816 3994 1.Epist.
1830 3966 1873 3992 14.
1886 3967 1931 3992 44.
2432 3982 2544 4015 nmen
2564 3974 2568 3982 .
2599 3958 2602 3966 “
