2594 4222
169 174 337 237 558*
614 179 899 220 cor:

205 272 353 301 Servorum
364 268 504 298 coercitio.
527 267 590 297 Sen.
603 265 680 295 Brev.
692 263 748 292 Vit.
762 271 822 298 cap.
834 268 859 295 3.

206 307 341 347 Capitalis
351 307 493 337 coercitio.
515 305 533 335 l.
546 314 609 334 200.
631 302 691 338 Dig.
704 301 740 329 de
752 297 831 327 Verb.
846 295 987 334 significat.

208 346 378 376 Pecuniaria.
399 344 416 373 l.
428 353 454 373 2.
469 343 531 380 Dig.
545 343 579 371 de
590 340 693 378 public.
705 336 826 374 judiciis.

172 385 195 414 C
205 395 221 413 ο
231 395 245 413 E
254 394 269 413 a
280 394 297 413 c
306 394 315 411 1
326 393 345 411 T
353 393 370 411 o
380 393 405 417 a,
415 382 479 411 oris.
493 391 529 410 m.
542 373 862 414 Eutrop.7.13.Diligens
871 369 1008 399 coercitor
1019 362 1171 402 disciplinae
1185 362 1319 392 militaris.

172 422 195 453 C
204 432 230 451 οε
239 432 254 450 R
264 431 280 450 ο
293 443 301 455 ,
322 423 377 450 are.
400 419 521 448 Verbum
541 422 636 448 vetuS‚
656 423 706 451 pro
725 412 834 440 Curare.
874 406 964 435 Verba
984 415 1039 433 xii
1053 403 1108 433 tab.
1131 402 1205 440 apud
1222 402 1279 429 Cic.
1294 408 1319 434 3.

209 460 245 489 de
257 458 350 496 Legib.
366 467 409 486 10.
431 457 465 486 At
476 456 495 484 fi
513 454 580 492 quid
592 453 644 481 erit
657 448 733 487 quod
753 454 829 476 extra
847 444 1017 481 magistratus
1035 447 1170 471 coeratore
1185 438 1257 468 oesus
1271 437 1318 466 sit:

209 497 257 534 qui
271 501 374 530 coeret,
395 494 516 531 populus
530 496 622 520 creato
634 511 642 523 .,
662 488 743 523 eique
754 486 796 520 jus
807 482 931 513 coerandi
946 481 1020 509 dato.
1060 478 1159 507 Sensus
1181 477 1248 514 legis
1262 475 1299 504 est
1311 496 1319 509 ‚

207 535 236 564 Si
247 540 324 563 extra
335 531 505 569 magistratus
515 528 606 564 aliqua
617 525 758 555 curatione
771 531 841 559 opus
852 520 883 549 sit
893 541 901 554 ‚
921 525 1076 547 curatorem
1087 515 1209 554 populus
1217 521 1319 543 creato.

175 606 178 608 ,
209 572 243 602 Et
256 571 328 601 Gell.
349 580 390 604 ις.
411 578 452 597 11.
474 567 574 596 Praetor
587 562 821 592 animadverteret
833 564 1014 592 coeraretque.

171 610 194 639 C
202 620 229 639 oe
237 619 253 638 R
263 619 283 637 A
293 618 313 637 T
322 618 339 636 ο
349 617 364 635 R
375 628 383 641 ‚
400 605 463 635 (iris.
476 613 513 634 m.
525 613 575 640 pro
587 601 728 633 Curarem,
738 597 812 635 apud
823 596 879 625 Cic.
887 604 898 631 3
906 594 950 624 .de
962 593 1055 630 Legib.
1063 602 1105 621 10.
1117 590 1148 627 V.
1161 588 1319 625 dlstsuper.

170 647 291 677 Coma
302 656 318 673 o
331 667 339 678 ,
361 639 603 679 [abruma-dapem]
623 642 677 667 are.
700 645 751 674 pro
761 635 908 664 Oberrare.
950 632 1022 661 Paul.
1038 630 1095 659 inl.
1111 637 1135 665 3.
1159 627 1178 665 ξ.
1193 635 1217 662 3.
1239 627 1272 655 D.
1287 626 1321 654 de

208 684 256 714 off.
270 683 389 712 Praefedt.
401 679 478 717 vigil.
499 678 651 707 Sciendum
665 674 703 703 est
713 696 720 708 .,
742 672 832 709 inquit
843 693 851 707 ,
872 669 1035 699 Praefectum
1046 667 1162 704 vigilum
1174 674 1222 702 per
1232 669 1321 692 totam

206 723 320 751 noctem
328 718 438 753 vigilare
449 716 551 745 debere
562 737 570 749 ‚
593 715 618 743 ἃ
630 720 756 742 coerrare
768 709 916 739 calciatum
926 730 934 742 ,
960 717 1025 737 cuni
1043 705 1134 734 hamis
1151 704 1176 732 Sc
1191 702 1320 731 dolabris.

205 759 260 788 Ubi
272 765 365 787 tamen
379 755 531 785 Falciatuni
542 752 595 789 legi
606 751 699 788 potius
710 748 813 778 debere
832 753 911 784 putat
923 745 1099 774 Hotomanus
1112 764 1119 776 ⁷
1141 741 1170 769 id
1190 741 1227 769 est
1246 739 1322 768 falci-

205 796 256 826 bus
267 793 416 824 muralibus
427 814 435 827 ,
457 792 554 829 quibus
565 790 637 818 aedes
649 788 827 816 inflammatae
841 784 1015 813 diruerentur
1026 804 1033 817 ‚
1055 780 1223 810 instrut‘turn.
1245 777 1323 806 Non-

205 833 274 864 nulli
286 834 311 862 &
323 841 372 869 pro
384 831 525 863 Coenam,
540 828 650 857 Coerare
658 825 808 862 legendum
819 822 999 859 suspicantur,
1008 829 1058 857 pro
1069 819 1184 847 Curare:
1207 824 1322 852 quomo-

205 872 242 900 do
254 881 269 899 a
278 868 436 899 Muniendo
447 868 577 896 dicuntur
587 863 698 894 urbium
709 861 827 897 Moenia,
836 870 851 890 a
859 860 944 890 Poena
951 859 1048 893 Punio,
1058 867 1073 886 a
1083 856 1184 886 Poenus
1192 853 1318 883 Punicus.

169 910 397 941 Coeaumzus,
417 905 447 935 V.
471 911 682 934 CAERULEUS.

167 947 358 976 CoeTARiAE
371 965 379 978 ,
401 944 605 974 Coerosus,
628 935 875 974 CoeTuspiscis‚
909 934 942 963 V.
964 941 1090 962 carus.

167 985 190 1014 C
199 993 226 1012 oe
236 993 256 1011 'r
265 993 283 1011 u
292 993 304 1011 s
315 1004 321 1016 .
343 983 383 1010 iis.
404 990 441 1010 m.
464 976 551 1015 [χοςδς
559 998 567 1011 ‚
578 976 705 1014 perarua-ix
715 997 723 1011 ‚
741 970 869 1011 χοςυππῖω
877 993 884 1003 ,
903 970 1024 1008 Kame]
1045 970 1062 998 i.
1075 979 1098 998 e.
1122 967 1284 997 Conventus
1295 966 1321 995 &

203 1020 390 1057 congregatio.
431 1019 451 1047 A
469 1018 546 1046 Coeo
560 1015 673 1052 quidam
685 1013 787 1043 deduci
796 1011 903 1040 volunt.
941 1011 956 1045 [
968 1008 1048 1037 Unde
1064 1016 1128 1036 vero
1143 1005 1263 1034 melius?

202 1059 366 1088 Animorum
378 1055 530 1085 concilium
540 1052 690 1089 coetusque.
722 1050 783 1087 Cic.
792 1049 827 1078 de
838 1048 947 1077 Seneft.
956 1053 1001 1079 ες.
1026 1045 1051 1074 Ο
1064 1043 1223 1082 praeclarum
1234 1041 1321 1075 diem,

223 1106 307 1133 quum
316 1095 350 1123 ad
360 1094 430 1123 illud
441 1093 567 1122 divinum
578 1091 735 1120 animorum
744 1086 896 1117 concilium
904 1092 1064 1121 coetumque
1073 1080 1228 1120 proficiscar
1238 1101 1246 1115 ‚
1267 1081 1319 1109 &c-

202 1134 346 1163 Comitum
362 1131 457 1161 dulces
467 1137 566 1160 coetus.
589 1127 678 1158 Catul.
693 1138 738 1163 44.
754 1136 780 1162 9.

200 1172 334 1202 Deorum.
351 1170 416 1199 Stat.
431 1180 441 1198 r
451 1179 473 1197 i.
484 1166 576 1197 Theb.
590 1175 655 1202 457.

203 1210 299 1238 Coetus
311 1205 474 1237 scholarum.
499 1203 618 1241 Quintil.
631 1203 679 1232 lib.
695 1211 720 1230 2.
736 1210 797 1237 cap.
814 1209 840 1234 9.

202 1246 349 1275 Vitiorum.
382 1245 439 1274 Cic.
453 1245 480 1273 in
492 1243 597 1272 Sallust.
615 1247 657 1275 18.
680 1240 744 1274 Ejus
757 1247 832 1267 enim
845 1235 929 1274 partis
940 1239 996 1265 erat
1007 1231 1148 1270 exemplar
1160 1229 1319 1260 Sallustius:

222 1294 276 1322 quo
284 1290 414 1321 tanquam
425 1283 453 1311 in
463 1282 549 1310 imam
558 1279 718 1316 voraginem
727 1299 735 1309 .
756 1282 845 1305 coetus
855 1274 982 1302 omnium
993 1272 1124 1300 vitiorum
1142 1268 1300 1299 excesserat.

202 1322 342 1353 Femineis
353 1321 472 1350 coetibus
482 1325 565 1349 extat.
586 1318 605 1347 i.
619 1327 644 1346 e.
667 1315 742 1345 Inter
750 1313 868 1343 feminas
880 1311 992 1341 eminet.
1009 1309 1106 1339 Claud.
1117 1309 1147 1337 in
1155 1305 1320 1338 ConllProb.

223 1362 248 1389 Sc
259 1359 342 1397 Olyb.
361 1369 421 1395 199.

202 1397 302 1428 Funeti
315 1403 404 1426 coetus
416 1418 424 1432 ‚
445 1395 632 1425 Mortuorum.
655 1391 723 1420 Stat.
737 1394 762 1423 8.
774 1387 865 1417 Theb.
879 1394 922 1414 11.

282 1435 413 1465 Necdum
425 1433 506 1463 illum
517 1439 564 1460 aut
577 1437 675 1460 trunca
686 1427 842 1456 lustraverat
852 1423 934 1454 obvia
945 1430 1011 1452 taxo

282 1473 414 1503 Eumenis
425 1494 433 1507 ‚
454 1476 502 1500 aut
513 1470 591 1499 furvo
603 1466 762 1504 Proserpina
771 1463 849 1502 poste
860 1466 969 1491 notarat

283 1510 410 1540 Coethus
421 1509 597 1545 adsumptum
608 1505 718 1534 functis.
813 1501 841 1531 h.
862 1510 887 1530 e.
912 1499 944 1529 ln
953 1497 1135 1528 multitudine
1154 1497 1180 1527 &
1199 1499 1322 1526 mortu02

220 1559 282 1579 tuni
294 1549 440 1578 hominum
451 1555 569 1576 numero
581 1543 760 1579 adscriptum.

202 1587 278 1618 Laeto
287 1594 364 1617 coetu
377 1595 439 1616 coni
462 1584 519 1614 lere
530 1582 653 1619 aliquem
664 1580 766 1609 locum.
787 1576 861 1613 virg.
879 1586 904 1611 ς.
914 1574 976 1605 AEn.
989 1582 1052 1611 107.

397 1639 432 1644 -—
443 1595 506 1652 lietu
517 1619 691 1657 complerant
699 1617 793 1646 littora
803 1621 888 1644 coetu.

202 1662 362 1694 Monstrifer
372 1668 469 1691 coetus.
492 1658 590 1689 Claud.
601 1658 630 1686 in
641 1654 749 1690 Gigant.
763 1662 789 1688 3.

297 1700 399 1730 Omnia
409 1697 584 1728 monstrifero
592 1692 754 1731 complebat
760 1696 858 1720 tartara
867 1694 952 1719 coetu.

203 1739 328 1769 Sanetus.
349 1737 447 1767 Claud.
462 1746 487 1766 2.
501 1737 530 1764 in
540 1744 582 1771 pr.
596 1731 678 1761 Coris.
690 1729 749 1760 Stil.
761 1738 825 1764 ²99-

202 1777 305 1807 Socrati
314 1782 403 1805 coetus
411 1774 569 1804 hominum.
591 1771 649 1800 Cic.
660 1770 756 1800 Somn.
765 1767 840 1804 Scip.
852 1775 881 1802 4.

202 1814 343 1844 Solermis.
365 1813 422 1843 Cic.
435 1821 460 1850 7.
478 1811 552 1841 Verr.
569 1815 629 1844 185.

203 1852 340 1891 Supplex.
361 1852 428 1881 Stat.
443 1860 484 1879 10.
498 1844 588 1878 Theb.
603 1852 665 1882 583.

295 1889 420 1920 Tiresian
428 1887 476 1918 alii
489 1886 618 1922 lacrymis
628 1886 655 1914 δι
668 1880 794 1920 supplice
804 1883 881 1910 coetu

203 1929 335 1965 Virginei.
357 1928 424 1957 Stat.
438 1936 461 1955 1.
476 1924 565 1955 Achil.
576 1927 640 1957 ²08·

203 1966 311 1996 Viriles.
333 1965 416 1996 Ovid.
431 1973 456 2001 3.
474 1963 542 1993 Met.
553 1970 616 1997 403.

203 2005 352 2042 Vulgares,
373 2003 391 2032 i.
409 2012 432 2032 e.
455 1997 646 2046 Turba-vulgi.
668 1994 737 2026 Hor.
755 2000 781 2031 3.
799 1992 889 2023 Carm.
901 1999 983 2026 ²·23·

203 2044 350 2073 Adducere
361 2045 538 2070 meretricem
549 2047 578 2066 in
587 2042 693 2066 coetum
702 2039 900 2063 matronarum.
922 2029 981 2059 Cic.
993 2036 1020 2058 2.
1032 2027 1068 2057 de
1077 2027 1137 2058 Fin.
1152 2035 1165 2056 1
1172 2033 1197 2056 ι.

203 2082 311 2118 Agitare
325 2085 423 2109 coetus.
464 2076 497 2107 In
518 2084 646 2104 Acrro.

204 2118 345 2149 Accedere
354 2123 451 2147 coetus.
474 2113 562 2144 Valer.
576 2121 601 2149 3.
616 2113 713 2148 Argon.
725 2117 789 2145 413.

204 2157 351 2186 Celebrate
362 2153 510 2184 hominum
522 2157 620 2181 coetus.
660 2149 693 2178 In
712 2157 730 2177 c
738 2157 753 2176 iz
763 2158 779 2175 L
787 2156 801 2175 a
811 2154 851 2174 ΕΒ
861 2154 888 2174 o.

204 2194 330 2231 Cingunt
339 2192 437 2229 polum
448 2200 512 2220 aves
521 2196 606 2219 coetu.
628 2187 701 2223 Virg.
715 2196 739 2215 1.
757 2185 819 2215 AEn.
832 2187 895 2220 398.

205 2231 306 2261 Colere
317 2238 406 2260 coetus
418 2229 531 2258 civium.
551 2227 616 2255 Sen.
628 2222 744 2262 Hippol.
758 2233 785 2257 4.

205 2270 388 2299 Committere
399 2272 505 2297 coetum
513 2264 608 2294 alicui.
621 2262 680 2292 Cic.
693 2271 718 2298 3.
728 2261 764 2290 de
773 2259 851 2289 Orat.
864 2260 909 2287 62.
926 2251 1013 2285 Valde
1021 2259 1115 2284 autem
1127 2252 1165 2283 est
1173 2251 1322 2283 absurdum

225 2306 252 2337 ei
263 2307 432 2336 concionem
443 2326 451 2340 ‚
467 2310 516 2333 aut
526 2304 657 2332 Senatum
666 2321 675 2335 ‚
694 2305 742 2328 aut
755 2296 844 2327 ullum
858 2293 1116 2324 coeturnhominum
1128 2291 1303 2321 committere
1312 2312 1321 2326 ‚

225 2346 271 2375 cui
285 2354 368 2374 nemo
379 2343 501 2377 illorum,
510 2340 556 2377 qui
565 2338 662 2371 adsint,
672 2336 849 2370 sanus‚nemo
858 2332 938 2365 civis,
950 2341 1034 2360 nemo
1045 2330 1113 2360 liber
1124 2329 1177 2358 else
1186 2329 1321 2357 videatur.

205 2383 356 2415 Dimittere
365 2388 479 2410 coetum.
521 2377 578 2407 Cic.
594 2386 616 2406 1.
633 2376 663 2404 in
677 2373 757 2404 Catil.
776 2383 818 2401 io.
840 2371 906 2400 Haec
916 2379 966 2406 ego
978 2369 1090 2402 omnia,
1114 2368 1228 2396 vixdum
1238 2367 1323 2395 etiam

224 2427 301 2450 coetu
311 2419 399 2449 vestro
413 2415 524 2447 dimisso
532 2437 541 2451 ‚
562 2413 687 2451 comperi
697 2434 706 2448 ,
727 2411 844 2440 domum
855 2417 946 2438 meam
957 2406 1108 2443 majoribus
1121 2405 1253 2443 praesidiis
1263 2413 1324 2433 mu-

224 2459 301 2493 nivi,
322 2464 404 2493 atque
414 2454 527 2484 firmavi.

204 2497 317 2528 Habere
334 2502 424 2524 coetus
435 2515 442 2529 ,
463 2501 513 2531 pro
524 2489 653 2521 Scholam
665 2487 778 2517 habere.
817 2484 875 2514 Liv.
890 2493 912 2512 r.
926 2488 967 2516 ¹8.
989 2481 1083 2518 Quem
1104 2479 1323 2517 (Pythagoram)

224 2535 255 2564 in
272 2533 370 2563 ultima
379 2531 463 2562 ltaliae
481 2539 529 2558 ora
541 2529 614 2558 circa
624 2526 824 2563 Metapontum
838 2524 865 2552 δι
879 2522 1014 2557 juvenum
1026 2518 1217 2549 aemulantium
1235 2517 1324 2547 studia

225 2579 317 2603 coetus
331 2568 453 2600 habuisse
464 2567 577 2597 constat.

205 2611 278 2642 Inire
289 2615 387 2639 coetus.
428 2606 486 2635 Cic.
496 2614 522 2642 7.
533 2604 596 2634 Ver.
609 2607 669 2637 ¹85-
691 2599 792 2629 Venire
800 2597 829 2626 in
842 2595 1070 2634 congregationes
1084 2595 1110 2623 ἃ
1121 2598 1285 2623 conventus.

206 2647 361 2679 obscurare
371 2651 459 2674 coetus
468 2642 598 2672 tenebris.
639 2639 699 2669 Cic.
714 2648 737 2667 1.
749 2638 777 2666 in
786 2635 865 2665 Catil.
877 2638 903 2664 6.
933 2635 960 2663 Si
970 2643 1060 2670 neque
1071 2641 1127 2661 nox
1139 2629 1259 2660 tenebris
1271 2631 1322 2659 ob-

223 2686 332 2716 scurare
341 2690 430 2713 cretus
440 2681 559 2710 nefarios
570 2701 578 2711 .
599 2687 651 2707 nec
663 2677 768 2715 privata
781 2675 882 2704 domus
895 2671 1047 2711 parietibus
1063 2670 1208 2701 continere
1222 2677 1322 2700 vocem

223 2721 425 2759 conjurationis
434 2726 490 2748 tuae
498 2717 586 2756 potest
597 2738 605 2750 .
623 2717 675 2745 &c-

205 2762 329 2793 Proserre
337 2757 441 2796 aliquid
453 2757 482 2785 in
492 2761 568 2785 coetu
580 2752 768 2788 concilioque.
790 2748 848 2778 Cic.
862 2757 888 2787 27.
902 2747 937 2777 de
946 2747 1006 2777 Fin.
1020 2752 1065 2783 77.

205 2799 306 2834 Soluto
316 2804 392 2827 coetu
404 2794 559 2824 discedunt.
581 2790 665 2821 Ovid.
680 2798 721 2824 13.
738 2787 807 2818 Met.
823 2791 886 2821 898.

206 2834 319 2867 Tenere
331 2833 453 2864 dicendo
462 2831 610 2861 hominum
623 2834 721 2857 coetus.
760 2825 818 2854 Cic.
833 2834 855 2852 1.
870 2821 905 2852 de
917 2822 994 2851 Orat.
1007 2830 1051 2857 30.
1207 2855 1209 2857 ι

206 2877 320 2907 Coetus.
342 2870 518 2902 Convivium.
558 2868 616 2897 Cic.
629 2875 654 2895 2.
669 2864 704 2894 de
721 2863 796 2893 Orat.
812 2870 874 2899 ²33—
905 2860 1004 2897 Nequa
1018 2860 1091 2888 forte
1110 2857 1222 2888 dicendi
1242 2867 1322 2896 pars.

226 2913 360 2951 quoniam
370 2910 407 2939 ita
415 2906 536 2938 voluistis
545 2928 553 2941 ‚
573 2906 602 2934 in
613 2904 668 2933 hoe
680 2901 730 2931 tali
740 2907 816 2930 coetu
825 2922 833 2936 ‚
853 2906 935 2936 atque
946 2899 975 2927 in
987 2904 1043 2927 tarn
1055 2904 1184 2927 accurato
1197 2897 1323 2927 sermone

225 2950 365 2991 praeterita
378 2946 431 2977 esse
444 2946 579 2975 videatur.

206 2990 320 3021 Coetum
343 2991 426 3016 vocat
444 2982 588 3013 Lucretius
599 2977 814 3009 connexionem
837 2976 863 3004 Sc
884 2969 1015 3011 copulam
1029 2971 1219 3002 membrorum
1228 2994 1236 3007 ‚
1258 2981 1324 3002 cum

226 3025 391 3057 humoribus
401 3045 410 3059 ‚
431 3023 457 3052 ἃ
479 3019 618 3058 spiritibus
628 3039 635 3052 ‚
657 3013 839 3050 omnibusque
862 3022 896 3041 ex
923 3011 1024 3048 quibus
1045 3011 1201 3041 humanum
1222 3019 1324 3048 corpus

226 3065 408 3102 compadtum
421 3061 446 3090 &
458 3058 639 3088 constitutum
651 3053 706 3083 est:
728 3058 760 3081 ut
775 3051 822 3080 lib.
836 3060 862 3079 2.
878 3059 957 3079 1001.

302 3102 363 3131 Nec
373 3100 408 3128 sic
416 3096 551 3127 interimit
558 3102 632 3123 mors
643 3101 685 3121 res
693 3113 701 3125 ‚
721 3096 753 3119 ut
763 3088 885 3118 materiai

302 3140 425 3176 Corpora
437 3133 586 3165 conficiat:
606 3130 653 3159 sed
666 3134 772 3158 coetum
788 3125 907 3162 difl‘upat
921 3120 994 3153 ollis.
1107 3120 1143 3153 Et
1156 3123 1204 3153 lib.
1222 3134 1246 3160 ς.
1258 3132 1324 3160 429,

229 3178 438 3210 Elementorum
449 3181 560 3210 quoque
568 3167 798 3204 conjunstionem
809 3185 817 3198 ,
839 3164 951 3192 Coetum
963 3166 1043 3191 vocat
1053 3182 1062 3197 ,

290 3215 385 3245 Omne
398 3220 485 3250 genus
497 3216 589 3238 motus
600 3228 608 3242 ‚
629 3208 655 3235 Sc
665 3210 754 3234 coetus
772 3201 947 3235 experiundo
957 3222 964 3234 ‚
976 3201 1027 3229 ἃς.
1120 3199 1166 3228 Sic

211 3247 576 3290 Coniunctionesstellarum
587 3267 595 3279 7
615 3244 712 3273 Coetus
724 3238 848 3278 appellat
862 3237 933 3267 Gell.
950 3247 992 3271 14.
1009 3247 1030 3265 i.
1053 3235 1125 3265 Nam
1147 3236 1163 3264 Ii
1184 3236 1326 3274 Principes

231 3290 365 3326 Chaldaei‚
385 3288 431 3326 qui
442 3288 471 3316 in
481 3283 641 3324 patentibus
649 3279 755 3317 campis
763 3277 902 3318 colebant.
924 3274 1061 3304 stellarum
1073 3281 1164 3302 motus
1177 3276 1202 3303 &
1218 3275 1285 3307 vias,
1299 3276 1326 3304 δε

231 3327 407 3359 disceffiones
419 3348 427 3361 ‚
448 3326 474 3354 &
483 3329 573 3353 coetus
587 3321 736 3350 intuentes.
748 3314 823 3353 quod
839 3323 873 3344 ex
885 3315 918 3342 iis
930 3313 1092 3346 efficeretur,
1105 3311 1326 3342 observaverunt.

212 3368 310 3398 Coetus
320 3366 403 3394 etiam
412 3362 525 3406 ponitur
536 3369 587 3398 pro
595 3354 745 3394 Congress'u
755 3351 949 3392 pugnantium.
990 3350 1076 3379 Plaut.
1091 3349 1190 3386 Amph.
1203 3359 1228 3378 2.
1241 3359 1266 3379 2.
1279 3360 1326 3385 ²5·

230 3405 321 3434 Primo
331 3408 407 3432 coetu
416 3408 543 3430 ViCimus.

213 3444 309 3472 Coetus
320 3448 369 3479 pro
379 3437 526 3469 Convivio.
546 3434 620 3471 virg.
638 3442 660 3462 r.
674 3431 735 3461 AEn.
749 3437 813 3466 739.

292 3479 326 3508 Et
335 3487 384 3506 vos
395 3477 412 3505 ὁ
423 3482 530 3505 coetum
538 3472 618 3510 Tyrii
632 3469 770 3500 celebrate
783 3466 916 3496 faventes.

1046 1685 1087 1717 Al.
1108 1685 1198 1716 Foetu.

974 1877 1073 1908 Orant.

979 3461 1035 3491 Ubi
1046 3461 1155 3491 Servius
1166 3470 1175 3496 3
1203 3460 1327 3497 Coetum,

231 3516 318 3546 modo
332 3513 509 3545 Convivium.

177 3556 200 3585 C
209 3564 236 3584 oe
244 3565 262 3583 u
271 3563 283 3583 s
295 3575 303 3588 ‚
323 3553 341 3582 i.
363 3562 401 3581 m.
422 3548 548 3587 [κοῒῶ]
566 3546 680 3577 Nomen
689 3542 831 3580 Gigantis,
851 3549 934 3577 quern
946 3537 1046 3576 pariter
1057 3538 1083 3565 St
1096 3536 1220 3573 Iapetum
1232 3537 1257 3565 δι
1272 3535 1329 3572 Ty.

215 3592 332 3629 phoeum
341 3590 436 3626 quinta
447 3587 512 3616 luna
521 3591 599 3614 natos
610 3581 664 3612 effe
676 3581 745 3610 dicit
757 3578 886 3616 Virgilius
899 3599 907 3613 ‚
928 3585 986 3614 quo
996 3582 1122 3612 tempore
1132 3581 1207 3604 vetat
1220 3572 1326 3603 sumere

215 3629 299 3659 ullius
307 3627 399 3664 operis
410 3625 522 3655 initium
531 3645 539 3658 ‚
563 3632 586 3651 1.
598 3621 699 3656 Georg.
709 3623 774 3655 278.

307 3665 318 3695 1
342 3663 366 3692 sa
376 3664 434 3692 dies
443 3661 511 3691 alios
522 3659 578 3691 alio
590 3658 669 3687 dedit
680 3656 779 3685 ordine
792 3653 868 3684 Luna

305 3674 412 3732 Figlices
421 3707 538 3737 operum
549 3719 556 3731 ,
578 3696 702 3734 quintam
715 3694 797 3730 fuge:
821 3690 940 3729 pallidus
952 3689 1043 3718 Orcus

304 3736 526 3772 Eumenidesque
536 3735 613 3763 satae:
634 3738 694 3761 tum
705 3738 783 3768 partu
795 3736 867 3759 terra
878 3727 998 3756 nefando

306 3776 461 3810 Coeumque
473 3795 481 3808 ‚
502 3773 684 3809 Iapetumque
694 3775 786 3802 creat.
807 3767 963 3802 saevumque
979 3763 1125 3801 Typhoea,

306 3810 341 3843 Et
350 3812 506 3846 conjuratos
518 3809 616 3838 caelum
628 3806 782 3836 rescindere
790 3805 894 3834 fratres.

178 3856 201 3886 C
211 3864 229 3884 o
237 3863 252 3882 a
261 3862 278 3881 x
289 3861 302 3880 Ε
313 3860 328 3878 a
337 3859 355 3878 c
366 3859 374 3877 ι
386 3858 406 3876 Τ
416 3850 431 3876 i‘i
440 3857 460 3875 'r
470 3857 487 3875 u
495 3857 507 3875 s
521 3868 530 3882 ,
551 3857 565 3875 a
574 3867 581 3881 ‚
602 3853 660 3874 urn.
691 3837 975 3879 [συνιλὶειωπιιᾶἇῶι]
995 3847 1011 3867 a
1026 3838 1086 3866 Con
1107 3838 1133 3866 δι
1147 3834 1325 3865 Exercitatus.

217 3888 337 3927 Quintil.
354 3886 402 3915 lib.
414 3894 440 3913 2.
452 3893 512 3920 cap.
527 3893 568 3919 ¹7·
583 3892 651 3912 extr.
673 3882 765 3910 Artem
784 3880 907 3909 constare
919 3886 954 3906 ex
968 3873 1203 3914 praeceptionibus
1214 3873 1330 3902 consen.

213 3927 347 3958 tientibus
359 3926 384 3952 δι
394 3920 586 3950 coexercitatis
595 3921 630 3948 ad
639 3919 722 3947 linem
732 3917 829 3946 utilem
839 3919 910 3945 vitae.

215 3961 453 4000 PerceptionibuS.
476 3958 510 3986 H.
525 3959 562 3985 St.
586 3957 664 3985 Hanc
673 3955 916 3985 emendationem,
938 3960 1018 3988 quam
1031 3949 1113 3978 etiam
1123 3942 1330 3978 Comn'ientato-

235 4012 277 4032 res
287 3999 361 4030 Fabii
373 3997 496 4035 plerique
506 3993 627 4031 probant
638 4014 646 4027 ‚
667 3992 733 4020 alibi
753 3992 886 4021 adstruxit
898 3989 1034 4018 Henricus
1047 3987 1146 4015 noster.
1189 3986 1218 4016 V.
1241 3984 1330 4015 Alme-

234 4041 290 4071 lov.
303 4039 339 4068 ad
350 4036 404 4065 loc.

1720 145 1748 165 ’.-

1849 163 1877 197 G
1979 163 2012 197 O

1384 246 1431 276 co
1443 255 1460 274 c
1471 254 1487 274 A
1500 254 1572 288 ulus
1587 266 1595 287 7
1618 244 1635 273 i.
1657 253 1693 273 ni.
1715 244 1828 273 Fluvius
1840 243 1878 273 est
1892 243 2037 278 Mroniae,
2060 244 2094 272 ad
2117 242 2238 272 radicem
2254 243 2348 273 Tmoli
2362 245 2464 273 montis
2498 238 2531 278 de
2560 242 2564 270 ἲ

1422 294 1475 320 quo
1490 283 1554 311 le.
1575 282 1621 310 lib.
1640 293 1660 317 ς.
1678 292 1736 318 cap.
1754 292 1795 315 ῖς,
2471 267 2479 279 ⁹

1384 321 1458 350 Coc·
1468 331 1505 349 ao
1518 330 1536 348 Ν
1548 330 1562 348 υ
1574 330 1584 348 s
1597 342 1603 352 .
1625 321 1641 348 i.
1665 330 1697 348 ni.
1719 319 1889 354 i'·l.si;ist1¹.itus
1905 318 2017 354 quidam
2028 318 2078 346 siiit
2090 318 2160 346 inter
2172 317 2264 351 Getas,
2280 327 2334 353 quo
2350 318 2396 354 qui
2407 318 2530 356 fungeba.
2560 318 2563 349 Ξ

2105 162 2138 195 G

1422 365 1465 387 tur
1477 380 1484 393 ,
1509 366 1539 386 ut
1551 359 1604 394 regi
1620 358 1724 385 ssi-iiiior
1735 351 1836 384 ..instet
1846 358 2010 393 oportebat:
2032 362 2168 391 tantaque
2183 355 2350 391 dignationis
2361 363 2435 390 erat,
2455 363 2485 386 ut
2494 358 2533 387 di.
2559 374 2592 393 ;.·

1419 397 1482 424 vina
1494 403 1586 424 mente
1601 396 1727 431 prestito>
1742 394 1894 422 liberetur.
1919 394 1982 422 Haec
1995 392 2068 422 Alex.
2079 393 2111 421 ab
2122 392 2194 421 Alex.
2208 393 2254 421 lib.
2269 403 2293 427 4.
2308 402 2367 428 cap.
2381 402 2424 427 23.

1384 434 1485 476 (ἔα-ρο
1498 443 1585 461 rosi
1599 441 1633 472 A.
1655 442 1684 460 ae.
1709 433 1726 460 t'.
1751 432 1835 459 Arbor
1847 432 1884 460 est
1897 431 2047 460 Adiachnae
2064 440 2118 459 non
2136 430 2279 463 absimilis.
2302 430 2436 464 fructum,
2456 430 2528 461 lanu.
2559 423 2562 452 i

1421 480 1605 536 {lurdonum
1620 472 1740 507 Pappum
1757 475 1877 502 vocant.
1899 469 2045 498 amittens:
2070 464 2145 504 quoii
2163 467 2232 496 nulli
2254 468 2300 497 alii
2319 467 2410 497 arbori
2430 469 2528 500 evenit.

1448 532 1453 537 .
1478 508 1544 537 l'liri.
1558 509 1603 536 lib.
1621 518 1659 543 13.
1675 518 1734 544 cup.
1748 517 1790 535 η.
1834 505 1991 535 narduinus
2003 506 2068 544 legit
2079 506 2223 542 Coccygia.
2558 497 2562 521 7

1384 547 1406 575 C
1416 557 1432 575 Ο
1441 556 1458 574 G
1468 548 1477 574 ἶ
1494 556 1507 573 Γ
1517 556 1533 573 0
1542 566 1549 579 5
1573 545 1673 581 [diram
1682 567 1689 579 ·›
1710 539 1759 579 Caly«
1773 545 1867 579 ιέαμοω,
1886 543 2027 578 &Juptgffflai
2037 567 2044 579 7
2063 544 2172 577 έππνοέω]
2193 546 2247 572 ᾖτε,
2266 542 2303 572 est
2316 541 2412 571 Mente
2423 542 2529 579 agitare⁵

1420 587 1446 613 ot
1461 583 1545 612 veluti
1557 583 1586 611 ln
1598 592 1672 610 mora
1682 581 1735 611 else
1745 581 1850 610 consilii
1860 581 2027 618 explicandi.
2067 581 2126 610 Cic.
2140 591 2165 616 ς.
2182 580 2263 610 Tusc.
2279 590 2340 609 110.
2371 579 2467 609 Vivere
2486 577 2545 610 don-f
2562 575 2580 602 ‘'-

1422 623 1467 650 ἃς)
1482 621 1539 649 viro
1550 642 1557 655 ,
1580 621 1617 649 est
1627 621 1754 655 cogitare.

1418 658 1495 688 Inter
1507 658 1634 693 Cogitare
1649 659 1673 687 ἃ
1694 657 1849 686 Deliberare
1859 653 1915 684 hoc
1927 654 2054 689 interest;
2086 655 2213 690 Cogitare
2224 677 2231 688 ‚
2253 654 2290 684 est
2307 653 2459 683 Dubitare:
2481 654 2531 684 De-

1438 696 1553 725 liberare
1565 718 1572 731 ,
1595 695 1772 724 Confirmare.
1796 695 1860 724 Haec
1874 694 1991 722 Nonius.
2033 693 2097 722 Non
2111 693 2149 722 est
2163 699 2294 729 perpetua
2311 693 2371 720 haec
2387 692 2471 720 Nonii
2483 692 2548 728 dis-j
2568 691 2570 696 ’

1438 735 1565 768 ferentia,
1588 742 1678 770 neque
1692 734 1720 761 in
1732 742 1804 767 uno,
1827 741 1916 768 neque
1926 732 1953 759 in
1964 730 2060 759 altero.
2083 740 2147 758 nam
2157 729 2343 759 Deliberatum
2357 729 2426 766 saepe
2434 729 2530 760 dicitur

1440 782 1489 809 pro
1497 771 1627 804 Decreto.
1641 771 1796 807 &cogitare
1806 769 1841 799 de
1852 767 2238 806 protectioneQiproficisci
2246 768 2302 804 jam
2311 774 2374 797 ante
2383 767 2530 797 constituit.
2568 770 2575 805 J

1420 809 1510 838 Labor
1522 809 1671 846 cogitandi.
1695 808 1752 837 Cic.
1765 809 1799 837 de
1811 807 1880 837 Clar.
1896 807 1975 836 Orat.

1420 848 1535 876 Animus
1545 848 1654 884 cogitat.
1678 846 1783 875 Lucret.
1797 857 1822 880 4.
1840 850 1904 881 788.

1420 885 1504 915 Mens
1517 886 1628 921 cogitat,
1652 884 1758 914 Lucret.
1772 895 1798 919 4.
1811 889 1875 920 781.

1420 922 1532 959 Aliquid
1541 921 1670 959 cogitare.
1692 921 1749 951 Cic.
1763 931 1813 957 pro
1831 920 1931 951 Milon.
1948 928 1991 956 57.
2528 942 2531 958 ‚
2580 937 2582 942 »

1420 960 1588 990 Acutilsime.
1612 960 1669 989 Cic.
1684 970 1706 988 1.
1724 959 1781 988 Off.

1421 999 1587 1028 Commode.
1615 998 1646 1027 V.
1670 1008 1687 1026 c
1695 1008 1711 1026 o
1723 1008 1743 1026 M
1753 1008 1773 1026 M
1783 1007 1799 1026 o
1808 1007 1826 1026 D
1835 1006 1854 1025 u
1863 1005 1884 1025 s.

1419 1036 1486 1070 Dies
1497 1038 1522 1066 ὁὶ
1533 1038 1629 1065 noctes
1639 1035 1743 1072 aliquid
1756 1042 1883 1072 reputare
1897 1035 1923 1063 Sc
1933 1033 2064 1070 cogitare.
2085 1032 2145 1062 Cic.
2161 1041 2212 1070 pro
2226 1030 2318 1062 Deiot.
2331 1035 2377 1068 38.

1419 1072 1544 1103 Multum
1556 1076 1582 1103 δι
1594 1075 1651 1103 diu.
1693 1073 1721 1102 V.
1746 1084 1767 1101 M
1776 1083 1794 1101 u
1804 1083 1820 1100 1.
1830 1081 1850 1100 'r
1859 1081 1907 1100 us.

1419 1112 1535 1142 Mecum
1548 1112 1678 1149 cogitare.
1717 1111 1821 1149 Sulpic.
1839 1109 1874 1139 ad
1885 1110 1943 1139 Cic.
1955 1119 1982 1145 4.
1997 1107 2073 1138 Fam.
2088 1118 2113 1144 ς.
2135 1107 2218 1145 Coepi
2240 1111 2351 1145 egomet
2367 1114 2478 1136 mecum
2495 1100 2530 1137 lie
2568 1113 2581 1146 ,ᾗ

1418 1151 1727 1231 Οἰέῗὲὲῗῗῖεῖεοῗὲξυηι,
1747 1185 1792 1215 Tu
1804 1185 1866 1215 illos
1880 1207 1889 1220 ,
1902 1186 1953 1216 διο.
1974 1183 2040 1213 Ter.
2051 1182 2129 1213 Adel.
2144 1193 2167 1219 ς.
2181 1191 2204 1220 3.
2215 1191 2261 1213 22.

1421 1226 1549 1262 Cogitate
1561 1225 1590 1254 in
1601 1226 1705 1254 animo.
1726 1224 1790 1253 Ter.
1804 1222 1879 1252 Adel.
1896 1233 1917 1251 i.
1935 1232 1958 1250 r.
1968 1230 1994 1256 7.

1420 1264 1533 1301 Cogites
1544 1263 1598 1292 hoc
1606 1270 1635 1293 tu
1648 1272 1760 1292 mecum
1770 1262 1873 1290 animo.
1897 1260 1960 1290 Ter.
1973 1258 2049 1289 Adel.
2064 1268 2088 1294 3.
2101 1269 2127 1294 4.
2143 1268 2187 1294 55.

1421 1302 1550 1338 Cogitate
1559 1311 1624 1330 curn
1633 1302 1737 1330 animo.
1760 1299 1818 1329 Cic.
1832 1309 1858 1329 2.
1870 1298 1986 1342 dejLege
1998 1298 2057 1334 Agr.
2068 1300 2114 1326 62.
2135 1296 2190 1326 Vos
2201 1300 2295 1325 tamen
2308 1295 2337 1324 id
2349 1294 2460 1334 potestis
2470 1297 2529 1326 cuni

1441 1340 1540 1369 animis
1549 1339 1643 1368 vestris
1653 1339 1782 1375 cogitare.

1420 1378 1548 1421 eogitare
1559 1377 1593 1406 aa
1605 1376 1732 1406 verbum.
1773 1374 1839 1418 Prin.
1852 1373 1899 1403 rib.
1911 1384 1938 1408 9.
1949 1372 2031 1410 Epist.
2050 1375 2093 1409 3⁶.
2125 1371 2225 1408 Cogito
2243 1370 2261 1400 si
2274 1370 2341 1407 quid
2350 1370 2379 1399 in
2388 1368 2529 1406 manibus.

1439 1423 1532 1459 cogito
1547 1415 1582 1444 ad
1593 1415 1708 1444 verbum
1719 1436 1727 1449 ,
1748 1413 1877 1443 scribenti
1887 1411 2103 1448 emendantique
2119 1409 2232 1445 similis,
2254 1418 2329 1438 nunc
2336 1407 2431 1446 plura,
2455 1412 2526 1438 nunc
2569 1419 2573 1430 ·

1460 1463 1580 1483 auclora.

1419 1464 1564 1522 lrillituere
1574 1491 1700 1520 animuin
1713 1489 1748 1519 ad
1759 1488 1949 1526 cogitandum.
1988 1485 2102 1516 Terent.
2115 1484 2257 1514 Phorm.i.
2271 1493 2296 1520 5.
2312 1493 2355 1514 10.
2381 1482 2423 1513 Ita
2432 1481 2489 1512 sum
2499 1483 2533 1512 ira
2561 1496 2565 1508 ·

1440 1530 1534 1559 ritatus
1546 1551 1554 1565 ,
1575 1529 1700 1557 animum
1710 1535 1741 1557 ut
1753 1537 1889 1563 nequeam
1899 1527 1935 1555 ad
1949 1523 2128 1561 cogitandum
2139 1523 2287 1552 instituere.

1421 1567 1568 1597 Graviores
1579 1573 1669 1604 partes
1678 1566 1714 1594 ad
1723 1565 1912 1602 cogitandum.
1953 1563 2012 1592 Cic.
2033 1571 2084 1600 pro
2099 1561 2178 1590 Font.
2195 1570 2237 1590 12.
2271 1559 2320 1589 Nae
2336 1558 2424 1588 multo
2442 1554 2539 1588 vestrae'

1439 1606 1558 1641 majores
1569 1603 1760 1642 gravioresque
1771 1610 1863 1641 partes
1876 1601 1939 1631 sunt
1957 1601 1993 1630 ad
2008 1599 2189 1638 cogitandum
2199 1620 2208 1635 ‚
2231 1607 2315 1635 quam
2332 1596 2367 1627 ad
2384 1595 2531 1627 dicendum
2567 1623 2571 1626 ,

2525 1635 2529 1646 v

1440 1654 1519 1672 nieae.

1419 1680 1536 1711 Sumere
1547 1680 1664 1718 spatium
1672 1680 1718 1709 vel
1727 1685 1837 1716 tempus
1849 1677 1884 1707 ad
1896 1676 2084 1713 cogitandum.
2108 1674 2166 1704 Cic.
2180 1684 2203 1704 1.
2216 1673 2252 1703 de
2264 1672 2341 1702 Orat.

1420 1719 1602 1763 Nec-aequum
1615 1740 1623 1753 ‚
1643 1728 1717 1747 anne
1731 1718 1857 1754 iniquum
1868 1716 1987 1752 imperet
1995 1712 2136 1751 cogitabit.
2158 1711 2243 1741 Plaut.
2253 1710 2352 1748 Amph.
2366 1717 2391 1738 1.
2404 1717 2428 1739 1.
2443 1718 2485 1745 19.

1421 1757 1610 1794 Cogitaetiam
1622 1763 1704 1794 atque
1713 1756 1806 1785 etiam.
1827 1754 1892 1784 Ter.
1906 1751 2032 1783 Eunuch.
2045 1761 2068 1780 1.
2083 1761 2106 1780 1.
2126 1760 2168 1780 11.

1422 1795 1537 1832 Quanto
1546 1795 1632 1831 magis
1643 1816 1651 1828 ‚
1672 1793 1810 1831 magisque
1824 1792 1926 1829 cogito.
1947 1791 2010 1820 Ter.
2025 1789 2095 1818 Eun.
2111 1797 2134 1825 3.
2145 1796 2170 1823 3.
2185 1797 2209 1816 1.

1421 1833 1547 1863 Cernunt
1556 1854 1563 1867 ‚
1584 1832 1726 1869 cogitant,
1747 1830 1869 1860 sentiunt
1879 1829 1975 1858 omnia
1989 1827 2106 1856 certiora
2115 1825 2210 1855 animi.
2232 1822 2290 1854 Cic.
2302 1831 2329 1854 2.
2341 1822 2377 1852 de
2388 1821 2479 1853 Divin-

1422 1871 1550 1909 Cogitare
1561 1869 1642 1899 aliam
1654 1870 1711 1898 re'm
1721 1879 1756 1899 ex
1765 1868 1826 1897 alia.
1847 1867 1961 1897 Terent.
1971 1865 2039 1895 Eun.
2053 1875 2078 1900 4.
2089 1874 2114 1893 2.
2128 1873 2154 1900 3.

1513 1909 1589 1938 Dum
1603 1918 1647 1937 rus
1657 1917 1690 1937 eo
1703 1930 1710 1942 ‚
1731 1906 1924 1943 coepiegomet
1934 1912 2045 1933 mecum
2056 1902 2128 1931 inter
2136 1901 2193 1931 vias
2203 1920 2213 1937 ‚

1512 1946 1555 1976 Ita
1567 1951 1597 1975 ut
1606 1945 1636 1975 fit
1645 1968 1653 1980 ,
1674 1945 1723 1974 ubi
1739 1944 1806 1980 quid
1814 1944 1841 1972 in
1850 1944 1943 1973 animo
1957 1942 1995 1971 est
2005 1940 2135 1970 molestiae
2146 1959 2155 1976 ‚

1515 1984 1602 2013 Aliam
1615 1993 1663 2012 rex
1673 1993 1709 2012 ex
1720 1982 1775 2012 alia
1788 1981 1919 2018 cogitare.

1421 2017 1620 2060 Nullaspecies
1629 2021 1743 2057 cogitari
1758 2020 1866 2058 potest,
1887 2017 1937 2047 nisi
1949 2015 2067 2053 impulsu
2078 2014 2240 2051 imaginum.
2282 2012 2340 2043 Cic.
2353 2021 2378 2043 2.
2392 2012 2427 2042 de
2440 2011 2530 2044 Divitia
2552 2013 2554 2027 ¹>
2591 2012 2594 2030 ³

1444 2069 1505 2097 137.
1530 2060 1570 2089 De
1580 2059 1747 2096 imaginibus
1762 2057 1807 2086 seu
1817 2056 1961 2094 speciebus
1971 2054 2081 2091 Epicuri
2094 2053 2216 2089 loquitur
2228 2073 2235 2086 ‚
2257 2061 2323 2088 quas
2334 2051 2366 2080 ab
2383 2050 2463 2080 rebus
2473 2060 2531 2088 proi
2552 2064 2553 2072 κ
2592 2050 2594 2068 ¹

1441 2099 1577 2132 deuntes‚
1598 2098 1635 2127 ad
1644 2096 1741 2126 oculos
1752 2095 1835 2132 usque
1852 2094 2008 2132 pertingere
2015 2090 2141 2127 jactabat.
2164 2090 2199 2119 de
2215 2089 2312 2126 quibus
2322 2088 2369 2118 llb.
2384 2099 2407 2118 1.
2425 2089 2461 2118 de
2470 2089 2531 2119 Pin.

1439 2146 1485 2166 21.
1502 2136 1537 2165 sic
1547 2135 1603 2170 ait,
1622 2135 1772 2172 Imagines,
1795 2143 1854 2169 quae
1866 2131 1940 2161 idola
1948 2131 2114 2164 nominant,
2134 2136 2251 2165 quorum
2260 2127 2412 2156 incursione
2423 2135 2481 2156 non
2493 2126 2532 2156 so·-
2544 2142 2554 2158 .
2580 2160 2582 2162 q

1441 2174 1500 2203 lum
1509 2173 1651 2202 videamus
1660 2194 1668 2207 ,
1689 2172 1736 2201 sed
1748 2172 1831 2200 etiam
1841 2171 2005 2206 cogitemus.
2366 2178 2373 2184 ν

1422 2212 1567 2249 Cogitate,
1585 2210 1701 2244 sentire,
1721 2208 1829 2247 opinari
1845 2230 1853 2243 ,
1874 2208 2021 2244 expectare
2029 2203 2141 2241 aliquid.
2163 2202 2220 2233 Cic.
2237 2212 2259 2232 x.
2271 2201 2306 2231 de
2317 2201 2394 2231 Orat.
2407 2210 2471 2238 223.
2491 2225 2493 2227 .

1422 2249 1551 2287 Cogitate
1563 2248 1598 2278 de
1608 2248 1701 2285 aliquo
1712 2269 1720 2283 ‚
1745 2244 1992 2277 Eumininenioria
2001 2242 2110 2272 habere.
2151 2240 2216 2271 Ter.
2233 2240 2301 2270 Eun.
2316 2249 2340 2269 1.
2352 2249 2378 2269 2.
2392 2249 2452 2276 114.
2484 2238 2530 2270 Me
2552 2241 2553 2248 ¹

1441 2288 1589 2324 expecsts,
1612 2286 1647 2315 de
1659 2295 1704 2314 me
1717 2285 1831 2322 cogites.

1422 2325 1551 2369 Cogitate
1561 2324 1596 2353 de
1607 2333 1636 2352 re
1646 2323 1745 2360 aliqua.
1786 2322 1846 2351 Cic.
1858 2320 1893 2350 de
1907 2319 2015 2349 Amicit.
2044 2315 2194 2355 Saepillime
2215 2314 2298 2353 igitur
2312 2313 2383 2344 mihi
2396 2314 2432 2344 de
2442 2315 2531 2345 amici·
2558 2341 2559 2344 ,

1441 2369 1478 2392 tia
1495 2362 1646 2399 cogitanti,
1666 2363 1717 2391 &c.
2550 2362 2552 2372 ³

1422 2398 1590 2437 vigilantem
1602 2399 1723 2436 cogitare
1733 2398 1767 2427 de
1777 2406 1806 2426 re
1817 2396 1916 2432 aliqua.
1959 2394 2016 2423 Cic.
2029 2402 2055 2422 2.
2071 2393 2106 2421 de
2114 2391 2207 2421 Divin.
2220 2400 2282 2425 ¹40·
2303 2390 2531 2427 Maximaequeie.

1441 2439 1533 2474 liquiae
1545 2447 1636 2467 rerum
1647 2446 1740 2466 earum
1755 2441 1905 2464 moventur
1919 2433 1948 2460 in
1966 2431 2065 2461 animis
2081 2432 2107 2461 ἃ
2120 2431 2272 2468 agitantur,
2293 2428 2330 2458 de
2351 2428 2451 2465 quibus
2467 2428 2528 2467 vigi⁴
2541 2440 2550 2464 ;.

1441 2476 1530 2505 lantes
1540 2480 1586 2504 aut
1598 2475 1779 2510 cogitavimus
1789 2477 1836 2501 aut
1849 2471 1964 2508 egimus.
2552 2476 2553 2482 =

1422 2514 1535 2550 Aliquid
1546 2514 1581 2542 de
1589 2523 1616 2542 re
1628 2513 1682 2542 sua.
1710 2511 1768 2541 Cic.
1781 2521 1806 2540 2.
1823 2510 1859 2539 de
1870 2509 1946 2537 Orat.
1963 2513 2023 2536 ιω..

1421 2552 1498 2582 Toto
1510 2553 1620 2589 pectore
1629 2552 1664 2580 de
1676 2559 1704 2579 re
1716 2549 1814 2585 aliqua.
1854 2546 1912 2576 Cic.
1928 2555 1969 2582 ¹3·
1991 2546 2043 2573 Att.
2060 2552 2102 2573 η.
2131 2542 2174 2573 De
2194 2541 2356 2580 Scapulanis
2374 2539 2460 2571 hortis
2473 2545 2529 2570 toto

1440 2592 1555 2628 pectore
1567 2588 1735 2624 cogitemus:
1759 2585 1818 2616 dies
1833 2583 1917 2615 adest.
1957 2583 1985 2612 h.
1998 2592 2023 2612 e.
2054 2581 2121 2611 Dies
2144 2581 2297 2616 auctionis,
2318 2589 2373 2618 quo
2388 2578 2529 2617 Scapulaui
2548 2600 2555 2614 ,

1463 2636 1505 2656 Ost
1536 2637 1542 2645 “
1613 2637 1628 2654 U
1665 2648 1671 2655 .

1422 2627 1663 2702 Nhullulnitltgiiipgs
1675 2661 1775 2700 agendi
1794 2662 1820 2690 ἃ
1838 2658 1981 2697 cogitandi
1997 2658 2032 2687 de
2047 2666 2076 2686 re
2088 2656 2178 2694 aliqua
2191 2655 2418 2695 praetermittitur.
2439 2654 2495 2684 Cic.
2505 2665 2528 2685 ι.
2548 2673 2556 2684 ,

1442 2704 1518 2733 Fani.
1538 2714 1561 2738 ς.

1422 2741 1465 2771 De
1480 2741 1571 2776 aliquo
1583 2741 1609 2770 ἅ
1620 2737 1788 2768 ornamentis
1798 2737 1856 2772 ejus
1867 2736 1892 2764 ἂ
1904 2732 2060 2763 commodis
2071 2731 2200 2769 cogitare.
2223 2731 2282 2760 Cic.
2299 2740 2320 2759 i.
2334 2730 2408 2760 Fam.
2421 2737 2446 2768 7.

1423 2780 1478 2816 Spe
1487 2800 1494 2814 ‚
1516 2786 1597 2815 atque
1608 2778 1701 2806 animo
1712 2776 1747 2804 de
1759 2775 1784 2803 se
1794 2796 1802 2809 ,
1825 2775 1850 2803 ἃ
1862 2773 1947 2810 gloria
1954 2771 2001 2800 sua
2014 2771 2146 2807 cogitare.
2168 2769 2225 2798 Cic.
2233 2778 2284 2807 pro
2294 2768 2385 2798 Rabir.
2398 2777 2441 2803 ²9-

1424 2817 1495 2847 Cum
1503 2815 1681 2845 solicitudine
1690 2814 1810 2850 cogitare
1820 2812 1854 2840 de
1866 2810 1969 2845 aliquo.
1992 2808 2049 2838 Cic.
2061 2818 2084 2836 2.
2098 2808 2133 2836 de
2143 2807 2233 2836 Divin.
2249 2817 2307 2841 ¹40·
2327 2806 2390 2835 Tibi
2400 2803 2528 2834 autemde
2547 2800 2550 2809 ⁴

1443 2865 1488 2884 rne
1501 2860 1565 2884 culn
1577 2852 1753 2882 solicitudine
1765 2850 1898 2887 cogitanti
1910 2847 2000 2877 subito
2011 2845 2069 2875 sum
2079 2845 2150 2874 visus
2165 2844 2284 2874 emersus
2295 2854 2310 2873 e
2322 2844 2445 2873 flumine.
2546 2837 2548 2844 ’

1423 2893 1467 2923 De
1477 2899 1564 2921 morte
1572 2889 1774 2921 consciscenda.
1805 2888 1879 2916 Suet.
1891 2887 1921 2915 in
1931 2885 2027 2913 Claud.
2039 2893 2054 2912 c
2063 2893 2098 2920 ip.
2115 2892 2158 2919 31.
2180 2883 2302 2919 Excepto
2315 2881 2446 2910 stomachi
2457 2878 2530 2910 dolo·

1444 2940 1471 2959 re
1487 2952 1494 2966 ,
1517 2939 1572 2967 quo
1584 2929 1608 2957 se
1619 2935 1775 2964 correptum
1783 2925 1865 2954 etiam
1876 2925 1911 2952 de
1923 2921 2119 2952 consciscenda
2127 2928 2215 2950 morte
2224 2919 2353 2958 cogitass'e
2363 2919 2441 2949 dixit.
2552 2920 2553 2925 ¹

1424 2968 1467 2998 De
1477 2967 1602 3005 pernicie
1613 2966 1738 2998 alicuius.
1762 2964 1819 2992 Cic.
1832 2968 1879 2998 pro
1891 2961 1979 2991 Flacc.

1423 3006 1466 3035 De
1478 3004 1656 3043 pericu¹0suo
1668 3003 1797 3039 cogitare.
1821 3001 1896 3029 Curt.
1914 3003 1939 3027 6.
1953 3004 1978 3032 8.
1991 3007 2014 3032 5.

1425 3044 1553 3080 Cogitate
1564 3042 1598 3071 de
1610 3042 1749 3070 exeundo.
1790 3038 1849 3068 Cic.
1860 3047 1884 3072 7.
1905 3037 1958 3066 Att.
1979 3045 2020 3070 ¹4-

1444 3082 1510 3118 quid
1522 3081 1627 3117 cogites
1637 3079 1671 3107 de
1680 3077 1824 3111 exeundo,
1844 3074 1879 3105 de
1890 3081 2002 3110 totaque
2013 3081 2041 3101 re
2050 3072 2117 3109 quid
2127 3071 2274 3100 existimes.

1423 3117 1590 3150 Ilunianiter
1602 3139 1610 3152 ,
1632 3118 1657 3146 δι
1670 3116 1822 3153 sapienter,
1844 3115 1870 3143 ἅ
1885 3110 2038 3141 amabiliter
2058 3110 2177 3146 cogitare
2193 3109 2220 3137 in
2233 3109 2361 3145 aliquem.
2401 3105 2530 3136 Antonius

1443 3158 1478 3186 ad
1491 3158 1548 3186 Cic.
1564 3166 1605 3190 14.
1630 3158 1681 3183 Att.
1700 3162 1738 3189 ¹3·
1763 3151 1818 3181 Sed
1830 3148 1988 3179 mehercule
2003 3148 2019 3176 li
2032 3146 2196 3179 humaniter,
2219 3148 2243 3175 Si
2255 3143 2529 3183 s..pienter&amabi⁴

1444 3195 1507 3224 liter
1520 3195 1547 3222 in
1560 3202 1605 3222 me
1615 3193 1738 3228 cogitare
1750 3191 1789 3219 vis
1805 3212 1812 3223 .
1834 3188 1945 3218 facilem
1961 3193 1988 3215 te
1998 3184 2122 3223 profecto
2134 3184 2267 3222 praebebis
2277 3206 2284 3218 ,
2297 3186 2348 3212 διο.

1425 3232 1596 3262 Britanniam
1608 3230 1738 3266 cogitare.
1779 3227 1836 3256 Cic.
1850 3237 1890 3261 ις.
1916 3224 1987 3254 Fam.
2005 3228 2045 3252 16.
2069 3222 2123 3251 Sed
2138 3222 2154 3250 li
2170 3221 2286 3251 insulani
2294 3219 2461 3259 Britanniam
2477 3224 2530 3247 αἰ·-

1444 3280 1511 3308 pero
1523 3270 1644 3306 cogitare
1653 3290 1661 3302 ‚
1682 3267 1741 3302 ejus
1750 3258 1840 3291 ἐέὲὶιλον
1854 3261 1922 3293 mihi
1933 3260 2114 3291 advolabitad
2124 3261 2229 3296 pectus.
2437 3286 2441 3289 ,

1425 3308 1542 3338 Facinus
1551 3307 1681 3343 cogitare.
1720 3304 1794 3332 Curt.
1807 3307 1833 3332 6.
1850 3311 1890 3330 ii.
1905 3309 1948 3336 37.
1972 3298 2142 3327 Demetrium
2155 3299 2179 3325 Sc
2193 3295 2308 3334 seipsum
2328 3295 2356 3323 id
2370 3294 2474 3324 facinus
2487 3300 2545 3329 ³⁰³2

1447 3344 1539 3381 gitasl'e
1547 3342 1684 3373 confell'us
1693 3341 1738 3371 est.
1779 3340 1797 3369 i.
1807 3350 1831 3369 e.
1855 3337 2023 3375 Propositum
2033 3333 2154 3364 habiiiil'e
2165 3344 2196 3364 ac
2206 3334 2380 3363 destinatum.
2544 3337 2545 3341 ¹

1426 3383 1565 3413 Fratidem
1576 3382 1697 3418 cogitare
1708 3378 1799 3408 alicui.
1824 3377 1917 3406 Horat.
1931 3385 1956 3404 2.
1975 3374 2055 3411 Epist.
2073 3382 2094 3401 ι.
2114 3381 2170 3400 νυ..

2050 3033 2094 3063 Tu
2114 3032 2170 3070 ipse
2184 3041 2249 3062 cum
2264 3033 2349 3063 Sexto
2366 3031 2433 3062 scire
2448 3023 2528 3061 'velim
2538 3042 2539 3048 ’
2566 3052 2569 3073 3

2563 3138 2594 3211 ἔῃ·

2558 3215 2562 3222 ,
2581 3194 2594 3215 ici

2561 3254 2594 3292 {lii

2556 3290 2572 3338 i

2575 3294 2594 3331 lii

2569 3357 2571 3366 .
2577 3338 2590 3367 ii

2577 3372 2594 3406 'aii

1515 3420 1579 3450 Non
1590 3418 1715 3448 fraudem
1727 3415 1819 3449 socio,
1841 3423 1928 3452 puero
1945 3421 2000 3440 non
2020 3412 2123 3447 cogitat
2139 3409 2222 3438 ullam
2577 3423 2592 3447 ff.

1519 3456 1636 3494 Puplilo.
1719 3454 1758 3483 Ita
1770 3459 1874 3482 veteres
1889 3448 2045 3484 editiones;
2067 3447 2113 3477 sed
2129 3448 2228 3477 reclius
2245 3445 2292 3476 alii
2304 3444 2418 3483 legunt,
2437 3443 2529 3475 Puero·
2553 3435 2594 3482 *allisi¹

1444 3505 1478 3524 ve
1489 3495 1622 3528 incogitat
1631 3493 1724 3522 ullam.
2567 3493 2593 3520 ”im

1425 3533 1641 3571 proscriptiones
1651 3532 1674 3560 8(
1685 3531 1832 3558 dietaturas
1847 3526 1893 3555 libi
1903 3523 2038 3562 polliceri.
2060 3521 2110 3551 Cic
2131 3531 2156 3550 2.
2171 3521 2200 3550 in
2213 3519 2292 3550 Catil.
2305 3529 2351 3549 20.
2480 3529 2490 3549 s
2567 3521 2593 3557 'rii

1426 3572 1503 3606 Quid
1513 3571 1615 3606 cogitet
1624 3568 1757 3598 humidus
1769 3564 1876 3596 Auster.
1898 3562 1945 3592 Sol
1955 3562 2002 3591 tibi
2016 3560 2086 3596 signa
2097 3560 2181 3588 dabit.
2222 3560 2238 3587 i.
2251 3568 2273 3586 e.
2298 3558 2327 3587 ln
2340 3567 2420 3590 quarn
2431 3555 2529 3594 partem
2566 3549 2594 3594 iffi*

1445 3609 1470 3638 se
1482 3609 1590 3641 flet-tut,
1612 3615 1703 3636 utrum
1712 3604 1746 3633 ad
1759 3602 1882 3641 pluviam
1893 3623 1901 3634 ,
1922 3610 1956 3628 an
1967 3599 2000 3628 ad
2008 3598 2190 3627 serenitatem.
2213 3596 2284 3632 virg.
2303 3605 2323 3624 i.
2340 3596 2437 3631 Georg.
2451 3597 2509 3627 4⁶2·
2567 3578 2594 3635 15„AE

1424 3647 1529 3677 Saxa&
1542 3652 1658 3674 montes.
1701 3642 1757 3670 Cic.
1769 3651 1794 3670 2.
1806 3640 1841 3669 de
1853 3638 1945 3676 Legib.
1958 3646 1984 3667 2.
2020 3634 2097 3665 Nihil
2113 3635 2188 3664 enim
2204 3633 2284 3662 hisin
2297 3632 2367 3662 locis
2379 3629 2527 3661 nilisaxa&
2566 3638 2594 3673 :gx-h

1445 3691 1554 3713 montes
1566 3680 1732 3719 cogitabam.
2573 3684 2593 3711 m

1424 3722 1609 3758 Suspendium
1621 3719 1748 3755 cogitare.
1772 3713 1889 3744 Martial.
1900 3712 1946 3741 lib.
1963 3720 1986 3740 1.
2002 3713 2063 3739 116.
2365 3714 2366 3717 ¹
2571 3707 2594 3750 firm

1424 3759 1524 3796 Cogito
1536 3760 1563 3787 in
1574 3756 1776 3787 'l‘uscuianumz
1799 3749 1854 3780 hoc
1863 3748 1988 3786 estquod
1999 3747 2103 3777 barbari
2114 3746 2227 3779 dicunt,
2250 3744 2379 3773 Existimo
2391 3745 2415 3773 δι
2429 3740 2528 3773 delibe-
2571 3760 2589 3786 ,Ἦ

1442 3806 1472 3824 ro
1488 3798 1526 3825 ire
1539 3796 1575 3824 in.
1618 3794 1675 3823 Cic.
1688 3803 1712 3821 ².
1733 3793 1784 3820 Att.
1799 3801 1824 3824 9.
1843 3789 1909 3817 ibid.
1924 3791 1964 3816 16.
1977 3796 1993 3815 2
2026 3786 2055 3814 In
2068 3784 2267 3821 Pompeianum
2279 3782 2446 3819 cogitabam,
2465 3778 2527 3808 inde
2571 3768 2594 3815 ,⁴²

1442 3833 1604 3862 Aculanum.
1645 3829 1726 3861 Paulo
1737 3835 1799 3857 urite
1811 3827 1916 3855 dixerat
1929 3822 2185 3861 linepraepolitionc
2195 3843 2203 3855 ‚
2224 3820 2279 3849 Sed
2291 3820 2422 3857 quoniam
2433 3813 2528 3847 Furcil·
2573 3804 2594 3863 ἓ]

1445 3866 1470 3899 la
1481 3871 1651 3899 extrudimur
1665 3890 1672 3902 ,
1694 3865 1874 3896 llrtindul‘iiiiii
1885 3863 1986 3898 cogito.
2571 3863 2580 3894 ἒ

1425 3908 1490 3937 Cras
1505 3909 1640 3944 cogitare.
1662 3904 1792 3935 subaudi,
1815 3903 1854 3931 Ire
1879 3907 1926 3929 aut
1946 3897 2097 3928 Discedere.
2138 3895 2196 3923 Cic.
2211 3905 2235 3930 9.
2259 3895 2310 3922 Att.
2325 3904 2346 3923 i.
2381 3893 2453 3922 Hinc
2468 3895 2528 3919 vero
2571 3880 2594 3942 ᾗ

1443 3945 1525 3981 vulgo
1534 3946 1639 3986 vadunt
1650 3966 1657 3979 ‚
1679 3943 1762 3971 etiam
1773 3941 1813 3970 M.
1826 3938 1948 3977 Lepidus
1961 3959 1969 3972 ‚
1990 3943 2112 3973 quocum
2136 3933 2213 3962 diem
2233 3940 2376 3961 conterere
2394 3928 2528 3959 solebam

1445 3992 1503 4012 cras
1513 3983 1669 4020 cogitabat,
1685 3982 1738 4010 «stc.
2503 3967 2506 3970 ’

2486 3990 2528 4030 ”ru
