2604 4222
679 129 707 162 C
804 128 832 162 A
935 127 959 161 P

256 210 359 240 illisum
372 211 499 249 scopulis.
523 211 585 240 Sen.
598 210 626 238 in
634 209 750 247 Hippol.
764 217 842 243 1093.

256 248 424 278 imminuere
436 249 522 277 alteri.
566 248 596 277 V.
622 258 687 275 imm
697 258 705 275 1
717 255 737 275 Ν
749 257 765 274 υ
776 256 801 273 o.

256 286 394 324 Impedire
411 296 499 323 myrto
508 309 515 319 ,
537 286 653 322 Cingere
662 294 764 313 corona
774 280 887 319 myrtea.
909 281 975 310 Hor.
991 288 1014 309 1.
1025 280 1115 309 Carm.
1126 288 1154 315 4.
1166 288 1193 313 9.

257 323 414 360 impingere
427 325 532 361 parieti.
576 323 605 351 V.
629 333 665 350 ιΜ
675 332 688 350 Ρ
698 333 705 349 1
716 331 734 349 N
747 330 763 348 G
774 330 798 347 o.
859 356 864 361 ι
1016 355 1022 360 .

256 360 399 391 Indutem.
423 361 488 391 Pers
503 371 526 395 3.
539 361 593 389 Sat.
608 364 667 388 106.
691 358 726 387 de
736 357 826 386 Servis
837 355 911 393 pileo
926 355 1048 399 donatis.

256 398 375 428 Inserere
386 407 469 436 caput
480 400 507 427 in
515 397 674 426 tentorium.
698 396 732 424 H.
750 396 788 423 St.
830 394 860 422 V.
884 404 893 421 1
904 402 924 420 N
933 400 967 421 ss
976 401 991 420 a
1001 402 1027 421 o.

255 436 424 466 Involutum.
466 436 496 465 V.
520 444 556 463 ir]
566 445 582 462 v
592 444 608 462 o
619 445 633 462 L
645 444 660 461 v
671 444 696 462 o.

255 473 350 510 Jurare
359 484 406 510 per
418 479 507 510 caput.
530 471 613 500 Ovid.
627 482 647 504 ς.
659 470 736 499 Trist.
749 479 773 511 4.
786 477 831 503 45.

349 512 395 540 l‘er
405 518 487 547 caput
499 509 553 546 ipse
566 508 641 537 suum
654 508 747 535 solitus
760 515 844 539 iurare
858 510 994 540 tuumque
1005 525 1013 539 ‚

416 548 470 576 uod
487 547 540 575 scio
560 555 614 574 non
636 545 675 573 illi
694 544 773 572 vilius
792 542 845 572 eise
862 542 918 571 suo.
1015 541 1089 570 conf.
1106 540 1212 578 Virgo.
1227 538 1288 570 AEn.
1302 546 1365 575 300.

278 585 359 614 Ovid.
373 595 394 618 3.
408 585 488 621 Epist.
502 593 561 616 107-
575 585 598 611 oz
612 582 723 611 lirillon.
737 582 772 610 de
784 581 873 610 form.
884 580 902 610 l.
917 584 942 614 8.
953 589 981 617 p.
994 588 1058 617 709.

256 623 375 652 Laedirur
386 624 414 650 in
426 623 513 650 nobis.
537 620 642 649 Lucret.
659 620 706 648 lib.
720 628 741 652 3.
758 627 818 654 149.

254 659 349 696 Ligare
362 661 435 688 vitra.
469 659 572 687 Sen.in
582 657 685 694 Thyest
707 660 771 690 686.

254 697 360 726 Limare
368 706 430 725 cum
439 695 533 724 altero.
555 695 585 724 In
608 706 622 722 L
633 706 641 722 1
653 705 672 722 M
684 704 712 722 Α.

253 734 379 771 mergere
391 734 506 761 infolio.
530 732 649 761 Marti-al.
666 731 714 760 lib.
733 741 775 760 11.
791 733 835 765 96.

334 772 362 800 ln
377 771 443 798 solio
453 778 522 807 puto
536 777 561 799 te
573 779 708 806 mergere,
731 769 849 802 Flacce,
864 774 955 806 caput.
1035 767 1100 797 Scil.
1121 765 1252 795 balneari.

253 808 400 841 Obieciare
410 817 493 844 caput
503 808 578 836 fretis
589 807 718 836 dicuntur
730 816 792 835 aves
805 828 812 841 ‚
834 816 894 843 quae
911 807 953 836 his
969 805 1087 843 gestibus
1100 804 1221 842 pluviam
1239 808 1306 832 mox
1322 801 1364 831 fu-

271 853 359 874 turam
376 845 544 882 praesagiunt.
567 845 638 878 virg.
653 855 674 873 1.
688 845 785 881 Georg.
803 848 864 880 386.

251 883 382 916 Obligare
391 884 461 911 voris
469 889 560 919 caput.
603 882 668 911 Hor.
681 892 706 911 2.
719 881 809 911 Carm.
823 887 848 914 8.
859 886 883 911 6.
908 881 1038 919 significat
1051 880 1110 910 Diis
1127 878 1212 908 semet
1230 884 1298 907 voto
1315 877 1364 906 oh-

268 921 398 954 stringere
409 942 417 954 ‚
440 921 475 949 ita
486 927 517 948 ut
532 919 578 948 nisi
591 921 668 963 quod·
685 919 827 957 pollicitus
839 921 870 950 sis
883 920 1048 957 praestiteris,
1074 917 1156 947 liceat
1172 917 1226 948 illis
1237 924 1363 954 quocun-

268 968 321 994 que
337 958 424 986 velint
434 958 519 986 niodo
530 958 556 986 in
568 966 595 986 te
609 957 709 986 szevire.

249 995 402 1024 Obnubere
416 1017 424 1030 ‚
447 992 541 1024 Velare
555 997 580 1025 ἃ
591 1002 692 1031 tegere.
715 995 781 1024 Stat.
799 1004 841 1024 11.
857 994 947 1024 Theb.
963 999 1024 1030 584.
1064 992 1096 1022 V.
1119 1001 1159 1020 0ss
1169 1001 1190 1021 Ν
1200 1002 1218 1020 u
1229 1001 1279 1020 Bo.

248 1033 384 1062 Obterere
399 1033 470 1061 saxo.
495 1033 596 1062 Lucan.
614 1033 660 1061 lib.
673 1037 698 1062 6.
714 1037 773 1070 176.

246 1070 405 1100 Obvolveie
417 1078 509 1107 caput.
550 1071 625 1100 Suet.
643 1070 707 1099 Caes.
729 1081 789 1108 cap.
800 1075 826 1103 8.
861 1069 952 1106 thue
973 1067 1170 1097 animadvertit
1187 1066 1312 1104 undique
1331 1064 1359 1096 se

264 1108 361 1137 striffis
373 1108 540 1144 pugionibus
551 1110 608 1145 peti
622 1131 630 1143 ‚
652 1115 715 1145 toga
726 1116 809 1145 caput
818 1107 951 1136 obvolvit.

244 1145 390 1174 Occulere.
413 1146 497 1175 Ovid.
510 1155 535 1174 2.
555 1146 623 1175 Met.
640 1156 704 1179 25<—
725 1147 760 1174 de
772 1145 844 1174 Nilo.
1001 1180 1007 1186 .
1094 1180 1099 1186 .

244 1183 374 1212 Ostendit
389 1190 420 1212 ’sa
443 1190 472 1212 ut
486 1184 521 1212 ad
533 1183 669 1213 fornicem
681 1183 756 1212 Fabii
768 1183 928 1213 Memmius.
951 1179 1071 1218 Quintil.
1083 1179 1130 1209 lib.
1144 1182 1171 1210 6.
1183 1188 1244 1216 cap.
1258 1187 1280 1216 3.

243 1221 392 1256 Opertum.
417 1194 482 1250 fior.
495 1231 520 1250 ².
533 1221 619 1250 Serm.
635 1231 657 1256 3.
673 1230 715 1258 37.

242 1258 351 1295 Operto
363 1259 424 1287 effe.
446 1259 504 1288 Cic.
521 1260 556 1288 de
566 1260 674 1288 Seneca..
689 1269 731 1293 34.

242 1295 350 1325 Ornare
363 1297 436 1325 soliis
447 1296 535 1325 olivae.
559 1297 628 1333 virg.
643 1306 666 1333 3.
679 1298 779 1334 Georg.
790 1304 835 1325 21.

239 1332 394 1363 Percutere.
417 1334 519 1363 Lucan.
532 1332 580 1363 lib.
594 1344 614 1363 1.
631 1343 692 1368 530.

239 1371 414 1401 Permulcere
424 1371 515 1401 alicui.
536 1371 584 1401 Sil.
597 1372 643 1400 lib.
660 1382 681 1401 1.

335 1410 391 1439 Olli
405 1409 580 1447 permulcens
592 1410 699 1446 genitor
711 1408 795 1446 ca'put
804 1430 812 1443 ‚
834 1405 926 1437 oscula
937 1406 1015 1436 libat.

237 1446 403 1477 Praecint‘tus
418 1454 500 1484 caput
511 1448 579 1484 pinu
597 1449 656 1476 Pan.
679 1447 763 1476 Ovid.
784 1457 805 1474 1.
822 1445 892 1475 Met.
907 1449 970 1481 699.

239 1484 379 1522 Praefigere
390 1485 516 1521 capitain
530 1485 618 1514 hastis.
642 1485 714 1521 Virg.
728 1494 753 1518 9.
768 1483 829 1513 AEn.
844 1488 906 1518 466.

331 1523 407 1559 Quin
419 1523 475 1560 ipsa
485 1523 595 1551 aire-ftis
619 1525 631 1558 (
644 1522 701 1551 visu
710 1520 887 1557 miserabile)
907 1521 937 1549 in
945 1519 1026 1550 hastis

332 1560 475 1597 Praeiigunt
484 1561 582 1597 capita.

237 1597 382 1635 Protegere
395 1608 477 1627 ramo.
499 1598 562 1627 Sen.
576 1599 667 1635 Agam.
679 1605 744 1635 937.

235 1634 343 1665 Pulsare
360 1637 481 1665 dextera.
502 1636 566 1665 Sen.
579 1636 681 1664 Troad.
699 1646 759 1671 119.

237 1673 369 1709 Quassare
383 1684 474 1703 manu.
496 1674 558 1703 Sen.
571 1673 677 1710 OEdip.
690 1682 753 1710 913.

234 1710 361 1740 Recisnm
372 1712 489 1741 cervice.
511 1711 612 1741 Lucan.
631 1711 678 1740 lib.
690 1722 714 1740 2.
731 1719 791 1747 172.

234 1747 376 1778 Redimire
387 1750 505 1778 coronis.
528 1749 633 1778 Lucret.
648 1744 697 1778 lib.
714 1760 737 1784 ς.
755 1751 835 1784 1398.
919 1783 925 1790 .
960 1783 967 1789 .
1102 1779 1120 1789 ..

313 1786 387 1817 Tum
398 1795 482 1824 caput
494 1809 502 1821 ‚
522 1794 603 1824 atque
614 1787 745 1816 humeros
763 1785 855 1824 plexis
867 1783 998 1814 redimire
1013 1789 1134 1813 coronis.

231 1822 393 1854 Refleetere.
417 1824 516 1855 Catull.
529 1834 574 1860 43.
590 1835 629 1854 io.

325 1864 357 1891 At
370 1864 466 1897 Acme,
489 1862 585 1891 leviter
597 1869 681 1900 caput
692 1862 846 1891 reflectens.

230 1898 411 1937 Retorquere.
433 1900 515 1929 Ovid.
529 1909 552 1936 3.
570 1900 637 1929 Met.
652 1905 696 1933 68.
718 1900 760 1929 De
772 1899 899 1936 serpente
908 1897 1043 1927 Cadmeo.

230 1936 380 1967 Revulsum
392 1948 406 1966 a
421 1939 535 1967 cervice.
559 1938 630 1975 virg.
645 1950 670 1972 4.
687 1937 786 1974 Georg.
802 1945 863 1971 5²2-
1224 1968 1231 1976 ⁴
1252 1966 1255 1969 ,
1275 1968 1277 1973 Ι

229 1974 332 2005 Rotare
341 1976 412 2005 ense.
435 1976 534 2005 Lucan.
548 1975 595 2004 lib.
606 1982 631 2008 8.
643 1980 706 2011 673.
732 1976 749 2004 i.
763 1985 788 2004 e.
811 1973 914 2003 Rotato
925 1971 988 2002 ense
999 1976 1144 2009 amputare
1153 1979 1210 2001 uno
1222 1971 1289 2001 idn.

228 2013 353 2051 Ruptum
369 2013 449 2043 silicis
462 2014 590 2051 impulsu.
613 2014 675 2043 Sen.
688 2013 790 2042 Troad.
805 2022 884 2047 1115.
1032 2044 1034 2046 ¹

228 2050 345 2081 Scribere
353 2053 475 2089 caputin
489 2051 619 2080 faciendo
628 2051 712 2080 versu.
735 2051 801 2080 Hor.
816 2060 840 2079 1.
853 2050 942 2078 Serm.
958 2057 1000 2078 10.
1023 2055 1067 2085 71.

420 2105 455 2110 -
470 2089 499 2117 in
507 2089 582 2117 versu
595 2089 724 2117 faciendo

307 2126 385 2164 Saepe
395 2135 479 2163 caput
489 2126 612 2155 scaberet
621 2149 628 2161 ,
650 2127 728 2155 vivos
741 2127 766 2155 8(
778 2123 890 2154 roderet
903 2131 1018 2160 ungues.
1112 2120 1291 2152 proverbialis
1302 2121 1343 2151 16-

246 2165 322 2193 cutio
332 2165 412 2193 ducta
426 2165 458 2192 ab
473 2164 513 2192 his
525 2164 656 2200 gestibus:
681 2164 803 2192 hominis
819 2164 893 2192 enim
904 2161 965 2190 sunt
977 2156 1177 2203 cogitabundi,
1199 2161 1224 2188 ἃ
1236 2158 1271 2202 de
1283 2169 1341 2203 rriu-

244 2203 331 2267 tandg
341 2225 348 2237 ,
370 2203 449 2237 cujus
457 2202 603 2239 poeniteat,
622 2201 714 2230 secum
725 2201 854 2239 agitantis
864 2222 872 2236 ‚
894 2207 1056 2235 moramque
1066 2198 1127 2227 stilo
1136 2219 1145 2233 ‚
1166 2198 1341 2233 &judicium

245 2241 308 2267 miri
332 2241 413 2268 entis.

223 2276 342 2307 Scabere
355 2277 438 2306 etiam
454 2282 603 2315 caputuno
617 2276 704 2314 digito
715 2298 724 2312 ‚
746 2275 879 2306 Mollitiei
897 2275 992 2305 datum
1009 2272 1070 2304 fuit.
1105 2272 1189 2302 Vetus
1208 2271 1291 2302 Poeta
1309 2272 1339 2302 in

245 2316 374 2345 Cauilect.
389 2316 423 2343 de
433 2316 578 2352 i’ompei'o:

317 2352 443 2382 Fasciolis
454 2354 498 2389 qui
512 2356 589 2381 crura
600 2351 665 2389 ligat
679 2374 686 2385 ,
710 2351 798 2388 digito
813 2356 897 2388 caput
908 2359 965 2379 uno

354 2390 519 2426 Qiiiscabit,
543 2391 616 2419 hunc
629 2390 725 2419 credas
743 2389 811 2426 quid
822 2389 870 2418 sibi
881 2387 977 2418 velle?
1006 2387 1103 2417 vitum.

242 2428 328 2457 tarch.
343 2429 371 2456 in
387 2428 451 2456 Caes.
468 2439 494 2464 p.
510 2437 571 2464 709.

221 2465 355 2495 Suffixum
373 2487 381 2500 ,
402 2466 535 2502 Pompeii.
559 2464 716 2494 Lucanlib.
731 2469 755 2497 8.
774 2467 837 2499 684.

413 2518 450 2523 -—
461 2504 525 2531 dum
538 2502 641 2531 lumina
651 2502 726 2531 nuda
735 2502 871 2539 rigescunt

301 2540 434 2569 Suffixum
450 2547 533 2578 caput
549 2539 594 2569 est.

221 2578 408 2607 Summiil‘nin.
428 2579 492 2607 Sen.
509 2578 588 2607 Here.
603 2578 654 2607 fur.
671 2587 751 2613 1045.

220 2616 355 2653 Superare
368 2615 487 2652 aliquem
499 2616 596 2652 capite.
622 2615 694 2651 Virg.
707 2625 732 2644 2.
752 2614 812 2644 [ΕΠ.
825 2621 889 2647 210.

414 2669 451 2673 ——
464 2653 592 2689 superant
605 2653 696 2689 capite
706 2675 714 2684 .
736 2654 761 2682 ἃ
773 2651 926 2681 cervicibus
935 2649 1005 2680 altis.

219 2691 384 2728 Supponere
395 2690 500 2727 aliquid
511 2691 604 2728 capiti.
626 2690 745 2727 Quintil.
758 2690 805 2719 lib.
821 2700 843 2719 1.
857 2699 916 2727 cap.
934 2698 977 2718 10.

218 2728 334 2759 Teaere.
358 2728 442 2757 Ovid.
458 2738 480 2763 3.
495 2727 575 2757 Trist.
590 2738 613 2764 3.
627 2739 672 2763 45.
1223 2751 1225 2755 ,

217 2766 314 2795 Testor
326 2773 473 2801 utrumque
484 2773 576 2803 caput.
600 2767 670 2803 Virg.
680 2776 705 2802 4.
718 2765 778 2795 AEn.
792 2773 855 2801 357.
882 2764 930 2794 ubi
943 2764 1016 2794 Serv.
1034 2763 1061 2794 ἃ
1076 2761 1196 2793 Taubm.
1217 2761 1249 2793 V.

216 2803 321 2832 Velare.
346 2804 429 2832 Ovid.
448 2814 469 2832 i.
485 2803 553 2833 Met.
568 2809 628 2840 39²·

215 2840 312 2870 Velare
323 2841 433 2870 amictu.
456 2841 527 2878 Virg.
544 2851 566 2874 3.
580 2840 641 2870 ffin.
657 2850 717 2874 545.

298 2879 328 2907 Et
340 2879 431 2916 capita
442 2886 505 2907 ante
514 2888 570 2908 aras
581 2879 694 2915 Phrygio
703 2877 825 2907 velamus
834 2877 945 2907 amictu.

216 2915 341 2944 Velatum
353 2925 386 2945 ex
402 2923 488 2953 parte.
512 2917 630 2952 Quintil.
644 2916 690 2945 lib.
703 2918 728 2945 6.
744 2925 805 2953 cap.
820 2925 839 2944 1.

214 2954 344 2983 Unctum.
366 2953 465 2983 Catuli.
478 2965 519 2982 10.
534 2965 571 2983 11.

214 2991 304 3029 Capiti
318 2999 397 3027 atque
413 2992 484 3020 retati
500 2991 618 3020 illorum.
642 2990 706 3020 Ter.
718 2990 786 3019 Hec.
801 2999 824 3025 3.
838 3000 857 3019 1.
872 2999 914 3026 54.

306 3029 415 3065 Aliquid
425 3029 514 3058 tulisse
522 3029 765 3058 comminiscentur
775 3027 838 3056 mali
851 3049 859 3061 ‚
1258 3049 1274 3057 ,,
1303 3051 1304 3054 ,

304 3066 394 3104 Capiti
412 3068 494 3104 atque
505 3067 579 3096 aetati
596 3066 707 3095 illorum
721 3087 729 3101 ‚
760 3065 874 3094 morbus
894 3063 941 3100 qui
960 3063 1056 3093 auetus
1076 3062 1134 3092 siet.
1249 3058 1325 3092 Male

234 3105 371 3141 precantis
384 3105 421 3133 est
432 3105 550 3133 formula
565 3126 573 3137 .
595 3107 620 3133 δι
632 3104 703 3132 diras
719 3102 856 3139 malasque
876 3110 971 3139 preces
988 3100 1209 3138 interponentis,
1230 3107 1261 3129 ut
1274 3100 1323 3134 fit,

229 3141 426 3210 {iimiifflo‘ffim
439 3142 521 3179 capiti
532 3142 658 3177 eveniat,
683 3147 713 3170 ut
721 3141 797 3179 apud
807 3139 979 3176 Aristophan.
990 3141 1019 3166 εὶς
1035 3138 1142 3174 κεφαλήν
1156 3150 1200 3173 om,
1214 3139 1239 3168 ἃ
1249 3138 1324 3176 apud

254 3189 274 3207 ir
285 3190 301 3207 η
317 3202 321 3208 .
335 3185 360 3213 8.
409 3190 435 3208 n.
449 3185 512 3213 48⁴.

277 3190 293 3216 b
380 3232 416 3237 —
428 3217 466 3246 dii
480 3217 563 3255 capiti
574 3216 683 3246 illorum
694 3215 843 3253 generique
860 3213 1005 3244 reservent.

228 3252 330 3282 Tibull.
344 3263 364 3282 1.
377 3264 402 3282 2.
420 3265 461 3284 12.
538 3270 576 3275 —
586 3255 668 3292 capiti
680 3255 738 3288 lint,
752 3262 858 3291 precor,
870 3252 917 3280 ista
926 3261 998 3280 meo.
1036 3248 1062 3279 h.
1076 3259 1100 3279 e.
1117 3250 1186 3286 Quae
1198 3249 1322 3280 dementi

230 3290 406 3324 iraiinpulsus
417 3292 468 3321 tibi
485 3293 656 3329 imprecatus
675 3292 750 3326 sum,
772 3300 803 3320 ea
820 3290 848 3319 in
867 3299 912 3322 me
926 3288 1062 3317 eveniant.
1086 3287 1143 3329 Cic.
1156 3293 1182 3322 8.
1205 3287 1277 3317 Fam.
1295 3299 1319 3318 1.

227 3325 268 3356 Te
280 3328 454 3363 subrostrani,
476 3331 551 3366 quod
566 3330 678 3359 illorum
691 3329 775 3366 capiti
785 3328 834 3364 sit,
855 3326 1015 3365 dissiparant
1029 3325 1146 3363 periisse.

227 3364 301 3400 Fuisse
312 3367 361 3392 cela
372 3374 499 3394 retourner
508 3374 554 3403 jur
566 3369 619 3394 leur
633 3367 692 3396 trite.
706 3367 737 3396 H.
752 3367 782 3395 St

208 3400 298 3438 Caput
309 3423 316 3435 ,
338 3413 386 3439 pro
401 3403 459 3440 ipso
476 3404 599 3434 homine.
642 3404 726 3434 Plaut.
740 3402 858 3434 Mostell.
875 3411 897 3431 1.
912 3410 936 3437 3.
953 3410 1013 3436 ¹4²-
1033 3399 1160 3436 Triginta
1177 3409 1254 3429 mnas
1268 3408 1320 3438 pro

226 3440 316 3475 capite
328 3443 376 3467 tuo
390 3441 462 3470 dedi.
503 3443 581 3472 Sic&
596 3442 732 3480 Lepidum
748 3447 832 3479 caput
844 3440 914 3469 dixit
925 3438 1039 3469 Terent.
1057 3436 1134 3467 Adel.
1147 3448 1169 3474 ς.
1182 3448 1208 3474 9.
1220 3448 1245 3473 9.
1266 3446 1317 3476 pro

225 3475 346 3504 Homine
357 3476 460 3507 bellulo
472 3500 480 3514 ,
501 3489 549 3516 per
560 3480 685 3509 ironiam.

205 3513 320 3550 Agrcste.
345 3514 413 3551 Viig.
430 3526 468 3544 io.
486 3516 534 3546 Ecl
556 3527 599 3550 2⁴·

287 3550 365 3593 Venit
376 3554 401 3580 ot
413 3554 506 3589 agresti
520 3555 618 3590 eapitis
629 3554 754 3584 Silvanus
764 3553 871 3583 honore
881 3573 890 3588 .,

284 3587 426 3618 Florentes
444 3590 544 3620 ferulas
560 3596 584 3620 i&
604 3593 716 3628 grandia
728 3592 784 3621 lilia
794 3590 927 3629 quassans.

221 3624 328 3654 honore
344 3627 439 3663 capitis
451 3629 501 3657 Sic.
542 3628 606 3658 Non
616 3631 699 3666 igitur
711 3629 801 3667 Caput
809 3638 858 3667 pro
869 3625 1001 3658 Homine.

201 3662 308 3691 Audax.
337 3662 365 3690 V.
390 3664 515 3700 impium.

202 3699 318 3734 Carum,
341 3710 390 3737 pro
403 3702 469 3730 Cara
490 3706 542 3736 (ut
554 3703 590 3731 ita
602 3703 715 3739 dicam)
733 3703 858 3741 persona.
881 3702 955 3740 Virg.
965 3712 990 3736 4.
1002 3700 1131 3736 AEn.354.
1144 3698 1308 3730 deAscanio.

200 3736 348 3765 Dilectum.
374 3737 459 3766 Valer.
470 3750 496 3773 4.
511 3741 606 3776 Argon.
620 3751 681 3774 40¹-
704 3741 744 3770 De
757 3743 787 3771 iis
798 3750 867 3779 quos
875 3740 1027 3778 plurimum
1036 3746 1169 3768 amamus·

198 3773 321 3809 Impium
333 3780 414 3809 atque
426 3776 523 3813 audax.
545 3783 607 3805 sen.
621 3779 712 3813 Agam.
723 3788 786 3815 953.

196 3810 335 3840 Inscitum.
359 3813 422 3840 Son.
436 3812 462 3840 in
472 3813 578 3849 Ohdip.
596 3824 636 3842 10.

194 3847 350 3891 Ingratum.
366 3850 428 3877 Scn.
444 3849 519 3878 Med.
533 3855 594 3885 465.
617 3852 662 3880 Sic
676 3851 777 3881 Medea
786 3852 916 3887 flasonem
926 3861 939 3880 a
963 3850 1055 3889 pellat.

193 3885 379 3929 lniuperabile
390 3885 470 3914 bello.
494 3887 576 3915 ovid.
593 3897 634 3917 12.
646 3889 718 3918 Met.
732 3893 796 3926 613.
815 3891 849 3919 de
859 3888 936 3919 Achil
949 3899 974 3919 e.

191 3923 325 3954 Noxium.
347 3924 410 3953 Sen.
421 3923 499 3953 Med.
510 3933 590 3960 1005.

1187 2384 1219 2414 V.
1238 2386 1264 2416 ἃ
1277 2385 1339 2416 Plu.

1087 3210 1244 3242 Turnebus.
1278 3213 1324 3243 Sic

1010 3585 1113 3624 [Ordo
1135 3586 1191 3624 est,
1212 3588 1314 3625 Agresti

1876 119 2028 174 C..A
2124 118 2148 153 P

1454 198 1603 231 Periurum.
1624 197 1721 233 Juven.
1741 206 1781 234 η.
1802 198 1858 228 Sat.
1876 208 1936 236 174.-

1454 236 1663 272 Quotczipituni
1675 236 1912 270 vivunt..totidem
1925 236 2075 266 studiorum

1473 274 1550 308 Quot
1563 274 1653 309 capita
1665 280 1705 301 tot
1716 272 1814 302 sensuS.
1838 274 1870 303 H.
1890 275 1927 303 St.

1453 310 1597 347 Siquidem
1614 311 1666 339 hoc
1679 311 1751 339 vivet
1768 318 1851 348 caput
1863 333 1871 344 ‚
1893 322 1943 349 pro
1956 311 1983 340 Si
1999 310 2103 339 vixero.
2123 308 2211 341 Plaut.
2221 306 2315 341 Pseud.
2327 319 2351 339 2.
2365 319 2390 346 4.
2405 319 2448 346 33.

1454 343 1528 377 liuic
1540 348 1622 385 capiti
1635 346 1777 377 insultans.
1804 349 1871 385 virg.
1886 355 1911 382 8.
1926 349 1985 378 [En.
2001 358 2062 383 570.
2240 356 2247 377 J

1453 385 1555 415 Facere
1569 385 1781 422 capurliberum
1791 385 1882 415 alicui.
1906 388 1922 415 i.
1941 396 1964 415 e.
1994 385 2191 415 Manumittere
2219 384 2304 413 Plaut.
2321 381 2408 414 Merc.
2433 394 2456 414 1.
2476 393 2501 415 2.
2516 396 2560 423 42.

1454 453 1457 456 ,
1533 423 1663 452 Liberum
1756 423 1847 460 Caput
1865 423 1914 452 tibi
1933 424 2030 452 faciam
2051 432 2154 460 paucos
2176 422 2214 452 cis
2227 422 2341 451 menses.

1453 455 1551 497 Capite
1568 460 1639 490 censi
1652 482 1659 494 ‚
1682 470 1697 489 a
1712 461 1846 490 Ceniione
1859 461 1982 498 capitum
2000 459 2132 497 appellati
2153 460 2232 493 sunt,
2254 459 2328 497 quod
2350 457 2413 488 solis
2431 459 2564 497 capitibus

1471 497 1664 532 censerentur,
1686 507 1743 526 non
1753 498 1834 527 bonis
1845 498 1897 527 sive
1917 499 2035 536 pecunia
2052 498 2150 535 quibus
2163 497 2303 527 carebant.
2344 494 2450 526 Sallust.
2473 498 2501 535 iri
2516 498 2563 534 Ju.
2602 496 2603 501 ¹

1470 536 1560 572 gurth.
1574 545 1633 572 cap.
1648 540 1692 568 86.
1707 546 1745 572 pr.
1770 535 1804 566 de
1824 536 1911 565 Mario
1932 535 2049 570 loquens
2064 557 2072 570 ‚
2095 535 2153 572 Ipse
2178 536 2284 564 interea
2305 533 2406 563 milites
2425 530 2560 573 scribere,

1469 582 1525 601 non
1538 583 1614 602 more
1625 574 1760 609 majorum
1773 595 1780 607 ,
1802 583 1892 610 neque
1903 583 1936 602 ex
1946 570 2089 607 classibus.
2110 573 2156 602 sed
2172 573 2212 601 uti
2234 570 2363 615 cujusque
2382 568 2471 601 libido
2486 580 2559 611 erat,

1470 611 1561 647 capite
1573 610 1667 640 censos
1681 610 1829 648 plerosque.
1855 608 1925 641 Gell.
1941 611 1989 639 lib.
2008 621 2046 644 ις.
2062 620 2123 648 cap.
2141 620 2180 639 10.
2201 620 2282 647 quem
2298 610 2370 638 vrde.
2387 642 2389 645 ,
2439 639 2441 643 Ἰ

1950 649 1976 677 ui
1989 648 2101 681 civitate
2115 654 2235 677 mutatus
2246 648 2283 677 est
2293 670 2299 680 ,
2321 648 2347 676 &
2368 655 2403 676 ex
2419 644 2472 676 alia
2485 647 2560 678 Pami-

1450 647 1547 685 Capite
1559 649 1712 677 diminutus
1724 646 1878 686 appellatur
1892 671 1899 683 ,
1921 649 1952 684 Q

1468 685 1504 714 lia
1515 686 1543 714 in
1557 685 1639 723 aliam
1650 687 1797 724 adoptatus
1809 709 1816 721 ‚
1837 688 1863 716 &
1878 686 1924 720 qui
1937 684 2006 714 liber
2018 684 2095 714 alteri
2110 685 2251 722 mancipio
2262 686 2341 713 datus
2357 684 2395 713 est
2405 705 2412 717 ,
2434 683 2558 721 &quiin

1448 757 1452 763 ’
1469 723 1586 752 hostium
1598 724 1758 761 potestatem
1766 725 1858 758 venit„
1882 726 1906 753 &
1923 722 1967 753 cul
1979 732 2047 757 aqua
2059 724 2173 760 ignique
2183 722 2361 752 interdistum
2374 720 2427 755 est..
2442 721 2539 754 Festus.

1449 759 1554 798 Capitis
1564 761 1714 790 diminutio
1736 762 1844 796 (inquit
1855 761 1935 791 Caius
1947 759 2041 796 Jurisc.
2056 761 2088 789 D.
2102 761 2140 789 De
2149 761 2230 798 capit
2245 761 2311 789 min.
2325 760 2337 794 )
2359 759 2397 788 est
2406 759 2492 789 Status
2501 760 2559 792 mu-
2596 790 2598 801 ,

1466 798 1545 827 tatio.
1567 798 1665 828 Paulus
1680 797 1774 834 Jurisc.
1788 800 1891 829 ibidem
1904 822 1911 833 .
1933 797 1950 827 l.
1966 797 2014 828 ult.
2039 798 2143 836 Capitis
2160 797 2354 827 diminutionis
2369 796 2420 826 tria
2440 795 2501 827 sunt
2514 808 2559 836 ge.
2594 821 2595 828 ,

1465 846 1548 865 nera:
1571 838 1691 875 maxima
1705 859 1712 871 7
1735 837 1844 871 medi...
1865 837 1988 866 minima.
2029 836 2095 865 Tria
2113 836 2187 865 enim
2208 836 2270 865 sunt
2282 845 2341 872 quae
2358 834 2507 870 habemus,
2527 836 2559 875 li.
2594 847 2595 850 ¹

1464 873 1599 902 bertatem
1611 896 1618 909 ‚
1641 874 1783 904 civitatem
1795 897 1802 909 ,
1822 874 1965 904 familiam.
2005 873 2092 911 Igitur
2102 883 2187 909 quum
2199 873 2258 903 haec
2278 873 2373 902 omnia
2389 872 2556 911 amittimus,
2592 896 2597 908 ,«

1465 911 1521 949 hoc
1531 912 1568 940 est
1581 911 1737 941 libertatem
1746 934 1754 947 ‚
1777 914 1801 942 &
1813 914 1954 942 civitatem
1965 933 1973 946 ,
1996 913 2020 941 ἃ
2038 909 2185 940 familiam:
2208 912 2360 940 maximam
2371 910 2468 947 capitis
2479 911 2559 942 dimi.

1464 950 1619 979 nutionem.
1658 948 1753 986 Quum
1766 960 1828 979 vero
1839 951 1991 979 amittimus
2001 950 2158 984 civitatem,
2181 950 2207 978 &
2227 947 2383 978 libertatem
2393 948 2556 980 retinemus:

1463 987 1588 1016 mediam
1599 986 1651 1016 effe
1663 988 1760 1024 capitis
1771 988 1996 1017 diminutionem.
2037 987 2132 1023 Quum
2149 993 2241 1026 autem
2261 988 2286 1016 &
2304 985 2415 1015 libertas
2427 987 2452 1015 ἃ
2466 986 2559 1024 civitas

1463 1025 1619 1091 retinetur&
1637 1025 1742 1055 familia
1761 1032 1869 1055 tantum
1884 1031 2023 1055 mutatur:
2045 1025 2192 1054 minimam
2211 1023 2265 1054 effe
2284 1023 2381 1062 capitis
2399 1023 2557 1055 diminuti'o-
2590 1037 2595 1051 τ’

1465 1072 1531 1091 nem
1543 1073 1596 1092 con
1621 1069 1656 1092 at.
2294 1092 2296 1094 ,

1441 1097 1595 1130 Detrahere
1607 1101 1642 1130 de
1651 1110 1683 1130 ca
1705 1100 1741 1129 ite
1752 1100 1828 1130 civis.
1869 1099 1926 1129 Cic.
1941 1110 1992 1137 pro
2002 1099 2094 1128 Domo
2107 1107 2150 1135 33.
2182 1099 2219 1129 Ut
2231 1097 2302 1128 nihil
2321 1098 2356 1128 de
2368 1098 2459 1136 capite
2471 1099 2555 1136 civis,
2592 1114 2593 1130 ;

1461 1143 1509 1167 aut
1520 1138 1554 1167 de
1566 1138 1659 1172 bonis,
1682 1110 1737 1167 sine
1748 1139 1853 1173 judicio
1863 1138 1977 1167 Senatus
1988 1160 1996 1172 ,
2018 1144 2064 1166 aut
2076 1136 2193 1175 populi,
2215 1139 2263 1167 aut
2274 1145 2371 1166 eorum
2383 1136 2429 1173 qui
2443 1136 2477 1166 de
2493 1146 2557 1175 qua-
2603 1162 2604 1165 ,

1461 1185 1515 1212 que
1527 1185 1554 1205 re
1566 1176 1706 1206 constituti
1717 1175 1830 1211 Judices
1839 1175 1905 1209 sint,
1927 1175 2034 1204 detrahi
2048 1174 2138 1212 possit.
2536 1208 2538 1211 ,

1440 1211 1550 1281 Ὡῗρμε,
1572 1224 1621 1252 pro
1635 1213 1702 1243 Vita.
1725 1214 1772 1250 ut,
1795 1213 1899 1252 Capitis
1909 1223 1950 1243 res
1961 1211 2016 1242 est:
2039 1213 2056 1242 i.
2074 1223 2098 1243 e.
2122 1212 2226 1243 De‘vita
2241 1210 2398 1250 periculum
2410 1210 2565 1249 est.Plaut.,
2588 1214 2604 1243 ¹«.

1488 1261 1539 1280 rin.
1577 1261 1619 1281 .2.
1638 1262 1668 1280 11
1692 1274 1697 1280 .
2586 1259 2587 1266 ¹

1487 1288 1539 1318 Cui
1549 1263 1595 1324 ‚4si
1611 1262 1710 1326 eapiiis
1730 1297 1771 1318 res
1789 1289 1836 1319 siet
1847 1310 1855 1324 ‚
1877 1297 2024 1318 nummum
2036 1297 2178 1325 nunquam
2190 1286 2303 1316 credam
2317 1286 2490 1325 plumbeum.

1458 1326 1483 1354 ll
1493 1337 1507 1361 y
1519 1337 1557 1353 va
1568 1329 1596 1354 de
1606 1328 1631 1353 la
1640 1328 1698 1356 te‘te.
1721 1326 1826 1364 Capitis
1841 1326 1983 1356 accusatus
1994 1348 2001 1360 ,
2023 1326 2127 1363 Capitis
2143 1325 2289 1355 damnatus
2300 1346 2307 1360 .,
2332 1324 2435 1362 Capitis
2448 1326 2554 1360 causam
2587 1318 2599 1351 i*

1458 1364 1560 1393 dicere.
1602 1365 1670 1394 Vide
1686 1364 1808 1394 indicem
1822 1365 1908 1393 Probi.
1933 1364 1965 1393 H.
1980 1364 2018 1393 St.
2051 1364 2104 1393 Ubi
2125 1365 2216 1401 Caput
2232 1362 2354 1392 Salutem
2372 1364 2397 1392 δι
2413 1362 2552 1401 Summam
2582 1379 2601 1396 i:

1441 1428 1443 1430 ,
1457 1402 1629 1431 fortunarum
1640 1403 1740 1439 pariter
1749 1410 1831 1440 atque
1840 1402 2048 1432 existimationis
2059 1400 2176 1437 alicujus
2194 1400 2315 1429 hominis
2326 1400 2449 1430 denotat.

1439 1439 1547 1477 Caput,
1565 1450 1615 1477 pro
1628 1438 1837 1469 Eiristimatione
1849 1462 1856 1475 ,
1877 1441 1950 1469 fama
1961 1437 2005 1469 vei
2016 1438 2108 1468 salute.
2132 1439 2189 1468 Cic.
2208 1449 2229 1467 1.
2247 1438 2282 1467 de
2295 1438 2370 1467 Orat.
2384 1443 2444 1472 ¹8¹-
2464 1437 2551 1470 Omita
2581 1441 2604 1475 «ii

1459 1482 1489 1506 to
1503 1478 1558 1513 jam
1572 1475 1650 1515 plura
1663 1477 1791 1515 exempla
1802 1477 1941 1507 causarum
1956 1477 2182 1515 amplissimarum
2195 1498 2202 1511 .
2222 1485 2282 1512 quae
2299 1476 2361 1505 sunt
2371 1476 2552 1509 innumerabi.
2580 1479 2604 1511 Η

1457 1513 1510 1545 lia:
1533 1516 1631 1553 capitis
1643 1516 1725 1544 nostri
1737 1516 1806 1553 saepe
1816 1517 1904 1552 potest
1913 1516 2040 1544 accidere
2051 1522 2081 1544 ut
2091 1514 2177 1544 causae
2187 1513 2328 1543 versentur
2341 1513 2450 1549 injure.
2583 1511 2604 1549 is·-

1438 1552 1529 1590 Caput
1544 1555 1569 1583 (sc
1582 1553 1756 1582 existimatio.
1796 1554 1853 1583 Cic.
1865 1565 1890 1589 4.
1903 1553 1976 1583 Verr.
1990 1558 2034 1589 98.
2057 1553 2120 1590 Qua
2130 1553 2162 1581 in
2175 1562 2204 1582 re
2219 1551 2302 1590 ipsius
2317 1551 2439 1581 Praetoris
2449 1552 2549 1591 capue,
2580 1556 2604 1603 ’μ’

1444 1591 1676 1627 ,existimatioque
1689 1601 1751 1628 ager
1769 1597 1814 1626 tur
1825 1614 1832 1625 ,
1846 1593 1896 1621 &o
2580 1607 2585 1616 ν
2601 1592 2604 1615 i

1434 1628 1645 1658 Accusationem
1653 1601 1855 1666 capiriseLabeo
1867 1627 2003 1658 existimat
2013 1637 2074 1657 eam
2083 1626 2146 1663 esse,
2169 1627 2248 1664 cujus
2259 1636 2344 1665 poena
2352 1636 2426 1657 mors
2439 1633 2486 1658 aut
2495 1628 2550 1659 exi*
2579 1627 2592 1675 j

1454 1665 1524 1695 lium
1533 1666 1599 1695 eil‘et
1612 1689 1619 1699 ‚
1643 1668 1682 1696 ait
1693 1667 1805 1696 Terent.
1818 1668 1846 1696 in
1857 1665 1875 1695 l.
1893 1677 1932 1695 io.
1955 1666 1988 1695 D.
1999 1666 2034 1695 de
2043 1667 2092 1702 jur.
2105 1673 2212 1703 patron.
2389 1699 2391 1702 .
2582 1677 2584 1691 i

1436 1703 1551 1733 Causam
1563 1705 1660 1742 capitis
1670 1714 1755 1733 orare.
1797 1704 1854 1734 Cic.
1867 1705 1895 1733 in
1908 1704 1980 1733 Brut.
1993 1714 2037 1741 47.
2062 1704 2133 1733 Huic
2144 1702 2342 1741 Antiphontem
2355 1701 2518 1732 Rhamnuiiu
2573 1718 2577 1733 i

1452 1742 1550 1771 similia
1561 1743 1685 1779 quaedam
1701 1742 1822 1771 habuisse
1839 1740 1994 1780 conscripta
2005 1764 2013 1777 ‚
2035 1742 2090 1779 q'uo
2111 1742 2252 1770 neminem
2265 1748 2385 1777 unquam
2398 1738 2496 1770 melius
2509 1751 2524 1771 u
2535 1760 2549 1768 .

1451 1779 1507 1808 lam
1516 1780 1629 1808 oraviise
1640 1781 1738 1817 capitis
1747 1780 1855 1809 causam
1868 1802 1876 1814 ‚
1897 1789 1984 1817 quum
1993 1779 2084 1818 seipse
2092 1779 2271 1814 defenderet,
2292 1778 2319 1808 se
2333 1779 2464 1808 audiente
2473 1777 2548 1810 loom
2573 1783 2582 1842 ff

1451 1816 1512 1854 ples
1525 1819 1620 1855 auctor
1631 1818 1733 1855 scripsit
1744 1818 1932 1855 Thucydides.

1431 1854 1580 1884 Certamen
1593 1857 1692 1893 capitis
1703 1858 1728 1885 ἃ
1739 1856 1817 1885 samae
1830 1856 1929 1886 habere
1942 1865 2005 1885 cum
2019 1853 2116 1884 altero.
2138 1853 2196 1884 Cic.
2212 1864 2233 1883 1.
2250 1851 2308 1883 Off.
2322 1859 2365 1890 38.
2527 1882 2530 1885 .
2574 1850 2580 1887 'l

1430 1891 1582 1922 Dimicatio
1594 1895 1702 1931 capitis.
1742 1893 1799 1922 Cic.
1813 1894 1848 1922 de
1860 1894 1983 1923 Provinc.
1995 1892 2074 1922 Coris.
2085 1901 2130 1928 23.
2153 1891 2209 1929 Qui
2222 1901 2266 1920 me
2277 1901 2364 1926 amor,
2385 1892 2411 1922 δι
2422 1890 2544 1922 subveni.
2576 1889 2579 1901 ⁴

1450 1941 1479 1959 re
1493 1930 1560 1960 olim
1572 1932 1800 1968 impendentibus
1810 1930 1939 1969 periculis
1949 1931 2078 1961 maximis
2095 1938 2160 1960 cum
2179 1929 2363 1959 dimicatione
2383 1929 2499 1968 capitiS‚
2517 1929 2544 1962 δὲ
2566 1922 2578 1974 ,J

1450 1968 1555 1997 rursum
1565 1979 1648 2005 quum
1660 1970 1753 1998 omnia
1764 1971 1816 1999 διε.
1840 1969 1926 1998 subire
1934 1969 2032 2006 coegit.
2574 1982 2576 1995 ι

1428 2003 1569 2041 Judicium
1582 2008 1689 2044 capitis.
1731 2007 1788 2036 Cic.
1810 2018 1830 2036 1.
1844 2007 1927 2037 Tusc.
1947 2016 1992 2043 7¹·
2014 2005 2064 2036 His
2077 2006 2103 2035 δι
2121 2004 2224 2035 talibus
2243 2003 2395 2034 rationibus
2413 2004 2544 2035 adductus
2566 2003 2575 2036 ι’

1447 2045 1574 2110 {ocrzlrtes
1614 2054 1666 2074 nec
1683 2051 1831 2083 patronum
1849 2045 1969 2083 quaesivit
1988 2044 2024 2074 ad
2042 2042 2177 2079 iudicium
2194 2043 2310 2081 capitis,
2331 2052 2384 2073 nec
2405 2043 2543 2079 judicibus
2566 2061 2574 2076 ι,

1462 2093 1477 2110 u
1488 2092 1497 2109 ³
1533 2092 1566 2111 ex
1582 2082 1641 2111 fuit.
1764 2113 1767 2115 .
2568 2086 2574 2113 ii

1427 2092 1551 2149 Periciiia
1562 2121 1670 2157 capitis.
1696 2119 1779 2149 Ovid.
1793 2130 1819 2155 4.
1833 2119 1913 2149 Trist.
1930 2129 1952 2148 1.
1965 2122 2010 2154 65.
2572 2122 2573 2127 ¹

1486 2157 1575 2195 thue
1585 2168 1636 2187 nec
1647 2157 1757 2187 insidias
1766 2180 1773 2192 .
1786 2158 1935 2196 capitisque
1945 2156 2068 2194 pericula
2079 2163 2198 2191 narrem,
2210 2157 2262 2186 διο.
2339 2155 2458 2193 Quintil.
2464 2154 2537 2193 libai
2560 2176 2561 2182 κ

1445 2205 1506 2232 cap.
1518 2206 1542 2224 2.
1567 2196 1595 2224 ln
1607 2196 1663 2233 ipsa
1674 2196 1772 2233 capitis
1781 2195 1904 2233 pericula
1912 2203 1958 2224 aut
1969 2195 2145 2224 fortunarum
2153 2195 2252 2233 irrupit
2263 2193 2401 2232 voluptas.

1425 2230 1523 2261 Poenas
1537 2235 1634 2271 capitis
1647 2234 1778 2271 pendere.
1801 2231 1884 2263 Ovid.
1896 2243 1919 2270 3.
1932 2233 1998 2263 Fast.
2013 2238 2076 2270 845.

1424 2270 1564 2300 Accusare.
1607 2272 1637 2300 ln
1673 2282 1691 2300 A
1701 2281 1717 2300 c
1728 2274 1745 2300 'c
1755 2281 1773 2300 U
1783 2274 1794 2301 s
1804 2276 1829 2300 o.

1424 2305 1521 2345 Agitur
1532 2308 1567 2338 de
1580 2310 1680 2352 capite.
1720 2310 1751 2339 ln
1773 2320 1791 2338 A
1803 2319 1821 2338 o
1831 2319 1857 2339 o.
2562 2326 2568 2355 i

1422 2347 1573 2383 anquirere
1583 2354 1681 2384 capite.
1724 2347 1754 2377 ln
1777 2356 1961 2382 auqunro.
2220 2372 2223 2374 ,
2291 2377 2293 2381 ⁴
2519 2379 2522 2381 ¹

1422 2383 1618 2414 Condemnare
1631 2384 1736 2422 capitis.
1769 2385 1826 2413 Cic.
1841 2395 1863 2414 1.
1876 2384 1911 2413 de
1920 2384 1997 2413 Orat.
2007 2391 2070 2418 233·
2093 2381 2178 2419 Cujus
2187 2381 2316 2421 responso
2329 2382 2365 2413 fic
2373 2381 2536 2419 Judicese'xa
2559 2396 2565 2424 χ

1440 2422 1580 2455 arserunt,
1604 2429 1634 2451 ut
1645 2423 1742 2460 capitis
1754 2422 1896 2451 hominem
1908 2421 2164 2451 innocentissimum
2180 2421 2410 2450 condemnarent.

1419 2457 1538 2503 Dabit—ur
1550 2468 1633 2498 caput
1647 2470 1734 2489 unum
1749 2470 1799 2498 pro
1813 2460 1916 2490 multis.
1940 2459 2014 2497 Virg.
2029 2469 2053 2496 ς.
2073 2458 2135 2489 AEri.
2149 2464 2213 2495 815.
2234 2459 2252 2488 i.
2261 2468 2286 2489 e.
2311 2459 2397 2489 Unius
2416 2458 2472 2489 vita
2487 2457 2533 2488 lidi
2557 2471 2564 2505 ᾗ,

1441 2507 1533 2526 minis.
1815 2524 1817 2526 ,
2558 2514 2559 2521 κ

1419 2533 1584 2570 Damnatus.
1608 2535 1667 2565 Cic.
1684 2545 1706 2564 1.
1717 2533 1829 2565 Tuscul.
1842 2538 1886 2568 98.
1952 2570 1954 2572 v
2556 2550 2561 2570 i

1419 2572 1572 2602 Daninatos
1584 2574 1674 2610 capite
1687 2581 1775 2602 morte
1785 2570 1910 2602 multare.
1951 2571 2009 2601 Cic.
2025 2581 2048 2601 1.
2060 2570 2172 2601 Tuscul.
2186 2581 2230 2608 ςο.
2253 2571 2307 2601 Sed
2316 2570 2431 2609 plurimi
2439 2568 2530 2601 contin
2552 2575 2557 2600 ί

1439 2611 1565 2640 nituntur
1579 2633 1587 2645 ‚
1609 2611 1779 2648 animosque,
1797 2610 1869 2647 quasi
1880 2610 1972 2647 capite
1984 2610 2139 2643 damnatos,
2159 2616 2246 2638 morte
2259 2605 2404 2639 mulctant.
2558 2618 2559 2622 ¹

1419 2646 1579 2677 Defendere
1592 2651 1676 2688 'caput
1687 2646 1712 2678 δι
1721 2649 1821 2678 famam
1831 2647 1950 2677 alterius.
1973 2648 2031 2677 Cic.
2043 2654 2094 2685 pro
2108 2647 2205 2684 Quint.
2217 2652 2243 2682 8.

1418 2685 1595 2724 Dependere.
1619 2687 1721 2716 Lucan.
1734 2686 1781 2716 lib.
1797 2691 1821 2719 8.
1837 2696 1897 2715 101.

1613 2741 1650 2745 —
1662 2724 1773 2753 mallem
1783 2723 1909 2753 felicibus
1921 2720 2003 2754 armis
2554 2745 2557 2757 ,

1497 2759 1666 2798 Dependisse
1683 2760 1698 2791 c
1719 2767 1775 2798 put.
1859 2763 1875 2790 i⁴
1888 2771 1911 2790 e.
1936 2760 2020 2790 Morti
2031 2758 2153 2794 dedisse,
2175 2769 2191 2789 a
2210 2759 2347 2798 Dependo
2357 2759 2451 2794 enim,
2472 2763 2527 2788 non
2550 2758 2557 2797 r}

1416 2823 1422 2831 .
1441 2797 1762 2836 Dependeoirifinitivus
1771 2799 1824 2834 est,
1845 2798 1921 2836 quod
1933 2797 2045 2828 Solvere
2062 2796 2200 2835 significat.
2550 2802 2555 2844 ¹i'
2574 2796 2580 2806 ¹
2599 2796 2604 2833 <Q

1414 2834 1560 2866 Devovere
1570 2847 1654 2875 caput
1664 2837 1788 2871 alicuius.
1812 2837 1897 2866 Ovid.
1914 2846 1953 2871 ¹3-
1970 2836 2036 2865 Met.
2052 2844 2113 2872 330.
2550 2834 2555 2868 ζ
2599 2871 2602 2875 ,

1414 2869 1581 2917 Expendere
1600 2877 1691 2912 capite
1705 2885 1810 2913 poenas.
1851 2874 1939 2904 Tacit.
1962 2883 2002 2903 12.
2026 2875 2095 2903 Ann.
2113 2883 2151 2909 19.
2175 2872 2223 2902 Pro
2237 2871 2400 2902 Mithridate
2418 2869 2526 2908 quando
2547 2877 2554 2928 (k
2603 2883 2604 2894 1

1433 2922 1541 2948 gravius
1565 2920 1728 2947 mereretur,
1750 2916 1807 2941 'nori
1831 2911 2001 2949 potentiam,
2031 2920 2122 2947 neque
2141 2920 2258 2948 regnum
2274 2908 2400 2948 precari,
2426 2908 2474 2938 sed
2490 2911 2524 2938 ιιὲ
2562 2937 2564 2941 ,

1434 2950 1666 2986 triumpharetur.
1689 2960 1759 2980 neve
1773 2960 1871 2988 poenas
1885 2950 1975 2987 capite
1985 2949 2168 2987 expenderet.

1414 2986 1553 3016 Laceisere
1567 2989 1772 3025 caputinlidiis.
1795 2987 1884 3017 Catul.
1901 2992 1942 3017 16.
1958 2991 2002 3016 16.

1412 3023 1502 3053 Lucre
1515 3027 1612 3062 capite.
1651 3026 1685 3060 >ln
1707 3037 1723 3054 1.
1734 3035 1785 3055 uo.

1411 3062 1561 3100 Obiec'tare
1573 3063 1682 3100 periclis
1692 3067 1782 3100 caput.
1804 3060 1875 3100 Virg.
1887 3067 1912 3092 2.
1926 3062 1986 3092 AEn.
1997 3062 2060 3099 '7512
2543 3068 2550 3091 τε

1412 3100 1618 3130 Offerreletho.
1641 3102 1748 3130 Lucret.
1762 3100 1809 3129 lib.
1824 3109 1848 3137 3.
1869 3110 1947 3136 ¹054-
2478 3131 2481 3134 ,
2502 3130 2506 3134 ,
2540 3093 2549 3155 i

2539 3186 2546 3216 i

2155 234 2256 265 Millia.
2278 233 2345 264 Hor.
2357 244 2381 265 2.
2389 235 2474 266 Semi.
2486 246 2508 268 1.
2519 237 2561 277 ν’).

1410 3131 1509 3167 Pacisci
1521 3139 1639 3176 pretium
1649 3149 1699 3176 pro
1709 3139 1808 3176 capite.
1849 3137 1906 3167 Cic.
1925 3147 1948 3173 3.
1969 3136 2027 3166 Off.
2044 3144 2102 3173 ¹07-
2133 3130 2171 3164 Ut
2192 3133 2209 3164 si
2226 3133 2404 3176 praedonibus
2414 3133 2520 3176 padum

1429 3186 1479 3213 pro
1491 3178 1581 3214 capite
1592 3177 1710 3214 pretium
1721 3186 1776 3205 non
1789 3175 1911 3205 attuleris
1924 3197 1931 3209 ‚
1952 3174 2030 3203 nulla
2046 3174 2118 3203 fraus
2129 3174 2166 3202 est
2177 3194 2186 3207 ‚
2207 3182 2242 3201 ne
2259 3174 2275 3200 ii
2292 3173 2397 3215 juratus
2412 3171 2520 3209 quidem
2544 3191 2546 3194 -
2564 3175 2566 3194 ἕ

1411 3243 1414 3246 .
1429 3214 1457 3241 id
1470 3224 1524 3242 non
1534 3215 1638 3243 feceris.
1660 3215 1677 3242 i.
1692 3224 1715 3243 e.
1740 3213 1788 3243 Pro
1800 3213 1964 3242 liberatione
1974 3214 1998 3242 δι
2008 3211 2201 3249 redemptione
2212 3219 2246 3239 ex
2256 3211 2424 3248 captivitate.

1409 3250 1564 3280 Persolvere
1576 3261 1672 3288 poenas
1681 3252 1780 3288 capite.
1803 3251 1866 3280 Sen.
1882 3252 1971 3287 Agam.
1990 3260 2068 3278 1001.
2540 3259 2561 3287 ii

1407 3286 1502 3318 Petere
1516 3288 1734 3325 caputalicujus.
1777 3287 1895 3325 Quintil.
1917 3287 1998 3316 lib.6.
2012 3297 2074 3325 cap.
2087 3295 2111 3323 3.
2134 3284 2267 3315 Accusare
2278 3284 2354 3314 enim
2365 3283 2471 3322 palam,
2491 3281 2517 3313 ἃ
2537 3285 2544 3318 k

1426 3333 1509 3363 caput
1526 3326 1643 3362 alicujus
1654 3328 1763 3363 petere,
1785 3325 1953 3355 concessum.
2588 3325 2603 3360 ἒ»,

1406 3358 1517 3393 Recidit
1528 3365 1556 3392 in
1567 3373 1650 3401 caput
1660 3386 1667 3397 ,
1691 3364 1759 3393 Vide
1782 3371 1797 3392 t<
1809 3374 1820 3391 a
1830 3373 1846 3391 c
1858 3374 1865 3391 1
1879 3373 1895 3391 o
1906 3373 1931 3391 o.
1956 3362 1988 3392 H.
2000 3363 2038 3392 St.
2076 3361 2129 3391 Sed
2141 3360 2187 3389 hic
2198 3359 2289 3397 Caput
2299 3369 2356 3388 non
2367 3368 2416 3396 pro
2427 3357 2515 3387 Salute
2539 3358 2542 3386 i
2587 3361 2604 3399 li.-

1424 3402 1544 3438 positum
1555 3424 1562 3437 ‚
1583 3411 1678 3445 yerum
1691 3402 1789 3431 eadem
1798 3401 1885 3430 forma
1894 3401 2009 3436 dicitur,
2031 3409 2063 3429 ae
2073 3399 2164 3437 Capiti
2174 3397 2286 3427 illorum
2300 3397 2348 3432 sit,
2370 3397 2406 3426 de
2417 3405 2469 3435 quo
2482 3391 2511 3424 V·
2539 3442 2540 3445 Ἰ
2566 3403 2604 3461 ιῖίρς

1405 3439 1648 3514 νῖῐῖἑῗὲίηξέιῖυῖ
1663 3477 1819 3505 noxiorum.
1843 3472 1931 3504 Tacit.
1947 3485 1969 3509 ς.
1989 3475 2056 3504 Ann.
2534 3457 2539 3477 i
2569 3451 2604 3500 ᾗ

1403 3513 1508 3543 Vovere
1522 3515 1612 3552 capita
1624 3514 1668 3543 sua
1700 3524 1727 3542 ro
1738 3514 1831 3551 patria.
1853 3512 1910 3542 Cic.
1924 3524 1947 3548 5.
1960 3513 1996 3542 de
2007 3513 2065 3541 Fin.
2079 3514 2124 3547 64.
2533 3536 2535 3541 ,
2561 3526 2604 3577 ’,εὖ

1402 3551 1506 3619 Οέρίῑῑε
1517 3553 1669 3618 cesnruriata
1700 3552 1779 3580 abere
1786 3551 1898 3580 comitia
1908 3572 1915 3585 ‚
1939 3551 2067 3580 Animare
2078 3548 2216 3587 populum
2225 3548 2254 3577 in
2267 3551 2385 3577 mortem
2395 3544 2508 3575 alteritu-
2536 3566 2537 3591 ἱ
2583 3565 2600 3601 f.

1443 3591 1507 3620 laut.
1520 3590 1537 3618 l'
1550 3591 1613 3618 eud.
1683 3613 1687 3617 .
1710 3600 1715 3617 i
1743 3600 1768 3622 4.
2531 3600 2536 3623 g
2565 3595 2589 3619 ‘g

1402 3658 1404 3660 ,
1482 3599 1707 3656 Pseudoliis⁴m⁷ihi
1719 3598 1976 3655 cienturiatahabuit
1993 3624 2091 3662 capitis
2105 3623 2228 3653 comitia.
2303 3621 2335 3651 V.
2350 3619 2507 3650 Lamb.not.
2530 3619 2535 3643 ¹,
2565 3623 2595 3659 αξ.

1401 3663 1492 3701 Caput
1501 3663 1686 3694 suumofferre
1701 3663 1797 3692 vilitati
1811 3672 1860 3700 pro
1873 3663 1963 3699 eapite
1971 3661 2089 3691 alterius.
2112 3661 2196 3692 Plaut.
2206 3660 2287 3698 Capt.
2297 3669 2323 3689 2.
2342 3670 2362 3688 1.
2376 3667 2419 3724 ἴα.
2529 3691 2530 3696 ¹
2575 3692 2577 3698 y

1400 3701 1509 3738 Caput,
1532 3712 1583 3740 pro
1604 3702 1726 3731 Periculo
1748 3702 1818 3730 vitae.
1853 3699 1909 3728 Liv.
1923 3709 1948 3728 2.
1965 3709 2006 3728 12.
2030 3699 2198 3736 Accingere,
2219 3697 2289 3727 utin
2300 3697 2374 3733 singu
2387 3705 2414 3725 as
2430 3694 2506 3739 horas
2528 3704 2530 3735 ῃ
2561 3692 2585 3731 t„

1419 3740 1509 3776 capite
1519 3741 1636 3769 dimices¹
1649 3744 1706 3768 tuo.
1730 3739 1746 3768 i.
1759 3749 1782 3768 e.
1807 3736 1929 3767 Periculo
1942 3737 2058 3774 capitis,
2081 3736 2126 3765 seu
2146 3737 2223 3770 vitae„
2245 3735 2380 3764 decertes.
2414 3733 2458 3762 Slc
2528 3754 2533 3771 0
2557 3728 2577 3806 ³

1398 3776 1496 3814 Capite
1509 3777 1555 3806 suo
1566 3779 1722 3807 decernere.
1768 3775 1825 3805 Cic.
1841 3785 1881 3803 ιο.
1902 3777 1954 3803 Att.
1969 3785 1994 3809 9.
2024 3774 2134 3803 Utinam
2146 3780 2210 3803 meo
2220 3772 2309 3802 solum
2319 3770 2506 3809 capitedecer-
2530 3784 2533 3795 s
2559 3778 2570 3819 ἰ

1397 3823 1569 3888 (Σέζυεῑηίὲείε
1579 3858 1626 3881 aut
1638 3851 1755 3885 alicujus
1769 3850 1808 3880 rei
1824 3848 1990 3883 hujusmodi.
2032 3848 2090 3878 Cic.
2104 3857 2131 3877 2.
2149 3848 2184 3876 de
2195 3846 2268 3883 Lege
2281 3847 2337 3883 Agr.
2349 3855 2391 3881 ις.
2421 3846 2508 3884 Atque*
2525 3854 2531 3885 i*
2555 3822 2604 3914 394ss

1413 3898 1465 3925 ego
1474 3899 1488 3917 a
1506 3891 1588 3917 iriino
1600 3890 1692 3926 capite
1702 3888 1771 3926 legis
1783 3910 1790 3922 ,
1816 3887 1897 3924 usque
1908 3887 1942 3915 ad
1951 3893 2105 3915 extremum
2115 3886 2224 3922 reperio
2236 3885 2359 3920 Quirites
2370 3905 2378 3919 ‚
2389 3884 2439 3913 &c.

1393 3925 1484 3964 Caput
1509 3927 1672 3964 ‘picurihoc
1690 3926 1737 3955 est.
1778 3925 1836 3954 Cic.
1845 3935 1872 3961 4.
1890 3925 1974 3954 Acad.
1986 3934 2049 3954 101.
2068 3924 2110 3954 lta
2122 3923 2204 3952 nobis
2215 3922 2385 3957 tacentibus,
2394 3925 2504 3995 Εοέἰὲιὲιὲ
2528 3932 2529 3947 2
