2600 4177
4 4061 8 4069 ,
3 3963 11 4052 ..ἢν
0 3857 11 3954 2-3.

475 159 504 194 C
595 159 630 194 O
722 159 757 194 N

121 241 216 278 Quum
227 240 293 272 esset
303 242 378 271 omni
394 241 561 278 flagitiorum
572 239 762 277 scelerumque
782 240 951 271 conscientia
962 240 1066 271 mersus
1077 263 1084 275 ,
1105 250 1160 271 nec
1170 250 1226 270 nie-

121 280 175 308 Iioi·
185 279 223 308 illi
238 290 280 308 res
295 280 435 318 familiaris
446 288 528 313 quam
539 287 617 306 mens
629 279 708 311 foret,
731 281 881 315 aggregari<
894 279 1039 309 simillimis
1051 279 1109 314 sibi,
1132 280 1226 308 interi-

122 327 199 345 mere
211 317 343 346 (ja-sarem
357 317 455 346 statuit.
501 316 540 344 De
555 316 627 344 Rufo
640 316 754 351 Egnatio
765 316 897 353 loquitur.

103 354 201 384 Metiri
214 365 248 384 ex
267 354 447 383 conscientia.
470 353 529 382 Cic.
548 363 589 382 io.
607 353 681 382 Fam.
696 365 722 388 4.

104 391 223 421 Remota
243 392 413 422 conscientia
431 391 589 419 hominnm.
630 390 689 420 Cic.
705 401 730 420 2.
745 391 781 420 de
791 391 850 420 siri.
865 397 909 425 28.
933 392 970 421 Ut
990 391 1137 420 hominnm
1159 400 1228 420 con-

123 430 237 459 scientia
250 436 374 465 remota,
394 428 465 457 nihil
478 435 532 457 tam
544 436 625 466 turpe
637 428 667 457 sit
679 451 687 463 ,
710 430 786 466 quod
806 429 956 467 voluptatis
974 428 1053 459 causa
1068 429 1229 458 nonvidea-

123 473 168 496 tur
181 468 235 497 esse
245 468 376 497 facturus.
418 468 435 495 i.
452 475 477 495 e.
499 467 526 495 Si
537 467 702 496 existimaret
714 477 771 497 rem
791 467 824 496 ab
846 469 978 497 omnibus
993 467 1052 496 sciri
1066 476 1124 496 non
1139 465 1226 504 posse.

123 505 251 535 Budaeus.
292 504 402 540 [immo
419 505 439 532 A
454 504 568 533 nemine
579 504 637 533 sciri
650 504 734 542 posse.

104 542 240 572 Simulata
255 541 426 571 conscientia
437 542 542 571 adeant
555 564 563 577 ‚
585 543 603 570 i.
621 552 644 571 e.
667 542 804 572 Simulato
814 564 821 577 ,
844 542 896 572 sive
919 543 1063 581 postquam
1085 540 1229 571 simulave-

125 580 215 610 rintse
224 579 349 609 conscios
360 580 421 615 ejus
436 580 475 608 rei
489 579 552 609 esse.
575 580 664 609 Tacit.
679 590 706 610 2.
726 581 796 610 Ann.
813 591 859 616 40.

104 618 202 656 Spreta
213 616 392 647 conscientia.
414 617 506 647 Tacit.
521 628 562 653 ις.
579 620 648 647 Ann.
662 622 708 648 eo.

103 656 182 722 Skim.
203 662 251 690 ut,
269 655 335 685 Mea
346 655 417 685 mihi
430 656 602 686 conscientia
613 655 699 694 pluris
708 655 746 685 est
755 665 838 692 quam
849 657 977 686 omnium
989 655 1086 685 sermo.
1110 655 1168 685 Cic.
1183 664 1226 686 12.

148 700 179 722 tt.
193 702 238 730 ²7·

64 749 73 757 .
103 731 231 762 Tenetur
241 731 420 761 constrictum
433 730 586 761 multorum
603 730 773 760 conscientia
791 731 909 765 alicujus
929 730 1084 760 consilium.
1126 730 1184 760 Cic.
1202 740 1225 760 1.

123 769 153 798 in
166 769 246 798 Catil.
260 779 282 798 1.
306 769 487 799 Constrit‘iam
499 770 554 804 jam
570 770 669 798 horum
679 768 806 798 omnium
817 768 988 799 conscientia
998 769 1090 799 teneri
1100 770 1232 805 conjura-

124 808 232 836 tionem
245 813 320 836 tuam
333 816 391 836 non
402 808 480 836 vides
490 809 503 836 t3

105 845 211 874 Contra
222 845 421 875 conscientiam
436 846 537 883 opibus
550 844 700 874 hominum
717 843 786 881 septi
804 844 830 873 ἃ.
847 844 968 881 muniti,
991 843 1109 874 deorum
1124 854 1230 875 numen

125 882 241 912 horrent
251 891 355 913 tamen.
377 884 437 913 Cic.
450 893 473 912 1.
487 883 523 912 de
536 883 593 912 Pin.
608 891 651 916 51.

103 920 137 951 ln
149 920 349 950 conscientiam
358 921 492 950 assumere
501 920 630 956 aliquem.
665 918 754 949 Tacit.
771 926 813 953 η.
827 919 898 949 Ann.
914 929 956 949 12.
978 919 995 948 i.
1011 929 1035 949 e.
1058 920 1160 950 Facere
1171 930 1232 958 par-

123 959 240 1025 ἓὴῐρειῃ
252 959 430 989 consiliorum
441 981 449 995 ‚
471 960 498 989 δε
508 957 661 988 conscium.
681 957 810 986 Budaeus.
852 957 962 988 Dicitur
973 959 999 987 Sc
1014 959 1129 988 Sumere
1139 959 1173 988 ab
1185 968 1231 988 eo-

146 1007 206 1032 em,
224 998 272 1027 lib.
287 1008 313 1032 4.

103 1034 152 1064 Ob
161 1035 360 1064 conscientiam
376 1035 462 1073 stupri
472 1034 530 1064 acci
553 1043 599 1063 ere
617 1032 732 1069 aliquid.
774 1032 924 1063 Marcellus
938 1034 966 1063 in
981 1033 998 1062 l.
1019 1034 1110 1064 mariti
1126 1033 1233 1065 lenoci-

124 1073 212 1102 nium.
238 1074 259 1110 ξ.
282 1074 412 1110 quodait.
433 1073 468 1102 D.
481 1073 516 1101 ad
543 1081 622 1110 egem
633 1070 735 1106 Juliam
748 1070 784 1099 de
802 1071 946 1101 adulteriis
958 1094 965 1106 ‚
987 1071 1119 1102 Plestitur
1137 1073 1163 1102 &
1183 1073 1230 1110 qui

121 1111 246 1148 pretium
257 1121 309 1148 pro
321 1118 467 1149 comperto
479 1110 572 1148 stupro
582 1109 738 1146 acceperit:
761 1118 814 1138 nec
834 1110 946 1139 interest
963 1117 1054 1139 utrum
1069 1111 1184 1140 maritus
1200 1110 1231 1140 sit

123 1149 172 1184 qui
183 1150 334 1186 acceperit,
356 1159 391 1178 an
400 1148 469 1178 alius
483 1148 609 1186 quilibet.
632 1147 792 1183 quicunque
803 1148 879 1178 enim
889 1147 924 1177 ob
933 1147 1135 1178 conscientiam
1145 1149 1230 1187 stupri

124 1189 266 1224 acceperit
277 1187 384 1224 aliquid
395 1209 402 1222 ‚
422 1196 508 1225 poena
517 1187 569 1215 erit
579 1185 754 1223 plestendus.

68 1223 276 1255 Conscaizo.
317 1225 350 1255 V.
373 1226 403 1254 in
424 1233 621 1254 coNsacao
641 1223 676 1251 ad
694 1221 788 1252 finem.

68 1262 118 1292 Co
127 1272 147 1291 Ν
156 1272 168 1291 s
179 1272 196 1291 c
205 1273 221 1291 R
230 1275 240 1292 ι
250 1273 264 1292 Β
272 1275 281 1292 1
291 1275 307 1292 ι,
315 1275 331 1292 L
339 1273 357 1293 0
367 1285 375 1299 ‚
392 1258 570 1299 [cvx‘gqiqioe]
585 1264 640 1290 are.
663 1270 715 1298 pro
724 1260 905 1291 Conscribere
914 1267 1021 1292 veteres
1032 1262 1182 1292 dixerunt:
1204 1269 1232 1293 at

104 1301 273 1338 plerumque
285 1311 351 1331 cum
363 1306 558 1337 contemptum
571 1300 688 1328 innuere
698 1298 811 1328 veilent.
843 1299 918 1329 Varr.
941 1300 1081 1330 Columna
1091 1300 1231 1336 Herculis,

105 1335 162 1367 aa&
183 1335 247 1372 δῖξης
259 1361 267 1374 ,
288 1339 384 1376 Itaque
396 1347 441 1368 eas
451 1338 479 1366 in
494 1346 587 1367 ceram
597 1335 817 1366 coiiscribillavit
834 1337 960 1368 Herculis
971 1339 1005 1368 ad
1021 1338 1111 1368 litem.
1151 1338 1232 1369 Idem

104 1375 286 1414 Marcipore,
307 1376 440 1413 Astrologi
453 1385 511 1404 non
531 1374 612 1410 sunt,
634 1375 681 1412 qui
693 1374 935 1406 conscribillarunt
948 1377 1099 1415 pingentes
1117 1377 1228 1407 caelum.

103 1413 216 1444 Nonius
227 1425 252 1445 2.
270 1421 332 1450 108.
354 1414 455 1445 Catull.
470 1413 548 1451 Epig.
561 1422 606 1448 25.
622 1423 664 1442 11.

149 1452 239 1483 Inusta
248 1453 423 1491 turpitertibi
433 1451 543 1489 flagella
557 1449 776 1481 conscribillent.
837 1451 855 1481 i.
868 1461 892 1481 e.
915 1452 1070 1482 Inscribant
1081 1452 1230 1483 vibicibus.

67 1488 92 1520 C
102 1500 119 1519 ο
129 1500 149 1519 Ν
159 1501 171 1520 s
180 1501 197 1520 c
207 1501 223 1519 a
231 1495 265 1521 ῖΒ
274 1501 291 1520 o
300 1513 308 1527 ,
330 1491 367 1529 psi
377 1513 385 1526 ‚
405 1497 487 1529 ptum
499 1512 507 1524 ‚
526 1491 543 1526 [
551 1486 702 1525 συκῗρςίφω]
725 1491 780 1519 ere.
802 1489 929 1520 Scribere
949 1490 1082 1528 significat
1091 1513 1100 1527 ,
1122 1491 1177 1520 hoc
1192 1491 1232 1520 est

105 1538 289 1567 componere.
331 1529 390 1559 Cic.
404 1538 427 1558 1.
439 1528 476 1565 Q.
489 1528 551 1557 frat.
563 1537 590 1558 2.
612 1527 728 1557 Litteras
739 1528 774 1557 ad
785 1534 812 1557 te
824 1538 921 1565 parum
932 1529 1051 1558 fraterne
1062 1528 1231 1567 conscripse-

105 1577 175 1602 ram,
215 1567 327 1605 Legitur
338 1568 368 1596 in
377 1566 483 1596 vetusto
492 1565 645 1604 exemplari
655 1565 832 1604 Scripseram.

104 1605 149 1636 De
159 1605 252 1642 aliquo
261 1606 297 1634 ad
307 1605 429 1643 aliquem
439 1603 624 1634 conscribere.
661 1603 719 1633 Cic.
734 1613 778 1634 12.
793 1605 848 1634 Att.
867 1614 910 1639 19.
933 1604 976 1635 De
984 1605 1107 1635 Antonio
1118 1614 1230 1642 quoque

123 1643 224 1674 Balbus
233 1644 270 1674 ad
278 1653 322 1672 me
334 1653 399 1673 cum
408 1643 505 1681 Oppio
517 1641 686 1679 conscripsit,
699 1639 783 1679 idque
795 1642 843 1671 tibi
853 1642 1034 1680 placuisse,ne
1045 1643 1229 1680 perturbarer.

104 1681 148 1713 De
158 1681 252 1719 aliqu-o
264 1704 271 1717 ‚
294 1688 325 1711 ut
337 1703 345 1716 ,
365 1681 432 1711 lllos
440 1682 527 1711 etiam
537 1680 573 1710 de
585 1679 687 1717 quibus
698 1680 794 1709 audivi
803 1703 811 1716 ,
833 1681 925 1719 &legi
936 1704 944 1718 ,
966 1681 1058 1720 &ipse
1070 1681 1229 1720 conscripsi.

123 1720 184 1750 Cic.
197 1722 231 1749 de
242 1721 352 1750 Senedt.
365 1725 412 1756 83.

104 1757 149 1788 De
162 1757 257 1796 lingua
266 1758 362 1788 Latina
371 1758 463 1795 aliqua
472 1755 657 1786 conscribere.
679 1755 738 1786 Cic.
753 1764 796 1793 η.
818 1757 872 1787 Att.

103 1796 257 1835 Epistolam
271 1797 306 1826 de
317 1796 410 1834 aliqua
419 1805 448 1825 re
459 1795 553 1824 alicui.
575 1794 634 1824 Cic.
650 1803 691 1831 13.
702 1796 757 1824 Att.
770 1805 813 1832 ςο.
825 1805 868 1834 pr.

102 1835 148 1865 De
158 1836 266 1864 ratione
275 1835 398 1864 dicendi.
420 1835 496 1864 Auci.
511 1833 544 1862 ad
557 1832 660 1862 Heren.
673 1842 697 1862 1.
712 1842 736 1863 1.

102 1872 219 1911 Legem.
231 1873 322 1909 Cic.4.
335 1874 387 1902 Att.
396 1882 420 1902 1.
432 1872 534 1909 Legem
545 1880 561 1900 c
569 1881 585 1899 o
593 1880 605 1900 s
612 1880 633 1900 s.
645 1871 876 1909 conscripserunt,
888 1881 941 1909 qua
949 1871 1082 1910 Pompeio
1089 1881 1139 1910 per
1148 1873 1230 1910 quin⁴

122 1912 280 1948 quenniuni
289 1911 381 1940 omnis
390 1910 508 1947 potestas
519 1909 558 1938 rei
569 1910 754 1939 frumentariae
764 1917 824 1939 toto
835 1908 903 1939 orbe
913 1918 1046 1940 terrarum
1062 1910 1182 1942 daretur.

102 1949 228 1979 Librum.
251 1949 310 1979 Cic.
324 1949 360 1978 de
373 1948 445 1978 Clar.
455 1947 532 1977 Orat.
547 1956 608 1984 132.

103 1987 233 2018 Parietes.
267 1987 334 2016 Plin.
346 1986 396 2016 lib.
407 1992 453 2021 28.
464 1995 525 2024 cap.
537 1994 563 2014 2.
586 1984 677 2015 Etiam
686 1985 807 2024 parietes
817 1986 1016 2016 incendiorum
1028 1986 1235 2024 deprecationi.

126 2026 177 2056 bus
190 2025 412 2055 conscribuntur.

104 2064 298 2101 Quaestionem
307 2063 410 2092 ficftam.
434 2062 493 2091 Cic.
504 2070 555 2100 pro
568 2061 680 2092 Cluent.
696 2071 759 2098 191.

103 2102 309 2141 Syngraphum.
330 2101 416 2131 Plaut.
428 2100 498 2130 Asm.
510 2112 536 2136 4.
551 2109 573 2130 1.
590 2110 614 2130 1.

189 2141 329 2178 Agedum,
351 2139 432 2169 istum
446 2138 579 2174 ostende,
600 2147 685 2175 quem
697 2137 878 2177 conscripsisti
890 2138 1086 2178 syngraphum.

105 2178 284 2208 Testamenta
293 2185 475 2208 mortuorum.
498 2176 556 2205 Cic.
571 2176 606 2206 de
616 2176 710 2214 Arusp.
722 2176 803 2216 Resp.
815 2187 862 2213 42.

104 2217 256 2246 volumen.
279 2216 336 2245 Cic.
346 2225 396 2254 pro
406 2214 487 2245 Rosc.
500 2215 590 2244 Amer.
604 2224 666 2244 100.

104 2254 213 2285 Milites
222 2277 231 2290 ,
251 2254 297 2284 vel
305 2254 439 2292 legiones.
477 2252 505 2282 ii.
515 2262 539 2282 e.
561 2252 683 2290 Cogere,
706 2253 887 2283 &incertum
897 2262 1085 2284 numerumac
1096 2252 1231 2293 scriptum

123 2293 258 2330 redigere.
298 2292 383 2321 Plaut.
395 2290 479 2321 milit.
495 2300 519 2320 1.
532 2302 555 2320 1.
568 2296 612 2327 7⁶-

185 2331 259 2360 Nam
272 2340 319 2359 rex
330 2330 464 2360 Seleucus
476 2338 521 2358 me
531 2339 615 2366 opere
624 2329 712 2358 oravit
722 2329 845 2358 maximo
855 2350 863 2364 ,

185 2369 223 2398 Ut
235 2369 280 2399 sibi
293 2368 413 2397 latrones
427 2376 558 2405 cogerem
572 2370 597 2396 δι
610 2366 823 2397 conscriberem.
897 2367 954 2397 Cic.
971 2376 1013 2397 12.
1030 2367 1105 2397 Fam.
1117 2377 1160 2402 1ς.
1183 2368 1235 2398 His

123 2407 225 2437 litteris
234 2407 342 2444 scr²ptis
352 2406 454 2435 milites
465 2406 576 2434 circiter
593 2415 611 2434 x
621 2414 639 2434 x
647 2414 665 2434 x
675 2427 683 2439 ,
705 2415 774 2442 quos
792 2405 934 2435 Dolabella
952 2414 987 2434 ex
998 2405 1056 2435 Asia
1066 2405 1233 2444 conscripse.

125 2452 184 2481 rat,
206 2455 221 2474 e
230 2445 306 2483 Syria
315 2445 454 2481 fugientes
463 2466 471 2476 .
492 2444 521 2472 in
533 2443 716 2481 Pamphiliam
730 2450 875 2473 venerunt.

105 2483 260 2513 Veteranos
273 2482 399 2512 celeriter
408 2480 580 2511 conscribere
590 2504 598 2516 ⁷
620 2491 669 2519 pro
682 2481 797 2518 Cogere.
819 2482 876 2511 Cic.
891 2491 932 2510 ιο.
944 2481 1018 2511 Fam.
1029 2487 1074 2516 28.

105 2521 200 2552 Palam
214 2520 388 2551 conscribere
408 2522 434 2549 &
453 2521 610 2549 centuriare
634 2520 752 2557 aliquos.
793 2520 852 2548 Cic.
870 2519 929 2548 Post
946 2520 1028 2549 redit.
1045 2520 1080 2549 ad
1091 2520 1172 2557 Quir.
1185 2529 1228 2557 η.

125 2560 185 2597 Ego
197 2569 283 2596 quum
295 2559 424 2588 homines
436 2558 466 2587 in
474 2557 622 2588 Tribunali
633 2557 746 2588 Aurelio
760 2557 852 2596 palam
867 2557 1004 2587 conscribi
1023 2559 1231 2596 centuriarique

124 2598 253 2627 vidissem
264 2619 272 2633 ,
288 2598 340 2627 &C-

106 2635 226 2666 Vicatim
239 2635 415 2665 conscribere
424 2656 432 2669 ‚
452 2633 602 2664 Decuriare
624 2633 744 2671 aliquos.
786 2632 845 2663 Cic.
859 2643 910 2671 pro
925 2633 1000 2663 Sext.
1014 2642 1058 2671 34.
1080 2634 1178 2671 Quum
1196 2635 1236 2664 vi-

124 2675 209 2704 catim
217 2674 346 2703 homines
354 2672 612 2706 conscriberentur,
635 2673 862 2708 decuriarentur‚
883 2672 919 2701 ad
929 2672 1002 2709 vim,
1026 2672 1062 2702 ad
1071 2682 1180 2710 manus,
1199 2673 1235 2703 ad

125 2712 233 2741 caedein
243 2734 252 2747 ,
274 2713 310 2741 ad
318 2711 505 2748 direptionem
514 2711 706 2740 incitarentur.

106 2750 289 2780 Conscribere
301 2772 308 2784 ,
330 2749 465 2779 absolute.
506 2749 565 2778 Cic.
586 2758 636 2786 pro
652 2748 745 2778 Plane.
759 2758 806 2783 4ς.
844 2747 911 2777 Haec
933 2748 1021 2783 doce,
1042 2748 1102 2779 haec
1120 2749 1230 2787 profer,

126 2789 183 2818 huc
193 2788 336 2822 incumbe,
350 2786 510 2822 Laterensis,
532 2786 684 2816 decuriasse
695 2786 848 2821 Plancium,
858 2785 1054 2824 conscripsisse,
1067 2787 1234 2825 sequestrem

126 2826 206 2856 fuisse
218 2848 226 2861 ,
249 2825 440 2864 pronuntiasse
451 2847 460 2861 ‚
485 2824 609 2854 divisisse.
646 2824 694 2854 ubi
719 2824 828 2854 Manut.
853 2824 882 2853 V.

70 2865 94 2896 C
102 2875 119 2895 o
131 2875 150 2894 Ν
161 2875 172 2894 s
182 2874 198 2893 c
206 2874 222 2893 a
231 2875 240 2892 1
251 2874 264 2893 Ρ
273 2874 292 2893 τ
301 2874 318 2893 u
328 2874 339 2893 s
350 2886 358 2898 .,
379 2874 393 2893 a
404 2886 412 2900 ,
434 2873 491 2893 um.
515 2863 612 2893 Partic.
635 2859 897 2899 [σνβερςοιμμᾙῷυ]
919 2867 960 2898 ut,
981 2861 1151 2901 Conscriptae
1159 2863 1234 2894 litte-

107 2913 153 2932 rae.
177 2902 261 2932 Plaut.
275 2901 371 2931 Pseud.
386 2912 408 2931 1.
425 2912 448 2931 1.
459 2904 505 2931 26.

106 2941 271 2978 Epistolium
281 2939 471 2978 conscriptum
480 2938 620 2976 lacrymis.
642 2937 732 2967 Catul.
743 2940 787 2967 66.
798 2946 824 2968 2.

106 2979 243 3010 Fortunas
258 2978 371 3008 alterius
381 2978 480 3008 litteris
487 2977 656 3014 conscriptas
667 2976 844 3012 iniudicium
856 2974 964 3005 afferre.
986 2976 1044 3006 Cic.
1055 2987 1107 3015 pro
1118 2977 1231 3009 Cluent.

129 3021 192 3051 186.
214 3017 260 3046 Tu
270 3016 426 3054 periculum
435 3016 536 3053 capitis
548 3037 556 3050 ‚
577 3024 607 3044 tu
617 3014 755 3044 indicium
773 3013 883 3044 sceleris
895 3036 904 3050 ,
925 3022 956 3044 tu
975 3014 1101 3046 fortunas
1120 3016 1233 3048 alterius

128 3055 229 3084 litteris
240 3054 408 3092 conscriptas
416 3055 445 3083 in
452 3054 591 3091 judicium
599 3052 696 3082 afferas
706 3053 720 3081 ‘?

107 3092 207 3124 Mensa
216 3092 375 3130 conscripta
383 3092 460 3122 virio.
482 3092 568 3122 Ovid.
580 3100 606 3121 2.
618 3092 711 3120 Amor.
723 3101 747 3127 ς.
763 3099 806 3126 17.

107 3131 179 3161 Tela
190 3130 346 3167 conscripta
359 3131 481 3167 imagine
491 3129 620 3168 quadam.
641 3129 707 3158 Stat.
723 3138 748 3165 3.
764 3128 830 3159 Silv.
846 3137 870 3158 1.
884 3137 947 3166 117.

108 3169 264 3206 Conscripti
278 3168 391 3197 milites.
413 3167 479 3197 Caes.
493 3178 516 3204 3.
530 3167 597 3197 Bell.
611 3167 693 3196 Civil.

108 3206 266 3244 Conscripti
279 3229 286 3241 ,
315 3202 591 3242 [ωερπρέἓκοιμμὲῄνοι
602 3227 611 3240 ,
636 3204 780 3241 ἐ’γΓρφπἹοι]
806 3205 899 3242 inquit
921 3205 1014 3235 Festus
1025 3228 1034 3241 ,
1065 3206 1233 3237 dicebantur

129 3245 187 3281 Qui
199 3254 232 3274 ex
248 3244 363 3281 equestri
377 3244 475 3274 ordine
485 3242 611 3282 patribus
623 3242 831 3273 ascribebantur
841 3265 848 3277 ,
871 3250 902 3272 ut
917 3253 1051 3274 numerus
1064 3245 1234 3275 Senatorum

127 3282 298 3321 expleretur.
340 3281 399 3312 Liv.
410 3291 436 3311 2.
449 3291 472 3311 1.
486 3288 556 3311 extr.
579 3281 690 3311 Deinde
701 3291 756 3319 quo
767 3281 829 3318 plus
840 3281 939 3310 virium
952 3282 980 3310 in
990 3282 1094 3312 Senatu
1105 3284 1235 3320 frequen-

127 3322 166 3350 tia
175 3322 259 3350 etiam
268 3320 374 3349 ordinis
384 3320 488 3349 faceret
497 3342 504 3355 ,
527 3319 650 3348 caedibus
659 3320 730 3356 regis
740 3319 912 3348 diminutum
934 3326 1046 3357 patrum
1064 3330 1212 3351 numerum
1225 3344 1234 3357 ,

148 3359 297 3388 rimoribus
305 3358 438 3395 equestris
447 3358 547 3395 gradus
558 3357 654 3387 elestis
667 3379 674 3392 ,
696 3358 732 3386 ad
742 3363 933 3387 trecentorum
952 3357 1087 3388 summam
1098 3359 1233 3397 explevit.

155 3397 332 3433 reditumque
343 3396 410 3425 inde
418 3395 515 3430 fertur,
537 3401 568 3425 ut
577 3396 607 3424 in
617 3395 752 3425 Senatum
760 3402 928 3424 vocarentur
940 3396 987 3433 qui
999 3396 1090 3426 Patres
1101 3419 1108 3432 ,
1131 3399 1235 3435 quique

128 3435 286 3502 lConscripti
297 3433 400 3464 essent:
429 3433 600 3472 conscriptos
609 3433 780 3463 videlicetin
790 3442 896 3462 novum
906 3433 1041 3464 Senatum
1053 3435 1234 3473 appellabant

141 3475 226 3502 estos.
968 3484 973 3487 ·

111 3509 400 3548 Officiumconscripti
412 3532 420 3546 ‚
441 3510 459 3539 i.
471 3519 497 3539 e.
518 3509 660 3549 Senatoris
669 3507 805 3538 officium.
825 3508 894 3539 Hor.
911 3509 940 3538 in
955 3509 1016 3539 Arte
1024 3509 1100 3539 Poet.
1115 3519 1178 3548 3¹4.

73 3549 98 3578 C
109 3559 125 3578 o
134 3559 152 3577 N
162 3559 174 3578 s
183 3558 201 3578 c
210 3558 243 3577 Ri
251 3559 265 3577 P
273 3558 292 3577 T
301 3559 359 3585 usi,
369 3550 387 3578 i.
400 3558 427 3577 n.
438 3555 477 3583 ut,
490 3546 617 3576 Virorum
629 3554 753 3577 veterum
764 3547 930 3585 conscripta.
941 3548 1028 3577 Ovid.
1040 3558 1063 3583 ς.
1075 3548 1237 3586 Trist.3.55.

74 3587 123 3616 Co
134 3596 172 3616 tis
183 3596 201 3615 c
210 3596 225 3615 a
234 3597 243 3614 i
253 3595 294 3615 ΡΤ
304 3597 313 3614 1
323 3595 340 3615 o
352 3608 359 3621 ,
382 3586 453 3616 finis.
474 3585 493 3614 f.
524 3585 688 3621 [συκῖιριφὴ]
720 3584 780 3614 Cic.
805 3595 856 3623 pro
875 3585 987 3615 Cluent.
1009 3595 1069 3622 191.
1104 3586 1235 3622 Ejusdem

112 3624 241 3654 amentia:
254 3624 325 3654 faisae
335 3624 554 3662 conscriptiones
563 3622 766 3660 quaestionum,
786 3632 823 3653 ex
844 3623 948 3654 eodem
970 3622 1064 3654 furore
1086 3625 1171 3655 etlam
1187 3626 1235 3656 illa

113 3662 300 3692 conscelerata
307 3663 416 3692 exectio
428 3662 529 3699 linguat
540 3683 548 3695 ,
567 3663 620 3691 ἃς.

75 3699 98 3730 C
107 3710 124 3729 o
134 3710 154 3729 N
163 3710 175 3729 s
185 3709 225 3729 ca
235 3709 264 3728 ir»
273 3710 292 3728 τ
301 3709 342 3728 oa
351 3722 359 3736 ,
380 3701 444 3730 oris.
466 3710 504 3729 m.
527 3697 650 3736 Quintil.
664 3698 787 3728 Declam.
799 3707 863 3736 277.
893 3698 1032 3730 Conditor
1049 3699 1237 3739 conscriptor-

115 3738 255 3776 quelegis.
279 3737 354 3766 conf.
373 3738 475 3768 Arnob.
487 3748 511 3767 1.
530 3747 558 3775 p.
571 3746 612 3772 η.
625 3738 652 3766 &
667 3745 711 3771 ³⁴·

74 3777 199 3808 conss
209 3785 265 3811 CO,
286 3775 377 3811 secui,
398 3775 513 3810 sedium,
534 3771 692 3811 [λβ-πίω]
711 3775 769 3806 are.
791 3774 870 3805 Idem
880 3774 956 3811 quod
967 3774 1077 3806 Secare.
1098 3776 1168 3806 Plin.
1181 3777 1232 3808 lib.

115 3818 158 3851 3⁶·
172 3824 234 3851 cap.
247 3818 293 3842 26.
314 3815 392 3843 Acies
407 3821 483 3844 tanta
504 3814 542 3843 est
558 3822 743 3850 quacunque,
763 3820 794 3842 ut
812 3813 881 3842 citra
897 3812 987 3843 ullum
997 3813 1107 3845 sensum
1124 3815 1160 3846 ad
1178 3815 1235 3846 ossa

112 3852 253 3887 consecet,
276 3851 409 3889 quicquid
424 3853 558 3882 afflaverit
570 3851 705 3888 corporis.
1054 3855 1058 3856 ⁷

112 3891 243 3923 Membra
251 3888 405 3919 consecate.
428 3891 513 3920 Ovid.
527 3899 551 3924 3.
563 3890 645 3919 Trist.
657 3899 682 3924 9.
696 3897 741 3925 34.

193 3929 264 3959 Iride
277 3927 384 3957 Tomos
394 3928 485 3958 dicius
500 3929 578 3957 locus
588 3927 634 3956 hic
644 3949 651 3961 ,
671 3927 735 3964 quia
743 3925 867 3956 ferturin
877 3925 925 3957 illo

250 3965 377 3995 Membra
387 3966 462 3995 soror
473 3966 562 3995 fratris
574 3964 743 3995 consecuisse
755 3964 805 3994 sui.

111 4003 265 4037 Consecare
275 4004 445 4035 minutatim.
467 4005 540 4036 Varr.
553 4013 577 4041 3.
588 4003 665 4035 deit
679 4003 710 4033 R.
723 4012 784 4042 cap.
800 4012 842 4033 10.

1285 425 1507 466 Consteno,

1737 164 1766 198 C
1866 165 1901 200 O
1999 167 2032 203 N
2380 184 2447 224 653

1321 239 1475 272 Consecare
1487 242 1514 271 in
1527 249 1624 274 tenues
1635 246 1819 276 membranas.
1843 247 1912 277 Plin.
1925 247 1973 278 lib.
1988 259 2030 284 30·
2045 261 2106 289 cap.
2119 263 2147 288 4.

1284 275 1523 315 Consrc'rio,
1546 283 1617 312 onis.
1642 285 1659 313 f.
1685 280 1865 320 [zlgdnrmf]
1890 293 1936 321 ut,
1960 288 2106 319 Confectio
2117 290 2254 321 arborum.
2295 294 2391 328 (ἷκε.
2411 298 2449 328 de

1322 314 1384 357 Nat.
1399 317 1478 362 Deor.
1493 329 1553 354 15¹·
1581 321 1713 351 Arborum
1727 329 1819 352 autem
1830 324 2025 361 consec'tione,
2048 330 2181 365 omnique
2198 332 2312 360 materia
2325 336 2350 363 ἃ

1322 354 1347 381 ἃ
1360 354 1485 397 silvestri,
1508 359 1607 394 partini
1622 360 1656 388 ad
1668 360 1872 391 calfaciendum
1886 372 1989 401 corpus
2005 365 2199 403 igniadhibito

1322 390 1389 419 dnm
1400 394 1493 422 cibum
1506 396 1608 424 utimur
1620 418 1627 430 ,
1646 399 1697 427 oie.

1529 434 1683 478 [affinga-se,
1705 436 1855 473 ώιθεωέξω]
1875 441 1930 467 are.
1955 439 2080 475 ejusdem
2098 441 2303 480 significationis
2325 456 2389 476 cum
2402 450 2448 478 Sa-

1321 469 1483 512 cr0,'quod
1497 470 1534 499 est
1550 470 1608 514 Deo
1618 473 1704 514 dico,
1727 476 1752 503 ἃ
1762 474 1869 504 sacrum
1883 477 1964 507 facio.
2006 480 2107 510 Auctor
2118 481 2154 510 de
2168 481 2234 511 Viris
2248 481 2342 513 illustr.
2352 495 2433 523 capa
2496 494 2501 496 ’

1321 503 1416 541 Spolia
1427 516 1521 544 opima
1531 507 1592 542 ‚lovi
1606 509 1725 540 Feretrio
1738 513 1765 540 in
1779 512 1919 550 Capitolio
1930 515 2111 548 consecravit.
2134 519 2202 549 Hor.
2212 531 2240 556 4.
2256 520 2345 552 Carm.
2358 529 2384 558 8.
2400 510 2444 561 27⁸

1417 544 1549 587 Ereptum
1562 547 1662 583 Stygiis
1675 549 1806 579 fluctibus
1822 551 1937 581 AEacum
2438 546 2446 555 ·

1415 581 1508 611 Virtus
1518 605 1526 618 ‚
1548 585 1573 613 ὁὶ
1584 586 1661 614 favor
1673 608 1679 619 ,
1703 587 1833 624 &lingua
1845 590 2004 626 potentium

1417 618 1518 649 Vatum
1533 622 1666 652 divitibus
1679 625 1821 656 consecrat
1832 626 1935 657 insulis.

1323 655 1489 687 Consecrare
1500 660 1525 688 δι
1537 659 1650 703 publice
1663 661 1800 693 dedicare.
1823 664 1880 694 Cic.
1890 675 1915 694 2.
1928 666 1964 696 de
1975 665 2038 696 Nat.
2051 668 2134 700 Deor.
2147 676 2194 706 78.

1324 693 1416 738 Dare.
1439 697 1544 739 donare
1557 719 1564 731 ,
1585 697 1678 741 dicare
1692 721 1700 734 ,
1721 700 1880 732 consecrare
1889 702 1953 738 Jovi
1965 703 2032 743 Opt.
2046 707 2122 737 Max.
2145 709 2205 739 Cic.
2219 713 2245 740 6.
2256 710 2332 743 Verr.
2346 717 2382 752 67

1323 731 1448 762 Nomine
1459 734 1576 769 alicuius
1587 735 1632 764 dei
1641 743 1688 766 aut
1696 737 1755 767 deae
1765 739 1870 776 aliquid
1879 741 2048 773 consecrare.
2071 746 2129 775 Cic.
2141 756 2167 776 2.
2179 747 2216 777 de
2231 749 2295 780 Nat.
2309 737 2391 782 Deor⁰
2399 756 2437 783 66

1323 769 1441 805 AEdem,
1462 779 1580 807 terram,
1601 783 1674 817 aram
1686 796 1694 809 ,
1715 775 1883 808 consecrare.
1914 779 1972 809 Cic.
1988 791 2040 818 pro
2053 781 2144 813 Domo
2160 791 2221 819 128.
2244 776 2451 821 Consecraban:

1343 814 1388 836 tur
1402 809 1474 838 redes
1484 832 1492 844 ,
1514 819 1571 839 non
1582 819 1753 857 privatorum
1765 815 1921 851 domicilia,
1936 817 1983 847 sed
1997 828 2057 855 quae
2070 820 2151 851 sacrae
2162 825 2358 857 nominantur:
2381 839 2448 858 con.

1343 845 1521 877 sectabantur
1531 858 1588 885 agri
1601 871 1608 883 ‚
1631 859 1688 893 nori
1701 858 1737 880 ita
1747 858 1778 881 ut
1786 854 1874 882 nostra
1886 855 2005 891 praedia,
2027 857 2045 886 si
2057 860 2117 894 quis
2134 860 2233 895 vellet,
2255 863 2300 893 sed
2316 873 2347 895 ut
2360 866 2450 905 impe-

1343 891 1418 913 rator
1427 894 1507 920 agros
1520 886 1556 915 de
1567 886 1691 930 hostibus
1700 896 1798 926 captos
1807 891 1989 923 consecraret.
2003 894 2192 927 statuebantur
2200 909 2251 930 arae
2269 912 2329 939 quae
2339 904 2388 934 reli
2410 898 2450 934 io.

1344 931 1410 950 nem
1422 923 1551 967 afferrent
1563 946 1571 958 ,
1595 924 1654 962 ipso
1665 925 1682 954 si
1695 925 1759 956 loco
1771 928 1858 958 essent
1870 930 2044 962 consecratae.
2254 923 2261 937 ⁹
2391 916 2407 942 g

1325 960 1374 1003 Ars
1386 961 1668 1006 curanditiienndique
1681 966 1824 1002 corporis,
1844 973 1926 1004 atque
1946 970 2005 1004 ejus
2025 971 2129 1002 utilitas
2142 995 2150 1008 ,
2174 974 2292 1007 deorum
2310 978 2439 1011 immorta

1345 998 1416 1026 lium
1428 1006 1585 1029 inventioni
1595 1001 1762 1032 consecrata.
1788 1004 1847 1033 Cic.
1861 1014 1886 1040 3.
1902 1005 1983 1036 Tusc.
1999 1018 2022 1038 1.
2044 1010 2062 1038 i.
2076 1019 2101 1039 e.
2124 1011 2265 1050 Adscripta
2441 1001 2452 1007 ο

1325 1035 1441 1066 Beluam
1452 1036 1557 1067 nullam
1569 1059 1577 1073 ‚
1599 1039 1697 1083 nisiob
1709 1041 1830 1079 aliquam
1842 1042 1991 1074 utilitatem
2002 1067 2011 1081 ‚
2032 1056 2114 1084 quam
2125 1058 2159 1078 ex
2172 1060 2203 1080 ea
2213 1038 2345 1090 caperent
2383 1066 2452 1087 con.

1344 1073 1521 1104 secraverunt
1530 1075 1662 1114 AEgyptii.
1703 1078 1763 1108 Cic.
1783 1089 1806 1109 1.
1825 1080 1861 1109 de
1875 1080 1938 1111 Nat.
1954 1082 2038 1113 Deor.
2056 1095 2117 1116 ior.
2147 1087 2175 1118 h.
2189 1098 2214 1119 e.
2247 1090 2279 1120 In
2302 1078 2451 1126 nuiiierum

1345 1112 1463 1142 deorum
1478 1114 1651 1158 retulerunt,
1673 1117 1699 1145 &
1710 1127 1760 1154 pro
1772 1119 1937 1149 numinibus
1946 1120 2102 1153 coluerunt.

1325 1149 1424 1180 Beluas
1434 1160 1448 1179 a
1459 1151 1580 1181 barbaris
1589 1160 1704 1191 propter
1717 1154 1885 1187 beneficium
1895 1157 2077 1190 consecratas.
2097 1162 2154 1191 Cic.
2163 1174 2185 1192 r.
2201 1164 2237 1194 de
2248 1165 2450 1202 Nat.Deor.l.c.

1325 1188 1404 1232 Bona
1415 1188 1534 1225 alicujus
1546 1191 1706 1221 consecrare
1716 1215 1724 1229 ,
1744 1193 1841 1224 foculo
1851 1196 1942 1233 posito
1953 1197 1983 1226 in
1999 1198 2090 1229 rostris
2099 1221 2108 1235 ,
2128 1201 2313 1242 adhibitoque
2323 1207 2441 1239 tibicine

1344 1226 1406 1256 Cic.
1416 1236 1467 1264 pro
1483 1227 1575 1257 Domo
1589 1238 1650 1266 123.
2442 1231 2450 1240 ⁰

1325 1264 1404 1294 Bona
1415 1265 1568 1303 cujuspiam
1578 1267 1739 1298 consecrare
1747 1269 1838 1300 verbis
1849 1270 2021 1303 solennibus.
2060 1273 2139 1305 Idem
2150 1276 2219 1307 ibid.

1326 1302 1451 1332 Delubra
1460 1304 1620 1334 consecrare
1630 1305 1711 1336 alicui
1726 1308 1780 1336 deo
1792 1330 1800 1343 ,
1822 1316 1869 1338 aut
1883 1310 1950 1339 deae.
1973 1311 2031 1340 Cic.
2048 1321 2072 1348 3.
2084 1313 2121 1341 de
2133 1314 2196 1345 Nat.
2211 1316 2291 1348 Deor.
2305 1329 2339 1356 95

1325 1340 1450 1385 Domum
1466 1341 1568 1387 Cereri.
1588 1342 1648 1373 Cic.
1662 1354 1713 1382 pro
1727 1346 1817 1375 Domo
1834 1357 1895 1382 ης.
1909 1350 1935 1378 8<
1951 1349 1987 1378 de
1998 1350 2092 1388 Arusp.
2103 1351 2183 1390 Resp.
2196 1364 2221 1389 9.
2343 1343 2349 1350 ⁶

1326 1378 1426 1409 Martis
1437 1381 1583 1410 manubias
1594 1381 1690 1412 Musis.
1713 1383 1771 1413 Cic.
1784 1394 1834 1421 pro
1846 1386 1979 1423 Arch.27.
2001 1387 2063 1423 Jam
2078 1398 2143 1418 vero
2161 1391 2219 1427 ille,
2235 1394 2281 1430 qui
2297 1404 2361 1425 cum
2379 1395 2453 1428 AEto.

1346 1417 1382 1485 ἐξ
1392 1417 1600 1486 ἓέἒῑίἒεεοηιίτε
1611 1420 1727 1450 bellavit
1740 1421 1852 1453 Fulvius
1862 1445 1870 1459 ‚
1892 1433 1950 1454 non
1970 1425 2107 1457 dubitavit
2119 1429 2218 1460 Martis
2232 1433 2378 1465 manubias
2390 1436 2456 1467 Mu·

1494 1467 1561 1487 rare.

1325 1493 1489 1524 simulacra.
1510 1495 1570 1525 Cic.
1587 1504 1612 1533 3.
1628 1496 1663 1525 de
1672 1496 1735 1527 Nat.
1750 1498 1831 1530 Deor.
1844 1503 1889 1529 61.

1326 1532 1455 1588 Statuam
1465 1533 1558 1578 alicui.
1598 1533 1664 1578 Caes.
1679 1544 1702 1571 3.
1716 1535 1785 1566 Bell.
1800 1537 1880 1568 Civil.
1898 1548 1958 1576 1ος.
1983 1538 2056 1571 Item
2076 1541 2219 1574 Trallibus
2237 1544 2266 1575 in
2285 1548 2394 1586 templo
2409 1549 2457 1581 Vi.

1346 1580 1442 1599 ctoriae
1454 1593 1462 1606 ‚
1484 1572 1532 1601 ubi
1543 1571 1638 1601 Caesari
1648 1573 1764 1603 statuam
1777 1576 2013 1607 consecraverant.

1326 1607 1515 1645 Consecrare,
1536 1609 1598 1654 Deo
1612 1611 1761 1648 dedicare,
1782 1620 1864 1656 atque
1876 1614 1913 1644 ob
1925 1616 1953 1644 id
1966 1617 2131 1648 inviolatum
2149 1629 2281 1657 manere,
2303 1624 2456 1663 durareqiie

1346 1653 1525 1691 perpetuum.
1547 1686 1552 1692 Ι
1566 1648 1624 1678 Cic.
1641 1658 1683 1692 ¹².-
1697 1651 1749 1680 Att.
1761 1661 1806 1681 20.
1817 1654 1886 1696 'Sed
1902 1654 2026 1684 ineunda
2037 1657 2119 1687 nobis
2136 1659 2206 1687 ratio
2221 1660 2259 1688 est
2274 1664 2456 1697 quemadmo.

1345 1686 1416 1714 dum
1432 1696 1460 1715 in
1474 1695 1553 1715 omni
1572 1693 1729 1717 mutatione
1746 1689 1928 1721 dominorum
1940 1715 1948 1727 ,
1971 1695 2017 1730 qui
2032 1695 2252 1727 innumerabiles
2268 1699 2326 1729 fieri
2343 1702 2455 1738 possunt

1345 1723 1670 1799 {giailrliefirrgigaofiptsteritate
1690 1726 1731 1763 (si
1742 1728 1830 1757 modo
1839 1730 2001 1768 extabunt)
2021 1732 2093 1762 illud
2104 1734 2178 1771 quasi
2190 1735 2393 1776 consecratum,
2411 1751 2457 1771 re.

1327 1799 1445 1837 Auguste
1458 1800 1607 1838 sanaeque
1617 1801 1738 1839 aliquem
1753 1803 1923 1835 consecrare.
1947 1806 2004 1838 Cic.
2020 1817 2046 1838 2.
2062 1808 2098 1839 de
2112 1809 2176 1841 Nat.
2195 1811 2278 1843 Deor.
2293 1818 2328 1844 62

1326 1837 1369 1867 Ex
1381 1838 1528 1868 hominum
1536 1849 1641 1883 genere
1655 1840 1771 1878 aliquos.
1794 1843 1853 1872 Cic.
1866 1853 1892 1873 2.
1906 1843 1942 1873 de
1954 1845 2048 1884 Legib.
2060 1857 2106 1884 27.
2330 1837 2338 1845 ι

1327 1875 1496 1906 Consecrare
1507 1876 1628 1922 aliquem
1639 1900 1647 1914 ‚
1670 1880 1799 1910 omnium
1811 1890 1913 1918 genere
1924 1886 2176 1917 monimentorum.
2219 1888 2276 1918 Cic.
2293 1900 2334 1920 12.
2352 1892 2456 1929 Attio.

1347 1914 1405 1951 Ego
1417 1921 1552 1951 quantum
1566 1915 1614 1960 his·
1626 1917 1801 1955 temporibus
1813 1925 1871 1949 tam
1888 1921 2004 1952 eruditis
2023 1922 2082 1953 fieri
2098 1926 2201 1962 poterit
2212 1948 2219 1960 ‚
2241 1929 2457 1965 profectorum

1346 1952 1516 1983 consecrabo
1537 1963 1615 1983 omnl
1634 1964 1736 1991 genere
1753 1958 2004 1996 monimentorum,
2017 1961 2051 1990 ab
2061 1964 2192 1994 omnium
2208 1965 2328 2003 ingeniis
2341 1968 2459 2008 scripto.

1346 2000 1408 2019 rum
1423 1992 1449 2021 ἂ
1460 1991 1618 2021 Graecorum
1630 1994 1656 2022 ἃ
1668 1992 1838 2024 Latinorum.
1858 1996 1894 2026 de
1906 1997 1999 2028 Tullia
2011 1998 2056 2029 sua
2068 2000 2199 2038 loquitur.

1327 2029 1637 2102 Agizmnissgrffil'itategh
1659 2033 1685 2061 δε
1708 2032 1893 2071 religionem,
1914 2037 1941 2066 ἃ.
1955 2038 2121 2069 memoriam
2141 2040 2266 2072 carmina
2286 2043 2458 2078 consecrare.

1401 2090 1406 2095 .
1515 2078 1581 2097 ion.
1617 2078 1640 2099 1.

1326 2077 1497 2135 Consegrare
1512 2107 1676 2136 memoriam
1694 2109 1819 2139 nominis
1831 2132 1840 2145 ‚
1861 2120 1914 2148 pro
1935 2110 2124 2145 Immortalem
2135 2116 2261 2147 reddere.
2303 2118 2363 2149 Cic.
2380 2131 2402 2150 i.
2418 2122 2457 2159 Q.

1346 2143 1455 2210 frgrtfi'n
1469 2144 1566 2211 {urim
1576 2146 1752 2183 amplissimis
1762 2149 1946 2180 monimentis
1965 2151 2126 2183 consecrare
2147 2154 2278 2186 voluisses
2292 2160 2459 2190 memoriam

1345 2191 1364 2209 n
1417 2191 1470 2211 inis
1497 2192 1534 2211 ui.

1327 2218 1606 2294 Vtizrprqmdfosstipnii)
1613 2222 1777 2266 memorIam
1795 2223 1905 2254 honore
1928 2225 2049 2258 deorum
2063 2228 2266 2262 immortalium
2286 2233 2460 2267 consecrare.

1373 2267 1407 2287 ic.
1440 2281 1446 2287 .
1478 2268 1493 2288 e
1531 2268 1546 2287 a
1608 2269 1664 2289 eor.
1680 2270 1724 2296 50.

1329 2294 1381 2326 Pro
1396 2297 1484 2334 patria
1496 2297 1585 2332 mori,
1607 2298 1632 2326 ei
1644 2308 1696 2328 nos
1705 2304 1781 2328 totos
1795 2299 1918 2336 dedere,
1939 2303 2008 2332 &in
2020 2314 2053 2335 ea
2066 2305 2158 2336 nostra
2173 2308 2269 2339 omnia
2284 2319 2392 2347 ponere
2431 2313 2460 2343 &

1349 2334 1421 2378 quasi
1433 2334 1594 2365 consecrare
1608 2335 1752 2366 debemus.
1776 2337 1836 2368 Cic.
1847 2348 1872 2368 2.
1884 2339 1919 2368 de
1929 2339 2024 2379 Legib.
2040 2353 2063 2379 ς.
2401 2334 2409 2348 '

1329 2371 1461 2409 Origines
1469 2372 1539 2417 suas.
1582 2373 1639 2403 Liv.
1658 2374 1687 2403 in
1701 2375 1866 2412 praefatione
1875 2399 1883 2412 ,
1904 2377 1939 2407 Et
1948 2379 2016 2409 sicui
2026 2381 2135 2419 populo
2146 2382 2230 2413 licere
2239 2391 2353 2422 oportet
2365 2387 2460 2418 conse-

1349 2420 1427 2440 crare
1436 2420 1557 2447 origines
1566 2410 1637 2447 suaS‚
1649 2413 1675 2442 ὅτ.
1686 2412 1721 2441 ad
1731 2413 1801 2443 deos
1811 2414 1914 2444 referre
1924 2419 2062 2454 auctores,
2074 2429 2106 2449 ea
2115 2420 2180 2450 belli
2192 2422 2280 2459 gloria
2288 2424 2326 2453 est
2336 2425 2361 2454 P.
2368 2426 2457 2457 Rae.

1329 2447 1453 2516 Vfirtptes
1461 2449 1579 2485 alicujus
1589 2450 1749 2480 consecrare
1762 2473 1769 2487 ‚
1794 2453 1820 2482 &
1829 2452 1858 2481 iri
1867 2463 1988 2485 numero
1999 2457 2118 2488 deorum
2131 2459 2281 2490 collocare.
2304 2462 2362 2492 Cic.
2377 2474 2402 2493 1.
2421 2465 2458 2502 Q.

1363 2497 1390 2516 ra
1405 2509 1412 2516 .
1429 2496 1452 2516 1.

1330 2524 1648 2593 νὲοἷῦῗυὴιὸοῃῖεεωΐει
1658 2525 1722 2558 sunt
1732 2527 1892 2558 vitiosarum
1911 2539 2022 2568 rerum,
2043 2542 2137 2571 neque
2156 2536 2334 2568 naturalium.
2358 2539 2418 2571 Cic.
2433 2550 2461 2572 2.

1372 2573 1387 2592 e
1426 2570 1462 2594 at.
1507 2573 1563 2593 eor.
1578 2570 1623 2594 61.

1330 2601 1471 2645 Memoria
1482 2601 1617 2632 &litteris
1628 2603 1852 2640 magnitudinem
1867 2604 1973 2644 ingenii
1985 2607 2112 2643 alicuius.
2133 2610 2194 2641 Cic.
2214 2623 2237 2648 ς.
2253 2613 2335 2644 Tusc.
2348 2624 2391 2644 11.

1329 2639 1687 2684 Addictusssfconsecratus
1697 2642 1781 2671 certis
1800 2644 1827 2672 ἀ
1846 2644 2004 2676 constitutis
2017 2643 2170 2679 sententiis.
2214 2651 2273 2681 Cic.
2291 2661 2316 2680 2.
2337 2652 2418 2683 Tusc.
2433 2665 2446 2690 ς

1351 2678 1441 2707 Certis
1450 2678 1613 2715 quibusdam
1626 2679 1820 2718 destinatisque
1831 2680 1974 2712 sententiis
1983 2686 2054 2722 quasi
2065 2687 2170 2718 addisti
2184 2689 2210 2717 ἂ
2220 2690 2371 2720 consecrati
2386 2678 2457 2722 sunt·

1349 2725 1439 2754 eaque
1450 2716 1609 2747 necessitate
1618 2717 1759 2748 constrifti
1772 2740 1779 2752 .
1801 2724 1832 2748 ut
1841 2720 1928 2750 etiam
1943 2731 2005 2760 quae
2018 2733 2076 2754 non
2087 2726 2206 2763 probare
2220 2726 2327 2758 soleant
2365 2739 2398 2759 ea
2414 2715 2463 2760 co'.

1351 2761 1450 2790 gantur
1460 2755 1623 2784 constantiae
1636 2755 1715 2785 causa
1726 2756 1889 2788 defendere.
2336 2751 2344 2764 ³

1330 2792 1420 2822 Alicui
1435 2792 1627 2823 consecratum
1645 2793 1722 2830 esse,
1743 2795 1762 2824 i.
1774 2806 1800 2825 e.
1823 2795 1963 2827 Devotum
1984 2797 2047 2829 esse.
2089 2800 2149 2830 Cic.
2174 2802 2209 2831 de
2229 2803 2323 2842 Arusp.
2339 2804 2419 2844 Resp.
2432 2815 2459 2842 7.

1350 2832 1440 2868 Atque
1450 2830 1506 2874 lioc
1516 2831 1704 2875 simoderetur
1723 2834 1750 2863 δι
1763 2834 1886 2871 cogitet,
1914 2835 1932 2864 si
1952 2844 2102 2868 contentus
2119 2839 2150 2868 sit
2169 2839 2214 2870 liis
2230 2841 2382 2873 sceleribus
2400 2854 2461 2882 quir

1350 2869 1491 2898 commisit
1500 2891 1508 2903 ‚
1530 2879 1585 2905 Jam
1595 2869 1622 2899 se
1634 2869 1689 2900 esse
1700 2870 1894 2903 consecratum
1904 2873 2016 2905 Miloni.
2047 2875 2175 2907 Budaeus.

1331 2906 1455 2945 Campus
1467 2906 1663 2945 Consullaribus
1679 2908 1808 2947 auspiciis
1818 2910 2004 2943 consecratus.
2029 2914 2087 2944 Cic.
2100 2926 2126 2951 4.
2145 2916 2222 2946 Catil.
2238 2927 2264 2947 2.

1332 2945 1457 2975 Delubra
1467 2944 1639 2975 sanctissimis
1649 2946 1833 2985 religionibus
1842 2949 2012 2981 consecrata.
2035 2952 2094 2982 Cic.
2108 2962 2134 2982 2.
2155 2954 2228 2985 Verr.
2248 2965 2291 2989 14.

1331 2983 1479 3051 Ηθηοτεω
1497 2983 1621 3014 hominis
1634 2984 1754 3015 deorum
1773 2986 1911 3025 religione
1927 2989 2120 3020 consecratum
2142 3001 2200 3021 non
2221 2993 2334 3024 violare.
2358 2993 2418 3025 Cic.
2429 3007 2458 3033 4.

1376 3031 1427 3051 err.
1441 3031 1484 3057 51.

1331 3059 1425 3089 Locus
1435 3058 1611 3090 consecratus
1621 3082 1630 3096 ‚
1651 3061 1697 3092 cui
1711 3063 1868 3100 opponitur
1879 3062 1969 3093 Locus
1979 3065 2120 3102 profanus.
2144 3067 2203 3098 Cic.
2217 3069 2246 3097 in
2256 3069 2348 3100 Partit.
2361 3074 2406 3107 36.

1332 3098 1432 3166 Ἆὲεῃῶ,
1445 3097 1524 3165 tfisss
1535 3120 1543 3134 ,
1566 3099 1652 3171 virgus
1662 3102 1847 3137 ,concordia
1868 3101 1993 3133 instituto
2010 3105 2149 3141 majorum
2162 3106 2339 3138 consecratae.
2361 3109 2421 3140 Cic.
2434 3119 2460 3140 2.

1375 3146 1390 3165 e
1428 3146 1442 3165 a
1458 3159 1464 3165 .
1506 3146 1564 3165 eor.
1581 3146 1597 3173 7

1333 3174 1442 3212 Opinio
1451 3175 1479 3203 in
1490 3173 1583 3212 aliquo
1591 3174 1757 3206 consecrata.
1780 3176 1840 3206 Cic.
1852 3187 1904 3215 pro
1917 3178 1992 3208 Sext.
2006 3188 2067 3216 143.

1333 3212 1464 3280 Spvixennis
1474 3213 1656 3243 comitiorum
1666 3215 1790 3252 precatio
1800 3215 1997 3246 Consularibus
2007 3218 2137 3256 auspiciis
2146 3220 2316 3252 consecrata.
2337 3221 2398 3253 Cic.
2412 3233 2465 3262 pro

1390 3260 1467 3280 uren.
1483 3260 1506 3280 1.

1334 3288 1500 3319 Consecrata
1509 3289 1638 3319 omnium
1650 3289 1796 3328 religione.
1834 3289 1893 3322 Cic.
1909 3303 1933 3322 i.
1945 3292 2026 3323 Tusc.
2043 3302 2086 3331 32.
2109 3294 2209 3325 Vetera
2221 3296 2279 3333 jam
2293 3297 2362 3334 ista,
2386 3300 2414 3329 ἃ
2425 3310 2467 3330 re-

1354 3327 1459 3365 ligione
1467 3328 1596 3356 omniurn
1605 3327 1772 3357 consecrata.

1335 3364 1527 3402 Tempestates
1536 3365 1634 3395 ritibus
1647 3365 1743 3402 Populi
1756 3366 1873 3396 Romani
1883 3367 2057 3399 consecratae.
2080 3369 2140 3401 Cic.
2152 3380 2177 3406 3.
2196 3372 2232 3402 de
2243 3372 2307 3403 Nat.
2320 3373 2404 3404 Deor.
2418 3385 2461 3412 ς1.

1336 3403 1529 3434 Consecrabor
1540 3425 1548 3439 ,
1570 3413 1622 3441 pro
1634 3403 1808 3433 Consecrabo
1821 3426 1829 3439 ,
1850 3406 1999 3436 veteribus.
2021 3407 2106 3437 Plaut.
2121 3409 2190 3439 Pers.
2207 3420 2232 3439 2.
2248 3422 2271 3446 ς.
2284 3421 2310 3449 7.

1429 3441 1485 3471 Sed
1503 3442 1564 3478 quis
1579 3442 1627 3470 hic
1645 3442 1755 3471 ansatus
1772 3443 1898 3472 ambulat
1923 3445 2070 3482 magnifice
2087 3447 2280 3478 consecrabor.
2363 3451 2467 3480 Αυόῖοτ

1355 3478 1432 3509 Non.
1449 3489 1491 3522 ¹7·
1503 3489 1547 3514 92.
1570 3479 1625 3508 Sed
1636 3480 1759 3509 Gronov.
1777 3481 1839 3518 post
1849 3480 1970 3512 Taubm.
1983 3484 2113 3514 exhibuit
2133 3485 2331 3518 Conscreabor.
2354 3488 2400 3518 alii
2418 3489 2468 3518 ali-

1356 3523 1400 3547 ter
1412 3519 1617 3553 conjedtarunt.

2362 337 2445 372 culta,

2209 390 2218 403 ,
2239 372 2265 398 ἃ
2274 370 2307 398 ad
2319 374 2448 411 mitigan-

1299 3554 1323 3585 C
1331 3564 1349 3584 o
1360 3565 1400 3585 ns
1410 3565 1428 3584 A
1438 3565 1456 3584 c
1466 3565 1480 3584 a
1491 3565 1510 3583 A
1520 3565 1536 3584 a
1546 3565 1561 3584 a
1581 3555 1698 3584 alterum
1709 3577 1716 3589 ,
1737 3556 1812 3593 apud
1823 3556 2007 3588 Torrentium
2019 3559 2049 3588 in
2060 3559 2237 3592 Suetonium.
2259 3562 2306 3593 Sic
2318 3573 2370 3601 pro
2386 3565 2470 3594 Fran-

1338 3603 1373 3630 go
1389 3593 1512 3629 quidam.
1534 3593 1570 3622 H.
1581 3594 1620 3622 St.
1662 3593 1740 3637 Quid
1758 3594 1850 3624 verbis
1869 3595 2017 3633 postremis
2033 3597 2154 3636 intelligi
2168 3599 2236 3631 velit
2247 3601 2405 3639 Stephanus
2416 3613 2467 3632 no-

1338 3632 1391 3660 ster
1401 3631 1489 3660 fateor
1501 3640 1546 3660 me
1555 3640 1613 3659 non
1623 3630 1735 3668 assequi.

1296 3667 1323 3699 C
1331 3678 1349 3698 ο
1358 3678 1377 3697 N
1387 3678 1400 3698 s
1411 3678 1424 3698 a
1434 3679 1450 3698 c
1460 3679 1474 3697 a
1485 3678 1548 3697 A'ri
1559 3678 1577 3697 0
1587 3691 1595 3704 ,
1613 3670 1685 3698 finis.
1706 3668 1725 3698 f.
1746 3669 1928 3706 [καθιέρωσις]
1945 3670 2004 3702 Cic.
2017 3683 2068 3711 pro
2076 3673 2170 3704 Domo
2186 3678 2247 3706 106.
2269 3676 2342 3714 Quat
2354 3683 2401 3708 tua
2412 3679 2467 3709 fuit

1337 3706 1511 3736 consecratio
1520 3707 1533 3734 ἰ)

1337 3744 1474 3781 Legitima
1485 3743 1627 3773 bonorum
1637 3743 1819 3774 consecrati&
1860 3744 1918 3775 Cic.
1931 3756 1981 3784 pro
1991 3747 2083 3778 Domo
2099 3759 2160 3786 ης.
2183 3750 2232 3781 Sin
2256 3752 2304 3782 ista
2322 3753 2468 3783 consecra-

1356 3783 1398 3811 tio
1408 3782 1532 3825 legitima
1542 3781 1598 3815 est,
1621 3781 1689 3819 quid
1707 3782 1744 3810 est
1755 3782 1839 3823 ,qdod
1861 3783 2011 3827 profanum
2031 3787 2060 3815 in
2076 3788 2130 3816 tuis
2142 3788 2223 3819 bonis
2233 3790 2288 3820 esse
2297 3792 2403 3829 possit?
2424 3796 2465 3821 An

1357 3820 1529 3849 consecratio
1538 3819 1646 3848 nullum
1658 3818 1743 3848 habet
1752 3829 1795 3854 Jus
1807 3842 1814 3854 ,
1836 3820 1979 3851 dedicatio
1991 3823 2029 3852 est
2037 3824 2188 3863 religiosa?

1337 3857 1410 3889 Item
1423 3856 1549 3890 λ’νηθέωσιε
1567 3857 1619 3886 sive
1633 3856 1778 3886 Deisicatio
1792 3857 1992 3895 imperatorum
2004 3883 2012 3896 ,
2034 3869 2065 3892 ut
2083 3864 2280 3902 interpretatur
2297 3866 2464 3897 Tertullian-

1357 3896 1439 3934 flpol.
1454 3905 1514 3933 cap.
1531 3905 1573 3924 11.
1595 3894 1666 3924 Cum
1676 3896 1778 3924 mortui
1791 3896 1972 3933 imperatores
1983 3907 2057 3930 certa
2074 3901 2242 3931 solennitate
2260 3913 2292 3932 ac
2307 3905 2466 3934 czerimoiiia

1358 3934 1387 3962 in
1401 3933 1524 3962 Deorum
1539 3942 1687 3962 numerum
1703 3933 1914 3970 referebantur;
1936 3938 2012 3966 unde
2030 3939 2123 3968 Divi
2139 3942 2329 3977 cognominati
2342 3942 2465 3977 fuerunt,

1357 3971 1433 4008 quod
1446 3971 1567 4008 primum
1587 3970 1617 3999 C.
1633 3969 1708 4005 Julio
1721 3970 1816 4014 Caesari
1829 3974 1966 4011 contigit,
1989 3982 2019 4005 ut
2041 3977 2080 4006 ait
2094 3977 2205 4007 Servius
2222 3979 2258 4008 tid
2274 3978 2343 4017 virg.
2362 3990 2386 4015 ς.
2405 3980 2464 4010 Ecl.

1358 4008 1392 4040 V.
1415 4018 1673 4039 ΑΡοι-Ηεοειε.
1711 4008 1745 4040 Et
1760 4009 1829 4038 hinc

1813 4047 1965 4086 Nnnn3
2397 4054 2470 4085 Con-
