2604 4222
155 104 227 140 490
646 90 675 125 C
773 89 802 124 E
900 84 930 123 R

199 175 320 204 Crimen.
343 175 401 204 Cic.
416 184 465 211 pro
476 172 555 203 Rosc.
570 173 658 202 Amer.
676 177 721 205 ὃς,
780 207 786 213 Π
851 206 857 211 .
946 203 952 209 ι
1013 201 1029 210 ,η
1073 202 1079 208 ι
1147 207 1149 210 ¹
1181 199 1188 206 ρ

199 213 284 242 Crux.
325 213 384 241 Cic.
399 222 450 249 pro
462 212 559 241 Milon.
577 220 621 245 23.
652 207 767 237 Clodius
779 205 888 235 insidias
899 204 967 232 feeit
978 202 1104 232 Miloni?
1135 200 1224 229 fecit:
1246 204 1319 229 certa

218 259 295 279 crux.
318 250 407 279 nullas
419 250 500 279 secit:
522 249 627 286 sperata
642 246 762 274 libertas.
786 242 922 286 'Subaudi
936 241 1027 269 Servo.

199 287 497 317 Certos&constantes
511 285 601 315 cursus
612 284 723 312 habere.
760 282 818 310 Cic.
836 289 860 314 3.
880 280 915 307 de
926 278 988 307 Nat.
1013 277 1096 306 Deor.
1110 285 1155 310 ²4·
1184 275 1239 305 Sed
1261 285 1319 319 non

219 326 313 354 omnia
324 324 424 354 Balbe:
446 333 504 361 qua·
517 323 607 352 cursus
619 329 708 350 certos
733 320 759 348 &
780 317 935 347 constantes
957 315 1081 350 habent,
1105 323 1137 343 ea
1158 313 1212 343 deo
1225 321 1320 352 potius

218 363 365 391 tribuenda
376 362 437 390 sunt
447 384 455 396 ‚
477 366 680 410 quarviaturae.

200 399 341 429 Damnum
355 406 469 428 certum.
493 395 558 427 Hor'.
575 407 597 425 i.
613 395 694 432 Epist.
715 403 756 422 10.
771 397 817 425 ²8-
950 428 954 436 .
1232 426 1238 431 Π

199 437 275 468 Deus
287 437 457 466 certissimus.
499 436 556 464 Cic.
573 444 593 461 ι.
605 434 639 461 (le
649 433 711 461 Nat.
724 431 806 459 Deor.
822 437 864 464 37.
887 427 922 456 de
933 425 1079 456 Cleanthe.
1101 426 1176 455 Tum
1187 425 1319 455 ultimum

218 477 244 505 ἃ
255 474 411 504 altiffimum
425 479 505 509 atque
517 472 640 507 undique
654 466 848 498 circumfusum
861 467 888 511 §c
902 472 1060 510 extremum
1070 486 1078 499 ,
1100 465 1320 508 omnia-cingen-

216 519 291 546 tem,
312 519 393 548 atque
404 510 583 547 complexum
594 507 737 541 ardorem,
759 505 807 542 qui
828 510 914 533 aetner
930 508 1092 531 nominetur
1107 524 1114 537 ,
1136 501 1318 531 certissimum

217 550 301 578 deum
316 549 429 585 judicat.
962 577 968 583 ῃ
1164 577 1170 583 ι

197 586 317 617 Dextera
328 593 401 615 certa
413 607 421 619 ‚
442 584 523 614 Certa
533 591 639 616 manus,
661 590 717 610 non
731 580 860 609 aberrans
871 601 880 615 ‚
901 583 933 608 ut
945 584 983 607 ait
994 577 1064 607 Bud.
1085 576 1207 607 Martial.
1222 577 1315 614 Speet.

219 634 261 661 13.
284 624 318 652 de
329 623 384 657 sue,
396 631 454 659 quae
466 630 501 650 ex
511 620 624 649 vulnere
636 618 746 656 peperit
756 639 764 652 ‚

278 661 303 690 O
316 669 395 697 quam
406 665 478 688 certa
487 658 540 687 fuit
551 657 649 686 librato
663 657 777 685 dextera
788 654 854 684 telo.
1028 696 1031 697 .
1124 690 1130 697 ⁸

195 697 271 728 Dies.
306 698 363 726 Cic.
378 701 402 725 ό.
418 698 469 725 Art.
482 706 507 725 α.
530 696 626 725 Statim
638 695 704 723 dedi
716 694 807 722 literas
823 714 831 727 ,
855 697 887 721 ut
900 701 934 721 ex
950 691 1045 729 Cypro
1067 695 1175 728 equites
1185 695 1249 719 ante
1259 699 1316 719 cer-

213 742 268 764 tam
279 735 352 763 diem
367 734 541 763 decederent.
565 733 582 761 i.
592 741 619 761 c.
641 732 681 761 Ad
690 740 800 766 tempus
809 729 1000 759 constitutum.

194 772 248 803 Die
265 780 335 801 certa
351 772 519 809 promittere.
560 770 695 807 Ulpianus
710 770 738 797 iri
752 769 770 798 l.
792 767 938 805 Stipulatio
948 768 1004 796 ista.
1026 767 1047 804 ξ.
1067 766 1142 810 Inter
1153 772 1265 810 certam.
1279 765 1313 794 D.

211 810 247 838 de
259 810 411 838 Verborum
422 807 651 845 obligationibus,
670 807 742 836 inter
754 812 857 835 certam
870 806 1062 841 incertamque
1076 805 1150 833 diem
1167 804 1314 846 discrimen

212 847 267 876 esse
278 857 312 876 ex
321 857 354 875 eo
365 856 474 883 quoque
486 852 615 883 apparet,
638 845 713 882 quod
727 850 800 874 certa
813 844 858 872 die
871 842 1031 881 promiffum
1043 842 1087 871 vel
1098 843 1186 871 statim
1199 843 1254 885 dari
1267 851 1315 884 ρος

209 885 276 913 test:
298 891 389 912 totuin
401 885 475 912 enim
491 883 616 913 medium
629 889 740 920 tempus
763 882 799 911 ad
821 881 1001 915 solvendum,
1023 879 1142 909 liberum
1157 879 1314 918 promillori

208 922 277 951 relin
301 923 382 950 uitur.

190 932 296 989 Diem}
311 960 391 988 certis
402 958 506 995 aliquid
515 958 605 988 facere
619 979 627 992 ,
650 958 667 987 i.
680 967 704 987 e.
727 957 849 987 Statutis.
872 956 944 993 Virg.
959 965 984 985 2.
997 955 1095 991 Georg.
1109 964 1171 999 329.
1198 992 1204 998 .

284 997 317 1026 Et
325 1006 454 1026 venerem
467 997 548 1025 certis
560 1000 690 1033 repetunt
700 1002 824 1024 armenta
836 994 944 1023 diebus.
1062 994 1115 1022 Ubi
1126 993 1237 1022 Servius
1250 992 1314 1034 Cer-

211 1035 245 1063 tis
257 1035 506 1072 exponitStatutis,
522 1034 665 1070 legitimis,
677 1043 691 1063 a
703 1040 800 1062 natura
811 1042 909 1062 arcana
921 1031 1039 1068 quadam
1050 1032 1157 1060 ratione
1169 1029 1311 1067 dispolitis.

189 1071 297 1102 Diebus
309 1082 340 1101 ac
348 1072 484 1101 sacrificiis
495 1072 575 1100 certis
588 1072 682 1100 libare.
698 1071 824 1100 Cic.2.de
836 1069 1130 1106 Legib.19.Certasque
1141 1068 1240 1105 fruges,
1252 1078 1313 1096 cer-

209 1110 303 1146 tasque
312 1110 410 1139 baccas
421 1109 575 1138 sacerdotes
585 1108 696 1147 publice
709 1108 815 1138 libanto
828 1118 834 1137 ι
849 1108 903 1136 hoc
912 1107 994 1136 certis
1004 1106 1141 1136 sacrificiis
1151 1115 1183 1135 ac
1198 1105 1307 1135 diebus.

188 1146 277 1177 Dolor
288 1154 395 1182 certus,
417 1147 551 1176 Constans
562 1149 587 1176 ἃ
600 1147 749 1176 obdurans.
773 1146 838 1175 Hor.
852 1146 939 1183 Epod.
952 1154 994 1181 15.
1010 1148 1052 1174 16.

269 1186 331 1215 Nec
339 1184 421 1214 semel
430 1185 540 1214 offensae
551 1185 632 1213 cedet
646 1184 798 1213 constantia
810 1184 905 1212 formae
916 1205 925 1219 ‚

343 1224 370 1252 Si
384 1230 473 1252 certus
485 1223 590 1251 intrarit
599 1222 688 1251 dolor.

186 1259 296 1290 Domus
307 1282 314 1294 ,
337 1260 447 1298 Propria
456 1260 597 1289 habitatio.
621 1260 693 1297 Virg.
707 1262 732 1288 6.
747 1259 808 1289 AEn.
822 1262 886 1294 673.

269 1297 347 1327 Nulli
357 1306 428 1327 certa
439 1298 554 1327 domus:
578 1297 648 1327 lucis
662 1298 817 1326 habitamus
828 1296 933 1334 opacis.

186 1335 370 1373 Epistolarum
387 1335 565 1365 certissimum
582 1345 677 1369 uenus.
719 1335 778 1364 Cic.
789 1345 812 1364 2.
824 1334 906 1372 Epist.
941 1333 1024 1362 Vives
1043 1333 1079 1362 de
1094 1331 1310 1362 Conscribendis

207 1374 330 1410 epistolis
341 1374 435 1402 libello
447 1374 563 1411 exponit
574 1373 674 1402 Verum
685 1374 710 1403 S(
723 1373 901 1402 Germanum.
924 1371 959 1400 H.
971 1372 1009 1401 St.
1052 1371 1122 1400 Vide
1134 1371 1249 1400 Henrici
1259 1380 1309 1399 no-

206 1411 251 1440 stri
264 1411 430 1440 Schediasm.
442 1411 488 1440 lib.
499 1420 524 1440 2.
538 1422 560 1446 5.
582 1411 672 1440 Locus
685 1411 722 1439 est
738 1411 794 1440 Cic.
807 1410 854 1439 lib.
866 1410 934 1440 2.ad
946 1409 1019 1439 Fam.
1033 1408 1084 1447 Ep.
1098 1419 1123 1438 2.
1136 1419 1178 1447 pr.

186 1448 340 1478 Exercitus.
365 1449 392 1479 V.
416 1448 499 1486 paulo
509 1449 583 1486 post,
606 1449 686 1478 Fines
697 1449 774 1478 certi.

184 1486 313 1516 Familias
322 1493 408 1516 certas
418 1487 484 1516 duas
495 1486 606 1516 habere.
648 1487 707 1515 Cic.
724 1496 746 1515 1.
762 1487 798 1515 de
809 1485 905 1516 Divin.
917 1494 961 1520 91.
987 1484 1115 1522 Itemque
1124 1484 1179 1515 Elis
1190 1485 1221 1514 in
1231 1483 1309 1514 Pelo-

204 1524 328 1561 ponneso
337 1524 452 1554 familias
467 1525 534 1553 duas
544 1531 631 1553 certas
643 1524 726 1553 habet
735 1546 742 1559 ,
756 1526 807 1554 &c.

184 1561 268 1592 Fides
276 1563 377 1592 animis
388 1569 461 1592 certa
474 1584 481 1598 ‚
503 1562 521 1591 i.
532 1572 556 1591 e.
580 1562 693 1592 Fiducia
708 1562 835 1592 constans
848 1561 1019 1598 minimeque
1035 1570 1148 1599 anceps.
1172 1559 1261 1590 Valet.
1278 1571 1305 1596 4.

205 1601 303 1636 Argon.
317 1609 380 1636 744.

183 1637 260 1667 Facti
270 1644 342 1667 certa
352 1638 420 1667 fides
429 1638 466 1666 est
476 1659 484 1670 ,
505 1637 522 1667 i.
536 1647 560 1667 e.
583 1637 693 1667 Certum
707 1638 745 1667 est
755 1637 810 1666 hoc
821 1637 856 1666 sic
867 1635 1019 1671 contigisse.
1033 1636 1118 1666 Ovid.
1133 1640 1158 1666 6.
1170 1635 1306 1670 Fast.⁶09.

183 1675 265 1705 Fides
276 1682 349 1705 certa
358 1676 465 1713 segetis.
480 1675 546 1704 Hor.
560 1684 583 1710 3.
595 1675 782 1710 Carm.16.30.
798 1674 928 1712 significat
939 1675 1050 1704 Certum
1060 1675 1115 1711 agri
1126 1679 1305 1712 proventum.

182 1712 261 1743 Fidei
273 1721 353 1743 certae
363 1723 413 1743 res.
437 1713 505 1742 Ptin.
517 1713 600 1751 Epist.
615 1717 678 1747 286.
702 1713 772 1749 Quae
789 1714 852 1742 ideo
865 1713 914 1741 tibi
926 1722 983 1741 non
999 1712 1056 1741 misi
1070 1735 1076 1745 ,
1100 1713 1163 1748 quia
1175 1714 1306 1750 &parum

200 1752 350 1781 emendata
361 1773 368 1787 ‚
390 1752 415 1781 ἃ
428 1751 553 1788 quaedam
561 1761 620 1780 non
631 1758 712 1780 certae
722 1751 789 1781 fidei
802 1751 975 1781 videbantur.
997 1751 1015 1780 i.
1029 1760 1053 1780 e.
1075 1750 1142 1780 Non
1151 1751 1307 1781 admodum

198 1799 272 1818 vera.

180 1825 266 1856 Finis.
290 1827 396 1856 Lucret.
411 1826 458 1856 lib.
475 1837 498 1856 1.
515 1830 576 1863 562.

179 1864 262 1894 Fines
272 1866 340 1894 certi
353 1887 361 1899 ‚
379 1865 504 1894 conditio
518 1872 609 1901 certa,
631 1865 770 1895 exercitus
783 1870 883 1894 certus.
906 1864 964 1893 Cic.
981 1873 1021 1892 10.
1040 1863 1159 1903 Philipp.
1175 1874 1217 1894 11.
1241 1864 1307 1895 Cer-

198 1903 219 1931 ti
232 1902 301 1932 fines
311 1903 484 1932 Macedoniae
497 1924 505 1938 ‚
527 1910 601 1932 certa
612 1904 738 1932 conditio
752 1925 759 1937 ,
781 1909 870 1932 certus
887 1911 945 1931 erat
956 1902 1029 1931 illius
1040 1905 1187 1933 exercitus.

179 1939 277 1970 Finem
288 1948 353 1969 voto
367 1948 461 1978 petere
470 1947 585 1971 certum.
607 1938 720 1970 subaudi
735 1940 875 1971 Habendi.
901 1941 969 1970 Hor.
985 1951 1007 1970 i.
1021 1939 1104 1979 Epist.
1117 1951 1143 1972 2.
1164 1943 1207 1978 56.

177 1978 261 2010 Fines
273 1980 340 2008 certi
353 1980 381 2007 in
398 1979 486 2008 rebus.
507 1979 574 2008 Hor.
593 1989 615 2008 i.
628 1980 714 2008 Sei-m.
732 1989 755 2008 1.
770 1982 830 2008 106.

260 2016 304 2045 Est
316 2016 416 2046 modus
427 2017 454 2045 iri
466 2017 546 2046 rebus
558 2040 566 2051 ,
589 2017 651 2046 sunt
665 2018 730 2046 certi
745 2017 868 2053 denique
879 2016 965 2047 fines:

260 2055 339 2091 Quos
351 2054 420 2083 ultra
429 2055 552 2092 citraque
559 2055 656 2091 nequit
665 2055 808 2084 consistere
821 2056 936 2084 rectum.

179 2091 262 2121 Fines
274 2099 381 2128 certos,
403 2093 590 2130 terminosque
603 2093 650 2122 sibi
663 2093 837 2122 constituere.
879 2092 936 2121 Cic.
954 2102 1004 2130 pro
1018 2093 1116 2129 Quint.
1132 2101 1176 2129 35.
1205 2092 1303 2122 Certos

197 2130 266 2159 mihi
277 2130 345 2160 fines
356 2152 364 2163 ,
386 2131 573 2169 terminosque
584 2131 747 2160 constituam
758 2153 766 2167 ‚
793 2137 870 2160 extra
881 2140 950 2167 quos
962 2131 1056 2169 egredi
1070 2141 1128 2160 non
1145 2130 1245 2168 possim
1255 2153 1262 2166 ,
1283 2131 1302 2160 fi

196 2169 318 2197 maxime
335 2167 427 2198 velim.

180 2204 329 2234 fluitantia
342 2207 458 2235 reddere
469 2212 543 2235 certa
555 2228 562 2241 ,
585 2207 602 2236 i.
614 2216 638 2235 e.
661 2206 770 2236 Incerta
784 2212 859 2236 certa
869 2206 995 2235 reddere.
1011 2206 1298 2243 Hor.2.Serm.3.269.

179 2242 295 2273 Foedere
311 2250 387 2273 certo
398 2265 405 2277 ,
427 2244 508 2274 Certa
519 2244 579 2281 lege
591 2266 599 2279 ‚
621 2250 697 2273 certo
708 2246 799 2281 pacto.
822 2244 895 2281 Virg.
908 2254 931 2273 1.
943 2244 1004 2273 [ΕΠ.
1015 2248 1059 2273 66.

370 2296 408 2302 ·-
417 2291 566 2319 regemque
577 2282 656 2311 dedit
672 2304 679 2318 ‚
701 2283 746 2319 qui
758 2282 863 2311 foedere
875 2288 951 2310 certo

259 2318 291 2348 Et
306 2329 431 2356 premere
445 2341 453 2354 ‚
475 2321 500 2348 &
515 2319 588 2349 laxas
598 2319 677 2349 sciret
688 2320 753 2349 dare
764 2319 848 2356 jussus
860 2319 992 2349 habenas.

177 2355 291 2386 Frut‘tus
302 2364 391 2386 certos
402 2367 434 2386 ac
447 2357 617 2387 deformatos
628 2358 779 2387 ostendere.
799 2356 919 2394 Quintil.
931 2357 978 2388 lib.
993 2361 1018 2387 6.
1036 2358 1065 2387 in
1077 2366 1197 2396 prooem.

177 2394 272 2423 Genus
283 2395 463 2432 quaestionum
472 2401 587 2424 certum.
610 2396 667 2425 Cic.
681 2406 706 2424 2.
719 2396 754 2424 de
766 2396 841 2424 Orat.
856 2405 900 2428 41.
1138 2424 1140 2427 ,

178 2432 286 2462 Genere
297 2432 389 2469 aliquo
403 2440 495 2467 certo,
518 2432 653 2470 cursuque
665 2433 933 2471 vivendiimplicari.
974 2434 1032 2463 Cic.
1050 2443 1072 2462 1.
1091 2433 1147 2463 Off.
1166 2444 1226 2470 117.
1248 2432 1304 2464 Ita-

196 2480 250 2507 que
263 2478 326 2499 ante
339 2470 496 2508 implicatur
506 2471 599 2505 aliquo
612 2478 688 2501 certo
700 2481 800 2509 genere
812 2493 819 2507 ,
841 2472 975 2509 cursuque
993 2472 1126 2508 vivendi,
1149 2481 1231 2510 quam
1249 2482 1300 2510 po-

195 2509 264 2542 tuit,
291 2509 358 2544 quid
369 2510 509 2546 optimum
520 2508 586 2538 esset
595 2510 728 2544 judicare.

176 2545 272 2575 Haeres
282 2554 388 2581 certus,
411 2546 570 2582 Legitimus.
593 2547 656 2576 Sen.
671 2544 785 2584 Hippoi.
800 2557 842 2577 10.

177 2584 286 2612 Hastam
298 2590 400 2612 certam
414 2591 526 2621 quatere
537 2606 544 2618 ‚
566 2585 583 2614 i.
597 2595 620 2613 e.
641 2585 841 2614 Inevitabilem.
864 2585 937 2621 Virg.
955 2594 996 2614 ri.
1012 2584 1071 2614 AEn.
1085 2589 1148 2621 767.

177 2620 316 2651 Homines
328 2622 413 2657 certi,
435 2622 573 2651 Notiffimi
583 2644 590 2655 ,
611 2623 682 2659 quasi
696 2623 741 2660 qui
753 2622 855 2660 pollint
864 2624 1028 2652 nominatim
1042 2624 1145 2653 reserri.
1174 2623 1233 2654 Cic.
1247 2633 1298 2661 pro

196 2659 289 2689 Domo
301 2665 345 2693 28.
368 2659 447 2689 Hanc
458 2659 682 2695 jucundissimam
695 2661 756 2690 vitae
766 2668 849 2695 atque
865 2660 1017 2689 officiorum
1039 2663 1165 2690 omnium
1183 2662 1299 2692 societa-

196 2703 254 2726 tem
263 2719 270 2731 .
293 2698 360 2726 certi
371 2698 498 2726 homines
508 2697 577 2727 fietis
591 2698 762 2727 sermonibus
773 2698 879 2728 &falsis
892 2699 1052 2727 criminibus
1062 2700 1242 2728 diremerunt.

177 2735 271 2765 Homo
283 2741 375 2764 certus
387 2757 394 2767 .
415 2736 433 2764 i.
447 2745 471 2764 e.
492 2735 595 2765 Gravis.
620 2736 654 2764 sic
666 2736 741 2765 enim
753 2737 871 2774 exponit
882 2736 953 2765 Paul.
966 2737 1107 2766 Manutius
1118 2739 1191 2775 apud
1205 2738 1295 2771 Cios.

197 2774 250 2802 Att.
268 2782 306 2806 17.
332 2773 365 2809 Q
382 2772 518 2802 Volusium
529 2773 685 2802 tuiTiberii
697 2783 848 2810 generum,
869 2781 974 2803 certum
984 2774 1146 2810 hominem,
1168 2775 1298 2804 scdmiri-

195 2811 247 2840 sice
257 2810 437 2840 abstinentem
448 2833 455 2846 ,
477 2811 534 2840 misi
544 2811 572 2839 in
583 2811 704 2848 Cyprum
714 2833 721 2845 ‚
744 2818 775 2841 ut
788 2811 825 2840 ibi
839 2811 973 2849 pauculos
991 2812 1049 2841 dies
1070 2812 1151 2842 esset:
1175 2823 1210 2842 ne
1223 2816 1298 2843 cives

195 2849 314 2878 Romani
325 2849 423 2886 pauci,
446 2850 491 2885 qui
506 2848 564 2877 illic
574 2850 770 2886 negotiantur,
790 2849 833 2882 jus
853 2850 901 2878 sibi
920 2849 1026 2879 dicium
1046 2858 1189 2887 negarent.
1231 2852 1297 2888 Quo

194 2888 223 2916 in
233 2886 295 2915 loco
305 2908 313 2921 ,
334 2887 388 2916 Sed
400 2909 408 2921 ,
430 2887 528 2924 accipe
541 2887 645 2916 dictum
656 2888 690 2916 ad
701 2888 855 2922 augendam
868 2887 977 2916 laudem
991 2898 996 2917 :
1020 2895 1050 2916 ut
1063 2888 1077 2916 si
1090 2889 1182 2923 dicas,
1203 2889 1296 2919 Homo

194 2925 336 2959 eruditus,
357 2924 404 2953 sed
416 2922 550 2960 eloquens
560 2925 588 2953 in
602 2925 704 2962 primis.
729 2925 869 2954 Domitius
882 2926 911 2954 in
928 2925 995 2954 illud
1009 2924 1128 2956 Martial.
1143 2926 1191 2956 lib.
1208 2938 1229 2962 5.
1247 2931 1292 2957 62.

330 2961 440 2991 —sane
453 2961 663 2999 certus&asper
680 2963 766 2991 homo
785 2963 832 2992 est.
915 2963 989 2992 Certi
1002 2985 1009 2998 7
1030 2964 1140 3001 inquit,
1163 2964 1295 2994 dicuntur

193 2999 313 3029 Fideles.
354 2999 428 3029 Certi
443 3000 510 3028 item
522 3022 530 3035 ‚
553 3000 610 3036 Qui
625 3000 770 3037 supercilio
782 3000 941 3043 gravitatem
953 3008 1074 3030 tuentur.
1115 3002 1188 3031 Certi
1199 3011 1294 3039 prtvte.

193 3047 255 3072 rea,
280 3038 358 3073 Quos
367 3037 443 3066 nulla
455 3038 523 3067 ratio
534 3039 573 3067 rei
591 3038 718 3074 gerendae
734 3036 822 3067 fallit:
844 3044 875 3067 ut
895 3038 1006 3068 Certum
1023 3039 1207 3075 sagittatorem
1227 3042 1292 3070 dici-

193 3076 467 3142 ffiuszirigentem
477 3075 600 3113 sagittam
611 3076 640 3104 iri
657 3076 772 3113 signum.
794 3076 868 3106 &ita
878 3078 986 3114 accepit
998 3076 1131 3107 Martialis
1149 3078 1205 3108 hoc
1219 3079 1291 3109 loco.

221 3123 260 3142 aec
296 3120 416 3143 omitius.

173 3149 309 3180 Homines
321 3152 386 3180 certi
403 3173 410 3185 ‚
434 3151 450 3180 i.
464 3160 488 3180 e.
510 3151 570 3180 Fidi
581 3173 589 3186 ‚
611 3151 656 3181 vel
668 3150 780 3188 Quibus
792 3150 959 3180 fiderelicet.
984 3151 1041 3181 Cic.
1056 3162 1078 3181 i.
1090 3153 1166 3182 Fam.
1177 3163 1201 3189 7.
1216 3154 1293 3190 Quo-

191 3188 241 3216 ties
255 3189 322 3232 niihi
336 3197 473 3219 certorum
484 3189 631 3219 hominum
640 3190 762 3227 potestas
772 3189 825 3218 erit
835 3211 843 3224 ‚
864 3188 963 3226 quibus
974 3191 1048 3219 recte
1059 3190 1133 3225 dem,
1158 3201 1214 3220 non
1226 3200 1293 3230 prae-

190 3231 348 3255 termittam.

173 3261 308 3292 Homines
319 3270 407 3293 certos
419 3264 528 3294 habere.
550 3264 609 3294 Cic.
625 3275 648 3299 ς.
667 3265 720 3294 Art.
741 3274 783 3301 17.
799 3263 874 3294 conf.
890 3273 934 3293 21.
958 3265 1051 3303 ibique
1066 3265 1213 3304 Maiaspin.

171 3299 244 3329 lctus
255 3308 344 3330 certus
359 3324 367 3336 ‚
389 3302 509 3337 Rectus,
531 3312 589 3331 non
606 3302 699 3332 fallax.
724 3302 793 3339 Virg.
811 3311 852 3331 12.
870 3303 931 3333 ffin.
945 3313 1009 3339 490.

207 3374 212 3380 ·
264 3338 368 3368 Horum
381 3349 467 3368 unum
479 3347 555 3369 certo
566 3348 754 3376 contorquens
762 3340 856 3377 dirigit
872 3341 937 3370 ictu.

171 3373 303 3405 Inimicus
320 3383 408 3406 certus
419 3399 427 3411 7
449 3378 519 3414 quasi
535 3378 575 3407 Ex
588 3378 708 3415 professb
723 3378 861 3407 inimicus.
882 3377 967 3407 Plaut.
980 3377 1048 3407 Pers.
1061 3388 1087 3414 4.
1102 3388 1128 3414 4.
1145 3387 1189 3415 33.

171 3411 228 3441 Lex
245 3420 319 3442 certa
333 3416 357 3443 Sc
369 3415 481 3444 definita
493 3416 520 3444 in
533 3416 712 3446 carminibus.
735 3417 793 3445 Cic.
805 3416 833 3444 in
845 3415 923 3445 Orat.
939 3421 1000 3450 ¹98·

171 3448 243 3486 Lege
253 3459 325 3480 certa
335 3452 436 3488 aliquid
449 3452 548 3482 facere.
570 3453 654 3482 Ovid.
669 3464 692 3489 5.
711 3454 775 3482 Fast.
790 3457 834 3489 65.
857 3454 875 3482 i.
892 3463 916 3483 e.
939 3454 1019 3482 Certa
1033 3453 1205 3484 conditione.

170 3485 270 3530 Legem
282 3495 382 3518 certam
399 3490 490 3519 dicere
501 3490 673 3520 testamento.
712 3491 809 3520 Paulus
821 3491 848 3520 in
860 3490 877 3520 l.
907 3491 962 3527 Qui
974 3492 1003 3520 in
1021 3491 1185 3520 testamento
1199 3492 1276 3521 domi

188 3534 226 3553 ni.
257 3525 289 3554 D.
307 3526 341 3555 de
353 3526 470 3556 Testem.
493 3528 564 3557 Nam
576 3529 621 3564 qui
633 3530 754 3559 incertus
766 3529 804 3559 est
816 3529 851 3559 de
863 3529 930 3559 statu
944 3529 992 3558 suo
1003 3551 1011 3564 ‚
1034 3536 1137 3558 certain
1149 3529 1238 3565 legem
1249 3537 1289 3560 te-

186 3562 323 3591 stamento
337 3564 428 3593 dicere
441 3574 497 3593 non
516 3566 612 3602 potest.

169 3598 268 3641 Liberi.
312 3602 368 3630 Cic.
385 3611 406 3630 1.
424 3602 458 3630 de
470 3603 577 3632 invent.
594 3613 619 3632 2.
643 3603 777 3633 Nondum
795 3604 896 3634 divinae
913 3603 1057 3641 religionis
1069 3625 1077 3638 ,
1100 3613 1157 3633 non
1172 3604 1288 3634 humani

186 3637 270 3666 oflicii
284 3638 351 3665 ratio
364 3638 520 3668 colebatur:
540 3650 624 3669 nemo
636 3640 773 3677 legitimas
782 3642 890 3671 viderat
901 3644 1011 3680 nuptias
1025 3652 1031 3671 :
1049 3652 1106 3671 non
1118 3648 1208 3671 certos
1219 3642 1288 3679 quis-

187 3684 269 3711 quam
279 3674 559 3712 inspexeratliberos:
593 3688 648 3707 non
661 3679 702 3712 jus
711 3679 845 3716 aequabile
860 3680 927 3716 quid
943 3680 1071 3710 utilitatis
1083 3679 1201 3710 haberet
1213 3702 1221 3715 ‚
1244 3689 1288 3710 ac-

186 3718 306 3749 ceperut.
347 3713 419 3742 conf.
443 3713 518 3743 Patre
532 3721 607 3744 certo
619 3716 690 3745 nasci
700 3736 708 3752 2
730 3717 875 3754 Progenies
884 3725 966 3747 certa.

167 3748 242 3780 Loca
251 3754 324 3778 certa
336 3771 343 3783 ,
366 3750 494 3780 Distine'ta
508 3753 534 3781 &
545 3753 735 3783 determinata.
760 3755 830 3791 Virg.
848 3765 869 3784 1.
887 3750 986 3793 Geoig.
1001 3758 1048 3785 60.

260 3786 402 3816 Continuo
412 3787 459 3816 has
469 3788 558 3824 leges,
580 3797 735 3827 aeternaque
746 3790 853 3822 soedera
865 3794 946 3822 certis

259 3824 394 3861 Imposuit
405 3832 498 3853 natura
514 3825 589 3855 locis.

163 3861 535 3893 Locuseertusmrefinitus.
574 3864 631 3893 Cic.
646 3864 681 3893 de
690 3864 784 3894 Somn.
797 3866 872 3904 Scip.
888 3877 913 3902 4.
935 3866 1086 3901 Omnibus,
1103 3867 1150 3905 qui
1168 3866 1285 3905 patriam

183 3899 418 3932 conservaverint.
440 3900 612 3934 adjuverint.
634 3903 760 3931 auxerint
773 3925 781 3937 ‚
803 3912 910 3934 certum
925 3904 978 3934 effe
992 3906 1022 3934 in
1035 3906 1104 3934 caeio
1115 3927 1122 3940 ‚
1145 3915 1177 3935 ac
1188 3906 1287 3935 defini.

182 3936 345 3967 tumlocum
356 3958 364 3973 ,
385 3936 433 3966 ubi
445 3936 517 3967 beati
531 3947 588 3968 aevo
599 3937 767 3976 sempiterno
777 3940 910 3971 fruentur.

1879 77 1908 112 C
2006 79 2034 114 E
2131 81 2162 116 R
2593 78 2595 100 ¹

1415 156 1491 189 Loco
1503 163 1581 187 certo
1592 157 1698 186 credere
1713 157 1825 188 filicem.
1848 158 1908 188 Cic.
1923 169 1948 188 2.
1962 159 1997 189 de
2008 160 2103 189 Divin.
2118 166 2162 195 ὃς.

1415 197 1492 226 Loco
1504 202 1582 224 certo
1597 195 1698 224 dicere.
1722 196 1780 226 Cic.
1795 208 1821 231 4.
1836 196 1913 226 Verr.
1930 206 1972 233 13.
1995 200 2083 233 Atque
2093 208 2124 227 ea
2136 199 2193 237 ipsa
2208 199 2305 228 'civitas
2315 209 2368 236 qua
2376 200 2482 232 ratione
2494 203 2535 233 illi
2591 220 2592 236 i

1435 235 1525 263 amica
1538 234 1567 262 lit
1577 255 1584 267 ,
1605 233 1801 263 dicetur'certo
1812 234 1886 263 loco.
1917 235 1945 264 h.
1958 244 1982 263 e.
2005 236 2061 264 Suo
2073 236 2138 265 loco
2149 243 2215 274 apto
2227 239 2253 266 δι
2265 238 2425 267 commodo.

1415 270 1580 302 Luminibus
1592 271 1707 300 dicendi
1718 272 1801 300 certis
1815 282 1920 301 ornare.
1962 273 2021 302 Cic.
2035 283 2061 302 2.
2079 274 2114 302 de
2126 275 2202 303 Orat.
2219 284 2260 308 ¹9-
2293 275 2360 304 Haec
2374 275 2435 305 sunt
2444 279 2536 308 omnia
2590 279 2595 294 “

1436 309 1542 346 ingenii
1554 308 1597 337 vel
1609 309 1768 343 mediocris,
1778 310 1985 339 exercitationis
1996 318 2088 340 autem
2103 312 2147 341 vel
2158 312 2286 341 maximae
2298 322 2305 341 :
2327 321 2414 341 artem
2424 314 2536 350 quiden-i

1434 347 1571 376 duntaxat
1579 346 1712 375 haetenus
1722 348 1865 384 requirunt
1874 369 1882 382 ‚
1904 354 1934 376 ut
1945 349 2027 377 certis
2043 349 2157 378 dicendi
2172 349 2325 379 luminibus
2337 357 2477 380 ornentur.

1414 385 1604 421 Magistratum
1616 390 1722 413 certum
1730 384 1870 421 praeficere
1885 387 2074 422 procurationi
2086 387 2178 417 alicui.
2201 387 2259 416 Cic.
2271 397 2297 416 2.
2315 388 2351 417 de
2366 387 2458 425 Legib.
2471 393 2516 420 66.
2591 391 2594 423 l

1414 422 1518 452 Manus
1530 430 1603 450 certa
1618 443 1625 455 ,
1649 422 1667 450 i.
1680 431 1704 450 e.
1727 422 1792 451 Non
1809 422 1945 452 aberrans.
1989 424 2110 460 Quintil.
2124 425 2172 454 lib.
2186 436 2212 460 4.
2226 434 2288 462 cap.
2303 435 2326 461 ς.
2348 425 2386 455 Ut
2398 433 2471 456 certa
2481 437 2536 457 ma.
2591 439 2593 458 ι

1434 469 1486 526 gip
1497 469 1553 488 uno
1568 459 1625 525 telo
1638 458 1727 496 posset
1735 459 1789 489 effe
1800 467 1933 489 contenta
1944 483 1952 496 ,
1972 461 2084 491 incertae
2105 462 2185 501 plura
2197 463 2349 501 spargenda
2360 462 2438 499 sunt,
2458 470 2489 494 ut
2503 466 2534 495 fit:
2587 462 2592 495 l

1484 503 1590 526 ortunae
1610 506 1686 526 ocus.

1413 534 1502 602 hisnu
1516 540 1589 601 cierta
1602 534 1690 564 telum
1704 534 1815 565 miffum
1825 535 1942 571 librare,
1963 535 2051 567 Manu
2061 538 2136 567 recte
2146 538 2313 575 percutienti
2323 538 2444 569 mittere.
2469 539 2532 572 Sen.
2586 497 2592 569 i
2601 571 2604 578 ,

1459 582 1512 602 erc.
1540 583 1578 602 ur.
1594 581 1636 601 12.

1411 610 1562 640 Matricida
1572 609 1745 639 certissimus.
1785 610 1843 641 Cic.
1860 621 1883 640 1.
1897 611 1932 647 Q.
1948 610 2009 641 frat.
2023 622 2048 642 2.
2079 612 2164 642 Nunc
2180 612 2355 651 respondebo
2372 614 2407 643 ad
2420 624 2464 644 eas
2477 617 2536 653 epi.
2586 571 2604 652 i

1429 648 1512 677 stolas
1524 670 1532 682 ‚
1548 650 1599 677 &c.
1623 657 1737 684 quarum
1749 648 1834 677 altera
1843 650 1881 679 est
1892 650 1927 678 de
1938 648 2093 680 Blandenio
2104 651 2234 680 Teuxidc
2246 673 2254 687 ‚
2278 661 2362 689 quem
2371 652 2464 682 scribis
2477 663 2531 683 cer·
2585 653 2591 675 l

1429 685 1564 714 tissimum
1574 686 1748 714 matricidam
1759 687 1809 715 tibi
1821 696 1836 715 a
1848 697 1893 717 me
1906 688 2006 716 intime
2018 689 2220 718 commendari.
2584 679 2590 712 i

1409 720 1508 753 Mente
1524 730 1596 752 certa
1611 723 1716 760 aliquid
1728 733 1808 761 agere
1819 746 1826 759 ,
1851 726 1868 754 i.
1886 735 1910 754 e.
1932 725 2085 756 Obstinate.
2110 726 2195 757 Ovid.
2208 732 2251 762 18.
2265 726 2348 765 Epist.
2365 732 2409 764 38.

1503 761 1579 797 Quid
1590 771 1701 791 mecum
1711 769 1784 791 certa
1800 763 1894 799 praelia
1903 769 1999 792 mente
2010 764 2101 801 geris‘?

1408 798 1511 828 Mensis
1521 805 1621 828 certus.
1659 799 1717 828 Cic.
1730 811 1756 834 4.
1770 800 1841 829 Verr.
1855 807 1916 834 128.
1940 800 2094 838 Cephaledi
2104 802 2204 832 mensls
2214 802 2252 832 est
2261 808 2364 839 certus,
2385 813 2441 840 quo
2456 810 2532 834 men-

1428 836 1456 865 se
1471 836 1642 866 sacerdotem
1655 838 1810 867 maximum
1820 839 1907 868 creari
1919 845 2056 876 oporteat.

1406 874 1604 904 moderatione
1615 875 1732 911 quadam
1747 882 1830 906 certa.
1872 876 1929 906 Cic.
1947 886 1968 905 1.
1983 878 2018 906 de
2028 878 2105 907 Orat.
2119 887 2182 913 254.
2203 877 2290 916 Quod
2307 878 2325 907 si
2346 877 2393 907 ille
2410 879 2531 910 astrictus

1425 919 1500 941 certa
1519 912 1637 949 quadam
1655 923 1835 943 numerorum
1858 914 2050 945 moderatione
2065 917 2092 945 ἃ
2106 917 2231 954 pedum:
2253 922 2349 946 tamen
2369 915 2476 954 aliquid
2496 918 2531 948 ad

1425 951 1548 987 requiem
1562 950 1711 980 senetftutis
1725 953 1864 989 excogitat
1877 975 1884 987 ,
1901 954 1951 982 &c
1966 953 2001 982 de
2014 953 2113 983 Roscio
2123 953 2255 992 loquitur.

1406 987 1503 1017 Motus
1514 988 1573 1018 caeli
1584 989 1660 1017 certi.
1684 989 1742 1018 Cic.
1756 999 1781 1018 2.
1793 990 1828 1019 de
1842 991 1905 1020 Nat.
1920 990 2002 1020 Deor.
2013 1001 2058 1028 97.

1405 1025 1520 1055 Nebulo
1530 1027 1633 1055 certior
1642 1026 1735 1056 nullus
1744 1026 1802 1057 illo.
1842 1028 1900 1057 Cic.
1914 1038 1923 1056 1
1932 1039 1943 1064 ς
1952 1051 1958 1057 .
1974 1030 2028 1058 Att.
2041 1039 2086 1059 21.
2119 1029 2222 1059 Scribit
2233 1035 2327 1059 autem
2337 1029 2439 1059 Statius
2450 1029 2528 1062 illum

1423 1073 1487 1093 cum
1501 1071 1576 1101 patre
1586 1064 1710 1094 habitare
1721 1063 1810 1094 velle:
1832 1065 1887 1095 hoc
1895 1076 1962 1095 vero
1971 1068 2090 1101 mirum,
2106 1068 2132 1097 &
2148 1068 2178 1096 id
2197 1068 2316 1105 gaudet:
2339 1077 2423 1105 quem
2439 1074 2468 1097 tu
2481 1068 2528 1098 illo

1424 1102 1571 1131 certiorem
1584 1102 1913 1140 nebulonemtiemagis
1923 1105 2068 1142 cognitum
2077 1107 2103 1135 ἃ
2114 1105 2269 1143 spet‘tatum
2279 1113 2361 1143 atque
2371 1105 2527 1143 probatum.

1403 1139 1528 1169 Nomine
1538 1146 1615 1169 certo
1628 1140 1758 1170 maleficii
1769 1142 1913 1171 vocabitur
1927 1143 1955 1171 iri
1971 1143 2118 1178 judicium.
2141 1143 2200 1173 Cic.
2215 1154 2241 1173 2.
2259 1144 2294 1173 de
2311 1145 2419 1173 invent.
2435 1153 2495 1181 132.

1402 1177 1575 1207 Nominibus
1586 1179 1668 1207 certis
1678 1185 1774 1208 cautos
1783 1180 1944 1217 expendere
1958 1190 2090 1210 nummos
2100 1203 2108 1216 ‚
2132 1182 2151 1211 i.
2163 1192 2188 1211 e.
2210 1181 2291 1211 Certa
2303 1182 2338 1211 de
2347 1181 2436 1210 causa.
2460 1181 2528 1212 Hor.

1422 1225 1447 1244 2.
1464 1215 1546 1253 Epist.
1563 1226 1666 1282 1.sip5.
1707 1217 1826 1253 [Immo
1838 1218 1935 1247 Firmis
1946 1218 2128 1248 debitoribus.
2149 1219 2179 1249 V.
2202 1219 2306 1249 Cautus
2316 1220 2346 1249 in
2362 1229 2407 1249 CA
2418 1221 2528 1250 vsa&
2551 1237 2554 1240 ⁴

1420 1262 1442 1282 N
1451 1263 1468 1282 o
1478 1264 1500 1282 M
1510 1263 1525 1282 s
1535 1262 1564 1282 N.
1599 1277 1604 1282 .
1631 1277 1637 1283 .

1401 1290 1515 1321 Nomen
1532 1292 1635 1321 certius
1659 1291 1761 1322 habere
1780 1293 1851 1323 liber
1870 1293 1970 1323 dicitur
1983 1315 1991 1329 ‚
2024 1294 2081 1332 Qui
2105 1294 2208 1325 famam
2224 1303 2381 1334 perennem
2401 1294 2525 1332 acquirit.

1421 1329 1506 1358 Ovid.
1522 1339 1545 1365 3.
1560 1329 1641 1359 Trist.
1659 1340 1699 1365 14.
1713 1341 1758 1361 22.

1402 1367 1479 1404 Opes
1488 1375 1569 1397 certae
1580 1378 1614 1397 ex
1625 1369 1746 1398 incertis.
1770 1369 1855 1399 Plaut.
1865 1369 1943 1399 Poen.
1958 1380 1981 1406 ς.
1995 1379 2020 1406 3.
2031 1380 2077 1406 45.

1401 1402 1500 1434 Oratio
1513 1414 1596 1435 certa.
1621 1405 1704 1436 Plaut.
1721 1407 1798 1437 Poen.
1818 1418 1842 1443 ς.
1854 1417 1879 1437 2.
1894 1413 1920 1442 8.

1481 1443 1563 1473 Certa
1572 1444 1610 1473 est
1621 1444 1745 1481 profesto
1757 1445 1856 1475 horum
1865 1446 2015 1476 hominum
2026 1446 2123 1477 oratio.
2201 1446 2221 1476 i.
2234 1456 2258 1477 e.
2269 1446 2367 1477 Verax.
2381 1445 2422 1477 Al.
2436 1446 2523 1477 Creta.

1401 1480 1481 1510 Ordo
1490 1488 1590 1512 certus.
1614 1482 1720 1512 Lucret.
1737 1483 1784 1513 lib.
1804 1493 1829 1513 2.
1844 1493 1908 1520 252.

1399 1518 1491 1548 Partes
1506 1520 1534 1549 in
1547 1527 1634 1549 certas
1644 1521 1778 1551 dividere.
1801 1521 1859 1551 Cic.
1873 1532 1923 1559 pro
1938 1522 2037 1559 Quint.
2050 1533 2095 1560 55.

1399 1556 1519 1587 Passibus
1530 1568 1588 1586 non
1599 1560 1680 1587 certis
1689 1569 1787 1589 errare.
1811 1559 1895 1589 Ovid.
1910 1569 1934 1595 3.
1949 1561 2018 1590 Met.
2033 1570 2094 1596 175.

1397 1594 1602 1625 Patrissamilias
1612 1597 1680 1626 certi
1688 1597 1777 1626 officia
1789 1597 1874 1627 nosse.
1916 1598 1974 1628 Cic.
1984 1609 2035 1637 pro
2047 1599 2145 1636 Quint.
2158 1606 2200 1628 11.
2221 1599 2282 1629 Una
2293 1600 2323 1628 in
2338 1608 2369 1628 re
2378 1598 2463 1637 paulo
2475 1598 2524 1628 mi-

1416 1643 1469 1662 nus
1482 1634 1670 1664 consideratus
1680 1657 1687 1669 ‚
1710 1636 1757 1672 qui
1766 1635 1928 1665 societatem
1940 1646 2004 1666 cum
2016 1638 2103 1667 Sexto
2117 1637 2215 1666 Naevio
2232 1636 2329 1666 fecerit
2339 1659 2346 1672 ‚
2367 1638 2429 1666 viro
2438 1636 2522 1672 bono,

1416 1678 1609 1701 verumtamen
1621 1683 1680 1701 non
1691 1673 1729 1702 ita
1738 1673 1862 1703 instituto
1872 1696 1880 1709 ‚
1902 1681 1932 1704 ut
1943 1675 2001 1711 jura
2012 1675 2151 1705 societatis
2160 1697 2168 1710 ‚
2185 1677 2211 1705 &
2221 1675 2312 1704 officia
2322 1675 2392 1704 certi
2402 1674 2524 1713 patrisfaa

1418 1710 1509 1739 milias
1521 1709 1596 1739 noffe
1610 1710 1706 1748 posset.
1731 1712 1749 1741 i.
1762 1721 1786 1741 e.
1809 1711 1918 1741 Probati
1929 1715 1954 1742 Sc
1966 1714 2080 1750 cogniti.

1398 1745 1477 1776 Patre
1489 1755 1567 1777 certo
1582 1748 1664 1778 nasci.
1705 1749 1762 1779 Cic.
1778 1758 1829 1787 pro
1842 1750 1920 1780 Rosc.
1934 1752 2023 1780 Amer.
2037 1755 2082 1786 46.
2104 1751 2131 1781 Si
2142 1750 2195 1780 tibi
2206 1750 2319 1780 fortuna
2328 1760 2388 1780 non
2402 1749 2481 1780 dedit
2493 1755 2523 1780 ut

1418 1785 1558 1816 nascerere
1569 1794 1645 1816 certo
1656 1793 1742 1825 patre.
1765 1788 1810 1817 Sic
1825 1788 1997 1819 Certiliberi.
2020 1789 2050 1819 V.
2072 1789 2170 1827 Supra.

1397 1822 1512 1853 Pectora
1525 1831 1599 1854 certa
1608 1847 1616 1860 ‚
1639 1825 1730 1854 Fortia
1741 1826 1766 1855 δε
1778 1825 1866 1855 firma.
1889 1826 1960 1864 Virg.
1970 1837 1995 1862 9.
2009 1828 2071 1857 ffin.
2083 1834 2148 1864 248.

1397 1860 1471 1891 Pede
1485 1869 1560 1891 certo
1573 1862 1676 1900 signare
1688 1863 1806 1893 humum
1816 1886 1824 1899 ‚
1846 1864 1962 1894 Firmius
1973 1865 2090 1903 ingredi.
2114 1865 2179 1895 Hor.
2192 1865 2254 1894 Arte
2264 1864 2340 1894 Poet.
2356 1869 2418 1901 158.

1397 1899 1512 1929 Penates
1524 1902 1600 1935 certi,
1608 1901 1717 1939 Propria
1729 1901 1812 1931 alicui
1822 1902 1955 1932 destinata
1966 1903 2066 1933 domus
2077 1911 2125 1933 aut
2134 1902 2519 1940 habitati0.Virg.8.AEn.155.

1478 1938 1530 1968 Hic
1543 1939 1594 1968 tibi
1607 1945 1681 1968 certa
1695 1939 1811 1975 domus,
1834 1941 1901 1970 certi
1923 1942 1935 1977 (
1947 1951 1982 1970 ne
1995 1941 2088 1970 absiste
2100 1942 2111 1977 )
2132 1947 2256 1978 penates.

1395 1975 1519 2005 Personae
1530 1984 1612 2006 certae
1622 1977 1827 2015 destinataeque.
1865 1978 1984 2015 Quintil.
1997 1979 2045 2008 lib.
2061 1989 2084 2015 3.
2108 1979 2202 2009 Certas
2212 1978 2343 2017 personas
2357 1979 2519 2016 interpreta-

1414 2020 1458 2043 tur
1470 2014 1599 2044 Asconius
1608 2037 1615 2050 ,
1638 2015 1691 2044 Eos
1702 2016 1749 2052 qui
1763 2015 1878 2051 judices
1887 2016 1944 2046 fieri
1955 2023 2092 2054 poterant.
2542 2043 2543 2046 ,

1394 2051 1486 2081 Poenae
1500 2053 1652 2082 certissimre
1662 2054 1689 2082 in
1701 2054 1802 2091 impios
1812 2055 1976 2084 constitutae.
2018 2055 2075 2084 Cic.
2091 2056 2120 2084 in
2131 2054 2221 2084 Pison.
2234 2057 2280 2090 46.
2312 2054 2360 2084 Me
2374 2060 2468 2083 tamen
2478 2053 2518 2083 fu-

1413 2096 1489 2127 gerat
1500 2091 1617 2120 deorum
1632 2091 1830 2121 immortalium
1849 2092 1898 2122 has
1917 2092 1971 2123 effe
1990 2093 2021 2122 in
2035 2093 2137 2131 impios
2156 2094 2182 2123 δι
2199 2092 2402 2123 consceleratos
2418 2101 2517 2129 poenas

1414 2128 1575 2158 certissimas
1592 2130 1761 2159 constitutas.

1393 2164 1541 2201 Progenies
1552 2174 1643 2202 certa,
1666 2168 1683 2196 i.
1699 2175 1723 2197 e.
1747 2166 1890 2205 Legitima.
1914 2168 1978 2199 Seii.
1993 2168 2097 2199 Troad.
2108 2171 2135 2199 6.

1392 2203 1486 2233 Proles
1498 2205 1651 2234 certill'ima.
1674 2205 1747 2243 Virg.
1758 2210 1783 2236 6.
1797 2206 1859 2236 AEn.
1872 2215 1933 2243 322.

1395 2273 1397 2276 ,
1487 2243 1601 2272 Anchisa
1610 2250 1740 2281 generate
1756 2266 1764 2278 ,
1786 2243 1868 2273 desim
1880 2244 2027 2275 certissima
2036 2244 2138 2284 proles.

1395 2278 1482 2317 Regio
1494 2280 1557 2310 loci.
1583 2281 1690 2311 Lucret.
1705 2282 1752 2311 lib.
1765 2291 1791 2311 2.
1804 2287 1869 2312 260.

1392 2314 1513 2355 Requies
1529 2318 1666 2348 laborum.
1692 2320 1763 2357 Virg.
1781 2329 1804 2355 3.
1827 2320 1886 2350 AEn.
1899 2328 1962 2356 393.

1390 2355 1444 2384 Res
1464 2364 1538 2386 certa
1553 2357 1607 2390 est,
1640 2359 1794 2395 opponitur
1809 2356 1845 2392 ‘13⁴5
1861 2358 1980 2396 Opinor.
2021 2358 2086 2388 Ter.
2096 2358 2165 2388 And.
2177 2367 2203 2388 2.
2215 2367 2241 2388 2.
2254 2367 2298 2394 31.
2331 2357 2396 2388 Non
2417 2359 2514 2397 opinor

1412 2394 1496 2423 Dave.
1519 2405 1545 2423 n.
1570 2395 1672 2433 opinor
1684 2397 1797 2425 narras?
1820 2406 1878 2425 non
1892 2398 1965 2426 reete
1977 2397 2097 2434 accipis:
2120 2403 2194 2426 certa
2204 2407 2246 2426 res
2255 2396 2301 2425 est.

1390 2429 1446 2461 Res
1457 2441 1531 2461 certa
1542 2430 1594 2468 est,
1617 2443 1666 2470 pro
1677 2433 1867 2463 Deliberatum
1886 2435 1911 2463 &
1924 2435 2104 2465 constitutum
2116 2434 2163 2464 est.
2203 2435 2288 2464 Plaut.
2302 2434 2415 2472 Capt.4.
2433 2444 2455 2463 1.
2471 2443 2512 2464 11.

1409 2470 1492 2499 Nunc
1509 2479 1582 2500 certa
1599 2481 1641 2500 res
1660 2473 1715 2507 eit,
1737 2472 1838 2501 eodem
1858 2473 1939 2509 paeto
1951 2494 1959 2508 ,
1977 2474 2029 2502 Cre.
2072 2472 2131 2502 Cic.
2148 2482 2189 2509 ις.
2202 2475 2254 2502 Att.
2267 2481 2312 2502 21.
2344 2473 2438 2510 Itaque
2451 2481 2514 2502 eum

1407 2507 1532 2545 placavi:
1556 2511 1580 2538 ἃ
1594 2509 1707 2547 quidem
1728 2520 1745 2539 c
1755 2519 1797 2539 cc
1807 2520 1824 2538 c
1843 2517 1917 2540 certa
1929 2533 1936 2546 ,
1958 2511 2063 2548 reliqua
2076 2512 2105 2540 in
2114 2510 2170 2548 spe.

1389 2544 1443 2574 Res
1457 2547 1594 2576 nuntiare.
1617 2548 1676 2577 Cic.
1692 2557 1733 2576 12.
1746 2548 1820 2577 Fam.
1832 2559 1858 2583 4.

1390 2583 1483 2613 Rebus
1497 2587 1577 2614 ceitis
1597 2585 1669 2622 signa
1685 2592 1760 2615 certa
1776 2593 1951 2623 praecurrere.
1995 2585 2052 2616 Cic.
2066 2596 2089 2615 1.
2108 2586 2143 2616 de
2155 2585 2247 2615 Divin.
2269 2591 2331 2619 118.
2363 2584 2437 2614 Nam
2456 2593 2512 2614 non

1406 2622 1499 2659 placet
1509 2624 1610 2652 stoicis
1619 2647 1625 2655 .
1638 2625 1690 2652 Sec.
1712 2623 1807 2653 sedita
1817 2634 1831 2653 a
1840 2624 1979 2662 principio
1989 2624 2152 2654 inchoatum
2163 2623 2217 2653 effe
2235 2624 2374 2654 mundum
2385 2645 2393 2660 ,
2417 2629 2448 2653 ut
2457 2632 2512 2653 cer·-

1407 2660 1441 2688 tis
1453 2660 1533 2689 rebus
1545 2667 1618 2690 certa
1636 2661 1709 2698 signa
1722 2668 1940 2699 praecurrerent,
1965 2664 2016 2691 &c-

1388 2697 1491 2734 Sagirta
1501 2721 1508 2732 ,
1531 2699 1600 2735 Qiiae
1613 2709 1669 2728 non
1680 2699 1789 2729 aberrat
1799 2699 1916 2737 ascopo.
1942 2699 2008 2729 Hor.
2023 2710 2047 2729 1.
2060 2699 2151 2729 Carm.
2165 2708 2207 2729 12.
2219 2708 2264 2736 23.

1387 2735 1502 2772 Signum
1514 2738 1624 2766 amoris.
1650 2738 1707 2766 Cic.
1723 2747 1773 2775 pro
1785 2738 1858 2767 Sext.
1871 2748 1916 2773 49.

1388 2773 1478 2810 Signis
1489 2774 1594 2811 aliquid
1609 2775 1784 2811 cognoscere.
1809 2775 1880 2812 Virg.
1897 2786 1918 2804 1.
1932 2775 2031 2813 Georg.
2045 2783 2107 2812 394.

1387 2811 1479 2847 Signis
1491 2812 1602 2841 discere.
1628 2813 1700 2850 Virg.
1715 2823 1735 2842 1.
1753 2813 1852 2851 Georg.
1868 2822 1929 2848 35¹·

1387 2848 1457 2886 Spes
1469 2851 1562 2885 magis.
1586 2851 1670 2879 Ovid.
1687 2860 1709 2886 3.
1730 2851 1764 2880 de
1781 2852 1843 2880 Arte
1857 2853 1913 2880 Am.
1925 2853 1989 2888 478.

1388 2886 1456 2922 Spes
1467 2888 1621 2917 certillima.
1645 2889 1703 2918 Cic.
1716 2890 1750 2917 ad
1764 2889 1837 2919 lirut.
1856 2899 1898 2918 10.

1388 2924 1537 2961 Stipulatio
1547 2934 1620 2955 certa
1631 2927 1743 2963 quando
1757 2927 1863 2956 dicatur
1872 2949 1880 2961 .
1897 2926 2003 2956 constat
2015 2935 2049 2955 ex
2060 2926 2129 2956 Gaio
2141 2927 2169 2955 in
2180 2926 2198 2956 l.
2212 2926 2429 2964 Stipulationum
2439 2935 2509 2963 quae-

1406 2963 1472 2992 dam
1483 2971 1562 2993 certae
1576 2964 1643 2994 sunt.
1670 2964 1700 2993 [).
1714 2965 1748 2993 de
1761 2965 1873 2994 Verbor.
1887 2965 1999 3002 obligat.
2024 2965 2253 3002 Stipulationum.
2266 2966 2373 3001 inquit,
2384 2964 2508 3000 quaedam

1406 3008 1487 3030 certae
1505 3001 1583 3035 sunt,
1606 3002 1861 3039 quzedamincertee.
1902 3003 2015 3032 Certum
2026 3003 2064 3031 est
2080 3004 2155 3040 quod
2167 3011 2200 3031 ex
2210 3001 2267 3039 ipsa
2278 3002 2508 3040 pronuntiatione

1407 3047 1538 3075 apparet,
1560 3041 1627 3076 quid
1639 3062 1646 3074 ,
1669 3040 1748 3077 quale
1759 3062 1766 3075 ‚
1789 3046 1979 3077 quantumque
1992 3040 2029 3069 sit.
2497 3074 2505 3083 δ

1386 3075 1504 3105 Studiosi
1517 3078 1584 3106 certi
1596 3077 1721 3113 alicujus.
1764 3078 1823 3108 Cic.
1837 3079 1872 3107 de
1891 3078 1960 3107 Clar.
1974 3078 2052 3108 Orat.
2070 3079 2115 3110 64.
2136 3077 2191 3106 Sed
2200 3077 2248 3107 ille
2260 3077 2370 3107 Graecus
2386 3076 2420 3106 ab
2430 3086 2506 3106 omni

1405 3114 1488 3144 laude
1498 3115 1613 3145 felicior.
1636 3115 1719 3144 habet
1729 3116 1804 3145 enim
1815 3123 1904 3146 certos
1915 3115 1954 3144 sui
1968 3114 2101 3144 studiosos
2112 3136 2120 3149 ,
2133 3116 2184 3144 &c-

1384 3150 1499 3182 Summa
1510 3160 1584 3182 certa
1596 3163 1652 3182 rein
1662 3154 1793 3183 vendere.
1834 3153 1908 3183 Paul.
1922 3154 1978 3183 inl.
2003 3153 2168 3191 Diligenter.
2191 3153 2212 3189 §.
2235 3152 2320 3181 Servo
2333 3161 2450 3190 quoque.
2471 3151 2503 3182 D.

1406 3189 1531 3220 Mandat.
1549 3191 1591 3220 vel
1609 3198 1699 3220 contr.

1384 3226 1544 3266 Tempestas
1558 3229 1630 3258 bona
1647 3231 1672 3258 δι
1686 3234 1770 3258 certa.
1811 3226 1870 3258 Cic.
1882 3238 1907 3258 2.
1921 3228 1956 3264 Q
1969 3227 2030 3257 frat.
2048 3238 2074 3257 2.
2111 3227 2155 3257 Tu
2171 3228 2189 3257 si
2213 3228 2250 3257 ita
2269 3227 2401 3265 expedit.
2422 3226 2504 3256 velim

1405 3267 1613 3303 quamprimum
1628 3267 1700 3295 bona
1710 3268 1735 3296 Sc
1748 3272 1821 3296 certa
1832 3267 1993 3304 tempestate
2004 3265 2175 3295 conscendas
2187 3287 2194 3301 ,
2216 3266 2250 3295 ad
2264 3275 2364 3303 meque
2375 3266 2475 3295 venias.

1384 3300 1510 3341 Tempus
1520 3305 1585 3333 anni
1600 3311 1716 3334 certum.
1742 3305 1809 3334 l'lin.
1824 3304 1871 3333 lib.
1886 3315 1911 3341 7.
1923 3314 1983 3341 cap.
1998 3314 2038 3337 15.

1383 3339 1508 3378 Tempus
1517 3348 1623 3371 certum
1637 3364 1644 3377 ‚
1666 3342 1887 3379 dimensumque.
1910 3342 1978 3372 Plin.
1992 3341 2073 3379 Epist.
2086 3350 2148 3378 213.

1382 3377 1524 3416 Tempore
1534 3380 1592 3409 caeli
1604 3387 1689 3409 certo.
1714 3380 1784 3417 Virg.
1799 3391 1824 3415 4.
1843 3380 1941 3416 Georg.
1956 3390 2016 3409 100.

1382 3415 1525 3453 Tempore
1536 3423 1612 3447 cei-to
1624 3417 1758 3446 accidere.
1785 3417 1842 3446 Cic.
1854 3418 1888 3446 de
1899 3418 1995 3446 Somn.
2005 3417 2079 3454 Scip.
2097 3419 2138 3445 16.
2162 3415 2276 3453 Propter
2286 3415 2429 3446 eluviones
2439 3424 2501 3445 exu-

1401 3454 1556 3491 stionesque
1567 3463 1699 3484 terrarum
1710 3477 1718 3491 ,
1740 3465 1806 3492 quas
1817 3455 1944 3485 accidere
1954 3463 2082 3493 tempore
2092 3461 2169 3483 certo
2180 3453 2288 3483 necesse
2299 3453 2337 3483 est
2347 3476 2354 3490 ‚
2377 3464 2434 3484 non
2444 3462 2500 3483 mo·

1400 3492 1436 3520 do
1446 3500 1577 3522 aeternam
1587 3516 1594 3527 ,
1608 3495 1660 3522 &o

1381 3527 1522 3567 Tempore
1530 3539 1605 3559 certo
1618 3530 1775 3559 convenire.
1799 3529 1858 3559 Cic.
1872 3539 1896 3560 2.
1913 3530 1949 3560 de
1964 3529 2072 3560 Invent.
2089 3537 2148 3565 132.

1379 3566 1469 3596 Testis
1481 3566 1652 3598 curtillirmis.
1674 3568 1722 3597 Sil.
1734 3567 1782 3596 lib.
1797 3577 1821 3604 7.
1834 3578 1898 3604 449.
1980 3583 2017 3589 —-
2026 3567 2101 3597 testis
2114 3566 2262 3597 certiffima
2273 3566 2366 3596 vestrae

1475 3606 1546 3635 Ecce
1558 3607 1616 3635 dics
1628 3607 1736 3643 pietatis
1751 3605 1835 3634 adest.
2542 3606 2546 3688 j
2572 3507 2587 3785 1

2541 3730 2546 3752 l

1379 3641 1504 3673 Tramite
1518 3645 1634 3673 decerto
1646 3643 1719 3681 pelli.
1746 3643 1812 3672 Hor.
1827 3652 1851 3672 2.
1863 3642 1948 3672 serm.
1962 3651 1986 3678 3.
1998 3652 2044 3678 49.

1379 3679 1521 3710 Transirus
1533 3684 1643 3711 certior.
1667 3681 1735 3711 Plin.
1749 3680 1795 3710 lib.
1812 3690 1834 3717 3.
1848 3690 1911 3718 cap.
1927 3691 1936 3709 i
1947 3690 1967 3709 i.

1378 3716 1466 3746 Tribu
1478 3728 1551 3748 certa
1561 3741 1569 3753 ,
1592 3729 1708 3748 numero
1721 3724 1805 3748 certo.
1848 3719 1905 3747 Cic.
1919 3726 1969 3755 pro
1981 3717 2065 3746 Corn.
2078 3715 2153 3746 Balb.
2167 3725 2211 3753 30.
2235 3716 2297 3746 Vidi
2308 3721 2420 3755 egomet
2428 3719 2495 3744 noth

1397 3755 1489 3785 nullos
1500 3757 1643 3794 imperitos
1653 3757 1779 3785 homines
1796 3756 1900 3785 nostros
1912 3756 1987 3784 cives
2007 3755 2120 3784 Athenis
2135 3755 2164 3783 in
2177 3764 2293 3784 numero
2312 3755 2436 3790 judicum
2458 3758 2496 3782 at-

1396 3802 1450 3828 que
1462 3795 1685 3831 Areopagitarum
1695 3816 1703 3829 ‚
1725 3801 1799 3823 certa
1811 3794 1882 3822 tribu
1893 3815 1901 3826 ‚
1922 3800 1998 3821 certo
2009 3802 2143 3825 numero,
2165 3802 2248 3829 quum
2259 3793 2426 3829 ignorarent,
2443 3792 2492 3832 &03
2571 3791 2585 3816 Μ

1377 3828 1527 3866 Vectigalia
1538 3832 1693 3861 certillima.
1735 3832 1791 3861 Cic.
1807 3841 1856 3868 pro
1865 3831 1936 3867 Lege
1949 3830 2044 3859 Manil.
2060 3835 2084 3872 ⁶:
2110 3832 2234 3866 Aguntur
2244 3830 2390 3859 certissima
2399 3826 2494 3866 Populi
2571 3831 2585 3863 ἶ

1397 3866 1513 3897 Romani
1528 3870 1672 3907 vectigalia
1683 3871 1708 3898 &
1720 3869 1844 3898 maxima
1856 3891 1862 3903 ,
1884 3869 1984 3905 quibus
1997 3868 2098 3897 amillis
2107 3889 2115 3903 ,
2128 3870 2180 3897 ote.
2476 3900 2482 3907 ⁵
2543 3902 2544 3905 Ἴ

1613 3908 1670 3937 Cic.
1684 3917 1710 3937 2.
1722 3907 1758 3936 de
1767 3906 1829 3937 Nat.
1845 3906 1926 3936 Deor.
1945 3915 1987 3935 10.
2013 3906 2047 3935 At
2056 3915 2121 3935 vero
2132 3902 2207 3942 apud
2218 3905 2339 3941 majores
2351 3900 2495 3946 tanta-reli·
2538 3886 2543 3970 ἴ
2570 3892 2583 3964 ξ

2407 3946 2494 3976 gioms
2542 3943 2543 3968 l
2569 3955 2575 3963 -

2603 3636 2604 3645 i

2596 3668 2604 3679 i.

2601 3712 2603 3729 l

2595 3430 2603 3463 i

2595 3470 2602 3501 l

2599 3511 2604 3540 l

2598 3557 2603 3576 5

2598 3596 2603 3615 t

2597 3634 2602 3652 t

2591 3697 2599 3729 li

2595 3740 2603 3768 l

2590 3770 2604 3806 lit

2590 3811 2602 3843 li

2578 3866 2580 3871 .
2594 3852 2604 3883 s,l

1376 3904 1472 3935 Verbis
1481 3908 1570 3937 certis.
2581 3884 2604 3964 Ῐὲἶ

2538 3975 2539 3979 ’
2589 3961 2604 3995 lx

2414 4055 2419 4074 l
