2600 4177
430 82 459 123 C
556 89 584 125 E
679 91 709 127 R

91 162 165 197 ajmd
197 164 309 198 Suidam
336 167 455 207 legitur,
489 171 595 201 Acmon
605 193 614 208 ,
647 172 684 203 de
708 174 809 213 quibus
828 177 893 207 vide
911 175 991 218 supra
1013 181 1043 212 in
1064 182 1189 215 distione

91 208 110 225 A
121 208 136 226 C
148 210 164 228 H
175 211 185 228 F
198 214 216 231 M
227 213 243 231 0
253 214 281 234 Ν.

36 232 102 262 cna
114 246 129 264 e
140 240 156 265 o
166 242 198 268 i>i
211 251 225 268 r
237 251 254 269 H
268 245 283 270 ἒ
294 252 310 271 e
321 253 361 273 us
372 265 380 278 ,
402 244 420 273 i.
442 253 479 274 m.
501 245 736 285 [negvvnffinren]
758 253 943 290 compofitum
962 265 1067 287 nomen
1087 268 1122 288 ex
1138 259 1190 296 zle-

71 276 125 301 12¹>
135 295 142 308 ‚
164 286 223 312 quae
233 279 333 309 dicitur
347 281 451 311 cauda:
473 284 500 312 ἀ
509 283 622 318 orfime&
634 307 642 319 ,
664 285 755 317 simia:
777 290 849 326 quasi
861 292 945 322 Simia
957 295 1084 330 caudata,
1106 307 1188 333 quam

70 313 178 354 thtfcm
197 319 351 344 Marmonem
365 319 449 355 vulgo
463 320 592 350 dicimus.
635 322 702 353 Plin.
720 325 767 355 lib.
783 333 808 360 8.
822 337 937 367 cap-20.
971 332 1190 371 Cercopithecos

69 355 155 384 nigris
164 351 300 386 capitibus
311 365 318 389 3
331 355 389 392 pilo
401 357 513 393 asinino,
523 360 548 388 ἃ
557 359 700 391 disl'itniles
709 365 809 394 ceteris
816 368 1068 402 voce.Martial.lib.
1076 381 1186 408 14:02.

150 387 272 419 Callidus
286 392 395 422 emissas
409 390 522 425 eludere
533 396 627 426 fimius
639 397 743 430 hastas:

203 426 230 455 Si
242 429 309 457 mihi
323 431 410 460 cauda
420 431 511 469 foret,
533 437 747 471 cercopithecus
758 448 841 470 eram.

39 494 44 498 .
70 458 262 499 cercopitheci
273 466 339 496 sacri
350 468 451 507 effiges.
472 470 571 506 Juven.
586 482 626 508 ις.
641 474 696 504 Sat.
710 487 738 512 4.

23 511 24 523 l
69 497 291 537 Cercopithecon
301 514 401 535 amare.
425 507 543 539 Martial.
557 507 605 539 lib.
620 520 643 547 7.
658 516 703 546 86.

159 538 188 567 Si·
201 538 319 572 Cronius
334 543 449 574 similem
460 549 679 585 cercopithecon
689 556 769 581 amat.

33 567 78 603 cu
88 582 208 642 niceas,
233 580 304 616 opis.
324 587 361 610 m.
384 583 540 621 [κίςκωψ]
553 587 663 617 Animal
680 590 769 619 cauda
785 589 952 630 spectabile.
976 599 1008 624 ut
1022 593 1120 635 vulpes
1130 619 1139 634 ,
1158 596 1190 628 fi.

67 620 289 688 ¹(iieiic’opaeslraeci
299 656 444 700 appellant
457 659 568 690 Lucrati
579 662 703 700 undique
714 674 747 694 cu
771 665 887 710 sentem,
904 669 976 706 quasi
986 667 1093 707 κέςδὶω,
1105 682 1189 711 quem

23 727 24 734 ἵ
67 692 595 767 ΟῐέῗέἒρυὲἒᾳυεΙῑυξιῑιοῧεῗυνῖζειίῗιπιῖιέὸ
604 701 720 768 l(liceostus.
757 703 852 734 nscite.
887 705 916 736 V.
937 707 1038 747 Scalig.
1047 716 1106 741 not.

23 741 197 802 iCssRcos,
213 740 300 798 'iliis-
322 746 556 811 lege'eiisscoffi
577 777 603 805 ἀ
615 762 680 807 vide
693 777 740 807 suo
755 778 828 809 loco.

22 797 148 872 ‚Cuncti
157 813 172 831 R
182 811 222 832 us
231 827 239 840 ,
254 806 313 849 ,sive
332 808 354 838 C
364 819 377 838 s
388 820 404 839 R
415 815 458 840 cu
468 821 484 840 R
493 822 511 841 o
520 822 555 848 N,
587 814 757 858 [espasge-su]
785 817 870 862 Navis
890 820 984 851 Asiana
998 821 1167 861 praegrandis
1178 843 1188 862 ‚

18 861 24 880 3
65 840 177 870 auctore
184 841 278 872 Nonio
293 854 334 880 13.
347 857 372 882 4.
397 847 507 879 Plautus
518 872 526 885 ‚
548 852 574 880 δι
585 851 653 881 Plin.
666 852 749 888 hujus
767 861 964 887 meminerunt.
1006 861 1118 891 Nomen
1141 873 1190 892 au·

23 881 25 908 l
65 881 121 906 tem
134 878 458 919 habuerunthujusmodi
470 897 553 917 naves
567 898 582 918 a
599 886 831 928 Corcyrensibus‚
854 901 884 923 ut
905 896 1085 929 Grammatici
1099 899 1188 930 Graeci

23 917 25 946 ,l
58 914 241 954 suspicantur.
263 919 411 953 Turnebus
426 925 535 955 Advers.
549 935 593 962 29.
614 933 656 962 18.
679 928 764 959 Plaut.
778 930 863 962 Stich.
875 942 901 963 α.
915 942 940 964 a.
954 944 999 972 42.

142 953 217 984 Dum
250 967 379 990 ercontor
392 963 541 999 portitores
551 986 558 999 ‚
579 974 675 1003 ecquae
689 968 765 997 navis
776 971 883 1000 venerit

142 991 184 1022 Ex
196 994 217 1025 A
230 1005 273 1031 ia;
296 1007 399 1034 negant
407 1000 528 1031 venisse:
547 1002 723 1041 conspicatus
733 1005 791 1035 sum
802 1007 913 1038 interim

142 1029 312 1071 Cercurum,
334 1046 389 1073 quo
408 1047 461 1075 ego
480 1048 527 1068 me
546 1042 682 1077 majorem
704 1052 762 1072 non
776 1045 873 1075 vidisse
887 1047 996 1079 censeo.
1106 1049 1138 1082 V.
1159 1052 1187 1083 ἃ

19 1064 25 1138 1
63 1061 150 1099 Mete.
167 1078 187 1098 ι.
210 1075 287 1105 ι.86.
313 1071 381 1104 Plin.
393 1083 418 1112 7.
432 1080 475 1111 56·
497 1077 661 1109 onerariam
672 1080 782 1119 Hippus
796 1083 897 1120 Tyrius
907 1085 1034 1122 invenit,
1059 1087 1187 1120 lembum

19 1126 21 1135 i
41 1105 252 1143 ‘Cyrenensem
284 1113 414 1149 cymbam
435 1114 596 1153 Phoenices,
619 1117 744 1148 celocem
771 1120 894 1157 Rhodii.
915 1133 1061 1155 cercurum
1082 1127 1186 1165 Cyprii.

22 1143 24 1175 ,³
63 1143 113 1174 ubi
119 1143 206 1212 dvs'&
218 1147 355 1180 Harduini
364 1151 432 1181 Not.
443 1153 491 1190 qui
501 1153 666 1186 Turnebum
677 1156 786 1188 refellit.
804 1158 949 1191 Invenitur
959 1162 1018 1193 haec
1027 1174 1082 1194 vox
1101 1167 1188 1197 etiam

21 1195 24 1214 i
61 1187 115 1220 apu
169 1193 317 1224 ¹V·³3-19-
673 1209 676 1211 ·

59 1229 222 1258 RRCYON,
240 1225 311 1254 onis.
332 1235 370 1256 m.
392 1229 540 1265 [xeng'ui]
562 1229 707 1268 Neptuni,
729 1233 818 1264 velut
836 1235 885 1266 alii
899 1236 1016 1269 Vulcani
1028 1240 1118 1278 filius,
1139 1242 1188 1280 qui

21 1255 40 1275 ⁸·
62 1256 208 1294 Eleusine,
239 1263 357 1293 immani
376 1265 499 1302 ferocia,
529 1267 652 1305 hospites
668 1269 746 1300 luctu
770 1272 912 1311 superatos
928 1277 1122 1309 interficiebat.
1161 1278 1188 1311 Iu

20 1272 35 1329 i,
62 1304 79 1325 a
88 1295 196 1326 Theseo
205 1298 284 1334 juxta
294 1301 449 1332 Eleusinem
459 1303 587 1335 Cererem
602 1307 787 1347 interemptus
799 1311 846 1341 est.
866 1313 951 1344 Ovid.
962 1324 987 1353 7.
1002 1315 1072 1347 Met.
1084 1326 1150 1355 439.

22 1340 23 1343 ’
142 1334 293 1374 Cercyonis
304 1339 409 1369 lethum
422 1342 492 1372 vidit
500 1343 621 1374 Cerealis
632 1345 740 1377 Eleusis.

22 1387 23 1403 2
61 1370 162 1402 Fuit&
171 1373 298 1413 Cercyon
308 1377 453 1409 Theffaliae
464 1390 528 1417 rex,
552 1382 598 1419 qui
611 1383 718 1421 Alopen
730 1385 827 1416 urbem
838 1387 872 1418 ab
885 1389 987 1428 Alopes
998 1385 1060 1421 flliae
1070 1391 1125 1423 suae
1136 1401 1188 1425 no-

81 1410 157 1440 mine
167 1414 329 1449 appellavit.
370 1416 400 1446 V.
423 1428 443 1447 A
453 1429 469 1447 L
477 1429 494 1448 o
503 1429 517 1447 r
526 1429 548 1449 a.
602 1421 677 1451 Hinc

22 1443 72 1482 ¹Ca
83 1458 97 1476 R
107 1458 125 1477 c
134 1451 178 1479 Υὸ
188 1460 207 1479 Ν
219 1454 234 1481 ἒ
246 1463 263 1482 υ
272 1463 284 1483 s
296 1474 304 1490 ,
333 1455 539 1493 [κεξκιιὸνειίῷω]
559 1458 621 1494 Adj.
650 1467 682 1489 ut
701 1460 826 1500 Corpora
850 1463 1020 1503 Cercyonea.
1051 1467 1136 1499 ovid.
1155 1471 1186 1501 in

63 1483 125 1516 Ibin
135 1508 144 1522 ‚
161 1498 225 1523 412.
258 1491 306 1521 ubi
328 1492 358 1522 V.
379 1493 503 1533 Interpp.

22 1519 94 1558 ¹(JizR
104 1533 148 1554 cv
159 1535 174 1554 R
183 1536 203 1556 A
215 1548 223 1564 ,
245 1530 400 1568 [κέρκυςεε]
421 1532 512 1562 Insula
527 1533 566 1564 est
575 1533 678 1565 Graecis
689 1557 698 1573 ,
718 1545 780 1575 quae
798 1548 814 1569 a
833 1539 937 1572 Latinis
954 1542 1049 1574 littera
1061 1554 1118 1576 una
1135 1546 1187 1576 ini-

22 1570 23 1593 i
63 1567 167 1593 mutata
178 1565 298 1605 Corcyra
310 1568 421 1599 dicitur.
446 1580 472 1609 q.
487 1570 517 1600 V.

21 1597 95 1631 ‘CRR
105 1610 123 1630 ι)
133 1611 151 1630 o
162 1624 171 1637 ,
191 1605 262 1635 onis.
285 1616 322 1635 m.
343 1607 527 1645 [ζάνεωσῷι]
550 1609 722 1649 Quicunque
732 1612 842 1644 lucrum
851 1618 950 1653 quaerit
966 1629 1003 1649 ex
1022 1630 1052 1651 re
1067 1621 1162 1660 aliqua
1175 1641 1185 1659 ,

22 1654 23 1681 y
63 1640 90 1669 &
108 1646 179 1670 artes
201 1642 349 1674 illiberales
366 1652 492 1683 exercet,
513 1649 630 1685 quaestus
646 1651 733 1686 gratia
749 1673 757 1688 ,
779 1654 826 1690 qui
844 1654 940 1686 Graece
957 1655 1053 1694 κέςᾶῶ·
1072 1660 1185 1689 dicitur.

21 1691 23 1699 ι
60 1676 198 1709 Nonnulli
212 1680 371 1713 Cerdonem
385 1690 487 1715 vocant
498 1685 626 1716 Sutorem
636 1695 759 1719 veterum
770 1690 939 1731 calceorum,
960 1696 1009 1734 qui
1022 1706 1038 1726 a
1048 1697 1185 1728 Suetonio

60 1711 311 1750 Veteramentarius
324 1722 489 1760 appellatur.
510 1723 557 1754 Sic
567 1725 641 1763 apud
653 1726 772 1757 Martial.
783 1728 831 1758 lib.
845 1738 869 1766 3.
883 1736 925 1762 16.

152 1755 252 1787 Ebrius
265 1768 293 1788 es
305 1769 312 1788 ε
335 1770 388 1789 nec
398 1761 475 1797 enim
485 1761 589 1792 faceres
600 1763 630 1791 id
640 1762 746 1795 sobrius
759 1776 882 1804 unquam
892 1788 902 1805 ,

65 1825 66 1828 Ἰ
191 1795 228 1824 Ut
235 1796 322 1826 velles
335 1799 411 1828 corio
422 1799 518 1829 ludere
526 1801 611 1829 cerdo
621 1807 680 1832 tuo.
776 1804 834 1835 Cic.
848 1816 872 1836 1.
886 1807 922 1837 de
939 1807 1003 1839 Nat.
1020 1808 1106 1841 Deor.
1119 1816 1182 1847 108.

60 1829 208 1868 Orpheum
221 1840 333 1871 poetam
355 1837 440 1866 docet
456 1837 612 1868 Aristoteles
626 1849 769 1878 nunquam
787 1842 883 1882 fuisse,
904 1846 932 1876 ἅ
949 1846 1005 1877 hoc
1024 1848 1183 1887 Orphicum

7 1882 9 1884 ·
59 1877 172 1899 carmen
185 1870 347 1910 Pythagorei
360 1875 452 1905 ferunt
463 1877 605 1911 cujusdam
616 1877 694 1908 fuisse
705 1880 845 1912 cerdonis.
884 1883 920 1914 Et
931 1884 1070 1918 Coriarius
1081 1887 1185 1927 sunpli—

23 1926 24 1941 3
58 1907 130 1936 citer
141 1908 231 1939 Cerdo
243 1918 355 1942 vocatur
364 1913 395 1943 in
404 1915 488 1943 veteri
502 1914 537 1944 La
561 1915 606 1944 ide
617 1915 713 1946 Romae
728 1940 736 1953 ‚

22 1946 24 1997 l
66 1954 71 1960 ‘
425 1951 811 2025 SEXiiEi‘iisiiifflgbissx·

23 2006 24 2038 l
556 2029 695 2065 POMPEI

23 2066 24 2083 l
66 2090 72 2093 β
532 2066 711 2100 CERDONl.

23 2089 24 2133 l
58 2089 164 2134 Turpia
176 2097 309 2136 cerdoni,
331 2098 443 2133 Volesos
453 2102 624 2143 Brutumque
635 2107 783 2139 decebunt.
805 2108 905 2146 Juven.
915 2112 1008 2148 828at.
1023 2114 1087 2150 181.

0 2147 2 2151 ·
23 2138 32 2171 l·
59 2134 395 2170 Cerdonibustimendus.
417 2142 435 2171 i.
448 2152 472 2172 e.
494 2142 609 2173 Infimis.
631 2145 768 2182 Juven.4.
782 2148 894 2187 Sat.15.

137 2174 192 2203 Sed
202 2177 295 2213 periit,
308 2178 453 2217 postquam
464 2182 635 2212 cerdonibus
645 2184 700 2214 ess'e
709 2185 853 2217 timendus

139 2211 278 2250 Coeperat.
406 2217 449 2247 De
460 2217 633 2250 Domitiano.
724 2242 727 2244 -

0 2251 2 2277 i
59 2247 151 2279 Cerdo
161 2253 245 2282 etiam
254 2253 307 2283 fuit
318 2262 423 2284 nomen
433 2255 564 2288 Haeretici
574 2279 583 2295 ,
604 2266 620 2289 a
632 2269 687 2297 quo
697 2259 869 2292 Cerdoniani
881 2285 889 2297 ,
909 2265 956 2302 qui
972 2264 1110 2298 Christum
1129 2272 1183 2300 nec

0 2298 23 2317 ι’
78 2292 173 2318 natum
194 2299 210 2319 a
227 2290 352 2328 femina,
376 2303 467 2331 neque
484 2305 597 2326 carnem
616 2297 758 2336 habuisse,
789 2309 844 2330 nec
862 2310 926 2332 vere
951 2311 1114 2343 mortuum,
1136 2307 1183 2337 vel

0 2341 6 2352 >
22 2341 23 2346 =
78 2326 226 2362 quicquam
236 2329 342 2367 passum
354 2352 361 2365 ,
382 2331 429 2361 sed
439 2333 572 2364 simulasse
582 2335 735 2373 passionem
743 2339 863 2368 dicebat.

0 2372 3 2392 ι
27 2358 120 2393 Ueni>
131 2368 148 2394 ὃ
158 2375 175 2394 υ
185 2375 197 2395 s
207 2388 215 2401 ‚
237 2361 401 2405 [Κερᾶὶῖῷι]
421 2371 439 2400 i.
454 2380 479 2401 e.
503 2372 603 2403 Lucrio
616 2395 624 2409 ,
649 2374 745 2412 Apollo
758 2376 848 2406 dietus
859 2377 913 2413 est,
935 2380 1012 2417 quod
1023 2380 1136 2412 oracula
1146 2378 1183 2412 ad

0 2411 2 2414 ’
59 2400 167 2432 lucrum
177 2404 263 2435 daret.
305 2405 386 2437 Certe
405 2408 522 2446 legimus
541 2411 628 2441 etiam
645 2412 770 2451 Pythiam
785 2416 905 2452 pecunia
922 2426 1083 2456 corruptam
1095 2442 1103 2455 ,
1124 2431 1185 2451 ora-

0 2450 5 2466 i
59 2439 121 2469 cula
136 2442 288 2474 reddidisse
305 2445 332 2474 &
349 2445 492 2485 Philippo,
514 2449 542 2478 ἃ
561 2449 631 2480 aliis.
673 2451 774 2481 Caelius
793 2452 936 2483 Cerdoum
953 2458 1185 2492 cognominatum

0 2486 5 2508 i
59 2478 142 2508 tradit
151 2501 159 2514 ‚
180 2482 243 2517 quia
254 2482 374 2512 oraculis
385 2485 469 2515 editis
479 2487 513 2516 ad
521 2487 631 2517 lucrum
641 2489 767 2519 conferre
778 2490 920 2528 insigniter
931 2495 1096 2525 crederetur.
1131 2497 1185 2527 Ce-

0 2524 7 2546 l
22 2531 25 2551 ¹:
58 2518 147 2546 'terum
157 2527 316 2556 cognomen
328 2521 357 2550 id
369 2521 511 2554 Mercurio
523 2526 656 2564 adaptant
666 2526 712 2556 alii
725 2549 734 2563 ,
756 2530 844 2566 utqui
861 2531 983 2567 negotiis
1000 2534 1090 2570 praesit
1100 2544 1133 2564 ac
1143 2533 1186 2565 lu-

0 2559 25 2581 ι’
55 2559 122 2584 lero:
144 2565 197 2593 qua
210 2558 317 2588 ratione
329 2560 499 2600 marsupium
508 2562 549 2593 illi
560 2565 763 2603 contribuunt,
784 2576 816 2596 ac
837 2568 968 2606 angelum
989 2578 1099 2602 vocant.
1140 2573 1183 2603 Ex

0 2590 5 2620 l
24 2608 25 2611 =
59 2590 122 2622 Cael.
135 2591 183 2624 lib.
201 2599 243 2624 16.
256 2605 318 2634 cap.
332 2607 376 2633 19.

0 2626 184 2671 11Csaa‚1n
205 2642 310 2664 efflui.

0 2649 224 2734 tjgnnssaims,
246 2671 277 2701 In
297 2682 417 2704 crass.

54 2712 91 2735 η
101 2716 140 2737 ΒΑ
148 2719 166 2737 ι,
175 2718 203 2739 is
214 2730 222 2746 ,
243 2709 392 2749 Oppidum
404 2713 434 2742 in
445 2712 500 2743 His
515 2715 578 2745 ania
587 2721 645 2746 nori
658 2711 742 2755 longe
753 2718 787 2748 ab
796 2713 905 2749 Oceani
918 2729 966 2750 ora
979 2721 1008 2751 in
1019 2721 1184 2755 Mediterra-

0 2712 10 2788 i
23 2733 27 2778 i
57 2751 129 2775 neoc
158 2744 227 2777 Plin.
241 2748 394 2789 lib.3.cap.
408 2761 431 2781 1.
457 2752 496 2782 Ce
509 2751 728 2785 eberrimainter
738 2756 815 2787 hunc
831 2759 858 2787 ἀ
871 2757 979 2788 Oceani
994 2771 1070 2791 oram
1082 2764 1110 2792 in
1121 2763 1181 2793 Me-
1219 2781 1224 2785 ·

0 2782 27 2839 i]
58 2783 215 2814 diterraneo
225 2786 259 2816 Se
280 2788 350 2824 eda,
373 2797 433 2826 quae
455 2791 593 2828 Augurina
616 2794 850 2831 cognominatur,
871 2796 946 2832 Julia
959 2807 1019 2835 quae
1036 2799 1181 2839 Fidentia,

0 2821 12 2866 [ἒ
22 2844 27 2858 Ι,
58 2816 156 2860 Virgao
166 2833 226 2861 quae
241 2797 324 2861 Asba,
347 2826 437 2857 Ebura
451 2836 511 2865 quae
525 2829 644 2860 Cerealis
655 2853 662 2867 ,
677 2834 728 2861 Sic.
769 2834 798 2862 V.
820 2843 835 2862 iz
845 2844 860 2862 B
871 2844 914 2863 un
924 2844 955 2865 A.

0 2868 7 2888 ι
25 2856 68 2900 βε
76 2863 115 2889 ass
124 2871 138 2889 s
147 2871 161 2890 iz
169 2872 186 2890 R
197 2884 204 2897 ,
226 2862 277 2892 bri.
299 2874 337 2894 m.
360 2864 485 2903 Antiquis
495 2867 641 2898 dicebatur
651 2892 659 2903 ,
681 2870 757 2900 idem
767 2871 843 2908 quod
854 2872 1016 2904 Cerebrum.

0 2908 8 2926 ι
24 2894 190 2929 retatus
202 2911 222 2929 M
233 2922 240 2935 ,
262 2902 280 2930 i.
302 2912 331 2932 n.
353 2904 555 2941 [ἑγκέφοελῶυ]
576 2906 645 2937 Plin.
658 2907 707 2937 lib.
722 2918 764 2938 ιι.
777 2918 837 2947 cap.
849 2919 891 2946 37.
915 2910 1068 2942 Cerebrum
1084 2914 1180 2946 omnia

0 2933 27 2965 ill
57 2934 160 2966 habent
170 2939 301 2969 animalia
319 2948 380 2977 quae
399 2941 579 2979 sanguinem:
602 2947 686 2975 etiam
706 2947 735 2975 in
749 2949 817 2976 mari
855 2958 896 2977 uae
914 2949 1010 2978 mollia
1029 2951 1181 2989 appellavi-

0 2970 28 3039 Εἰ
57 2981 135 3010 mus,
156 2978 282 3012 quamvis
293 2985 405 3008 careant
416 2979 571 3018 sanguine,
592 2988 623 3013 ut
633 2983 740 3022 polypi.
780 2985 834 3015 Sed
868 2996 933 3016 omo
944 2989 1074 3024 portione
1092 2991 1180 3020 maxi-

57 3019 134 3042 mum
152 3015 178 3043 ἃ
196 3014 434 3053 humidissimum,
464 3020 648 3058 omniumque
667 3022 801 3052 viscerum
825 3023 1050 3062 frigidissimum,
1072 3027 1180 3059 duabus

26 3051 27 3065 l
57 3048 134 3087 supra
144 3051 291 3090 subterque
301 3055 471 3086 membranis
481 3055 603 3088 velatum
613 3081 621 3095 ,
643 3069 758 3097 quarum
773 3061 931 3092 alterutram
947 3066 1038 3102 rumpi
1055 3067 1180 3096 mortife-

22 3104 28 3114 ι
57 3091 118 3117 rum
127 3090 173 3119 est.
214 3090 314 3121 Cetero
323 3093 374 3122 viri
385 3104 468 3131 quam
477 3094 589 3126 feminae
600 3099 697 3132 maius.
740 3098 910 3135 Hominibus
927 3101 983 3131 hoc
999 3102 1055 3131 sine
1071 3103 1180 3142 sangui-

59 3133 110 3160 ne,
131 3127 187 3157 sine
198 3129 295 3165 venis,
322 3132 348 3160 ἃ
369 3131 481 3170 reliquis
497 3133 554 3164 sine
570 3135 619 3172 pin
641 3136 677 3165 ui.
718 3136 800 3166 Aliud
821 3137 875 3167 effe
896 3148 980 3175 quam
1002 3140 1158 3172 Medullam
1171 3165 1180 3180 ,

26 3174 29 3189 t
57 3164 157 3194 eruditi
165 3166 285 3203 docent,
305 3170 438 3205 quoniam
449 3174 598 3208 coquendo
636 3173 748 3204 urescat.
776 3174 855 3204 Plura
872 3176 988 3206 ibidem.
1026 3179 1114 3215 Quod
1133 3189 1180 3210 au-

16 3215 30 3239 ¹³.
54 3206 116 3231 ‘tem
127 3204 197 3233 dicit
209 3204 313 3235 Plinius
321 3207 468 3238 cerebrum
475 3209 530 3240 line
538 3211 616 3241 venis
627 3213 653 3241 ἃ
662 3211 795 3250 sanguine
803 3213 867 3248 effe,
888 3214 918 3243 id
929 3215 1072 3246 manifeste
1082 3217 1179 3249 falsum

26 3240 30 3284 l
58 3239 96 3269 est
105 3245 139 3270 ex
148 3247 288 3274 anatome.
299 3246 400 3282 nequis
411 3247 448 3275 ita
457 3246 511 3276 esse
521 3254 620 3285 putet:
642 3259 706 3279 nam
716 3252 742 3280 ἃ
751 3253 868 3281 venas&
878 3254 989 3282 arterias
997 3256 1179 3286 numerosissi-

26 3287 30 3317 l
59 3286 116 3307 mas
125 3279 208 3309 habet
216 3279 243 3309 in
253 3282 338 3319 plexu
349 3290 433 3318 quem
444 3285 614 3317 retiformem
623 3289 737 3332 practici
748 3295 857 3318 vocant.
871 3290 929 3320 Cic.
937 3291 1046 3335 rfsusc.
1061 3304 1100 3329 ¹9·
1116 3295 1179 3325 illiis

19 3322 30 3341 -l
79 3325 119 3345 ars
129 3318 254 3353 quaedam
265 3321 370 3350 cerebri
381 3322 435 3351 visa
446 3323 485 3352 est
496 3324 581 3356 animi
592 3326 782 3364 principatum
792 3332 897 3357 tenere.
936 3329 1002 3359 Aliis
1011 3340 1065 3361 nec
1076 3341 1125 3361 cor
1135 3334 1178 3371 ip-

14 3350 31 3384 *l
71 3361 118 3383 um
128 3355 220 3393 placet
229 3379 236 3390 ‚
257 3364 310 3386 nec
320 3359 427 3389 cerebri
435 3362 573 3397 quandam
582 3369 688 3400 partem
698 3364 754 3394 esse
766 3365 910 3402 animum,
927 3365 974 3396 sed
984 3367 1030 3398 alii
1039 3369 1070 3399 in
1079 3370 1177 3407 corde,

0 3388 11 3419 τ*
29 3385 31 3464 l¹
57 3391 142 3422 alifia
151 3394 265 3423 cerebro
276 3396 409 3426 dixerunt
419 3399 505 3428 animi
515 3400 569 3430 effe
576 3401 670 3431 sedem
679 3404 706 3432 St
715 3402 821 3434 locum.

0 3208 15 3305 ’,τ’-νήτι-
0 3170 12 3190 π
0 3126 6 3155 ’'-
0 3093 12 3116 ἶ
0 3018 14 3080 ἼὙἿ

0 3322 13 3382 rt-

0 3426 2 3432 ’
58 3413 134 3460 Felix
144 3433 258 3462 cerebri.
282 3434 348 3464 Hor.
364 3445 385 3464 i.
399 3436 488 3466 Serm.
501 3447 527 3473 9.
542 3448 584 3469 11.

250 3481 312 3500 —o
323 3479 351 3501 te
362 3495 370 3507 ,
391 3473 495 3504 Bolane
505 3497 514 3511 ,
534 3476 640 3507 cerebri

30 3538 33 3540 ,
150 3502 272 3538 Felicem
280 3531 287 3543 ,
308 3510 416 3541 aiebam
425 3513 536 3543 tacitus.
649 3514 816 3554 interpretes
832 3517 961 3548 hocloco
971 3517 1092 3551 Felicem
1103 3530 1179 3553 cere·

0 3548 3 3569 l
30 3545 31 3558 l
64 3540 118 3575 ,bri
128 3543 206 3574 illum
219 3547 337 3586 intelligi
348 3550 463 3585 volunt,
486 3561 569 3588 quem
581 3551 764 3584 Cerebrosum
776 3554 841 3584 alibi
856 3556 988 3594 appellat.
1047 3559 1064 3587 i.
1077 3569 1102 3589 e.
1124 3561 1179 3591 Ira-

0 3588 8 3607 ι.
30 3584 32 3600 ⁴
76 3582 201 3611 cundum
211 3583 414 3621 aliquantulum
424 3610 432 3624 ,
453 3590 480 3618 ἃ
489 3591 536 3626 qui
546 3591 622 3628 quod
632 3591 667 3620 de
676 3601 846 3631 unoquoque
852 3592 1045 3626 sentiatlibere
1054 3605 1179 3635 pronun-

31 3623 32 3655 ς
77 3619 136 3648 tiet.
164 3620 195 3650 V.
217 3621 309 3652 Schol.
321 3623 380 3655 Vet.
396 3627 422 3656 &
436 3626 503 3656 Voff.
522 3628 709 3667 lnst.Orat.4,

31 3663 32 3666 ¹
60 3654 152 3686 Sanies
160 3658 348 3695 nigricerebri.
370 3663 437 3693 Stat.
452 3676 475 3700 ς.
490 3665 584 3696 Theb.
603 3675 665 3703 573.

0 3702 5 3705 ·
32 3715 33 3719 .
59 3692 207 3729 Effractum
219 3699 373 3731 cerebrum.
396 3701 465 3732 Stat.
479 3707 505 3732 6.
517 3703 607 3734 Theb.
622 3709 687 3739 808.

0 3663 2 3682 ι

0 3739 4 3756 ι
58 3730 188 3762 Putidum
197 3736 340 3767 cerebrum
352 3760 361 3774 ,
382 3745 433 3777 pro
444 3740 542 3771 Inffino
554 3743 659 3773 dictum
667 3743 706 3773 est
713 3742 747 3774 ab
758 3740 827 3774 Hor.
837 3752 864 3775 2.
875 3744 963 3776 Serm.
977 3754 1002 3784 3.
1017 3750 1063 3785 ῆς.

0 3776 11 3794 v.
58 3767 190 3800 Laborare
205 3774 329 3804 cerebro.
369 3777 400 3806 ln
422 3789 438 3807 ι,
447 3788 466 3808 A
477 3789 491 3807 Β
500 3789 550 3809 oR.

0 3851 9 3869 7

0 3815 6 3832 r
58 3804 173 3846 Palpitat
183 3810 337 3842 cerebrum.
377 3814 409 3844 In
432 3826 446 3844 p
454 3826 472 3845 A
483 3828 498 3845 L
506 3827 520 3846 Ρ
530 3828 539 3846 ι
548 3827 569 3847 τ
579 3826 606 3848 ο.

0 3878 3 3882 .
60 3843 210 3877 Cerebrum
225 3849 339 3881 arboris.
377 3852 443 3882 Plin.
453 3854 501 3884 lib.
514 3864 555 3891 η.
573 3865 671 3895 cap.4.
699 3857 721 3887 A
738 3858 852 3888 cerebro
872 3858 932 3898 ipso
950 3860 1055 3893 arboris
1070 3862 1175 3902 viridi,

0 3899 6 3906 -
77 3882 172 3914 fissuris
186 3886 275 3916 diviso
285 3896 368 3927 atque
379 3891 494 3923 defosso.

5 3940 8 3941 γ
34 3917 288 3963 Cissuntem,
308 3927 327 3957 i.
343 3937 373 3958 n.
393 3928 588 3966 [insum-y]
616 3932 717 3964 dimin.
745 3932 821 3966 Ptin.
832 3933 883 3966 lib.
899 3944 945 3972 29.
962 3945 1024 3975 cap.
1038 3948 1063 3975 ς.
1098 3938 1180 3970 een.
1217 3919 1220 3922 Ι

1288 184 1363 217 bello
1375 188 1528 224 gallinaceo
1543 194 1706 224 occurritur.
1747 194 1797 225 Pro
1812 202 1873 226 toto
1886 199 2001 229 cerebro
2013 200 2104 238 posuit
2117 201 2186 233 Cels.
2199 212 2225 234 2.
2241 212 2284 239 153.

1288 224 1447 258 Juninribus
1460 229 1627 260 i‘lnatomicis
1640 233 1675 261 ita
1688 240 1803 262 vocatur
1815 238 1926 273 proprie
1943 237 2054 268 Cerebri
2065 250 2127 276 pars
2137 242 2282 278 postrema.

1250 261 1504 299 Censuimus.
1526 266 1684 304 [⁶2deth
1706 271 1765 306 lldj.
1788 271 1951 310 Caphesus,
1974 277 2057 313 &qui
2071 279 2153 308 habet
2164 280 2263 310 durum
2285 283 2310 311 δι
2330 287 2415 322 perti-

1287 309 1344 366 anx
1362 302 1516 369 cergbrum.
1559 304 1643 335 Plaut.
1661 307 1741 337 Most.
1753 320 1780 344 4.
1796 316 1877 348 23⁶·
1909 313 2002 343 Senex
2020 315 2066 344 liic
2086 317 2244 347 cerebrosus
2266 320 2304 349 est
2330 330 2413 353 certe.

1316 347 1355 366 or.
1373 348 1395 367 1.
1433 349 1594 376 erm.5.2.i.

1480 393 1516 398 —
1529 380 1622 410 donec
1629 381 1789 414 cerebrosus
1801 386 1907 423 prosilit
1916 396 1996 418 unuS.

1289 411 1450 449 Cerebrosi,
1472 416 1565 452 inquit
1579 418 1704 455 Nonius,
1727 421 1876 459 dicuntur,
1898 426 1937 454 Ad
1959 426 2093 457 insaniam
2107 426 2221 466 facileS,
2243 432 2344 469 quibus
2363 435 2417 466 fie-

1308 459 1425 486 quenrer
1435 453 1578 484 cerebrum
1587 465 1742 488 moveatur.
1765 459 1852 491 Lucil.
1867 462 1915 492 lib.
1928 464 1981 493 Sat.
1997 476 2038 502 ις.
2054 466 2128 503 apud
2142 467 2215 497 Non.
2232 479 2254 499 1.
2268 476 2313 504 8²·

1381 487 1424 517 Te
1437 490 1557 526 primuni
1571 503 1634 523 cum
1645 495 1700 524 istis
1711 497 1837 529 insanum
1851 499 2013 537 hominem,
2036 504 2059 533 ἃ
2077 504 2260 536 cerebrosum.

1289 522 1457 556 cerebrosus
1472 527 1531 558 bos.
1571 530 1709 562 Columel.
1730 534 1777 564 lib.
1790 545 1815 566 2.
1836 547 1895 575 cap.
1914 549 1954 568 ii.
1992 539 2091 571 Ervum
2113 545 2208 580 pecori
2230 545 2365 583 noxium,
2387 550 2414 579 ἃ

1308 564 1450 604 praecipue
1460 564 1560 599 bubus,
1582 573 1657 610 quod
1669 566 1772 607 pabulo
1783 573 1830 602 suo
1839 576 1998 607 cerebrosos
2006 580 2107 609 reddit.
2152 582 2170 610 i.
2182 591 2206 611 e.
2228 583 2270 612 ild
2279 583 2414 616 insaniam

1308 601 1403 629 iaciles
1411 623 1418 631 .
1442 603 1469 631 St
1480 607 1556 633 unde
1570 606 1631 643 ipsis
1642 608 1739 637 crebro
1750 611 1894 643 cerebrum
1906 624 2060 646 moveatur.

1253 635 1479 669 CKRRMONIA
1492 662 1499 674 ,
1531 641 1562 671 In
1590 653 1771 676 CAEREMON
1784 659 1830 679 [Α.

1251 675 1321 718 CER
1332 685 1381 710 ss,
1404 678 1465 706 etis.
1492 680 1625 715 [Δημήτηρ
1637 703 1644 715 ‚
1667 686 1783 718 Δήμητρι
1795 709 1803 721 ,
1825 689 1877 715 Δηὼ
1888 710 1896 723 ,
1919 689 2040 727 κυςήζω]
2070 692 2181 723 Saturni
2199 701 2282 732 atque
2298 695 2369 734 Opis
2384 697 2415 729 fi.

1288 710 1342 756 lia,
1364 722 1422 751 quar
1440 717 1537 782 {enuit
1555 727 1590 746 ex
1610 717 1679 754 Jove
1702 721 1896 761 Proserpinam.
1945 727 2028 763 llaec,
2055 731 2106 759 dea
2124 731 2232 768 frugum
2254 736 2410 771 putabatur.

1288 749 1347 780 Cic.
1361 760 1384 780 2.
1402 752 1437 780 de
1474 761 1508 782 at.
1524 754 1604 784 Deor.
1618 760 1662 793 67.
1691 757 1781 789 Mater
1803 770 1896 792 autem
1917 765 1955 793 est
1973 776 1986 794 a
2007 767 2142 797 Gerendis
2162 771 2300 808 frugibus.
2331 773 2413 805 Ceres

1287 792 1419 824 tanquam
1434 789 1537 825 Geres,
1560 793 1678 831 casuque
1695 797 1784 833 prima
1805 798 1894 829 littera
1915 803 2012 833 itidem
2030 805 2192 838 immutata.
2215 817 2245 838 ut
2267 820 2280 837 a
2301 810 2412 842 Graecis.

1288 834 1354 855 narn
1373 826 1407 856 ab
1429 827 1483 857 illis
1496 837 1606 872 quoque
1618 834 1728 867 Δημήτηρ
1740 835 1811 871 quasi
1823 839 1926 876 marim<
1938 842 2080 872 nominata
2093 844 2139 873 est.
2184 845 2315 878 Cererem
2329 848 2415 888 Virgi-

1287 862 1342 893 lius
1352 874 1404 902 pro
1416 866 1491 895 Luna
1500 869 1593 905 poluit
1604 890 1612 903 ,
1633 870 1701 899 ficut
1713 871 1838 903 Liberum
1874 886 1904 905 ro
1916 877 1981 908 Sole
1993 880 2021 908 in
2033 882 2124 918 primo
2136 882 2234 922 Georg.
2249 896 2272 922 ς.

1481 919 1516 924 -
1528 914 1577 935 vos
1591 917 1609 935 o
1625 907 1769 939 clarissima
1780 921 1858 941 mun(
1871 914 1879 942 i

1379 939 1497 971 Lumina
1507 964 1515 977 ,
1537 943 1677 974 labentem
1692 947 1760 976 caelo
1772 959 1831 978 cure
1844 951 1947 982 ducitis
1957 963 2062 985 annum
2075 978 2084 993 ‚

1379 977 1460 1008 Liber
1470 982 1497 1010 8(
1506 980 1559 1010 alm
1587 982 1678 1013 Ceres.
1776 987 1828 1016 Ubi
1846 989 1957 1019 Servius
1967 992 2092 1023 observat
2109 995 2217 1026 Almam
2229 997 2263 1027 ab
2281 999 2391 1032 Alendo
2401 1023 2413 1039 ,

1285 1014 1415 1045 Cererem
1426 1027 1440 1045 a
1455 1018 1581 1047 Creando
1593 1022 1695 1050 dietam
1705 1022 1767 1053 esse.

1285 1052 1371 1083 Terra
1389 1054 1481 1085 Ceres.
1525 1058 1583 1086 Cic.
1601 1069 1618 1086 i.
1636 1060 1670 1088 de
1686 1060 1711 1089 N
1724 1069 1748 1090 rt,
1767 1062 1848 1093 neor.
1861 1074 1906 1098 40.
1941 1064 2074 1105 idemque
2095 1070 2216 1108 disputat
2237 1073 2338 1105 aethera
2357 1076 2412 1107 ess'e

1305 1100 1389 1127 eum,
1409 1102 1493 1130 quem
1514 1095 1628 1125 homine
1663 1097 1757 1129 lovem
1771 1100 1960 1138 appellarent:
1984 1106 2086 1143 quique
2102 1118 2147 1137 aer
2162 1120 2210 1147 per
2222 1113 2305 1141 maria
2319 1123 2413 1146 mana-

1303 1137 1347 1159 ret
1357 1152 1365 1165 a
1386 1140 1449 1159 eum
1462 1131 1515 1161 “sse
1525 1133 1629 1171 Neptuy
1645 1146 1677 1163 ia.
1702 1146 1708 1164 τ
1731 1145 1795 1165 τευ.
1816 1148 1888 1177 Δ,φας
1901 1151 1963 1171 eam
1976 1142 2031 1172 esse
2042 1154 2102 1181 quae
2112 1146 2196 1177 Ceres
2207 1147 2353 1182 diceretur.

1286 1167 1387 1197 Accola
1400 1168 1516 1199 Cereris.
1562 1173 1589 1200 lo
1615 1184 1629 1201 A.
1643 1185 1659 1202 c
1697 1188 1711 1199 ν

1285 1206 1376 1235 Amaea
1386 1206 1478 1236 Ceres.
1501 1208 1527 1236 V.
1554 1221 1570 1238 A
1615 1222 1637 1239 ea
1649 1221 1667 1239 A
1710 1193 1765 1241 nesi
1782 1224 1808 1242 m
1821 1216 1936 1253 reperit,
1960 1218 1985 1247 ἃ
2000 1216 2120 1250 Chiliad.
2139 1222 2250 1254 Erasini.

1285 1241 1405 1279 Ennaea,
1439 1245 1511 1282 Quae
1533 1248 1676 1278 colebatur
1708 1262 1737 1279 ‘iu
1768 1253 1836 1282 urbe
1861 1255 1961 1285 Siciliae
1982 1256 2069 1288 bnna.
2105 1259 2155 1291 Sil.
2176 1260 2342 1301 lib-1.214.
2382 1263 2416 1297 V.

1304 1291 1418 1312 RNNA.

1283 1317 1377 1350 Flava.
1403 1321 1472 1359 Virg.
1494 1332 1515 1352 1.
1528 1323 1630 1361 Ceo-g.
1644 1329 1689 1361 96.

1283 1357 1433 1395 Frugifera.
1456 1360 1520 1390 Seri.
1532 1361 1623 1391 Theb.
1639 1373 1663 1392 v.
1674 1369 1737 1399 aio.

1282 1393 1418 1434 Legifera.
1457 1397 1542 1436 Leges
1552 1401 1646 1430 enimi
1670 1401 1696 1431 sa
1713 1403 1968 1436 diciturinveniise.
2009 1405 2083 1439 Nam
2100 1410 2127 1440 8<
2138 1406 2212 1441 sacra
2228 1412 2311 1451 ipsius
2327 1414 2415 1449 Thes-

1301 1434 1451 1472 mophoria
1464 1446 1607 1469 vocantur.
1647 1440 1701 1469 bed
1715 1441 1780 1470 ideo
1797 1442 1850 1471 hoc
1870 1443 2001 1481 fingitur,
2023 1448 2086 1483 quia
2110 1456 2174 1477 ante
2198 1450 2340 1482 inventum
2360 1454 2415 1485 fru-

1303 1479 1432 1503 mentum
1443 1484 1455 1502 a
1466 1474 1567 1506 Cerere
1577 1498 1585 1509 ,
1607 1478 1701 1514 passim
1715 1479 1844 1509 homines
1856 1481 1911 1510 line
1921 1484 1980 1520 lege
1993 1486 2162 1522 vagabantur
2172 1509 2179 1516 .
2201 1497 2262 1524 quae
2270 1489 2363 1521 feritas
2372 1493 2413 1522 in.

1300 1513 1424 1548 'terrupta
1436 1513 1474 1541 est
1485 1535 1492 1547 ‚
1514 1515 1630 1544 invento
1639 1515 1685 1544 iesu
1699 1516 1901 1548 frumentorum
1915 1541 1920 1547 .
1943 1524 2086 1559 postquam
2096 1534 2131 1553 ex
2142 1533 2270 1563 agrorum
2276 1528 2413 1561 divisione

1301 1552 1366 1578 ‘nata
1377 1549 1440 1579 sunt
1452 1551 1509 1584 iura
1543 1552 1608 1582 Haec
1618 1553 1734 1583 Servis..
1759 1557 1793 1584 ad
1807 1556 1867 1586 hur-.-
1883 1558 1951 1595 'vir-g.
1968 1571 1994 1594 4·
2017 1561 2068 1589 ffin
2093 1568 2136 1597 58.

1289 1617 1294 1621 ,
1375 1586 1506 1624 Legiserze
1517 1589 1629 1626 Cereri,
1652 1591 1814 1631 Phoeboque
1826 1617 1834 1630 ,
1856 1597 1986 1633 patrique
1996 1597 2085 1635 Lyaeo.

1284 1622 1396 1662 Magna.
1424 1626 1494 1663 Virg.
1512 1638 1532 1656 i.
1548 1628 1648 1667 Georg.
1660 1639 1722 1667 ³39.

1280 1661 1444 1694 mammosa.
1467 1665 1574 1696 Lucret.
1588 1681 1612 1702 4.
1629 1674 1708 1698 11⁶1.
1744 1670 1761 1705 [
1772 1669 1859 1700 immo
1870 1669 1983 1701 Femina
1995 1673 2148 1706 mammosa
2159 1697 2168 1713 ,
2188 1676 2274 1708 Ceres
2285 1686 2412 1714 vocatur.

1280 1695 1484 1734 Pulverulenta.
1507 1703 1614 1735 Lucret.
1634 1714 1735 1744 5.74t.

1277 1738 1391 1769 Secreta
1398 1739 1481 1771 Ceres
1492 1763 1500 1775 ,
1522 1742 1668 1773 dicebatur
1681 1744 1804 1774 Eleusina
1813 1767 1821 1781 ,
1844 1747 1923 1781 cuius
1933 1746 2006 1777 sacra
2015 1750 2122 1780 nemini
2134 1751 2175 1782 fas
2185 1760 2245 1785 erat
2255 1755 2412 1794 publicare,

1299 1779 1395 1807 neciis
1406 1778 1534 1809 interesse
1548 1802 1555 1815 ,
1578 1782 1693 1819 quinon
1708 1781 1795 1812 essent
1809 1783 1919 1815 initiati.
1941 1786 2007 1816 Seu.
2016 1785 2100 1819 Herc.
2112 1789 2165 1820 fur.
2180 1800 2222 1821 ιο,

1279 1808 1382 1845 Facere
1393 1823 1457 1846 vota
1469 1818 1570 1848 Cereri.
1597 1819 1667 1858 Virg.
1686 1831 1709 1856 5.
1732 1820 1787 1850 Ecl.
1801 1831 1845 1856 79.

1280 1852 1376 1883 Nutrit
1386 1864 1447 1884 rura
1463 1855 1555 1886 Ceres.
1579 1856 1644 1887 Hor.
1655 1869 1681 1894 4.
1694 1858 1785 1889 Carm.
1800 1871 1824 1894 ς,
1839 1866 1881 1895 ¹8.

1278 1889 1362 1959 SaGcra
1389 1902 1481 1922 annua
1509 1894 1610 1926 referre
1638 1896 1731 1926 Cerei-i
1744 1920 1752 1931 ‚
1784 1898 1956 1931 Ambarvalia
1987 1900 2120 1933 sacrificia
2148 1904 2250 1938 facere.
2288 1907 2362 1947 virg.
2383 1919 2408 1942 ι.

1326 1939 1400 1967 eorg.
1417 1940 1476 1967 339.

1360 1968 1392 1998 ln
1409 1970 1505 2006 primis
1515 1980 1647 2001 venerare
1656 1972 1725 2002 deos
1736 1993 1745 2005 .
1765 1980 1848 2009 arque
1861 1985 1953 2006 annua
1965 1986 2073 2014 magnae

1360 2006 1443 2036 Sacra
1454 2008 1523 2038 refer
1534 2010 1626 2039 cereri
1639 2033 1646 2043 ,
1668 2011 1738 2041 laetis
1747 2020 1877 2049 operatus
1893 2015 1920 2043 in
1933 2015 2035 2045 herbis.

1278 2036 1384 2074 Vocare
1394 2044 1517 2075 clamore
1536 2046 1666 2078 Cererem
1677 2049 1706 2078 in
1717 2050 1789 2079 tecta
1805 2073 1810 2080 .
1833 2054 1873 2080 est
1893 2052 2025 2083 invocare
2044 2053 2105 2084 dari
2123 2056 2237 2095 copiam
2256 2058 2413 2092 flumenta-

1298 2089 1380 2118 rum,
1405 2084 1533 2121 utinquit
1543 2085 1664 2122 Servius,
1686 2087 1758 2124 Virg.
1776 2099 1796 2117 i.
1810 2088 1911 2125 Georg.
1928 2100 1989 2127 347.

1377 2121 1408 2150 Et
1423 2122 1551 2152 Cererem
1561 2123 1682 2154 clamore
1691 2127 1830 2155 vocentin
1842 2129 1923 2159 testa.

1279 2156 1374 2188 Cereri
1385 2161 1495 2197 nuptias
1506 2160 1614 2197 facere,
1639 2163 1683 2192 vel
1695 2163 1854 2194 sacrificare.
1880 2164 1963 2196 Plaut.
1975 2167 2066 2199 Aulul.
2079 2177 2107 2199 2.
2119 2172 2146 2200 6.
2157 2179 2183 2207 ς.

1360 2196 1456 2227 Cereri
1467 2208 1503 2228 ne
1514 2221 1523 2233 ,
1544 2200 1682 2236 strobile,
1703 2198 1752 2231 has
1767 2202 1871 2238 faeturi,
1886 2206 2023 2242 nuptias?

1363 2244 1435 2264 sTR.
1459 2236 1530 2273 qui?
1552 2244 1565 2267 s
1577 2247 1634 2267 TA.
1657 2239 1722 2276 quia
1732 2241 1828 2269 temeti
1840 2241 2032 2274 nihilallatum
2042 2244 2180 2283 intelligo.
2221 2247 2414 2286 Quemadmo-

1298 2272 1457 2303 dumGi-aeci
1467 2275 1564 2305 dicunt
1577 2276 1625 2312 έςῐςι
1636 2276 1722 2312 θάκων,
1735 2278 1787 2307 i.e.
1803 2279 1886 2309 Vestae
1898 2280 2069 2312 sacrificant:
2090 2284 2127 2313 ita
2142 2284 2253 2317 Plautus
2263 2298 2412 2327 propemo⁴

1297 2310 1365 2340 dum
1378 2312 1508 2342 indicata
1529 2314 1567 2343 ud
1584 2313 1696 2344 Latinos
1711 2316 1767 2345 dici
1779 2316 1973 2352 solere‚Cereri
1983 2320 2146 2358 sacrificant,
2162 2323 2293 2361 siquando
2304 2327 2332 2356 in
2345 2335 2413 2357 oon·

1297 2349 1374 2378 vivio
1387 2350 1484 2380 vinum
1501 2323 1621 2382 ci3eesset:
1643 2361 1792 2391 propterea
1803 2355 1879 2393 quod
1890 2357 1919 2385 in
1932 2358 2016 2395 hujus
2031 2360 2113 2389 sacris
2130 2361 2208 2392 nefas
2223 2363 2291 2392 esset
2309 2365 2411 2396 inferre

1297 2387 1406 2454 νίηὲῐη,
1423 2388 1574 2455 silentapud
1590 2390 1739 2421 Graecosin
1750 2394 1924 2431 quarundam
1935 2396 2050 2427 dearum
2064 2396 2213 2430 sacrificiis.
2245 2402 2326 2432 Conf.
2346 2402 2412 2433 Coe-

1297 2434 1334 2454 na
1368 2435 1431 2455 erea
1446 2436 1476 2456 is.

1279 2460 1377 2499 Ceres,
1400 2473 1452 2502 pro
1463 2464 1625 2496 Frumento.
1664 2466 1769 2505 Fruges
1781 2468 1911 2500 Cererem
1923 2472 2114 2510 appellamus,
2142 2474 2247 2508 Vinum
2261 2483 2355 2509 autem
2366 2477 2410 2509 Li„

1299 2500 1406 2531 berum.
1428 2503 1522 2533 Cic.2.
1545 2504 1580 2534 de
1597 2504 1660 2534 Nat.
1677 2505 1812 2536 Deor.6o.
1837 2508 1909 2545 Virg.
1931 2510 2028 2540 1.ffin.
2045 2518 2105 2545 igi.

1371 2540 1447 2607 {um
1458 2541 1587 2571 Cererem
1600 2550 1761 2581 corruptam
1774 2545 1858 2576 undis
1869 2568 1878 2581 ,
1900 2546 2081 2586 Cerealiaque
2092 2560 2168 2582 arma

1384 2587 1412 2607 *x
1435 2580 1554 2615 ediunt,
1572 2582 1626 2610 &cx

1278 2613 1364 2653 Larga
1373 2589 1478 2653 ceses,
1505 2617 1607 2655 Magna
1616 2618 1750 2649 frumenti
1760 2620 1851 2659 eopia.
1874 2621 1978 2654 Lucan.
1996 2623 2046 2655 lib.
2060 2633 2085 2662 3.
2097 2633 2160 2664 347.

1278 2652 1457 2684 Rubicunda.
1481 2654 1553 2693 Virg.
1572 2668 1591 2685 i.
1606 2656 1706 2694 Georg.
1721 2661 1784 2695 297.
1958 2697 1959 2700 Ἰ

1360 2692 1393 2721 At
1404 2692 1560 2723 rubicunda
1571 2694 1656 2724 Ceres
1666 2696 1762 2725 medio
1773 2696 1926 2729 succiditur
1934 2698 2007 2730 aestu.

1276 2727 1350 2759 Laesa
1359 2730 1442 2760 Ceres
1454 2731 1574 2761 sterilem
1585 2731 1707 2763 vanescit
1716 2734 1745 2763 in
1756 2730 1882 2765 herbam.
1907 2737 1992 2766 Ovid.
2005 2746 2030 2773 ι.
2043 2739 2137 2770 Amor.
2150 2746 2179 2778 ’7.
2193 2746 2238 2779 31.

1276 2768 1406 2805 Coquere
1415 2768 1543 2799 Cererem
1552 2770 1655 2800 dicitur
1665 2772 1776 2803 aestivus
1786 2773 1851 2803 Leo.
1876 2774 1939 2803 Sen.
1956 2774 2065 2815 Hippol
2087 2785 2150 2814 9‘29·

1276 2805 1393 2835 Terram
1404 2806 1516 2836 densam
1529 2810 1616 2845 magis
1626 2809 1720 2839 Cereri
1736 2811 1829 2841 favere
1843 2812 1913 2841 dici't
1926 2813 1996 2849 Virg.
2010 2826 2032 2844 2.
2052 2815 2153 2855 Georg.
2166 2823 2229 2854 2²9.
2250 2815 2282 2849 in
2290 2819 2411 2858 quastu-

1296 2851 1425 2873 ruentum
1436 2845 1545 2875 felicius
1556 2848 1581 2875 tt
1593 2847 1693 2877 melius
1707 2848 1833 2879 nascitur.
1878 2851 1923 2880 5ic
1932 2853 2009 2882 enim
2017 2854 2108 2891 inquit
2119 2876 2127 2890 ,

1359 2882 1449 2913 Densa
1461 2884 1548 2921 magis
1559 2884 1652 2914 Cereri
1664 2908 1672 2921 ,
1694 2886 1827 2917 rarissima
1840 2897 1958 2926 quaeque
1973 2890 2066 2929 Lyaeo.

1276 2918 1515 2957 JugeraCererem
1524 2922 1625 2952 ferunt.
1655 2923 1721 2954 Hor.
1736 2928 1762 2962 ⁷3.
1774 2923 1866 2955 Carm.
1882 2936 1926 2961 ²4·
1948 2938 1986 2964 ¹3.

1276 2955 1447 2996 lntercipere
1458 2959 1587 2989 Cererem
1600 2961 1629 2990 in
1637 2961 1740 2999 spicis,
1762 2963 1780 2992 i.
1796 2972 1820 2993 e.
1842 2963 1906 3000 Jam
1921 2973 2065 2996 maturam.
2086 2965 2172 2998 Ovid.
2184 2972 2211 3003 8.
2229 2967 2300 3000 Met.
2314 2978 2380 3007 292.

1276 2994 1376 3025 Tellus
1387 2996 1516 3026 Cererem
1526 2999 1626 3028 reddit.
1647 3000 1713 3030 Hor.
1731 3001 1821 3039 Epod.
1838 3008 1880 3031 16.
1892 3013 1937 3037 ⁴3·

1276 3031 1377 3068 Ceres,
1400 3044 1451 3072 pro
1463 3034 1524 3073 lpso
1534 3045 1606 3074 pane
1620 3037 1768 3076 aliquando
1776 3041 1900 3077 ponitur.
1938 3040 2003 3071 Ter.
2016 3041 2086 3072 Eun.
2101 3054 2128 3086 :²-
2144 3047 2201 3078 ς.6,

1360 3071 1479 3102 Verbum
1489 3071 1643 3105 herclehoc
1655 3083 1751 3106 verum
1758 3079 1811 3107 erit
1823 3100 1831 3113 ,
1854 3078 1919 3108 Sine
1931 3078 2030 3109 Cerere
2041 3083 2067 3111 ἃ
2079 3079 2176 3112 Libero
2190 3083 2276 3121 friget
2287 3083 2391 3115 Venus.

1276 3108 1361 3139 Ceres
1371 3131 1379 3145 ,
1403 3120 1454 3148 pro
1467 3113 1575 3150 templo
1585 3113 1703 3144 Cereris.
1724 3115 1854 3151 Juvenal.
1865 3127 1890 3152 9.
1904 3117 1958 3146 Sat.
1970 3126 2016 3153 24.

1278 3147 1405 3183 Antiqua.
1429 3149 1502 3186 Virg.
1518 3160 1543 3180 2.
1558 3152 1619 3181 AEn.
1633 3161 1697 3189 742.

1238 3183 1262 3214 C
1273 3194 1309 3214 ER
1322 3195 1333 3213 r
1343 3189 1359 3214 Ξ
1369 3197 1384 3214 L
1394 3197 1402 3214 i
1414 3196 1443 3223 s,
1465 3196 1488 3216 e.
1511 3189 1716 3225 [Ammine]
1737 3191 1823 3228 Quod
1836 3192 1871 3220 ad
1890 3191 2017 3222 Cererem
2030 3194 2158 3231 pertinet.
2180 3199 2213 3225 ut

1275 3222 1406 3254 Cereales
1413 3226 1506 3255 aediles
1518 3226 1575 3256 duo
1584 3228 1651 3257 dicti·
1664 3228 1835 3266 fuerunt,qui
1847 3231 1884 3258 rei
1898 3231 2084 3260 frumentaria:
2094 3232 2312 3270 apudRomanos
2322 3243 2411 3274 praee-

1295 3268 1368 3297 rant,
1381 3272 1499 3300 quorum
1507 3267 1693 3295 creandorum
1703 3269 1801 3296 auctor
1813 3268 1865 3296 fuit
1875 3267 1906 3298 C.
1921 3268 2012 3304 Julius
2021 3269 2118 3300 Caesar.
2142 3270 2171 3300 V.
2193 3271 2270 3302 Alex.
2282 3272 2318 3302 ab
2330 3274 2406 3305 Alex.

1294 3298 1344 3329 lib.
1375 3306 1454 3331 .cao.
1490 3326 1495 3331 .
1536 3303 1621 3332 orsi.
1647 3314 1791 3334 remitis.
1832 3335 1834 3337 ,

1275 3311 1510 3375 Arma⁴Cereaii⁴a,
1534 3340 1715 3371 Instrumenta
1727 3343 1762 3371 ad
1782 3340 1950 3372 molendum
1966 3342 2139 3375 frumentum
2158 3346 2406 3388 eonficiendosque

1296 3386 1390 3413 panes.
1416 3380 1457 3406 vi'r
1479 3401 1484 3407 .
1506 3390 1526 3408 ι.
1546 3378 1609 3408 AEn.
1642 3390 1686 3410 iti.

1278 3414 1358 3443 Aurae
1370 3388 1507 3445 Cere-alies.
1533 3417 1598 3446 Plin.
1611 3416 1661 3447 lib.
1677 3428 1718 3453 ις.
1737 3427 1797 3455 cap.
1819 3426 1858 3453 ¹9.
1874 3456 1881 3462 θ
1914 3456 1918 3460 Β
1990 3462 1992 3464 ¹
2045 3457 2052 3464 ·
2379 3464 2386 3472 '

1277 3451 1385 3482 Coenae.
1427 3454 1512 3483 Plaut.
1525 3455 1600 3484 Men.
1618 3468 1637 3483 i.
1656 3467 1676 3484 ι.
1690 3465 1722 3489 ας
1757 3454 2091 3494 Ρτονεὼιεὴείοᾳυυὶιο,
2111 3459 2149 3490 de
2169 3469 2223 3499 qua
2238 3460 2408 3495 Erasmusm

1297 3489 1481 3521 Chiliadibus.
1510 3492 1537 3521 V.
1561 3492 1638 3530 supra
1651 3493 1743 3522 Cereri
1756 3495 1866 3531 nupti-is
1877 3494 1974 3524 facere.

1279 3526 1371 3557 Culmi
1381 3528 1502 3559 Cerealis
1512 3540 1636 3567 merges,
1660 3531 1978 3575 manipuluslspicarum.
2001 3534 2111 3572 Virga.
2125 3535 2228 3576 Georg.
2243 3546 2307 3576 517.

1277 3564 1360 3595 Dona
1378 3567 1501 3597 Cerealia
1515 3590 1524 3603 ,
1547 3569 1631 3598 Panes
1646 3569 1786 3598 dicuntur.
1808 3570 1856 3598 Sili.
1869 3569 1918 3599 lib.
1933 3574 1958 3607 7.
1975 3578 2036 3608 183.

1277 3602 1385 3633 Herbae.
1405 3605 1524 3641 Ovid.4.
1549 3605 1691 3641 Fast.911.

1276 3639 1351 3672 Ludi
1365 3642 1508 3678 Cereales,
1530 3642 1560 3672 In.
1582 3643 1718 3673 honorem
1741 3642 1848 3674 Cereris
1866 3645 1941 3675 {astla
1991 3646 2105 3684 Liv.30.
2121 3658 2164 3685 39.
2187 3650 2407 3684 Celebrabantur

1295 3679 1393 3709 Romae
1405 3691 1454 3717 per
1464 3688 1602 3710 matronas
1620 3681 1688 3710 albis
1703 3683 1820 3711 vestibus
1836 3681 1949 3713 indutas
1961 3705 1969 3718 ,
1990 3684 2097 3716 suetum
2113 3688 2221 3719 Cereris
2240 3691 2277 3719 ob
2298 3698 2404 3730 raptam

1296 3716 1488 3756 Proserpinam
1499 3740 1507 3752 ‚
1534 3718 1646 3755 ejusque
1663 3720 1916 3756 peregrinationem
1931 3724 2159 3760 repraesentantes
2181 3736 2247 3757 cum
2265 3730 2326 3759 face
2339 3752 2346 3765 ‚
2373 3737 2405 3759 ut

1297 3755 1384 3785 filiam
1395 3756 1542 3785 inveniret.
1583 3756 1602 3781 V
1633 3757 1710 3786 Alex.
1724 3758 1833 3787 Genial.
1848 3765 1874 3788 6.
1886 3765 1910 3793 8.
1935 3761 2028 3790 Ludos
2039 3763 2102 3792 istos
2113 3764 2272 3803 spet‘tabant
2283 3767 2404 3797 Romani

1296 3799 1361 3830 toga
1370 3793 1491 3822 candida
1506 3794 1607 3830 pariter
1620 3795 1709 3823 induti
1720 3817 1728 3829 ,
1750 3797 1775 3825 6<
1795 3796 1813 3826 si
1831 3806 1846 3825 a
1860 3796 1946 3833 laetis,
1968 3808 2020 3828 nec
2036 3800 2135 3832 struere
2151 3804 2265 3840 pollutis
2282 3806 2403 3843 vinoque

1297 3832 1325 3860 δι
1336 3839 1437 3859 venere
1449 3830 1651 3861 abstinentibus
1661 3832 1867 3863 celebrarentur
1879 3858 1886 3868 ,
1905 3843 1973 3866 tunc
1981 3837 2033 3868 diis
2051 3848 2157 3875 gratum
2170 3841 2224 3871 esse
2241 3843 2400 3872 censebant.

1295 3867 1396 3897 Polluti
1408 3869 1583 3898 &immundi
1596 3880 1610 3899 a
1623 3870 1731 3900 Cereris
1743 3872 1850 3909 templo
1861 3875 2025 3905 arcebantur
2038 3886 2106 3907 voce
2123 3881 2260 3916 praeconis
2270 3901 2278 3915 ‚
2299 3881 2401 3918 quique

1296 3906 1424 3943 impurus
1434 3906 1604 3943 accedebat,
1626 3910 1717 3946 capite
1728 3911 1877 3940 mulctatus
1887 3912 1948 3943 suit.
1977 3913 2007 3943 V.
2035 3914 2113 3946 Alex.
2123 3917 2193 3947 Gen.
2207 3918 2282 3947 Dier.
2299 3924 2324 3947 ⁶.
2340 3928 2381 3954 19.

1276 3942 1396 3974 monera
1405 3943 1540 3974 Cerealia.
1561 3945 1646 3976 Ovid.
1660 3956 1703 3977 11.
1716 3946 1786 3978 Met.
1806 3958 1866 3978 121.

1802 3986 1881 4025 epp
1903 3995 1918 4025 3

2343 137 2408 176 485

2278 3991 2402 4029 Papaver
