2600 4177
475 111 505 146 C
602 109 632 146 R
725 109 757 146 U

164 193 352 225 Concrescunt
362 192 455 223 siibitae
463 192 583 222 currenti
595 192 623 219 in
634 191 751 220 flumine
759 191 860 221 crustae.
953 191 981 222 h.
994 202 1017 223 e.
1041 192 1121 230 Aquae
1136 202 1204 222 con-

103 230 245 266 gelascunt
254 231 380 262 fluentes.
402 231 521 260 Servius.
561 228 656 264 [Vide
676 239 719 258 co
729 239 744 257 11
755 240 763 258 1
774 239 790 258 υ
802 241 832 259 Μ.
855 230 888 259 H.
902 229 940 258 St.

84 268 179 300 Crusta
191 272 279 308 panis.
303 270 371 299 Plin.
384 269 431 298 lib.
447 278 488 301 19.
502 276 562 303 cap.
574 272 600 299 8.
623 265 663 295 De
679 276 815 304 papavere
829 268 962 297 candido.

85 305 188 337 Crustae
200 310 224 337 ἃ
234 307 400 336 emblemata
410 304 515 341 argenti
531 303 628 332 caelati.
665 303 724 333 Cic.
735 308 761 332 6.
774 304 850 334 Verr.
864 315 907 340 52-
938 304 1038 334 Crustae
1057 306 1082 333 ἃ.
1097 304 1206 334 Emble-

106 352 180 375 mata
191 344 339 378 differunt,
360 343 435 379 quod
448 341 549 370 Crustae
563 341 677 371 tectoria
692 342 816 378 quaedam
836 350 930 377 erant,
962 344 987 372 ἃ
1002 349 1132 377 tanquam
1149 342 1208 370 bra-

106 383 175 411 d'teae
189 382 313 419 quaedam
328 380 422 413 illitae,
444 380 470 408 &
483 378 592 408 laminae
611 379 748 412 inductae,
770 380 996 416 inauraturaeque.
1037 379 1209 408 Embiemata

106 415 1207 494 ffifg‘gssggffigsszrglgdssx‘gpe‘igfgfifflssivsgtssg‘³⁵gffiessgv¹³gffi³ggffggnssffl‘ssgffigg133¹

461 476 467 483 ·
696 477 704 490 1
1031 476 1039 490 v
1198 472 1209 479 ⁸

106 496 180 523 mius
191 492 369 523 inhaerebant.
403 492 442 521 Ex
456 491 599 521 Turnebo.

86 531 212 569 Capaees
229 530 322 559 crustae
337 530 495 559 Heliadum.
534 529 634 564 Juven.
647 540 672 564 ς.
689 529 745 560 Sat.
757 535 800 566 38.
822 530 850 560 h.
869 540 893 560 e.
914 529 1040 559 Crateres
1053 539 1068 560 e
1083 529 1208 559 suchno.

107 569 201 599 Schol.
216 574 269 597 vet.
292 567 435 597 Beliadum
447 567 514 604 legit
521 577 673 604 perperam.

87 605 225 637 Parietum
234 605 328 634 crusta.
362 605 427 635 Plin.
442 604 488 634 lib.
503 608 546 640 36.
557 614 619 642 cap.
630 608 656 635 6.
679 604 798 634 Primum
810 604 904 634 Romae
935 605 1032 634 arietes
1043 604 1129 634 crusta
1140 615 1210 633 mar-

105 644 191 711 rffioris
199 643 337 680 operuisse
346 643 431 673 totius
443 643 544 673 doinus
554 642 606 672 suae
625 643 655 672 in
669 642 754 672 Caelio
773 649 886 678 monte,
908 615 991 672 Corn.
1011 642 1108 680 Nepos
1125 644 1211 672 tradit

141 690 286 710 amurram.

86 717 262 749 Marmoreae.
283 718 349 755 Ulp.
361 719 390 747 in
405 718 422 748 1.
440 718 538 748 Fundi.
557 718 579 754 §.
599 717 670 754 Quae
684 718 766 755 pir‘tae
776 717 886 747 tabulae.
900 717 934 747 D.
948 716 983 745 de
994 717 1101 747 Aetion.
1112 718 1209 753 empti.

106 757 179 801 Quae
198 757 277 794 pictae
298 756 398 786 tabula:
417 765 468 794 pro
484 756 602 785 tectorio
624 755 825 791 includuntur,
846 755 914 784 item
929 755 1022 784 crustae
1031 764 1190 784 niarmoreae
1202 776 1210 790 ,

86 794 360 867 Efficieilgtislgiusta,
379 830 680 874 elegantimetaphora.
701 830 800 860 Senec.
812 831 847 860 de
859 830 966 860 Provid.
980 839 1040 868 cap.
1050 833 1076 859 6.
1098 830 1163 860 Non
1174 829 1213 859 est

108 870 156 899 issa
166 869 252 899 solida
265 873 289 900 6<
300 870 401 899 sincera
412 869 548 898 felicitas:
571 869 658 898 crusta
670 868 707 897 est
718 890 726 903 ,
748 869 775 898 &
784 869 897 905 quidem
909 868 1010 897 tenuis.

87 907 184 937 Crusta
197 908 300 937 intecta
311 908 438 944 quaedam
450 907 565 944 piscium
575 915 682 943 genera.
706 905 774 935 Plin.
785 906 833 935 lib.
845 917 870 941 9.
883 916 943 944 cap.
956 916 998 939 14.
1020 905 1142 935 Locustae
1152 915 1213 935 cru-

108 946 146 975 sta
155 946 243 983 fragili
255 946 418 975 muniuntur
431 945 459 973 in
470 954 504 974 eo
515 953 618 981 genere
629 943 704 980 quod
712 950 787 973 caret
796 943 935 981 sanguine.
946 943 1211 981 Plin.lib.9.csp.30.

89 983 213 1013 Crustarn
224 985 308 1013 etiarn
321 984 424 1012 ducere
434 982 534 1012 vulnus
546 1004 553 1017 ,
576 981 631 1011 five
642 981 721 1011 ulcus
732 982 834 1012 dicitur
843 1003 852 1019 ,
874 983 986 1019 quando
998 980 1139 1018 solidatur,
1158 991 1214 1019 qua

109 1022 231 1050 derraifta
240 1043 248 1056 ,
269 1027 394 1050 remanet
403 1021 461 1050 fere
469 1020 594 1050 cicatrix.
616 1019 718 1049 Perott.

89 1058 238 1089 Resolvere
249 1059 359 1088 crustas.
381 1057 450 1088 Cels.
463 1058 511 1087 lib.
527 1069 550 1091 ς.
564 1067 625 1095 cap.
636 1061 682 1086 26.

89 1096 238 1126 Resolvere
247 1098 346 1125 crustas
357 1105 447 1134 puras.
469 1095 538 1125 Cels.
551 1095 599 1124 lib.
612 1098 638 1124 6.
654 1104 715 1132 cap.
730 1098 773 1124 16.

90 1134 185 1164 Crusta
198 1155 205 1169 ‚
227 1134 263 1164 de
273 1134 348 1164 Fuco
356 1143 390 1163 ex
402 1133 468 1163 Vive
480 1155 487 1169 ‚
511 1133 577 1162 vide
598 1143 607 1161 i
616 1142 637 1162 N
646 1141 688 1161 ca
697 1141 800 1162 usTo.
836 1131 872 1162 H.
887 1132 927 1163 St.

54 1171 102 1202 Cu
114 1181 179 1201 usT
189 1182 205 1201 υ
216 1183 236 1201 Μ
245 1195 252 1208 ,
274 1173 292 1201 i.
315 1182 342 1201 n.
364 1172 377 1209 [
389 1170 502 1206 ψωμρς]
523 1170 650 1200 Crustum
667 1171 693 1200 &
713 1170 805 1199 Crusta
822 1170 982 1200 neutraliter
992 1169 1114 1200 dicimus
1124 1169 1159 1200 de
1170 1170 1215 1201 his

93 1219 153 1248 quae
165 1210 276 1240 comedi
288 1209 408 1247 possunt.
429 1209 540 1238 Servius
553 1209 582 1237 in
592 1207 662 1237 illud
673 1207 747 1245 Virg.
755 1217 781 1244 7.
795 1208 854 1237 AEn.
872 1217 933 1245 115.

174 1247 207 1277 Et
220 1248 324 1278 violare
339 1257 422 1277 manu
433 1268 441 1283 ,
461 1245 595 1283 malisque
603 1245 754 1275 audacibus
767 1245 864 1275 orbem

173 1285 272 1315 Fatalis
281 1286 370 1315 crusti.
498 1283 578 1313 Idem
590 1284 618 1312 in
635 1293 657 1319 3.
674 1283 772 1320 Georg.
788 1287 851 1319 360.
892 1284 988 1320 Quum
1004 1283 1131 1314 Crustum
1150 1283 1220 1314 dici.

54 1361 80 1392 C
93 1333 173 1359 mus,
190 1324 324 1369 {idulium
335 1322 449 1360 aliquod
469 1321 668 1389 (ὲὲῃὶῆεαιῃυε,
688 1328 797 1360 partem
806 1322 887 1360 panis
894 1321 937 1352 vel
945 1322 1091 1360 placentae.

88 1370 369 1430 ἒῖιῗίῖᾱὲἑιῑξὶῗέῐιῗῑέ
378 1369 499 1434 ‚uiiniiasis
509 1366 627 1436 potlbtriis
637 1397 761 1426 crustatis
773 1397 863 1426 dietae.
886 1397 987 1427 Auctor
1002 1396 1103 1427 Festus.

55 1438 80 1469 C
90 1448 107 1467 a
115 1448 133 1467 u
143 1448 154 1468 s
162 1447 209 1467 TA
218 1448 251 1467 izi
259 1448 278 1467 u
287 1447 298 1467 s
309 1457 316 1467 .
334 1437 353 1468 i.
377 1446 414 1466 m.
439 1435 592 1472 [semem]
614 1435 672 1472 Qui
680 1435 766 1465 crusta
775 1436 875 1473 operit.
897 1435 967 1465 Plin.
985 1434 1034 1466 lib.
1046 1444 1089 1472 33.
1100 1443 1162 1472 cap.
1175 1443 1218 1464 12.

97 1476 201 1506 Habuit
213 1478 240 1506 δι
248 1475 358 1505 Teucer
365 1473 510 1504 crustarius
521 1474 632 1502 famam.

56 1514 152 1545 Caris
161 1523 181 1542 T
190 1517 275 1543 {isus
287 1535 295 1547 ,
313 1522 329 1541 a
338 1533 347 1547 ‚
368 1522 426 1540 um.
449 1511 508 1547 Adj.
529 1506 713 1547 [mammis]
734 1510 819 1547 Quod
832 1511 948 1540 crustam
964 1510 1057 1540 habet.
1088 1510 1158 1540 Plin.
1170 1509 1220 1539 lib.

98 1561 142 1581 12.
157 1561 218 1589 cap.
230 1562 254 1586 9.
276 1550 394 1580 Facilius
414 1549 469 1579 hoc
485 1551 512 1579 ἃ
527 1549 689 1583 crustosius,
710 1547 882 1586 amariusque
907 1550 933 1579 δι
954 1547 1139 1586 gummosum.
1178 1547 1222 1578 De

95 1589 203 1619 bdellio
213 1589 310 1618 arbore
320 1587 452 1624 loquitur.

56 1627 106 1658 Ca
115 1637 133 1656 u
141 1637 153 1657 s
163 1637 207 1656 To
218 1648 226 1663 ,
246 1627 380 1663 [waxv‘a
391 1648 400 1662 ,
426 1624 535 1661 sairdas]
554 1627 611 1654 are.
634 1623 758 1654 Crustam
771 1623 916 1654 inducere.

95 1665 219 1710 Crustare
231 1665 348 1703 parietes
360 1663 544 1699 dicebantur,
567 1663 624 1700 Qui
645 1671 817 1692 marmorum
835 1661 916 1692 secus
934 1660 1047 1692 laminis
1058 1683 1066 1698 ‚
1086 1661 1224 1700 parietem

96 1701 531 1778 Ntizlsl‘iincerliiitnatrzdgsspri'gtgclgerg·
541 1709 679 1782 Peg-riis&-
684 1708 725 1773 1Λς..
736 1747 797 1776 cap.
813 1746 856 1782 17.
1077 1764 1080 1767 .

56 1780 309 1813 CausTA'rus,
330 1788 364 1814 a,
386 1787 442 1807 um.
464 1777 525 1813 Adj.
548 1777 593 1806 vel
607 1777 703 1806 Partic.
725 1781 773 1811 ut,
794 1776 932 1805 Animalia
943 1776 1067 1806 crustata.
1092 1774 1162 1806 Plin.
1179 1785 1224 1806 11.

97 1827 140 1855 37.
163 1816 319 1854 cujusmodi
330 1816 393 1846 sunt
401 1815 568 1846 Testudines
578 1824 686 1844 canorae
697 1836 705 1848 ‚
727 1813 837 1844 locustae
851 1836 859 1848 ,
881 1815 933 1844 &Q

94 1856 205 1887 Domus
214 1855 330 1885 crustata
340 1876 348 1890 ,
368 1854 387 1884 i.
400 1864 425 1884 e.
447 1853 519 1891 Quae
528 1853 622 1882 crustis
633 1852 795 1881 marmoreis
805 1852 900 1881 vestita
910 1851 958 1882 est.
981 1850 1085 1882 Lucan.
1101 1861 1145 1882 10.
1161 1860 1224 1888 114.

189 1893 251 1924 Nec
264 1892 378 1922 summis
388 1892 503 1922 crustata
513 1891 614 1920 domus
622 1912 630 1925 ,
652 1889 782 1927 sectisque
793 1889 900 1919 nitebat

188 1930 385 1962 Marmoribus.
479 1929 512 1958 V.
535 1928 618 1958 Brios.
630 1927 710 1965 Epist.
720 1936 815 1966 p.147.
826 1926 1092 1964 Cerd.inVirg.tom.
1100 1936 1222 1964 r.p.205.

60 1971 210 2001 Crusri'i
220 1979 264 1998 LA
275 1991 284 2005 ,
304 1978 335 1998 ae.
357 1968 377 1998 f.
410 1964 594 2004 [maman]
623 1966 722 1996 dimin.
752 1965 886 2004 Apuleius
897 1987 905 2002 ,
939 1965 1036 1996 Parvas
1055 1974 1226 1995 marmoreas

98 2008 229 2038 crustulas
241 2006 339 2045 parieti
350 2006 514 2043 adjungens.

99 2047 231 2076 Ulcerum
241 2044 375 2075 crustulae.
397 2043 466 2073 Piin.
476 2042 526 2072 lib.
539 2051 584 2072 2².
597 2051 656 2080 cap.
668 2052 714 2077 25.

61 2085 108 2116 Ca
118 2087 264 2114 USTueu
274 2093 294 2112 M
305 2104 313 2119 ,
335 2084 354 2112 i.
376 2091 404 2112 n.
427 2079 572 2118 [ψώμιον]
593 2080 692 2110 dimin.
722 2078 808 2109 Varro
829 2079 865 2109 de
885 2078 991 2116 Lingua
1013 2079 1110 2109 Latina
1132 2089 1159 2114 4.
1181 2088 1226 2108 22.

103 2122 259 2152 Crustulum
281 2131 296 2151 a
309 2120 404 2150 ⁴crusta
415 2119 519 2158 pultis:
541 2118 641 2156 quoius
661 2127 712 2153 ea,
742 2127 804 2156 quae
818 2124 848 2148 ut
860 2118 969 2148 corium
991 2118 1116 2148 exuritur
1135 2117 1229 2147 Crusta

98 2161 184 2191 dicta.
207 2159 275 2190 Hor.
289 2169 313 2188 1.
326 2159 413 2188 Serm.
427 2167 450 2187 1.
464 2167 510 2193 2ς.

255 2213 293 2218 --
303 2203 334 2227 ut
341 2196 435 2235 pueris
443 2195 513 2224 olim
524 2194 592 2224 dant
602 2193 719 2223 crustula
730 2192 829 2223 blandi

180 2235 336 2271 Dodores,
357 2234 495 2264 elementa
505 2232 592 2261 velint
604 2238 634 2260 ut
652 2231 755 2261 discere
775 2232 873 2269 prima.
951 2229 1094 2265 crustula,
1115 2229 1229 2260 Placen-

100 2281 142 2305 tas
153 2275 351 2311 interpretatur
366 2273 465 2302 Acron.
504 2269 629 2300 Erasmus
640 2269 670 2298 in
681 2269 792 2307 dialogo
808 2269 844 2299 de
862 2268 1110 2302 Pronuntiatione,
1131 2267 1169 2298 Ut
1183 2278 1231 2298 au-

101 2320 159 2343 tem
173 2312 262 2341 statim
275 2321 323 2349 per
333 2310 422 2340 lusum
433 2308 582 2347 agnoscere
590 2306 676 2337 discat
688 2307 844 2337 litterarum
853 2306 953 2344 figuras
964 2328 972 2340 ‚
993 2315 1052 2335 rem
1067 2305 1165 2335 adfero
1188 2306 1229 2335 di-

101 2353 149 2381 ctu
160 2349 296 2380 humilem
306 2371 315 2384 ,
335 2347 383 2378 sed
392 2354 487 2378 tamen
496 2356 511 2376 a
520 2346 634 2376 summis
645 2346 710 2375 viris
720 2345 858 2375 traditam.
896 2343 1033 2373 Profuerit
1044 2354 1089 2373 eas
1102 2343 1229 2374 crustulis

101 2389 260 2426 exprimere
269 2409 276 2421 .
298 2392 329 2416 ut
340 2385 477 2416 divinanti
490 2392 593 2414 nomen
603 2382 755 2420 elementi,
776 2382 922 2420 praemium
935 2381 967 2410 sit
980 2381 1038 2419 ipse
1048 2382 1135 2411 cibus.
1166 2382 1230 2411 Hoc

103 2426 196 2457 Flacci
206 2425 350 2455 consilium
362 2424 409 2454 est.
448 2422 549 2453 Fabius
560 2421 655 2456 aliud,
670 2423 724 2452 διε.
764 2421 848 2450 Vetus
865 2419 1011 2456 inscriptio
1031 2429 1044 2448 a
1068 2420 1105 2449 ud
1120 2420 1228 2450 Gruter.

102 2469 208 2533 &13²5
212 2462 388 2531 &NSsBIJISVL
410 2457 918 2529 QOgVLgRssyggiffikVSPECVNIA
938 2456 1039 2488 NOST
1067 2458 1089 2488 A
1117 2457 1232 2489 DEVO-

102 2540 316 2571 Comminutum
324 2537 483 2568 crustulum.
505 2536 591 2566 Plaut.
603 2535 691 2566 Stich.
702 2546 727 2573 ς.
737 2546 764 2573 4.
775 2545 802 2572 9.

102 2579 184 2609 Nova
194 2577 318 2607 crustula.
342 2576 410 2606 Hor.
422 2584 448 2605 2.
460 2575 548 2605 Serm.
563 2585 590 2610 4.
602 2582 649 2611 47.

101 2616 238 2647 Lambere
248 2614 377 2654 crustula.
399 2614 498 2658 Juven.
510 2623 536 2648 9.
549 2612 604 2642 Sat.
619 2622 644 2647 ς.

19 2682 25 2685 .
64 2656 89 2687 C
97 2666 115 2685 a
126 2665 143 2684 υ
152 2665 192 2685 ST
202 2664 220 2683 u
229 2665 246 2683 r.
256 2663 276 2684 A
285 2663 302 2682 a
311 2663 320 2681 1
329 2662 369 2682 us
379 2674 388 2687 ,
408 2662 426 2681 i.
449 2661 486 2681 m.
508 2649 698 2680 Crustulorum
707 2648 845 2679 venditor.
889 2648 956 2678 Sen.
968 2647 1052 2685 Epist.
1065 2656 1110 2684 57.
1139 2647 1174 2678 Et
1183 2647 1232 2677 bo-

102 2693 248 2727 tularium,
270 2689 495 2721 &crustularium
505 2710 514 2725 ,
535 2689 561 2719 δι
572 2697 670 2718 omnes
682 2687 850 2725 popinarum
870 2687 1018 2717 institores.
1043 2686 1132 2724 Vulgo
1153 2685 1232 2722 Pasti-

102 2733 210 2759 crarium
225 2736 335 2760 vocant.
1136 2747 1140 2750 -

65 2769 90 2801 C
101 2779 143 2799 ru
152 2779 164 2798 s
174 2778 194 2798 T
203 2778 221 2798 υ
232 2771 273 2797 1.ΐ1
282 2777 302 2796 T
312 2777 330 2796 υ
340 2776 368 2802 s,
389 2776 405 2796 a
418 2787 427 2801 ‚
447 2774 505 2794 um.
527 2764 588 2800 Adj.
608 2763 770 2800 Spartianus
783 2762 812 2791 in
823 2761 894 2791 Vero
905 2772 968 2799 cap.
982 2772 1006 2797 ς.
1031 2762 1067 2791 de
1087 2761 1173 2791 edulii
1186 2770 1234 2799 ge.

103 2817 190 2842 nere,
210 2815 247 2835 eir
257 2805 380 2843 quinque
391 2802 522 2834 confecto
534 2823 543 2838 ,
564 2802 641 2839 quod
660 2800 791 2839 reperisse
811 2800 913 2830 dicitur
933 2799 1020 2830 [Elius
1032 2800 1118 2829 Verus
1130 2800 1235 2829 Roma-

103 2854 205 2875 norum
218 2844 382 2882 imperator.
422 2841 494 2871 Nam
503 2839 755 2877 tetrapharmacum
764 2860 772 2874 ,
793 2837 839 2867 seu
849 2838 944 2876 potius
954 2838 1230 2876 pentapharmacum,

103 2893 161 2921 quo
171 2882 266 2921 postea
274 2881 380 2919 semper
393 2879 550 2910 Hadrianus
563 2878 601 2907 est
617 2877 680 2906 usus
689 2898 697 2912 ‚
715 2876 773 2915 ipse
785 2876 888 2905 dicitur
900 2875 1027 2914 reperisse
1037 2898 1046 2911 ,
1067 2875 1122 2905 hoc
1141 2876 1179 2905 est
1191 2875 1233 2905 su-

106 2930 172 2951 men
180 2942 189 2956 ,
210 2919 372 2958 phasianum
383 2940 392 2954 ,
412 2926 552 2956 pavonem
561 2937 569 2952 ,
590 2924 706 2958 pernam
716 2913 890 2944 crustulatam
898 2935 907 2947 .
930 2914 956 2943 81.
967 2923 1130 2951 aprugnum.

67 2960 93 2991 C
104 2969 120 2988 11
129 2969 147 2988 υ
156 2968 168 2988 s
176 2968 196 2987 τ
204 2960 223 2987 ῠ
231 2968 252 2987 Μ
261 2958 278 2986 ὲ
287 2967 304 2985 R
313 2967 323 2986 1
333 2966 351 2985 u
359 2967 380 2986 M
390 2978 399 2992 ,
420 2956 438 2985 i.
460 2964 488 2985 n.
509 2955 686 2990 [Kena-mma
704 2951 861 2990 Stephano]
881 2951 1030 2989 Oppidum
1037 2952 1066 2981 iri
1075 2951 1153 2981 Latio
1161 2973 1169 2987 ‚
1189 2950 1233 2981 Al.

107 2998 245 3028 banorum
255 2994 366 3025 colonia
376 3016 384 3029 ,
404 2993 485 3029 cuius
495 2991 623 3021 meminit
634 2990 702 3020 Piin.
718 2990 768 3020 lib.
780 2998 805 3026 ³·
817 2998 879 3027 cap.
892 2999 918 3023 ς.
932 2989 1003 3028 Virg.
1016 2999 1041 3026 7.
1051 2989 1115 3020 AEn.
1127 2992 1159 3026 ⁶3
1169 2998 1191 3020 r.

185 3033 273 3064 Ardea
286 3052 294 3064 ‚
316 3030 539 3067 Crustumerique
553 3051 562 3065 ‚
583 3031 608 3059 δι
620 3029 761 3066 turrigerae
772 3029 926 3057 Antemnae.

68 3072 325 3104 Causa-&ninii
335 3081 369 3104 M,
390 3069 437 3099 seu
453 3068 498 3098 Ca
508 3077 527 3096 11
537 3069 651 3097 εΤῠΜι
662 3076 727 3102 uM,
749 3066 767 3095 i.
789 3075 818 3094 n.
840 3065 989 3103 Oppidum
999 3064 1181 3101 iuxtaVeios·
1210 3065 1230 3094 Α

108 3120 164 3146 quo
175 3108 341 3139 Crustumini
353 3107 422 3136 dieti
431 3128 440 3142 ,
464 3107 490 3136 Sc
500 3104 673 3135 Crustumina
680 3103 769 3133 tribus
778 3125 786 3138 ‚
808 3104 834 3133 ἅ
842 3102 1017 3133 Crustumina
1025 3112 1094 3142 pyra
1105 3125 1113 3140 ,
1134 3112 1195 3141 quae
1204 3104 1232 3133 &

108 3147 262 3179 Crustumia
272 3169 281 3182 ,
301 3147 327 3176 &
337 3144 545 3175 Crustuminum
557 3142 655 3172 vinum
670 3140 897 3172 laudatissimum.

68 3187 94 3217 C
102 3197 119 3216 rr
127 3196 167 3216 us
176 3196 195 3215 T
204 3187 222 3215 ῠ
232 3196 253 3214 Μ
262 3187 302 3214 ῐΝ
312 3193 331 3213 υ
340 3193 373 3220 s,
394 3193 425 3219 a,
446 3191 505 3211 um.
526 3180 586 3216 Adi.
608 3186 656 3214 ut,
677 3179 745 3218 Pyra
756 3179 930 3209 Crustumina
941 3200 950 3215 ,
970 3177 1033 3208 sunt
1043 3178 1114 3216 Quae
1125 3188 1161 3208 ex
1171 3188 1232 3217 par-

107 3232 136 3255 te
143 3223 270 3253 rubentia
279 3221 359 3252 sunt:
381 3221 417 3251 de
428 3219 528 3258 quibus
539 3217 608 3248 Plin.
620 3217 668 3247 lib.
683 3228 726 3254 ις.
746 3227 808 3255 cap.
823 3227 866 3253 15.
887 3216 959 3247 Item
979 3216 1118 3247 Columel.
1140 3216 1189 3247 lib.
1204 3227 1229 3253 5.

108 3271 405 3332 ssrissiiffcrustumina,
415 3305 431 3326 a
439 3294 594 3326 Tuscorum
601 3293 670 3337 urbe
677 3292 856 3323 Crustumena
865 3292 949 3322 dieta.
961 3292 1063 3323 Festus.
1078 3292 1110 3322 V.
1119 3302 1230 3323 Triaus.

70 3338 198 3369 Caum
209 3347 227 3366 u
239 3346 305 3365 Min
316 3345 344 3370 s,
366 3345 396 3369 a,
418 3343 475 3363 um.
496 3332 578 3362 Aliud
597 3331 657 3367 AdJ.
678 3330 722 3360 Vir
744 3354 748 3360 .
762 3341 788 3361 2.
804 3330 905 3368 Georg.
918 3336 964 3365 88.

201 3373 366 3405 Crustumiis
375 3371 510 3410 Syriisque
520 3370 604 3409 pyris,
614 3369 726 3407 gravibu
739 3378 792 3405 que
802 3367 928 3398 volemis.
1005 3367 1037 3397 V.
1057 3368 1165 3398 Serv.in
1174 3368 1230 3400 loc.

72 3408 147 3448 Cau
157 3415 222 3444 ετῠ
233 3424 254 3442 Μ
263 3424 273 3441 1
282 3422 299 3441 υ
312 3422 332 3441 Μ
345 3433 353 3446 ,
374 3409 549 3446 [κςεςὲμιοι]
570 3407 682 3437 Fluvius
707 3407 754 3444 qui
776 3406 932 3437 Ariminum
952 3405 1154 3445 praeterlabitur
1167 3416 1174 3438 :
1196 3408 1232 3439 de

111 3461 167 3489 quo
178 3451 280 3481 Lucan.
290 3450 338 3479 lib.
349 3459 375 3479 2.
387 3451 450 3484 406.

190 3489 223 3519 In
238 3488 338 3518 laevuni
347 3487 474 3517 cecidere
485 3483 554 3513 latus
565 3482 703 3520 veloxque
717 3482 861 3512 Metaurus
872 3503 881 3516 ,

188 3525 431 3561 Crustumiumque
438 3531 522 3561 rapax
532 3543 541 3556 ‚
562 3522 589 3551 ἃ
597 3521 710 3557 junctus
723 3521 802 3558 Sapis
814 3519 916 3550 isauro.

72 3564 97 3595 C
107 3575 149 3595 ru
158 3573 176 3593 x
186 3586 194 3600 ‚
215 3564 314 3594 ciricis.
335 3563 354 3592 f.
375 3559 502 3598 [mvgbs]
523 3558 652 3596 Gabalus‚
671 3557 839 3597 patibulum.
860 3557 926 3587 Ter.
937 3556 1009 3588 And.
1021 3565 1047 3594 3.
1059 3566 1085 3595 ς.
1098 3565 1143 3594 15.
1153 3557 1233 3595 Quid

110 3603 226 3634 meritus
236 3602 289 3631 es?
310 3611 339 3631 n.
360 3608 480 3631 crucem.

110 3641 239 3671 Arboreae
249 3648 354 3670 cruces.
376 3639 500 3675 Propert.
512 3634 560 3664 lib.
574 3643 654 3670 3.22.
665 3643 709 3671 37.
899 3670 915 3677 ..

204 3676 388 3713 Arboreasque
398 3684 495 3705 cruces
506 3673 578 3703 Sinis
590 3694 597 3708 ‚
618 3673 711 3701 &non
723 3671 832 3710 hospita
842 3671 931 3702 Graiis

239 3714 310 3744 Saxa
317 3735 326 3750 ,
344 3717 372 3745 ἃ
381 3719 507 3744 curvatas
517 3711 547 3740 in
557 3710 603 3740 sua
611 3710 667 3740 fata
675 3709 778 3741 trabes.

112 3755 203 3786 Durae.
225 3751 345 3782 Ovid.1.
361 3754 451 3782 Amor.
465 3759 507 3780 12.
523 3754 566 3782 18.

112 3793 245 3831 ingenua.
287 3790 317 3819 V.
337 3801 348 3819 1
357 3799 404 3819 Nc
413 3799 427 3819 11
437 3798 457 3818 N
467 3799 485 3818 u
495 3797 541 3817 us.

112 3831 204 3870 Digne
214 3837 296 3858 cruce
306 3837 431 3866 peccare.
453 3826 519 3856 Hor.
532 3835 555 3855 1.
566 3823 690 3868 sem-‚ss
701 3831 748 3861 47.

189 3867 287 3897 Peccat
296 3873 356 3896 uter
367 3866 489 3895 nostrum
496 3872 577 3894 cruce
586 3863 698 3899 dignius
708 3862 722 3891 i>
904 3895 913 3904 .
1026 3895 1033 3902 α
1083 3894 1089 3904 .
1174 3894 1182 3902 ·

111 3907 162 3941 ΜΕ
166 3914 229 3945 gere
235 3905 320 3934 cruci.
359 3904 435 3934 Curt.
444 3902 495 3934 lib.
503 3912 530 3940 4.
544 3913 571 3938 4.
582 3908 652 3930 extr.
675 3899 759 3930 Cruci
767 3898 840 3929 affixi
847 3905 1005 3937 peringens
1013 3894 1104 3927 litoris
1113 3894 1232 3934 spatium

133 3943 340 3985 pependerunt.

1614 106 1899 142 cau
2351 124 2425 159 727

1303 190 1352 227 Agi
1363 190 1391 219 in
1402 199 1523 220 crucem.
1546 189 1604 219 Cic.
1619 200 1642 223 ς.
1655 188 1690 218 de
1701 188 1789 218 Finib.
1800 197 1846 225 92.

1304 227 1374 256 Dare
1386 229 1460 257 cruci
1474 228 1601 264 aliquem.
1625 226 1711 256 Plaut.
1725 226 1788 256 Mil.
1802 227 1867 257 2.’2.
1881 231 1926 261 28.
2399 252 2404 260 ,

1304 264 1441 295 Festinare
1452 275 1556 295 cruces.
1578 264 1668 294 Tacit.
1682 274 1723 299 14.
1745 266 1813 294 Ann.
1826 274 1868 300 33.
1893 264 1948 295 Sed
1959 265 2058 301 mdes,
2073 268 2206 304 patibula,
2217 271 2304 308 ignes,
2317 282 2423 309 cruces,

1323 308 1454 339 tanquam
1465 303 1599 332 reddituri
1610 301 1780 340 supplicium
1790 325 1798 337 ,
1820 311 1851 332 ac
1863 309 1996 341 praerepta
2007 304 2119 334 interim
2132 301 2238 336 ultione
2250 310 2423 340 festinabant.

1305 338 1402 376 Figere
1410 350 1522 370 crucem
1534 340 1627 369 alicui.
1668 340 1726 369 Cic.
1739 350 1771 384 7..
1785 340 1902 407 Philipp.
1919 350 1961 369 1i.
1985 341 2020 370 Ut
2035 352 2116 377 quam
2126 344 2261 375 damnatis
2272 346 2354 377 servis
2365 358 2425 378 cru-

1324 386 1384 405 cem
1398 378 1511 412 fixeras.
1533 377 1606 407 lianc
1617 377 1786 408 indemnatis
1802 378 1856 407 civi
1880 387 1911 408 us
1925 378 2060 410 Romanis
2074 380 2231 412 reservares.

1306 413 1415 444 Minati⁴
1441 415 1471 445 V.
1495 426 1530 444 Mi
1542 424 1588 443 no
1600 424 1625 444 a.

1305 451 1415 483 Pascere
1424 453 1453 482 in
1464 462 1546 482 cruce
1558 462 1665 482 corvos.
1687 452 1755 482 Hor.
1769 462 1792 482 1.
1803 452 1886 490 Epist.
1903 456 1944 483 16.
1955 459 2000 489 48.
2026 455 2056 484 V.
2079 466 2097 485 c
2105 466 2123 485 o
2131 465 2147 484 a
2158 466 2174 485 v
2184 466 2202 486 u
2213 466 2234 487 s.

1304 489 1438 533 Spffigere
1448 492 1532 520 cruci.
1559 490 1616 519 Cic.
1630 491 1658 518 in
1670 490 1759 531 Pison.
1769 500 1814 525 42.
1826 491 1970 528 Tranquil.
1988 493 2015 521 in
2027 493 2130 523 Caesure
2140 503 2200 532 cap.
2213 504 2257 531 74.
2272 505 2313 533 pr.
2328 496 2428 527 Piratas

1324 537 1352 556 in
1363 528 1524 564 potestatem
1535 528 1661 557 redactos
1673 550 1680 562 ,
1702 529 1835 564 quoniam
1844 529 2004 559 suffixurum
2013 530 2040 560 se
2052 532 2128 562 cruci
2137 533 2290 570 juraverat,
2311 534 2428 572 jugulari

1325 567 1401 602 prius
1418 566 1490 600 juffit
1501 588 1509 600 ,
1531 566 1633 595 deinde
1645 565 1739 603 suffigi.

1306 602 1474 638 Suffigerein
1489 613 1579 632 cruce.
1602 603 1667 632 Hor.
1684 613 1707 632 1.
1720 604 1806 633 Serm.
1820 612 1844 640 3.
1861 609 1907 637 82.

1306 639 1419 670 Tollere
1432 642 1460 670 in
1477 650 1598 670 crucem.
1622 641 1681 670 Cic.
1696 649 1719 677 ³·
1734 641 1806 670 Verr.
1823 650 1848 678 7.

1307 678 1382 707 Crux
1391 679 1492 709 dicitur
1502 678 1646 721 Quicquid
1659 687 1710 708 nos
1721 679 1826 708 cruciat
1836 701 1845 715 ,
1865 684 1976 716 torquet
1993 681 2020 709 δε
2029 681 2133 719 affligit.
2155 681 2219 712 Ter.
2235 683 2305 713 Eun.
2317 692 2343 713 2.
2355 692 2430 721 3.91.

1502 731 1539 736 --
1549 717 1574 745 ἃ
1588 715 1641 744 illis
1652 716 1780 746 crucibus
1790 738 1798 751 ‚
1820 726 1880 754 quae
1892 726 1943 746 nos
1955 738 1963 752 ,
1984 718 2158 757 nostramque
2169 720 2384 752 adolescentiam

1389 752 1499 782 Habent
1507 753 1676 792 despicatam
1686 775 1693 788 ‚
1716 755 1767 783 &a
1851 754 1893 784 De
1908 756 2100 786 meretricibus
2122 757 2252 792 loquitur.
2292 759 2323 790 V.
2345 762 2432 791 etiam

1326 790 1414 820 Plaut.
1428 791 1516 821 Aulul.
1529 801 1553 827 3.
1569 802 1592 826 ς.
1610 797 1656 826 48.
1679 792 1705 820 ὁὶ
1718 790 1855 821 Columel.
1872 802 1895 821 1.
1909 802 1935 828 7.
1954 794 1980 822 &
1992 793 2050 823 Cic.
2064 804 2088 824 1.
2103 795 2138 832 Q.
2152 795 2212 825 frat.
2227 806 2253 826 2.
2263 797 2286 834 §.
2299 807 2324 827 2.

1308 828 1352 858 Ire
1363 828 1392 857 in
1403 828 1503 858 malam
1512 838 1632 859 crucem.
1656 828 1740 858 Plaut.
1752 829 1825 859 Rud.
1841 839 1864 858 1.
1875 839 1901 858 2.
1914 835 1958 865 87.

1330 902 1351 932 C
1400 866 1455 895 Sed
1466 865 1674 896 dextroversum
1682 866 1773 896 avorsa
1789 867 1810 896 it
1821 867 1850 896 in
1860 868 1962 897 malam
1973 877 2095 900 crucem.
2199 871 2247 901 Sic
2267 873 2412 905 Abducere
2421 896 2432 911 ‚

1354 913 1412 933 ure.
1431 915 1454 938 ς.
1488 928 1493 934 .
1513 914 1522 933 1
1548 927 1554 934 .

1311 940 1386 971 Crux
1397 963 1404 977 ,
1428 913 1509 972 rna3sc.
1526 915 1589 980 gen.
1604 940 1679 979 apud
1690 940 1813 971 Ennium
1825 942 1922 972 Annal.
1936 942 1986 974 lib.
2001 953 2012 973 1
2021 953 2044 973 1.

1404 979 1482 1010 Malo
1495 989 1577 1010 cruce
1588 979 1676 1009 fatum
1686 979 1726 1008 uti
1737 979 1786 1023 des
1796 979 1932 1018 Juppiter.
2015 981 2090 1011 Non.
2101 990 2126 1018 3.
2137 991 2182 1020 31.

1273 1016 1318 1048 Cir
1330 1020 1537 1054 υειιῑιιιυε,
1559 1028 1593 1053 a,
1613 1026 1671 1047 um.
1693 1017 1754 1053 AdJ.
1783 1018 1988 1055 [τανροφόςῶυ]
2017 1020 2075 1056 Qui
2092 1020 2146 1050 fert
2164 1031 2286 1051 crucem.
2326 1024 2381 1054 Sed
2407 1026 2435 1056 ec

1309 1054 1466 1085 Cruciarios
1477 1055 1673 1086 vocatSeneca
1684 1077 1693 1091 ‚
1714 1055 1771 1091 Qui
1789 1054 1924 1085 tolluntur
1934 1056 1963 1085 in
1974 1066 2102 1093 crucem,
2123 1059 2191 1089 iicut
2207 1061 2358 1091 Cruciarias
2376 1073 2439 1101 poe-

1311 1102 1361 1122 nas
1371 1093 1503 1123 Sidonius
1513 1092 1687 1131 Apollinaris.
1729 1093 1807 1129 Quin
1819 1093 1845 1122 &
1856 1093 2012 1124 Cruciarios
2022 1095 2184 1126 facetiffime
2192 1097 2302 1128 Plautus
2313 1100 2438 1138 Discipu-

1310 1131 1354 1160 ios
1368 1132 1459 1160 crucis
1472 1131 1597 1169 appellat
1608 1153 1616 1166 ,
1638 1132 1684 1168 qui
1698 1132 1723 1161 δι
1741 1129 1889 1160 Patibuiati
1900 1131 2040 1162 dicuntur.
2082 1133 2123 1163 Ex
2135 1134 2200 1164 Cael.
2217 1142 2295 1170 10.8.
2330 1138 2360 1167 V.
2389 1140 2440 1168 Pe.

1313 1175 1385 1198 tron.
1400 1178 1459 1212 cap.
1475 1178 1536 1199 112.
1559 1168 1680 1199 Tertuli.
1695 1169 1759 1198 adv.
1770 1168 1873 1198 Haeret.
1883 1178 1944 1207 cap.
1956 1179 1982 1200 2.
1995 1181 2036 1208 pr.
2059 1169 2108 1200 Per
2117 1173 2266 1204 cruciarios
2276 1177 2302 1205 &
2314 1177 2438 1207 mortife-

1312 1216 1358 1236 ros
1368 1213 1469 1237 exitus.

1275 1244 1298 1275 C
1307 1254 1324 1274 R
1335 1255 1352 1274 υ
1364 1255 1381 1274 c
1391 1256 1400 1273 i
1412 1255 1431 1274 A
1440 1254 1474 1273 ai
1485 1255 1504 1274 u
1513 1254 1525 1274 s
1537 1267 1544 1281 ,
1565 1246 1583 1275 i.
1606 1254 1644 1274 m.
1669 1243 1776 1281 Dignus
1790 1253 1881 1274 cruce.
1921 1244 2013 1275 isidor.
2025 1245 2074 1276 lib.
2091 1256 2132 1276 10.
2144 1248 2173 1277 in
2185 1248 2216 1278 C.
2240 1250 2370 1286 Apuleius
2387 1250 2438 1282 lib.

1315 1293 1358 1312 10.
1372 1283 1409 1312 de
1421 1282 1490 1313 Asin.
1503 1284 1565 1313 Aur.
1576 1293 1604 1321 p.
1618 1292 1681 1319 242.
1704 1283 1765 1314 Nec
1783 1282 1924 1312 tantillum
1945 1283 2094 1314 cruciarius
2111 1284 2159 1314 ille
2170 1307 2179 1322 ‚
2199 1287 2243 1316 vel
2254 1288 2364 1318 fortuna
2380 1296 2439 1320 tam

1313 1321 1405 1358 magni
1416 1321 1514 1357 judicii
1526 1342 1534 1356 ,
1555 1322 1599 1351 vel
1610 1320 1742 1351 consertae
1754 1320 1906 1358 conspeetu
1920 1322 2002 1350 curiae
2014 1343 2022 1356 ‚
2044 1322 2090 1352 vel
2107 1330 2183 1353 certe
2198 1326 2283 1355 noxia
2296 1327 2442 1356 conscien-

1314 1359 1351 1388 tia
1360 1359 1407 1389 sua
1421 1359 1568 1389 deterritus
1580 1381 1588 1394 ‚
1610 1369 1670 1396 quae
1680 1359 1736 1396 ipse
1748 1359 1866 1389 finxerat
1877 1380 1886 1394 ,
1908 1359 1982 1395 quasi
1994 1369 2059 1390 vera
2068 1361 2190 1391 adserere
2201 1363 2309 1401 incipit.
2331 1364 2365 1394 Et
2376 1366 2440 1395 Am-

1314 1397 1400 1426 mian.
1412 1406 1457 1432 29.
1473 1405 1515 1433 13.
1539 1396 1666 1435 Longum
1679 1397 1718 1426 est
1731 1418 1739 1432 ,
1762 1407 1823 1434 quae
1835 1397 1986 1426 cruciarius
1996 1397 2043 1427 ille
2055 1399 2196 1429 conflavit.

1275 1434 1299 1464 C
1310 1444 1327 1464 a
1337 1445 1381 1464 uc
1390 1445 1398 1463 i
1408 1444 1448 1465 us
1460 1456 1467 1470 ‚
1489 1444 1504 1464 a
1514 1457 1522 1470 ‚
1544 1444 1600 1464 um.
1624 1434 1686 1469 Adj.
1707 1434 1800 1465 Festus
1809 1457 1819 1472 ,
1841 1434 1927 1471 Quod
1938 1436 2059 1466 cruciat:
2082 1437 2157 1467 unde
2173 1437 2314 1475 Lucilius,
2334 1439 2441 1471 Vinum

1315 1472 1427 1502 insuave
1438 1472 1570 1502 Crucium
1578 1473 1660 1502 dixit.

1277 1510 1324 1541 Ca
1337 1512 1398 1540 ῠρι
1409 1520 1427 1540 0
1438 1532 1446 1547 ‚
1476 1511 1590 1547 [ἁνιοίω,
1608 1510 1651 1537 τίω
1663 1530 1672 1543 ,
1691 1508 1839 1546 carmiger]
1868 1512 1924 1540 are.
1946 1510 2092 1548 Torquere
2102 1534 2111 1549 ,
2132 1513 2261 1551 affligere.
2283 1515 2348 1546 Ter.
2367 1516 2439 1547 Eun.

1315 1557 1343 1578 2.
1354 1557 1378 1586 3.
1388 1558 1433 1584 91-
1456 1548 1527 1585 Quae
1539 1558 1591 1578 nos
1601 1548 1707 1586 semper
1715 1548 1847 1578 omnibus
1854 1549 1981 1578 cruciant
1988 1550 2089 1580 modis.
2110 1550 2189 1581 Idem
2201 1552 2300 1584 Heaut.
2317 1564 2341 1590 5.
2355 1565 2381 1591 ς.
2396 1564 2420 1584 1.

1407 1586 1490 1616 Enim
1501 1595 1567 1616 vero
1579 1586 1711 1616 Chremes
1722 1585 1807 1615 nimis
1817 1586 1935 1624 graviter
1948 1589 2054 1616 cruciat
2067 1589 2319 1622 adolescentulum.

1316 1623 1419 1654 Dolore
1432 1624 1568 1658 cruciari,
1588 1624 1676 1658 fame,
1698 1624 1809 1661 vigiliis.
1834 1623 1894 1654 Cic.
1907 1634 1933 1654 2.
1946 1625 1981 1654 de
1995 1625 2086 1656 Finib.
2098 1630 2145 1663 65.

1316 1662 1362 1692 Ne
1373 1663 1466 1693 crucia
1477 1668 1506 1692 te
1518 1661 1634 1692 obsecro
1645 1684 1654 1698 ,
1674 1662 1767 1691 anime
1775 1662 1821 1692 mi.
1845 1661 1910 1692 Ter.
1926 1662 1994 1692 Eun.
2010 1673 2032 1693 1.
2045 1673 2071 1694 2.
2087 1675 2128 1701 ις.

1317 1699 1391 1730 Illud
1401 1700 1446 1730 m'e
1456 1701 1571 1730 cruciat.
1592 1700 1711 1730 Martial.
1723 1699 1771 1729 lib.
1785 1709 1827 1729 11.
1842 1710 1887 1736 95.
1908 1700 1938 1729 in
1948 1700 2071 1738 Verpum
2081 1703 2223 1735 aemulum.

1317 1738 1458 1776 Sanguine
1468 1738 1602 1776 serpentis
1612 1738 1736 1768 cruciari.
1759 1737 1843 1768 Ovid.
1854 1748 1880 1768 2.
1894 1738 1965 1768 Met.
1978 1742 2011 1776 ⁶5
2019 1749 2043 1771 1.

1319 1776 1443 1806 Cruciari
1454 1779 1480 1807 &
1493 1775 1633 1806 solicitum
1641 1775 1703 1806 effe.
1727 1775 1786 1805 Cic.
1800 1785 1851 1814 pro
1866 1776 1976 1807 Muren.
2308 1788 2311 1791 ·

1317 1813 1425 1844 Laetitia
1434 1815 1551 1852 gestire,
1572 1814 1809 1849 Dolorecruciari,
1830 1815 1991 1852 pugnantia.
2032 1815 2090 1846 Cic.
2101 1825 2128 1847 2.
2143 1817 2180 1848 de
2190 1817 2280 1848 Finib.
2297 1828 2339 1856 14.
2363 1819 2443 1858 Quo-

1338 1862 1400 1882 rum
1411 1852 1480 1882 alter
1492 1851 1587 1882 laetitia
1597 1852 1709 1890 gestiat,
1730 1851 1798 1881 alter
1809 1852 1907 1881 dolore
1920 1853 2067 1883 crucietur.

1318 1890 1440 1920 Vulnere
1452 1900 1485 1920 ac
1495 1890 1726 1927 dolorecorporis
1737 1890 1853 1920 cruciari
1863 1900 1896 1920 ac
1904 1890 2018 1920 absumi.
2041 1891 2100 1921 Cic.
2112 1892 2148 1922 de
2158 1893 2252 1932 Arusp.
2265 1893 2347 1933 Resp.
2363 1905 2408 1933 39.

1320 1928 1498 1958 Conscientia
1508 1928 1644 1958 scelerum
1655 1927 1767 1958 suorum
1779 1929 1908 1958 cruciari.
1931 1928 1991 1959 Cic.
2004 1931 2103 1968 Anteq.
2115 1931 2169 1961 iret
2183 1933 2214 1961 in
2224 1932 2289 1962 exii,
2302 1942 2345 1970 19.

1320 1966 1401 2003 Peius
1414 1967 1545 1996 cruciare.
1569 1966 1635 1995 Hor.
1652 1976 1674 1995 r.
1687 1966 1774 1996 Serm.
1787 1976 1813 1995 2.
1826 1975 1872 1996 22.

1514 2020 1552 2026 —
1561 2014 1618 2033 non
1630 2004 1656 2033 se
1667 2004 1747 2042 pejus
1756 2004 1920 2034 cruciaverit
1930 2026 1938 2040 ‚
1959 2010 2044 2042 atque
2051 2004 2108 2036 hic.

1321 2040 1446 2071 Validius
1455 2041 1575 2079 aliquem
1584 2042 1714 2072 cruciare.
1738 2041 1858 2078 Quintil.
1869 2043 1899 2071 in
1911 2052 2030 2080 prooem.
2041 2042 2089 2073 lib.
2103 2046 2131 2074 6.

1284 2079 1306 2109 C
1314 2089 1330 2108 a
1341 2089 1360 2108 u
1371 2089 1388 2109 c
1398 2090 1407 2107 1
1418 2089 1436 2107 A
1446 2089 1467 2108 N
1476 2089 1488 2108 s
1498 2101 1507 2115 ,
1530 2080 1624 2110 Partic.
1648 2079 1763 2116 [ὰηῢν]
1784 2079 1868 2109 Plaut.
1881 2080 1961 2118 Capt.
1975 2092 2001 2116 4.
2013 2090 2039 2111 2.
2055 2090 2100 2118 34.

1401 2117 1459 2154 Qui
1470 2118 1647 2148 advehuntur
1658 2117 1880 2156 quadrupedanti
1893 2139 1902 2149 .
1921 2119 2059 2148 *crucianti
2071 2120 2206 2150 canterio.

1282 2155 1306 2185 C
1314 2165 1330 2184 a
1339 2165 1357 2184 u
1365 2165 1383 2184 c
1392 2166 1401 2184 1
1409 2159 1426 2184 Κ
1435 2165 1454 2183 T
1464 2165 1483 2184 υ
1491 2165 1504 2184 s
1513 2178 1521 2191 ,
1544 2157 1585 2185 iis.
1610 2165 1648 2185 m.
1675 2155 1754 2192 [ἁνία
1763 2177 1771 2190 ,
1791 2153 1862 2190 τίσις,
1890 2155 2029 2191 Ε’άπυῶν]
2050 2158 2179 2188 afflietio.
2202 2157 2260 2189 Cic.
2270 2168 2297 2190 2.
2309 2159 2345 2190 de
2354 2160 2445 2192 Finib.

1320 2197 1366 2229 63.
1390 2192 1429 2222 Ex
1442 2193 1528 2222 altera
1538 2200 1632 2222 autern
1643 2193 1811 2223 cruciatibus
1822 2193 1952 2224 maximis
1960 2199 2023 2224 toto
2035 2204 2154 2234 corpore
2162 2217 2174 2233 ,
2193 2197 2273 2229 nulla
2285 2208 2339 2229 nec
2349 2199 2448 2236 adiun-

1319 2232 1366 2260 ‹Sta
1376 2240 1429 2260 nec
1440 2231 1548 2268 sperata
1563 2231 1719 2268 voluptate.

1320 2268 1372 2298 Per
1382 2270 1536 2299 cruciatum
1549 2269 1678 2299 interfici.
1701 2268 1767 2298 Caes.
1781 2278 1807 2298 2.
1820 2268 1890 2299 Bell.
1904 2268 1975 2300 Gall.
1989 2278 2032 2307 31.

1321 2306 1382 2336 Diri
1392 2307 1537 2336 cruciatus.
1562 2307 1646 2336 Ovid.
1657 2316 1682 2341 9.
1697 2306 1765 2335 Met.
1781 2316 1842 2342 179.

1320 2344 1497 2382 Iinpatibilis.
1538 2344 1572 2374 V.
1596 2355 1605 2373 1
1615 2354 1658 2373 MP
1669 2354 1689 2373 A
1698 2353 1718 2372 T
1729 2355 1738 2372 r
1748 2355 1763 2373 13
1774 2355 1809 2373 11.
1819 2355 1828 2372 1
1837 2353 1860 2374 s.

1322 2382 1514 2413 incredibiles.
1537 2381 1605 2411 Plin.
1620 2391 1641 2411 1.
1661 2381 1743 2420 Epist.
1758 2392 1801 2412 12.

1322 2420 1417 2450 Taetri.
1441 2419 1500 2450 Cic.
1511 2430 1538 2449 2.
1552 2420 1587 2449 de
1598 2419 1618 2450 F
1620 2420 1687 2449 inib.
1702 2430 1746 2455 94.
1769 2419 1809 2450 Ex
1820 2419 1936 2456 antiquo
1946 2424 2040 2458 poeta.

1323 2460 1410 2496 Agere
1421 2458 1507 2487 vitam
1517 2467 1619 2496 magno
1627 2458 1713 2487 animi
1725 2458 1859 2487 cruciatu.
1881 2457 1941 2487 Cic.
1952 2467 1979 2487 2.
1992 2459 2026 2487 de
2037 2457 2131 2490 Divin.
2145 2468 2191 2498 23.

1324 2497 1410 2533 Agere
1419 2496 1448 2525 in
1457 2496 1610 2526 cruciatum
1622 2498 1648 2526 ἃ
1659 2505 1781 2526 crucem.
1803 2495 1861 2526 Cic.
1875 2504 1901 2532 7.
1916 2495 1993 2526 Verr.
2009 2506 2071 2533 170.

1323 2533 1440 2564 Afficere
1451 2539 1555 2569 morte,
1577 2534 1699 2563 cruciatu
1709 2556 1718 2569 ‚
1738 2543 1822 2564 cruce
1832 2533 1950 2570 aliquos.
1973 2534 2032 2564 Cic.
2046 2543 2072 2571 3.
2087 2534 2163 2566 Verr.
2177 2545 2205 2571 ᾳ.

1325 2573 1395 2610 Angi
1407 2572 1530 2601 maximo
1539 2573 1663 2601 cruciatu
1675 2572 1790 2601 timoris.
1812 2571 1871 2601 Cic.
1883 2581 1909 2601 2.
1924 2571 1982 2601 off.
1995 2581 2040 2608 2ς.

1323 2610 1423 2639 Carere
1433 2610 1557 2639 cruciatu
1573 2611 1598 2639 &
1611 2619 1704 2648 poena.
1725 2609 1826 2646 Juven.
1842 2619 1884 2638 ιο,
1899 2609 1953 2639 Sat.
1968 2614 2033 2644 ²86-

1324 2647 1479 2678 Confectus
1487 2648 1612 2678 cruciatu
1623 2648 1810 2678 maximorum
1821 2647 1959 2677 dolorum.
1980 2648 2042 2679 Cic.
2057 2658 2100 2678 11.
2111 2649 2164 2679 Art.
2182 2658 2193 2679 1
2201 2658 2225 2679 1.

1323 2685 1390 2716 Dari
1400 2687 1430 2715 in
1439 2687 1602 2716 cruciatum.
1642 2685 1702 2715 Cic.
1712 2696 1762 2724 pro
1774 2685 1856 2715 Rosc.
1868 2686 1956 2715 Amet.
1970 2695 2031 2722 119.
2051 2686 2226 2717 Postulabant
2236 2691 2330 2718 autem
2337 2697 2388 2726 pro
2398 2689 2451 2719 ho.

1343 2725 1421 2753 mine
1432 2723 1584 2754 miserrimo
1597 2729 1680 2761 atque
1691 2723 1877 2754 infelicissimo
1887 2746 1896 2760 ,
1917 2724 1964 2761 qui
1978 2724 2024 2754 vel
2041 2724 2099 2762 ipse
2118 2724 2173 2754 sese
2185 2725 2214 2754 in
2226 2726 2380 2756 cruciatum
2391 2728 2450 2757 dari

1343 2772 1379 2791 cu
1402 2768 1468 2792 eret.

1324 2772 1454 2837 Effupgere
1464 2800 1601 2829 maximos
1612 2799 1751 2830 cruciatus
1760 2798 1897 2838 praecipiti
1908 2799 1961 2830 via.
1979 2799 2102 2837 Quintil.
2113 2800 2143 2829 in
2152 2810 2272 2839 prooem.
2285 2801 2333 2832 lib.
2345 2808 2372 2833 ⁶.

1325 2837 1431 2869 Iniilire
1442 2839 1471 2867 in
1480 2839 1644 2867 cruciatum.
1680 2837 1713 2867 In
1732 2848 1742 2866 1
1751 2847 1772 2866 N
1781 2847 1793 2867 s
1804 2848 1812 2866 1
1821 2848 1838 2866 1.
1845 2848 1856 2866 1
1865 2846 1892 2867 o.

1325 2876 1431 2906 Levare
1445 2876 1607 2905 cruciatum.
1647 2874 1680 2905 In
1699 2885 1812 2905 navis.

1324 2914 1382 2944 Pati
1394 2913 1575 2944 incredibiles
1587 2913 1735 2943 cruciatus.
1757 2913 1825 2942 Plin.
1841 2922 1866 2943 1.
1880 2911 1963 2950 Epist.
1977 2921 2019 2942 12.
2038 2912 2074 2942 ad
2085 2912 2257 2944 Calestrium.

1324 2952 1447 2982 Perferre
1462 2952 1609 2981 cruciatus.
1647 2951 1679 2981 111
1699 2961 1713 2980 1³
1721 2961 1736 2980 11
1746 2961 1762 2980 a
1772 2961 1785 2979 r
1794 2961 1808 2980 a
1816 2961 1832 2980 r.
1842 2960 1869 2980 o.

1324 2990 1415 3020 Perire
1425 2989 1533 3020 summo
1543 2989 1666 3020 cruciatu
1676 2988 1879 3027 supplicioque.
1902 2988 1961 3017 Cic.
1974 2997 1998 3024 3.
2010 2988 2045 3018 de
2054 2988 2120 3019 Nat.
2133 2988 2216 3019 Deor.
2227 2995 2274 3025 81.

1324 3027 1429 3058 Lateris
1439 3027 1610 3058 cruciatibus
1622 3037 1695 3057 uror.
1718 3027 1802 3057 Ovid.
1816 3037 1841 3063 ς.
1857 3026 1938 3056 Trist.
1952 3035 1994 3062 13.
2008 3037 2032 3062 ς.

1324 3066 1477 3134 (Ξέὶιιείειῑυ3
1499 3075 1548 3133 pff
1560 3065 1711 3096 Cruciatui.
1732 3064 1824 3095 Tacit.
1841 3073 1884 3101 ις.
1895 3065 1964 3094 Ann.
1978 3074 2022 3100 59.
2046 3063 2193 3101 Cruciatu,
2214 3075 2245 3095 ac
2257 3065 2371 3103 praemio
2383 3075 2454 3096 cun.

1372 3114 1387 3134 a
1419 3113 1493 3134 erVia
1504 3113 1518 3133 e
1541 3114 1566 3133 e.

1286 3142 1335 3172 Ca
1345 3114 1492 3209 cesinia-0
1502 3151 1520 3171 a
1531 3163 1540 3178 ,
1561 3142 1625 3172 6ris.
1645 3150 1684 3171 m.
1706 3140 1808 3171 Arnob.
1827 3139 1876 3170 lib.
1892 3149 1914 3170 1.
1931 3149 1960 3178 p.
1971 3148 2016 3176 23.
2039 3139 2138 3170 Poenas
2154 3140 2315 3170 cruciatoris
2329 3142 2453 3182 perpeti.

1325 3187 1369 3210 tur
1394 3186 1512 3210 aevrtate.

1286 3217 1309 3248 C
1316 3228 1333 3248 a
1343 3228 1360 3248 u
1368 3228 1387 3248 c
1395 3229 1406 3247 1
1415 3227 1435 3246 A
1445 3228 1466 3246 M
1473 3227 1488 3247 a
1499 3227 1527 3254 u,
1535 3218 1601 3248 inis.
1614 3227 1643 3246 n.
1664 3215 1743 3247 Idem
1754 3225 1787 3246 ac
1801 3215 1953 3245 eruciatus.
1961 3214 2091 3245 Prudent.
2107 3215 2212 3253 Hymn.
2220 3225 2261 3245 ro.
2271 3215 2356 3255 Exeq.
2369 3226 2394 3246 v.
2401 3222 2452 3253 90:

1417 3255 1504 3292 Quod
1517 3266 1565 3294 per
1576 3255 1747 3285 cruciamina
1756 3253 1805 3284 leti

1416 3293 1467 3323 Via
1479 3294 1612 3332 panditur
1623 3293 1708 3322 ardua
1717 3292 1801 3327 justis.

1287 3332 1311 3362 C
1319 3341 1336 3361 11
1347 3341 1365 3360 u
1375 3341 1393 3361 c
1401 3342 1410 3360 1
1422 3341 1442 3360 A
1452 3342 1473 3360 Μ
1483 3341 1497 3360 iz
1507 3341 1527 3360 N
1537 3341 1556 3360 T
1566 3342 1584 3360 υ
1594 3341 1624 3366 Μ,
1640 3330 1658 3359 i.
1671 3339 1698 3359 n.
1712 3328 1848 3366 [ἁνίκα-ις]
1858 3327 1947 3358 Idem.
1957 3327 2018 3357 Cic.
2033 3336 2044 3357 1
2053 3337 2076 3358 1.
2089 3327 2240 3366 Philipps.
2257 3327 2318 3358 Nec
2325 3330 2451 3366 graviora

1327 3379 1394 3399 vero
1405 3369 1468 3399 sunt
1477 3369 1639 3399 carnificum
1648 3374 1803 3402 tormenta,
1824 3376 1906 3403 quam
1921 3366 2063 3396 interdurn
2077 3366 2266 3396 cruciamenta
2276 3368 2450 3399 morborum.

1325 3407 1460 3438 Conferre
1477 3409 1674 3437 cruciamenta.
1698 3404 1781 3434 Plaut.
1794 3405 1863 3434 Asin.
1878 3414 1904 3434 2.
1918 3413 1943 3433 2.
1961 3413 2006 3439 51.

1326 3446 1436 3476 Sentire
1446 3447 1634 3475 cruciamenta
1643 3443 1777 3473 orbitatis.
1801 3441 1903 3472 Arnob.
1916 3441 1965 3470 lib.
1976 3450 2000 3478 7.
2011 3451 2041 3479 p.
2053 3446 2116 3476 ²48·

1287 3483 1311 3516 C
1318 3494 1335 3514 a
1343 3494 1364 3513 u
1371 3493 1401 3513 ci
1409 3487 1425 3512 A
1436 3493 1450 3512 13
1458 3484 1470 3512 ῑ
1478 3493 1495 3511 i.
1503 3493 1514 3511 1
1522 3492 1535 3512 s
1545 3504 1554 3519 ,
1573 3492 1598 3512 e.
1621 3482 1681 3516 Adi.
1703 3477 1901 3517 [βασκκςικὲς]
1922 3486 1953 3508 ut
1963 3501 1971 3513 ,
1991 3478 2146 3509 Cruciahile
2155 3478 2301 3509 silentium.
2316 3481 2451 3519 Apuleius

1326 3522 1364 3552 de
1374 3521 1455 3551 Asino
1464 3530 1547 3550 aureo
1558 3542 1568 3556 ,
1587 3520 1636 3549 lib.
1650 3530 1692 3549 10.
1709 3528 1750 3557 pr.
1771 3528 1799 3556 p.
1815 3527 1880 3553 ²39·
1901 3517 1955 3546 Sed
1967 3517 2013 3546 illa
2027 3516 2169 3546 cruciabili
2181 3516 2288 3546 silentio
2299 3518 2451 3549 diutissime

1326 3560 1439 3597 fatigata
1449 3580 1457 3594 ,
1480 3559 1544 3588 &in
1555 3558 1676 3594 quodam
1690 3557 1763 3586 vado
1777 3555 1959 3586 dubitationis
1973 3555 2079 3584 haerens
2089 3577 2096 3590 ,
2117 3563 2202 3584 omne
2210 3555 2344 3592 verbum,
2357 3558 2412 3587 &c-

1326 3597 1424 3628 Exitus
1436 3596 1601 3626 cruciabilis.
1625 3594 1694 3624 Geli.
1707 3603 1731 3630 3.
1742 3604 1768 3629 9.

1327 3635 1409 3665 Mora
1419 3634 1584 3664 cruciabilis.
1607 3633 1743 3662 Ammian.
1756 3640 1800 3666 29.
1815 3641 1839 3667 ς.

1328 3672 1452 3703 Mortem
1463 3670 1642 3701 cruciabilem
1652 3670 1755 3707 fugere.
1777 3667 1878 3698 Arnob.
1887 3667 1990 3697 advers.
2003 3672 2100 3705 gentes
2108 3667 2157 3697 lib.
2172 3676 2200 3697 2.

1289 3710 1313 3742 C
1322 3721 1338 3740 11
1347 3721 1365 3740 u
1375 3720 1392 3739 e
1402 3720 1412 3738 1
1421 3719 1441 3738 A
1451 3719 1466 3738 a
1476 3720 1485 3738 1
1494 3720 1511 3738 L
1520 3710 1531 3737 ῑ
1539 3719 1559 3740 τ
1567 3719 1581 3737 Ε
1590 3718 1605 3737 R
1615 3730 1624 3743 ‚
1648 3708 1713 3738 Adv.
1737 3707 1807 3736 Hirt.
1821 3705 1887 3735 Bell.
1902 3705 1954 3735 Afr.
1966 3715 2027 3743 cap.
2040 3710 2086 3740 46.
2107 3707 2154 3735 Sic
2163 3711 2240 3735 extra
2249 3705 2353 3736 vallum
2364 3706 2451 3736 dedu.

1327 3749 1365 3778 ‹sti
1374 3747 1437 3777 sunt
1447 3769 1455 3783 ‚
1477 3749 1502 3777 &
1512 3745 1698 3776 cruciabiliter
1716 3744 1864 3774 interfedti.
1895 3743 1928 3773 Et
1937 3743 2023 3773 Plaut.
2037 3743 2131 3773 Pseud.
2144 3755 2172 3780 4.
2184 3753 2208 3773 1.
2219 3754 2266 3780 40.
2289 3745 2451 3774 Cruciabili-

1326 3793 1367 3816 ter
1379 3795 1423 3814 me
1434 3795 1492 3815 acci
1517 3791 1563 3814 ito.

1289 3825 1365 3855 Cau
1375 3833 1411 3853 cr
1422 3833 1440 3851 A
1451 3833 1466 3851 a
1476 3795 1558 3851 1511-
1568 3830 1607 3851 As
1619 3842 1628 3856 ,
1648 3821 1710 3850 stis.
1732 3820 1752 3849 f.
1774 3818 1938 3856 [ςρέέλωσις]
1961 3816 2046 3847 Piaut.
2060 3818 2122 3847 Cist.
2138 3827 2164 3847 2.
2182 3828 2205 3848 1.
2217 3827 2242 3855 3.

1407 3860 1464 3897 Qui
1473 3869 1572 3889 omnes
1582 3859 1710 3888 homines
1724 3857 1821 3895 supero
1832 3863 1915 3893 atque
1929 3856 2044 3885 antideo
2057 3856 2305 3885 cruciabiliratibus
2316 3856 2409 3886 animi.

1287 3900 1311 3931 C
1323 3909 1338 3929 a
1348 3910 1365 3930 υ
1374 3900 1433 3929 cir
1442 3908 1456 3927 11
1467 3908 1483 3926 a
1493 3919 1501 3933 ,
1523 3899 1572 3926 Eri.
1595 3906 1632 3925 m.
1654 3896 1732 3926 Idem
1744 3895 1821 3931 quod
1833 3894 1997 3924 cruciarius.
2020 3893 2150 3923 Prudent.
2166 3903 2190 3929 3.
2201 3893 2357 3924 Cathemer.
2368 3904 2410 3932 pr.

1399 3935 1425 3966 Ο
1438 3935 1560 3965 Crucifer
1567 3935 1657 3969 bone,
1678 3933 1816 3963 lucisator.
1899 3931 1935 3960 de
1949 3931 2055 3960 Christo
2067 3932 2192 3961 domino.
2312 3968 2334 3999 C

2343 3979 2360 3998 R
2371 3981 2386 4000 i)
2399 3978 2415 3997 C
2428 3972 2450 3999 ἵε
