<?xml version="1.0" encoding="UTF-8"?>
<!DOCTYPE html PUBLIC "-//W3C//DTD XHTML 1.0 Transitional//EN"
    "http://www.w3.org/TR/xhtml1/DTD/xhtml1-transitional.dtd">
<html xmlns="http://www.w3.org/1999/xhtml" xml:lang="en" lang="en">
 <head>
  <title>
</title>
<meta http-equiv="Content-Type" content="text/html;charset=utf-8" />
  <meta name='ocr-system' content='tesseract 3.04.00' />
  <meta name='ocr-capabilities' content='ocr_page ocr_carea ocr_par ocr_line ocrx_word'/>
</head>
<body>
  <div class='ocr_page' id='page_1' title='image "./robertistephanil01esti_0144.png"; bbox 0 0 2667 4145; ppageno 0'>
   <div class='ocr_carea' id='block_1_1' title="bbox 235 39 2183 112">
    <p class='ocr_par' dir='ltr' id='par_1_1' title="bbox 235 39 2183 112">
     <span class='ocr_line' id='line_1_1' title="bbox 235 39 2183 112; baseline -0.015 -13"><span class='ocrx_word' id='word_1_1' title='bbox 235 76 283 112; x_wconf 80' lang='lat'><strong>70</strong></span> <span class='ocrx_word' id='word_1_2' title='bbox 645 57 674 92; x_wconf 84' lang='lat' dir='ltr'><strong>A</strong></span> <span class='ocrx_word' id='word_1_3' title='bbox 771 55 804 89; x_wconf 93' lang='lat' dir='ltr'><strong>D</strong></span> <span class='ocrx_word' id='word_1_4' title='bbox 904 54 938 87; x_wconf 89' lang='lat' dir='ltr'>O</span> <span class='ocrx_word' id='word_1_5' title='bbox 1891 41 1919 74; x_wconf 82' lang='grc' dir='ltr'><strong>Α</strong></span> <span class='ocrx_word' id='word_1_6' title='bbox 2015 40 2048 73; x_wconf 94' lang='lat' dir='ltr'>D</span> <span class='ocrx_word' id='word_1_7' title='bbox 2149 39 2183 73; x_wconf 93' lang='lat' dir='ltr'>O</span> 
     </span>
    </p>
   </div>
   <div class='ocr_carea' id='block_1_2' title="bbox 2641 97 2667 1215">
    <p class='ocr_par' dir='ltr' id='par_1_2' title="bbox 2641 97 2667 1215">
     <span class='ocr_line' id='line_1_2' title="bbox 2641 97 2667 1215; baseline 0 0"><span class='ocrx_word' id='word_1_8' title='bbox 2641 97 2667 1215; x_wconf 95' lang='lat' dir='ltr'><strong> </strong></span> 
     </span>
    </p>
   </div>
   <div class='ocr_carea' id='block_1_3' title="bbox 241 121 2667 3906">
    <p class='ocr_par' dir='ltr' id='par_1_3' title="bbox 275 121 2602 215">
     <span class='ocr_line' id='line_1_3' title="bbox 275 121 2116 178; baseline -0.016 -1"><span class='ocrx_word' id='word_1_9' title='bbox 275 147 430 178; x_wconf 76' lang='lat' dir='ltr'><strong>abhomine</strong></span> <span class='ocrx_word' id='word_1_10' title='bbox 440 143 562 173; x_wconf 86' lang='lat' dir='ltr'><strong>didicere</strong></span> <span class='ocrx_word' id='word_1_11' title='bbox 571 139 688 168; x_wconf 83' lang='lat' dir='ltr'><strong>blandos</strong></span> <span class='ocrx_word' id='word_1_12' title='bbox 697 137 805 174; x_wconf 78' lang='lat' dir='ltr'><strong>sapores</strong></span> <span class='ocrx_word' id='word_1_13' title='bbox 817 134 985 171; x_wconf 81' lang='lat' dir='ltr'><strong>adoptione,</strong></span> <span class='ocrx_word' id='word_1_14' title='bbox 1009 133 1034 160; x_wconf 64' lang='grc' dir='ltr'><strong>δι</strong></span> <span class='ocrx_word' id='word_1_15' title='bbox 1046 127 1188 158; x_wconf 89' lang='lat' dir='ltr'><strong>connubio</strong></span> <span class='ocrx_word' id='word_1_16' title='bbox 1200 148 1206 158; x_wconf 77' lang='grc'><strong>.</strong></span> <span class='ocrx_word' id='word_1_17' title='bbox 1228 125 1311 162; x_wconf 86' lang='lat' dir='ltr'><strong>idque</strong></span> <span class='ocrx_word' id='word_1_18' title='bbox 1327 135 1387 154; x_wconf 87' lang='lat' dir='ltr'><strong>mu·</strong></span> <span class='ocrx_word' id='word_1_19' title='bbox 1479 124 1618 165; x_wconf 75' lang='lat' dir='ltr'><strong>Adornare</strong></span> <span class='ocrx_word' id='word_1_20' title='bbox 1633 122 1737 164; x_wconf 76' lang='lat' dir='ltr'><strong>leviter.</strong></span> <span class='ocrx_word' id='word_1_21' title='bbox 1770 121 1888 157; x_wconf 78' lang='lat' dir='ltr'><strong>Quintil.</strong></span> <span class='ocrx_word' id='word_1_22' title='bbox 1908 121 1954 150; x_wconf 86' lang='lat' dir='ltr'><strong>lib.</strong></span> <span class='ocrx_word' id='word_1_23' title='bbox 1972 129 1997 158; x_wconf 89' lang='lat'><strong>7.</strong></span> <span class='ocrx_word' id='word_1_24' title='bbox 2016 129 2075 157; x_wconf 88' lang='lat' dir='ltr'><strong>cap.</strong></span> <span class='ocrx_word' id='word_1_25' title='bbox 2092 129 2116 149; x_wconf 85' lang='lat'><strong>2.</strong></span> 
     </span>
     <span class='ocr_line' id='line_1_4' title="bbox 278 154 2602 215; baseline -0.023 0"><span class='ocrx_word' id='word_1_26' title='bbox 278 196 330 215; x_wconf 87' lang='lat' dir='ltr'><strong>nus</strong></span> <span class='ocrx_word' id='word_1_27' title='bbox 342 185 423 214; x_wconf 88' lang='lat' dir='ltr'><strong>etiam</strong></span> <span class='ocrx_word' id='word_1_28' title='bbox 434 182 496 210; x_wconf 82' lang='lat' dir='ltr'><strong>seris</strong></span> <span class='ocrx_word' id='word_1_29' title='bbox 509 177 722 212; x_wconf 72' lang='lat' dir='ltr'>volucribusque</span> <span class='ocrx_word' id='word_1_30' title='bbox 732 174 861 202; x_wconf 82' lang='lat' dir='ltr'>dedimus</span> <span class='ocrx_word' id='word_1_31' title='bbox 872 193 880 205; x_wconf 84' lang='lat'><strong>,</strong></span> <span class='ocrx_word' id='word_1_32' title='bbox 901 172 971 199; x_wconf 80' lang='lat' dir='ltr'><strong>intra</strong></span> <span class='ocrx_word' id='word_1_33' title='bbox 987 168 1129 206; x_wconf 57' lang='lat' dir='ltr'><strong>praedietas</strong></span> <span class='ocrx_word' id='word_1_34' title='bbox 1141 164 1274 206; x_wconf 75' lang='lat' dir='ltr'><strong>constant.</strong></span> <span class='ocrx_word' id='word_1_35' title='bbox 1479 161 1575 190; x_wconf 57' lang='lat' dir='ltr'><strong>Vel-1313</strong></span> <span class='ocrx_word' id='word_1_36' title='bbox 1596 160 1739 202; x_wconf 49' lang='lat' dir='ltr'><strong>benefficffi</strong></span> <span class='ocrx_word' id='word_1_37' title='bbox 1755 159 1815 193; x_wconf 52' lang='lat' dir='ltr'><strong>sm,</strong></span> <span class='ocrx_word' id='word_1_38' title='bbox 1838 159 1911 188; x_wconf 59' lang='lat' dir='ltr'><strong>idem</strong></span> <span class='ocrx_word' id='word_1_39' title='bbox 1924 160 1999 196; x_wconf 66' lang='lat' dir='ltr'><strong>quod</strong></span> <span class='ocrx_word' id='word_1_40' title='bbox 2011 158 2116 187; x_wconf 47' lang='lat' dir='ltr'><strong>omme</strong></span> <span class='ocrx_word' id='word_1_41' title='bbox 2128 179 2134 190; x_wconf 89' lang='lat'><strong>-.</strong></span> <span class='ocrx_word' id='word_1_42' title='bbox 2157 158 2182 185; x_wconf 50' lang='grc' dir='ltr'>ἃ</span> <span class='ocrx_word' id='word_1_43' title='bbox 2199 154 2330 192; x_wconf 50' lang='lat' dir='ltr'><strong>JHfignioe</strong></span> <span class='ocrx_word' id='word_1_44' title='bbox 2345 177 2353 189; x_wconf 35' lang='grc' dir='ltr'><strong>Ἰ</strong></span> <span class='ocrx_word' id='word_1_45' title='bbox 2379 163 2411 184; x_wconf 64' lang='lat' dir='ltr'><strong>ac</strong></span> <span class='ocrx_word' id='word_1_46' title='bbox 2432 154 2602 193; x_wconf 47' lang='lat' dir='ltr'><strong>multiplica-</strong></span> 
     </span>
    </p>

    <p class='ocr_par' dir='ltr' id='par_1_4' title="bbox 241 193 2603 409">
     <span class='ocr_line' id='line_1_5' title="bbox 241 193 2600 255; baseline -0.009 -12"><span class='ocrx_word' id='word_1_47' title='bbox 241 224 478 255; x_wconf 52' lang='lat' dir='ltr'>ADOPTTVUS,</span> <span class='ocrx_word' id='word_1_48' title='bbox 501 219 514 252; x_wconf 94' lang='lat'>[</span> <span class='ocrx_word' id='word_1_49' title='bbox 531 211 675 248; x_wconf 54' lang='lat' dir='ltr'><strong>,ic-mimis,</strong></span> <span class='ocrx_word' id='word_1_50' title='bbox 697 208 781 246; x_wconf 60' lang='grc' dir='ltr'>θετές]</span> <span class='ocrx_word' id='word_1_51' title='bbox 808 210 841 238; x_wconf 85' lang='lat' dir='ltr'><strong>ab</strong></span> <span class='ocrx_word' id='word_1_52' title='bbox 862 209 988 245; x_wconf 84' lang='lat' dir='ltr'><strong>Adopto:</strong></span> <span class='ocrx_word' id='word_1_53' title='bbox 1011 205 1085 233; x_wconf 90' lang='lat' dir='ltr'><strong>unde</strong></span> <span class='ocrx_word' id='word_1_54' title='bbox 1104 203 1161 238; x_wconf 82' lang='lat' dir='ltr'><strong>Qui</strong></span> <span class='ocrx_word' id='word_1_55' title='bbox 1178 201 1324 238; x_wconf 83' lang='lat' dir='ltr'><strong>adoptatus</strong></span> <span class='ocrx_word' id='word_1_56' title='bbox 1341 201 1388 234; x_wconf 79' lang='lat' dir='ltr'><strong>est,</strong></span> <span class='ocrx_word' id='word_1_57' title='bbox 1500 209 1536 227; x_wconf 90' lang='lat' dir='ltr'><strong>re.</strong></span> <span class='ocrx_word' id='word_1_58' title='bbox 1571 197 1637 240; x_wconf 75' lang='lat' dir='ltr'><strong>le.</strong></span> <span class='ocrx_word' id='word_1_59' title='bbox 1662 207 1684 226; x_wconf 91' lang='lat'><strong>1.</strong></span> <span class='ocrx_word' id='word_1_60' title='bbox 1716 198 1796 233; x_wconf 80' lang='lat' dir='ltr'><strong>Epist.</strong></span> <span class='ocrx_word' id='word_1_61' title='bbox 1815 203 1841 230; x_wconf 79' lang='lat'><strong>8.</strong></span> <span class='ocrx_word' id='word_1_62' title='bbox 1911 197 1933 226; x_wconf 92' lang='lat' dir='ltr'><strong>li</strong></span> <span class='ocrx_word' id='word_1_63' title='bbox 1949 206 2013 225; x_wconf 89' lang='lat' dir='ltr'><strong>vero</strong></span> <span class='ocrx_word' id='word_1_64' title='bbox 2036 196 2081 232; x_wconf 88' lang='lat' dir='ltr'><strong>qui</strong></span> <span class='ocrx_word' id='word_1_65' title='bbox 2105 194 2248 223; x_wconf 71' lang='lat' dir='ltr'><strong>benefacta</strong></span> <span class='ocrx_word' id='word_1_66' title='bbox 2268 193 2315 222; x_wconf 75' lang='lat' dir='ltr'><strong>sua</strong></span> <span class='ocrx_word' id='word_1_67' title='bbox 2333 193 2423 222; x_wconf 84' lang='lat' dir='ltr'><strong>verbis</strong></span> <span class='ocrx_word' id='word_1_68' title='bbox 2446 193 2600 229; x_wconf 84' lang='lat' dir='ltr'><strong>adornant,</strong></span> 
     </span>
     <span class='ocr_line' id='line_1_6' title="bbox 278 230 2603 289; baseline -0.013 -2"><span class='ocrx_word' id='word_1_69' title='bbox 278 266 392 289; x_wconf 81' lang='lat' dir='ltr'><strong>vocatur</strong></span> <span class='ocrx_word' id='word_1_70' title='bbox 402 257 486 287; x_wconf 75' lang='lat' dir='ltr'><strong>lilius</strong></span> <span class='ocrx_word' id='word_1_71' title='bbox 495 253 670 289; x_wconf 75' lang='lat' dir='ltr'>adoptativus</span> <span class='ocrx_word' id='word_1_72' title='bbox 684 250 742 282; x_wconf 82' lang='lat' dir='ltr'><strong>eius</strong></span> <span class='ocrx_word' id='word_1_73' title='bbox 751 248 797 285; x_wconf 87' lang='lat' dir='ltr'><strong>qui</strong></span> <span class='ocrx_word' id='word_1_74' title='bbox 807 246 956 282; x_wconf 76' lang='lat' dir='ltr'><strong>adoptavit.</strong></span> <span class='ocrx_word' id='word_1_75' title='bbox 979 242 1049 271; x_wconf 89' lang='lat' dir='ltr'><strong>Gell.</strong></span> <span class='ocrx_word' id='word_1_76' title='bbox 1062 241 1108 270; x_wconf 85' lang='lat' dir='ltr'><strong>lib.</strong></span> <span class='ocrx_word' id='word_1_77' title='bbox 1121 251 1144 274; x_wconf 81' lang='grc' dir='ltr'><strong>ς.</strong></span> <span class='ocrx_word' id='word_1_78' title='bbox 1156 248 1214 281; x_wconf 64' lang='lat' dir='ltr'><strong>cap.</strong></span> <span class='ocrx_word' id='word_1_79' title='bbox 1234 249 1273 273; x_wconf 83' lang='lat'><strong>19.</strong></span> <span class='ocrx_word' id='word_1_80' title='bbox 1305 238 1336 267; x_wconf 87' lang='lat' dir='ltr'><strong>ld</strong></span> <span class='ocrx_word' id='word_1_81' title='bbox 1351 246 1390 267; x_wconf 80' lang='lat' dir='ltr'><strong>et·</strong></span> <span class='ocrx_word' id='word_1_82' title='bbox 1500 245 1558 265; x_wconf 89' lang='lat' dir='ltr'><strong>non</strong></span> <span class='ocrx_word' id='word_1_83' title='bbox 1584 234 1648 263; x_wconf 88' lang='lat' dir='ltr'><strong>1deo</strong></span> <span class='ocrx_word' id='word_1_84' title='bbox 1664 235 1814 272; x_wconf 61' lang='lat' dir='ltr'><strong>praedicarc</strong></span> <span class='ocrx_word' id='word_1_85' title='bbox 1840 235 1902 271; x_wconf 85' lang='lat' dir='ltr'><strong>quia</strong></span> <span class='ocrx_word' id='word_1_86' title='bbox 1925 235 2059 263; x_wconf 75' lang='lat' dir='ltr'><strong>fecerint:</strong></span> <span class='ocrx_word' id='word_1_87' title='bbox 2090 232 2136 261; x_wconf 86' lang='lat' dir='ltr'><strong>sed</strong></span> <span class='ocrx_word' id='word_1_88' title='bbox 2154 240 2187 269; x_wconf 22' lang='lat' dir='ltr'><strong>&gt;ut</strong></span> <span class='ocrx_word' id='word_1_89' title='bbox 2202 231 2384 268; x_wconf 77' lang='lat' dir='ltr'><strong>praedicarent</strong></span> <span class='ocrx_word' id='word_1_90' title='bbox 2400 253 2408 266; x_wconf 81' lang='lat'><strong>,</strong></span> <span class='ocrx_word' id='word_1_91' title='bbox 2437 230 2529 260; x_wconf 78' lang='lat' dir='ltr'><strong>feciffe</strong></span> <span class='ocrx_word' id='word_1_92' title='bbox 2546 240 2603 260; x_wconf 86' lang='lat' dir='ltr'><strong>cre.</strong></span> 
     </span>
     <span class='ocr_line' id='line_1_7' title="bbox 279 274 1614 329; baseline -0.021 -2"><span class='ocrx_word' id='word_1_93' title='bbox 279 299 334 327; x_wconf 86' lang='lat' dir='ltr'><strong>iam</strong></span> <span class='ocrx_word' id='word_1_94' title='bbox 352 305 415 325; x_wconf 88' lang='lat' dir='ltr'><strong>eum</strong></span> <span class='ocrx_word' id='word_1_95' title='bbox 426 291 591 329; x_wconf 75' lang='lat' dir='ltr'><strong>culpavisse,</strong></span> <span class='ocrx_word' id='word_1_96' title='bbox 613 288 688 325; x_wconf 90' lang='lat' dir='ltr'><strong>quod</strong></span> <span class='ocrx_word' id='word_1_97' title='bbox 698 287 769 315; x_wconf 84' lang='lat' dir='ltr'><strong>filius</strong></span> <span class='ocrx_word' id='word_1_98' title='bbox 779 284 925 320; x_wconf 83' lang='lat' dir='ltr'><strong>adoptivus</strong></span> <span class='ocrx_word' id='word_1_99' title='bbox 941 280 1011 318; x_wconf 85' lang='lat' dir='ltr'><strong>patri</strong></span> <span class='ocrx_word' id='word_1_100' title='bbox 1022 279 1177 316; x_wconf 79' lang='lat' dir='ltr'><strong>adoptatori</strong></span> <span class='ocrx_word' id='word_1_101' title='bbox 1196 282 1267 305; x_wconf 77' lang='lat' dir='ltr'><strong>inter</strong></span> <span class='ocrx_word' id='word_1_102' title='bbox 1280 277 1392 313; x_wconf 59' lang='lat' dir='ltr'><strong>praemia</strong></span> <span class='ocrx_word' id='word_1_103' title='bbox 1502 274 1614 301; x_wconf 82' lang='lat' dir='ltr'><strong>duntur.</strong></span> 
     </span>
     <span class='ocr_line' id='line_1_8' title="bbox 278 305 2602 374; baseline -0.022 -11"><span class='ocrx_word' id='word_1_104' title='bbox 278 342 388 374; x_wconf 84' lang='lat' dir='ltr'><strong>patrum</strong></span> <span class='ocrx_word' id='word_1_105' title='bbox 410 329 556 369; x_wconf 69' lang='lat' dir='ltr'><strong>prodesset.</strong></span> <span class='ocrx_word' id='word_1_106' title='bbox 598 327 625 355; x_wconf 93' lang='lat' dir='ltr'><strong>P.</strong></span> <span class='ocrx_word' id='word_1_107' title='bbox 643 325 736 361; x_wconf 83' lang='lat' dir='ltr'><strong>Scipio</strong></span> <span class='ocrx_word' id='word_1_108' title='bbox 753 322 820 351; x_wconf 85' lang='lat' dir='ltr'><strong>ibid.</strong></span> <span class='ocrx_word' id='word_1_109' title='bbox 835 320 942 353; x_wconf 72' lang='lat' dir='ltr'><strong>‚Filium</strong></span> <span class='ocrx_word' id='word_1_110' title='bbox 956 316 1120 354; x_wconf 86' lang='lat' dir='ltr'><strong>adoptivum</strong></span> <span class='ocrx_word' id='word_1_111' title='bbox 1141 321 1199 343; x_wconf 76' lang='lat' dir='ltr'><strong>tam</strong></span> <span class='ocrx_word' id='word_1_112' title='bbox 1216 314 1367 352; x_wconf 81' lang='lat' dir='ltr'><strong>procedere</strong></span> <span class='ocrx_word' id='word_1_113' title='bbox 1382 335 1390 349; x_wconf 91' lang='lat'>‚</span> <span class='ocrx_word' id='word_1_114' title='bbox 1483 312 1637 344; x_wconf 69' lang='lat' dir='ltr'><strong>Adon-iare,</strong></span> <span class='ocrx_word' id='word_1_115' title='bbox 1661 310 1813 345; x_wconf 49' lang='lat' dir='ltr'><strong>rippam-e,</strong></span> <span class='ocrx_word' id='word_1_116' title='bbox 1835 316 1865 337; x_wconf 65' lang='lat' dir='ltr'><strong>ut</strong></span> <span class='ocrx_word' id='word_1_117' title='bbox 1881 309 1919 337; x_wconf 63' lang='lat' dir='ltr'><strong>ait</strong></span> <span class='ocrx_word' id='word_1_118' title='bbox 1932 309 2066 338; x_wconf 42' lang='lat' dir='ltr'>Donatus·</span> <span class='ocrx_word' id='word_1_119' title='bbox 2105 307 2168 336; x_wconf 46' lang='lat' dir='ltr'><strong>Tel..</strong></span> <span class='ocrx_word' id='word_1_120' title='bbox 2190 305 2258 335; x_wconf 46' lang='lat' dir='ltr'><strong>Eun·</strong></span> <span class='ocrx_word' id='word_1_121' title='bbox 2278 314 2302 342; x_wconf 44' lang='lat'><strong>3.</strong></span> <span class='ocrx_word' id='word_1_122' title='bbox 2337 316 2359 341; x_wconf 37' lang='grc' dir='ltr'><strong>ς,</strong></span> <span class='ocrx_word' id='word_1_123' title='bbox 2387 314 2429 342; x_wconf 43' lang='grc'><strong>34,</strong></span> <span class='ocrx_word' id='word_1_124' title='bbox 2462 305 2602 336; x_wconf 89' lang='lat' dir='ltr'><strong>Continuo</strong></span> 
     </span>
     <span class='ocr_line' id='line_1_9' title="bbox 281 346 1889 409; baseline -0.016 -7"><span class='ocrx_word' id='word_1_125' title='bbox 281 382 364 409; x_wconf 88' lang='lat' dir='ltr'><strong>quam</strong></span> <span class='ocrx_word' id='word_1_126' title='bbox 385 370 402 398; x_wconf 76' lang='lat' dir='ltr'><strong>si</strong></span> <span class='ocrx_word' id='word_1_127' title='bbox 421 379 456 398; x_wconf 70' lang='lat' dir='ltr'><strong>ex</strong></span> <span class='ocrx_word' id='word_1_128' title='bbox 469 368 606 396; x_wconf 84' lang='lat' dir='ltr'><strong>senatum</strong></span> <span class='ocrx_word' id='word_1_129' title='bbox 629 363 734 391; x_wconf 82' lang='lat' dir='ltr'><strong>habeat.</strong></span> <span class='ocrx_word' id='word_1_130' title='bbox 1152 389 1156 395; x_wconf 37' lang='grc' dir='ltr'>Ι</span> <span class='ocrx_word' id='word_1_131' title='bbox 1315 389 1320 394; x_wconf 46' lang='grc'><em>.</em></span> <span class='ocrx_word' id='word_1_132' title='bbox 1504 349 1562 377; x_wconf 71' lang='lat' dir='ltr'><strong>haec</strong></span> <span class='ocrx_word' id='word_1_133' title='bbox 1579 348 1733 379; x_wconf 62' lang='lat' dir='ltr'><strong>adornant.</strong></span> <span class='ocrx_word' id='word_1_134' title='bbox 1758 355 1789 375; x_wconf 88' lang='lat' dir='ltr'><strong>ut</strong></span> <span class='ocrx_word' id='word_1_135' title='bbox 1809 346 1889 376; x_wconf 74' lang='lat' dir='ltr'><strong>lavet.</strong></span> 
     </span>
    </p>

    <p class='ocr_par' dir='ltr' id='par_1_5' title="bbox 282 379 2602 521">
     <span class='ocr_line' id='line_1_10' title="bbox 282 379 2602 446; baseline -0.013 -9"><span class='ocrx_word' id='word_1_136' title='bbox 282 409 419 446; x_wconf 77' lang='lat' dir='ltr'><strong>Adoptiva</strong></span> <span class='ocrx_word' id='word_1_137' title='bbox 433 406 513 434; x_wconf 75' lang='lat' dir='ltr'><strong>sacra.</strong></span> <span class='ocrx_word' id='word_1_138' title='bbox 535 403 592 431; x_wconf 89' lang='lat' dir='ltr'><strong>Cic.</strong></span> <span class='ocrx_word' id='word_1_139' title='bbox 605 411 655 438; x_wconf 91' lang='lat' dir='ltr'><strong>pro</strong></span> <span class='ocrx_word' id='word_1_140' title='bbox 668 400 759 428; x_wconf 86' lang='lat' dir='ltr'><strong>Domo</strong></span> <span class='ocrx_word' id='word_1_141' title='bbox 770 396 869 429; x_wconf 80' lang='lat' dir='ltr'><strong>sua35.</strong></span> <span class='ocrx_word' id='word_1_142' title='bbox 904 392 1050 434; x_wconf 72' lang='lat' dir='ltr'><strong>Tuneque</strong></span> <span class='ocrx_word' id='word_1_143' title='bbox 1060 389 1192 419; x_wconf 82' lang='lat' dir='ltr'><strong>Fonteius</strong></span> <span class='ocrx_word' id='word_1_144' title='bbox 1203 399 1231 418; x_wconf 89' lang='lat' dir='ltr'><strong>es</strong></span> <span class='ocrx_word' id='word_1_145' title='bbox 1246 411 1254 424; x_wconf 97' lang='lat'><strong>,</strong></span> <span class='ocrx_word' id='word_1_146' title='bbox 1276 399 1321 424; x_wconf 80' lang='lat' dir='ltr'><strong>qul</strong></span> <span class='ocrx_word' id='word_1_147' title='bbox 1339 388 1392 418; x_wconf 84' lang='lat' dir='ltr'><strong>esse</strong></span> <span class='ocrx_word' id='word_1_148' title='bbox 1484 387 1624 428; x_wconf 79' lang='lat' dir='ltr'><strong>Adornare</strong></span> <span class='ocrx_word' id='word_1_149' title='bbox 1635 406 1642 417; x_wconf 84' lang='lat'><strong>,</strong></span> <span class='ocrx_word' id='word_1_150' title='bbox 1664 384 1771 419; x_wconf 76' lang='lat' dir='ltr'><strong>Parare,</strong></span> <span class='ocrx_word' id='word_1_151' title='bbox 1794 386 1819 414; x_wconf 63' lang='grc' dir='ltr'><em>ἃ</em></span> <span class='ocrx_word' id='word_1_152' title='bbox 1840 384 1941 412; x_wconf 83' lang='lat' dir='ltr'><strong>conari.</strong></span> <span class='ocrx_word' id='word_1_153' title='bbox 1963 383 2051 412; x_wconf 84' lang='lat' dir='ltr'><strong>Plaut.</strong></span> <span class='ocrx_word' id='word_1_154' title='bbox 2065 382 2144 420; x_wconf 83' lang='lat' dir='ltr'><strong>Epid.</strong></span> <span class='ocrx_word' id='word_1_155' title='bbox 2161 393 2183 415; x_wconf 78' lang='grc' dir='ltr'><strong>ς.</strong></span> <span class='ocrx_word' id='word_1_156' title='bbox 2199 390 2225 409; x_wconf 85' lang='lat'><strong>2·</strong></span> <span class='ocrx_word' id='word_1_157' title='bbox 2237 390 2281 416; x_wconf 79' lang='lat'><strong>25.</strong></span> <span class='ocrx_word' id='word_1_158' title='bbox 2302 379 2451 417; x_wconf 79' lang='lat' dir='ltr'><strong>Tragulam</strong></span> <span class='ocrx_word' id='word_1_159' title='bbox 2467 381 2496 408; x_wconf 90' lang='lat' dir='ltr'><strong>in</strong></span> <span class='ocrx_word' id='word_1_160' title='bbox 2515 386 2542 409; x_wconf 88' lang='lat' dir='ltr'><strong>te</strong></span> <span class='ocrx_word' id='word_1_161' title='bbox 2563 381 2602 409; x_wconf 84' lang='lat' dir='ltr'><strong>in-</strong></span> 
     </span>
     <span class='ocr_line' id='line_1_11' title="bbox 302 419 2300 477; baseline -0.015 -1"><span class='ocrx_word' id='word_1_162' title='bbox 302 446 439 476; x_wconf 79' lang='lat' dir='ltr'><strong>debebas:</strong></span> <span class='ocrx_word' id='word_1_163' title='bbox 474 450 562 477; x_wconf 89' lang='lat' dir='ltr'><strong>neque</strong></span> <span class='ocrx_word' id='word_1_164' title='bbox 581 439 663 476; x_wconf 84' lang='lat' dir='ltr'><strong>patris</strong></span> <span class='ocrx_word' id='word_1_165' title='bbox 676 437 775 467; x_wconf 56' lang='lat' dir='ltr'><strong>haeres,</strong></span> <span class='ocrx_word' id='word_1_166' title='bbox 801 441 891 468; x_wconf 87' lang='lat' dir='ltr'><strong>neque</strong></span> <span class='ocrx_word' id='word_1_167' title='bbox 906 429 1006 459; x_wconf 78' lang='lat' dir='ltr'><strong>amissis</strong></span> <span class='ocrx_word' id='word_1_168' title='bbox 1025 428 1105 457; x_wconf 81' lang='lat' dir='ltr'><strong>sacris</strong></span> <span class='ocrx_word' id='word_1_169' title='bbox 1121 428 1262 465; x_wconf 86' lang='lat' dir='ltr'><strong>paternis,</strong></span> <span class='ocrx_word' id='word_1_170' title='bbox 1284 428 1312 456; x_wconf 89' lang='lat' dir='ltr'><strong>in</strong></span> <span class='ocrx_word' id='word_1_171' title='bbox 1334 427 1394 456; x_wconf 74' lang='lat' dir='ltr'><strong>haec</strong></span> <span class='ocrx_word' id='word_1_172' title='bbox 1506 425 1587 459; x_wconf 75' lang='lat' dir='ltr'><strong>jiccre</strong></span> <span class='ocrx_word' id='word_1_173' title='bbox 1611 422 1734 450; x_wconf 80' lang='lat' dir='ltr'><strong>adornat.</strong></span> <span class='ocrx_word' id='word_1_174' title='bbox 1757 422 1773 450; x_wconf 89' lang='lat' dir='ltr'><strong>i.</strong></span> <span class='ocrx_word' id='word_1_175' title='bbox 1797 432 1820 450; x_wconf 89' lang='lat' dir='ltr'><strong>e.</strong></span> <span class='ocrx_word' id='word_1_176' title='bbox 1851 422 1968 451; x_wconf 83' lang='lat' dir='ltr'><strong>Molitur</strong></span> <span class='ocrx_word' id='word_1_177' title='bbox 1989 423 2103 459; x_wconf 72' lang='lat' dir='ltr'><strong>&amp;parat</strong></span> <span class='ocrx_word' id='word_1_178' title='bbox 2117 427 2146 449; x_wconf 87' lang='lat' dir='ltr'><strong>te</strong></span> <span class='ocrx_word' id='word_1_179' title='bbox 2162 419 2300 456; x_wconf 83' lang='lat' dir='ltr'><strong>decipere.</strong></span> 
     </span>
     <span class='ocr_line' id='line_1_12' title="bbox 301 458 1958 521; baseline -0.014 -9"><span class='ocrx_word' id='word_1_180' title='bbox 301 483 432 521; x_wconf 80' lang='lat' dir='ltr'><strong>adoptiva</strong></span> <span class='ocrx_word' id='word_1_181' title='bbox 446 479 550 509; x_wconf 85' lang='lat' dir='ltr'><strong>venisti.</strong></span> <span class='ocrx_word' id='word_1_182' title='bbox 573 477 599 505; x_wconf 92' lang='lat' dir='ltr'><strong>h.</strong></span> <span class='ocrx_word' id='word_1_183' title='bbox 612 486 635 504; x_wconf 89' lang='lat' dir='ltr'><strong>e.</strong></span> <span class='ocrx_word' id='word_1_184' title='bbox 663 473 695 503; x_wconf 88' lang='lat' dir='ltr'><strong>In</strong></span> <span class='ocrx_word' id='word_1_185' title='bbox 706 473 777 500; x_wconf 75' lang='lat' dir='ltr'><strong>sacra</strong></span> <span class='ocrx_word' id='word_1_186' title='bbox 789 468 957 506; x_wconf 80' lang='lat' dir='ltr'><strong>adoptatoris</strong></span> <span class='ocrx_word' id='word_1_187' title='bbox 968 468 1008 496; x_wconf 89' lang='lat' dir='ltr'><strong>tui</strong></span> <span class='ocrx_word' id='word_1_188' title='bbox 1018 465 1136 496; x_wconf 86' lang='lat' dir='ltr'><strong>Fonteii.</strong></span> <span class='ocrx_word' id='word_1_189' title='bbox 1339 494 1343 495; x_wconf 21' lang='lat'><em>⁷</em></span> <span class='ocrx_word' id='word_1_190' title='bbox 1486 461 1625 491; x_wconf 84' lang='lat' dir='ltr'><strong>Adornare</strong></span> <span class='ocrx_word' id='word_1_191' title='bbox 1637 458 1750 488; x_wconf 87' lang='lat' dir='ltr'><strong>bellum.</strong></span> <span class='ocrx_word' id='word_1_192' title='bbox 1773 458 1829 488; x_wconf 90' lang='lat' dir='ltr'><strong>Liv.</strong></span> <span class='ocrx_word' id='word_1_193' title='bbox 1853 470 1894 488; x_wconf 92' lang='lat'><strong>10.</strong></span> <span class='ocrx_word' id='word_1_194' title='bbox 1914 465 1958 495; x_wconf 87' lang='lat'><strong>38.</strong></span> 
     </span>
    </p>

    <p class='ocr_par' dir='ltr' id='par_1_6' title="bbox 245 492 2605 554">
     <span class='ocr_line' id='line_1_13' title="bbox 245 492 2605 554; baseline -0.013 -2"><span class='ocrx_word' id='word_1_195' title='bbox 245 525 472 554; x_wconf 69' lang='lat' dir='ltr'><strong>AuorTARru</strong></span> <span class='ocrx_word' id='word_1_196' title='bbox 483 527 510 551; x_wconf 79' lang='lat' dir='ltr'><strong>s,</strong></span> <span class='ocrx_word' id='word_1_197' title='bbox 532 512 694 550; x_wconf 74' lang='lat' dir='ltr'><strong>Adoptarius</strong></span> <span class='ocrx_word' id='word_1_198' title='bbox 709 518 776 546; x_wconf 87' lang='lat' dir='ltr'><strong>puer</strong></span> <span class='ocrx_word' id='word_1_199' title='bbox 787 517 821 535; x_wconf 65' lang='lat' dir='ltr'><strong>ex</strong></span> <span class='ocrx_word' id='word_1_200' title='bbox 835 506 968 543; x_wconf 87' lang='lat' dir='ltr'><strong>adoptato</strong></span> <span class='ocrx_word' id='word_1_201' title='bbox 976 511 1066 534; x_wconf 85' lang='lat' dir='ltr'><strong>natus.</strong></span> <span class='ocrx_word' id='word_1_202' title='bbox 1100 503 1134 532; x_wconf 87' lang='lat' dir='ltr'><strong>In</strong></span> <span class='ocrx_word' id='word_1_203' title='bbox 1145 502 1237 531; x_wconf 79' lang='lat' dir='ltr'><strong>Isidor.</strong></span> <span class='ocrx_word' id='word_1_204' title='bbox 1251 501 1333 531; x_wconf 79' lang='lat' dir='ltr'><strong>Glols.</strong></span> <span class='ocrx_word' id='word_1_205' title='bbox 1487 498 1730 535; x_wconf 64' lang='lat' dir='ltr'><strong>Comparationem</strong></span> <span class='ocrx_word' id='word_1_206' title='bbox 1742 498 1873 526; x_wconf 89' lang='lat' dir='ltr'><strong>criminis.</strong></span> <span class='ocrx_word' id='word_1_207' title='bbox 1896 497 1954 526; x_wconf 92' lang='lat' dir='ltr'><strong>Cic.</strong></span> <span class='ocrx_word' id='word_1_208' title='bbox 1967 506 2018 534; x_wconf 93' lang='lat' dir='ltr'><strong>pro</strong></span> <span class='ocrx_word' id='word_1_209' title='bbox 2036 495 2147 525; x_wconf 88' lang='lat' dir='ltr'><strong>Cluent.</strong></span> <span class='ocrx_word' id='word_1_210' title='bbox 2165 504 2225 529; x_wconf 84' lang='lat'><strong>191.</strong></span> <span class='ocrx_word' id='word_1_211' title='bbox 2246 494 2264 522; x_wconf 91' lang='lat' dir='ltr'><strong>i.</strong></span> <span class='ocrx_word' id='word_1_212' title='bbox 2284 503 2308 523; x_wconf 72' lang='lat' dir='ltr'><strong>e.</strong></span> <span class='ocrx_word' id='word_1_213' title='bbox 2332 492 2498 530; x_wconf 85' lang='lat' dir='ltr'><strong>Comparare</strong></span> <span class='ocrx_word' id='word_1_214' title='bbox 2514 494 2540 522; x_wconf 84' lang='lat'>&amp;</span> <span class='ocrx_word' id='word_1_215' title='bbox 2556 492 2605 521; x_wconf 81' lang='lat' dir='ltr'><strong>fin-</strong></span> 
     </span>
    </p>

    <p class='ocr_par' dir='ltr' id='par_1_7' title="bbox 245 535 2513 627">
     <span class='ocr_line' id='line_1_14' title="bbox 245 535 1700 592; baseline -0.016 -4"><span class='ocrx_word' id='word_1_216' title='bbox 245 563 526 592; x_wconf 73' lang='lat' dir='ltr'><strong>ADOPTAsslLIS,</strong></span> <span class='ocrx_word' id='word_1_217' title='bbox 548 552 606 587; x_wconf 78' lang='lat' dir='ltr'><strong>JCt.</strong></span> <span class='ocrx_word' id='word_1_218' title='bbox 629 548 698 577; x_wconf 86' lang='lat' dir='ltr'><strong>Cod.</strong></span> <span class='ocrx_word' id='word_1_219' title='bbox 719 556 759 574; x_wconf 92' lang='lat'><strong>11.</strong></span> <span class='ocrx_word' id='word_1_220' title='bbox 771 552 790 573; x_wconf 94' lang='lat' dir='ltr'><strong>t.</strong></span> <span class='ocrx_word' id='word_1_221' title='bbox 806 554 848 573; x_wconf 85' lang='lat'><strong>11.</strong></span> <span class='ocrx_word' id='word_1_222' title='bbox 861 543 878 572; x_wconf 95' lang='lat' dir='ltr'><strong>l.</strong></span> <span class='ocrx_word' id='word_1_223' title='bbox 899 554 922 573; x_wconf 87' lang='lat'><strong>1.</strong></span> <span class='ocrx_word' id='word_1_224' title='bbox 958 542 1044 580; x_wconf 79' lang='lat' dir='ltr'><strong>Quod</strong></span> <span class='ocrx_word' id='word_1_225' title='bbox 1058 542 1088 570; x_wconf 90' lang='lat' dir='ltr'><strong>in</strong></span> <span class='ocrx_word' id='word_1_226' title='bbox 1097 540 1336 577; x_wconf 85' lang='lat' dir='ltr'><strong>cultuornatuque</strong></span> <span class='ocrx_word' id='word_1_227' title='bbox 1347 549 1397 568; x_wconf 92' lang='lat' dir='ltr'><strong>no-</strong></span> <span class='ocrx_word' id='word_1_228' title='bbox 1506 546 1567 572; x_wconf 69' lang='lat' dir='ltr'><strong>gere</strong></span> <span class='ocrx_word' id='word_1_229' title='bbox 1586 535 1700 564; x_wconf 82' lang='lat' dir='ltr'><strong>crimen.</strong></span> 
     </span>
     <span class='ocr_line' id='line_1_15' title="bbox 284 568 2513 627; baseline -0.012 -4"><span class='ocrx_word' id='word_1_230' title='bbox 284 599 337 627; x_wconf 79' lang='lat' dir='ltr'><strong>stro</strong></span> <span class='ocrx_word' id='word_1_231' title='bbox 354 595 458 624; x_wconf 76' lang='lat' dir='ltr'><strong>sacrum</strong></span> <span class='ocrx_word' id='word_1_232' title='bbox 474 586 666 624; x_wconf 75' lang='lat' dir='ltr'><strong>&amp;adoptabile</strong></span> <span class='ocrx_word' id='word_1_233' title='bbox 680 584 726 613; x_wconf 73' lang='lat' dir='ltr'><strong>est.</strong></span> <span class='ocrx_word' id='word_1_234' title='bbox 1488 573 1601 606; x_wconf 66' lang='lat' dir='ltr'><strong>Galeas,</strong></span> <span class='ocrx_word' id='word_1_235' title='bbox 1623 572 1714 614; x_wconf 70' lang='lat' dir='ltr'><strong>scuta,</strong></span> <span class='ocrx_word' id='word_1_236' title='bbox 1735 572 1848 610; x_wconf 80' lang='lat' dir='ltr'><strong>gladios.</strong></span> <span class='ocrx_word' id='word_1_237' title='bbox 1871 572 1938 601; x_wconf 88' lang='lat' dir='ltr'><strong>Plin.</strong></span> <span class='ocrx_word' id='word_1_238' title='bbox 1957 571 2004 600; x_wconf 90' lang='lat' dir='ltr'><strong>lib.</strong></span> <span class='ocrx_word' id='word_1_239' title='bbox 2020 580 2062 606; x_wconf 86' lang='lat'><strong>32.</strong></span> <span class='ocrx_word' id='word_1_240' title='bbox 2086 580 2146 607; x_wconf 84' lang='lat' dir='ltr'><strong>cap.</strong></span> <span class='ocrx_word' id='word_1_241' title='bbox 2165 579 2190 598; x_wconf 93' lang='lat'><strong>2.</strong></span> <span class='ocrx_word' id='word_1_242' title='bbox 2212 571 2239 598; x_wconf 73' lang='lat' dir='ltr'><strong>Sc</strong></span> <span class='ocrx_word' id='word_1_243' title='bbox 2258 568 2306 597; x_wconf 90' lang='lat' dir='ltr'><strong>lib.</strong></span> <span class='ocrx_word' id='word_1_244' title='bbox 2329 578 2370 604; x_wconf 88' lang='lat'><strong>19.</strong></span> <span class='ocrx_word' id='word_1_245' title='bbox 2390 578 2448 605; x_wconf 86' lang='lat' dir='ltr'><strong>cap.</strong></span> <span class='ocrx_word' id='word_1_246' title='bbox 2469 577 2513 603; x_wconf 85' lang='lat'><strong>34.</strong></span> 
     </span>
    </p>

    <p class='ocr_par' dir='ltr' id='par_1_8' title="bbox 248 606 2503 740">
     <span class='ocr_line' id='line_1_16' title="bbox 248 606 2503 666; baseline -0.012 -5"><span class='ocrx_word' id='word_1_247' title='bbox 248 638 295 666; x_wconf 72' lang='lat' dir='ltr'><strong>An</strong></span> <span class='ocrx_word' id='word_1_248' title='bbox 306 645 322 663; x_wconf 93' lang='lat'>0</span> <span class='ocrx_word' id='word_1_249' title='bbox 332 644 348 662; x_wconf 69' lang='lat' dir='ltr'>R</span> <span class='ocrx_word' id='word_1_250' title='bbox 359 655 367 665; x_wconf 70' lang='grc'>,</span> <span class='ocrx_word' id='word_1_251' title='bbox 388 629 489 660; x_wconf 83' lang='lat' dir='ltr'><strong>indecl.</strong></span> <span class='ocrx_word' id='word_1_252' title='bbox 509 638 536 656; x_wconf 88' lang='lat' dir='ltr'><strong>n.</strong></span> <span class='ocrx_word' id='word_1_253' title='bbox 559 625 650 655; x_wconf 78' lang='lat' dir='ltr'><strong>festus</strong></span> <span class='ocrx_word' id='word_1_254' title='bbox 661 645 668 657; x_wconf 77' lang='grc'>,</span> <span class='ocrx_word' id='word_1_255' title='bbox 697 620 769 650; x_wconf 80' lang='lat' dir='ltr'><strong>Ador</strong></span> <span class='ocrx_word' id='word_1_256' title='bbox 781 642 788 654; x_wconf 85' lang='lat'><strong>,</strong></span> <span class='ocrx_word' id='word_1_257' title='bbox 809 619 895 648; x_wconf 85' lang='lat' dir='ltr'><strong>Farris</strong></span> <span class='ocrx_word' id='word_1_258' title='bbox 910 628 996 655; x_wconf 84' lang='lat' dir='ltr'><strong>genus</strong></span> <span class='ocrx_word' id='word_1_259' title='bbox 1010 641 1018 653; x_wconf 94' lang='lat'><strong>,</strong></span> <span class='ocrx_word' id='word_1_260' title='bbox 1045 618 1119 648; x_wconf 86' lang='lat' dir='ltr'><strong>Edor</strong></span> <span class='ocrx_word' id='word_1_261' title='bbox 1144 615 1286 654; x_wconf 86' lang='lat' dir='ltr'><strong>quondam</strong></span> <span class='ocrx_word' id='word_1_262' title='bbox 1304 613 1411 652; x_wconf 51' lang='lat' dir='ltr'><strong>appel-⁷</strong></span> <span class='ocrx_word' id='word_1_263' title='bbox 1488 612 1566 641; x_wconf 68' lang='lat' dir='ltr'><strong>Mare</strong></span> <span class='ocrx_word' id='word_1_264' title='bbox 1580 610 1706 639; x_wconf 75' lang='lat' dir='ltr'><strong>claffibus</strong></span> <span class='ocrx_word' id='word_1_265' title='bbox 1716 633 1724 645; x_wconf 91' lang='lat'><strong>,</strong></span> <span class='ocrx_word' id='word_1_266' title='bbox 1739 610 1950 646; x_wconf 76' lang='lat' dir='ltr'><strong>firmillimisque</strong></span> <span class='ocrx_word' id='word_1_267' title='bbox 1962 608 2100 647; x_wconf 73' lang='lat' dir='ltr'><strong>praelidiis.</strong></span> <span class='ocrx_word' id='word_1_268' title='bbox 2124 608 2181 637; x_wconf 88' lang='lat' dir='ltr'><strong>Cic.</strong></span> <span class='ocrx_word' id='word_1_269' title='bbox 2200 616 2250 644; x_wconf 93' lang='lat' dir='ltr'><strong>pro</strong></span> <span class='ocrx_word' id='word_1_270' title='bbox 2265 606 2337 643; x_wconf 86' lang='lat' dir='ltr'><strong>Lege</strong></span> <span class='ocrx_word' id='word_1_271' title='bbox 2349 606 2446 636; x_wconf 84' lang='lat' dir='ltr'><strong>Manil.</strong></span> <span class='ocrx_word' id='word_1_272' title='bbox 2460 615 2503 642; x_wconf 86' lang='lat'><strong>35.</strong></span> 
     </span>
     <span class='ocr_line' id='line_1_17' title="bbox 284 646 2178 702; baseline -0.015 0"><span class='ocrx_word' id='word_1_273' title='bbox 284 673 370 702; x_wconf 86' lang='lat' dir='ltr'><strong>latum</strong></span> <span class='ocrx_word' id='word_1_274' title='bbox 391 669 424 697; x_wconf 83' lang='lat' dir='ltr'><strong>ab</strong></span> <span class='ocrx_word' id='word_1_275' title='bbox 444 665 570 696; x_wconf 73' lang='lat' dir='ltr'><strong>edendo:</strong></span> <span class='ocrx_word' id='word_1_276' title='bbox 599 660 643 690; x_wconf 87' lang='lat' dir='ltr'><strong>vel</strong></span> <span class='ocrx_word' id='word_1_277' title='bbox 665 658 741 696; x_wconf 88' lang='lat' dir='ltr'><strong>quod</strong></span> <span class='ocrx_word' id='word_1_278' title='bbox 763 657 892 686; x_wconf 79' lang='lat' dir='ltr'><strong>aduratur</strong></span> <span class='ocrx_word' id='word_1_279' title='bbox 910 663 941 685; x_wconf 88' lang='lat' dir='ltr'><strong>ut</strong></span> <span class='ocrx_word' id='word_1_280' title='bbox 958 656 1005 685; x_wconf 87' lang='lat' dir='ltr'><strong>fiat</strong></span> <span class='ocrx_word' id='word_1_281' title='bbox 1020 656 1141 690; x_wconf 88' lang='lat' dir='ltr'><strong>tostum,</strong></span> <span class='ocrx_word' id='word_1_282' title='bbox 1164 655 1238 683; x_wconf 89' lang='lat' dir='ltr'><strong>unde</strong></span> <span class='ocrx_word' id='word_1_283' title='bbox 1253 653 1281 680; x_wconf 89' lang='lat' dir='ltr'><strong>in</strong></span> <span class='ocrx_word' id='word_1_284' title='bbox 1301 652 1398 680; x_wconf 73' lang='lat' dir='ltr'><strong>sacrifi·</strong></span> <span class='ocrx_word' id='word_1_285' title='bbox 1489 650 1587 678; x_wconf 76' lang='lat' dir='ltr'><strong>Naves.</strong></span> <span class='ocrx_word' id='word_1_286' title='bbox 1610 647 1674 676; x_wconf 74' lang='lat' dir='ltr'><strong>Caes.</strong></span> <span class='ocrx_word' id='word_1_287' title='bbox 1693 647 1884 677; x_wconf 89' lang='lat' dir='ltr'><strong>1.Bell.Civil.</strong></span> <span class='ocrx_word' id='word_1_288' title='bbox 1902 651 1946 676; x_wconf 88' lang='lat'><strong>26.</strong></span> <span class='ocrx_word' id='word_1_289' title='bbox 1967 656 2017 684; x_wconf 88' lang='lat' dir='ltr'><strong>pro</strong></span> <span class='ocrx_word' id='word_1_290' title='bbox 2035 646 2178 675; x_wconf 89' lang='lat' dir='ltr'><strong>Instruere.</strong></span> 
     </span>
     <span class='ocr_line' id='line_1_18' title="bbox 284 683 2285 740; baseline -0.013 -2"><span class='ocrx_word' id='word_1_291' title='bbox 284 711 328 740; x_wconf 86' lang='lat' dir='ltr'><strong>cio</strong></span> <span class='ocrx_word' id='word_1_292' title='bbox 338 706 411 736; x_wconf 85' lang='lat' dir='ltr'><strong>mola</strong></span> <span class='ocrx_word' id='word_1_293' title='bbox 429 703 490 733; x_wconf 75' lang='lat' dir='ltr'><strong>salsa</strong></span> <span class='ocrx_word' id='word_1_294' title='bbox 505 701 630 730; x_wconf 81' lang='lat' dir='ltr'><strong>efficitur.</strong></span> <span class='ocrx_word' id='word_1_295' title='bbox 669 696 795 730; x_wconf 87' lang='lat' dir='ltr'><strong>Nonius,</strong></span> <span class='ocrx_word' id='word_1_296' title='bbox 816 695 888 723; x_wconf 89' lang='lat' dir='ltr'><strong>Ador</strong></span> <span class='ocrx_word' id='word_1_297' title='bbox 901 718 907 729; x_wconf 89' lang='lat'><strong>,</strong></span> <span class='ocrx_word' id='word_1_298' title='bbox 928 694 1069 723; x_wconf 87' lang='lat' dir='ltr'><strong>Frumenti</strong></span> <span class='ocrx_word' id='word_1_299' title='bbox 1086 702 1172 731; x_wconf 81' lang='lat' dir='ltr'><strong>genus</strong></span> <span class='ocrx_word' id='word_1_300' title='bbox 1187 714 1194 727; x_wconf 90' lang='lat'><strong>,</strong></span> <span class='ocrx_word' id='word_1_301' title='bbox 1219 690 1294 728; x_wconf 89' lang='lat' dir='ltr'><strong>quod</strong></span> <span class='ocrx_word' id='word_1_302' title='bbox 1308 689 1398 727; x_wconf 88' lang='lat' dir='ltr'><strong>epulis</strong></span> <span class='ocrx_word' id='word_1_303' title='bbox 1489 686 1616 722; x_wconf 74' lang='lat' dir='ltr'><strong>Nuptias.</strong></span> <span class='ocrx_word' id='word_1_304' title='bbox 1638 685 1723 714; x_wconf 84' lang='lat' dir='ltr'><strong>Plaut.</strong></span> <span class='ocrx_word' id='word_1_305' title='bbox 1745 685 1802 715; x_wconf 89' lang='lat' dir='ltr'><strong>Cas.</strong></span> <span class='ocrx_word' id='word_1_306' title='bbox 1816 696 1841 715; x_wconf 92' lang='lat'><strong>2.</strong></span> <span class='ocrx_word' id='word_1_307' title='bbox 1858 690 1883 714; x_wconf 93' lang='lat'><strong>6.</strong></span> <span class='ocrx_word' id='word_1_308' title='bbox 1907 689 1950 721; x_wconf 90' lang='lat'><strong>67.</strong></span> <span class='ocrx_word' id='word_1_309' title='bbox 1974 686 2000 714; x_wconf 69' lang='lat' dir='ltr'><strong>Sc</strong></span> <span class='ocrx_word' id='word_1_310' title='bbox 2011 685 2040 712; x_wconf 94' lang='lat' dir='ltr'><strong>in</strong></span> <span class='ocrx_word' id='word_1_311' title='bbox 2056 683 2146 712; x_wconf 87' lang='lat' dir='ltr'><strong>Aulul.</strong></span> <span class='ocrx_word' id='word_1_312' title='bbox 2162 693 2187 712; x_wconf 88' lang='lat'><strong>2.</strong></span> <span class='ocrx_word' id='word_1_313' title='bbox 2203 692 2225 719; x_wconf 78' lang='lat'><strong>1.</strong></span> <span class='ocrx_word' id='word_1_314' title='bbox 2242 692 2285 719; x_wconf 87' lang='lat'><strong>35.</strong></span> 
     </span>
    </p>

    <p class='ocr_par' dir='ltr' id='par_1_9' title="bbox 284 721 2639 1189">
     <span class='ocr_line' id='line_1_19' title="bbox 285 721 2174 778; baseline -0.01 -4"><span class='ocrx_word' id='word_1_315' title='bbox 285 750 312 778; x_wconf 69' lang='grc' dir='ltr'>ἃ</span> <span class='ocrx_word' id='word_1_316' title='bbox 326 740 561 775; x_wconf 78' lang='lat' dir='ltr'><strong>immolationibus</strong></span> <span class='ocrx_word' id='word_1_317' title='bbox 575 735 654 765; x_wconf 66' lang='lat' dir='ltr'><strong>sacris</strong></span> <span class='ocrx_word' id='word_1_318' title='bbox 670 735 749 773; x_wconf 88' lang='lat' dir='ltr'><strong>pium</strong></span> <span class='ocrx_word' id='word_1_319' title='bbox 762 739 881 770; x_wconf 84' lang='lat' dir='ltr'><strong>putatur.</strong></span> <span class='ocrx_word' id='word_1_320' title='bbox 916 731 947 761; x_wconf 89' lang='lat' dir='ltr'><strong>V.</strong></span> <span class='ocrx_word' id='word_1_321' title='bbox 968 732 1017 761; x_wconf 85' lang='lat' dir='ltr'><strong>Far</strong></span> <span class='ocrx_word' id='word_1_322' title='bbox 1036 730 1216 760; x_wconf 88' lang='lat' dir='ltr'><strong>vernaculum</strong></span> <span class='ocrx_word' id='word_1_323' title='bbox 1227 751 1235 764; x_wconf 94' lang='lat'><strong>,</strong></span> <span class='ocrx_word' id='word_1_324' title='bbox 1264 728 1296 758; x_wconf 88' lang='lat' dir='ltr'><strong>ln</strong></span> <span class='ocrx_word' id='word_1_325' title='bbox 1311 728 1395 758; x_wconf 75' lang='lat' dir='ltr'><strong>PAR.</strong></span> <span class='ocrx_word' id='word_1_326' title='bbox 1488 724 1654 753; x_wconf 84' lang='lat' dir='ltr'><strong>Petirionem</strong></span> <span class='ocrx_word' id='word_1_327' title='bbox 1665 723 1831 753; x_wconf 68' lang='lat' dir='ltr'><strong>COsssUl&#39;dtUS·</strong></span> <span class='ocrx_word' id='word_1_328' title='bbox 1864 722 1921 752; x_wconf 72' lang='lat' dir='ltr'><strong>CiC·</strong></span> <span class='ocrx_word' id='word_1_329' title='bbox 1937 732 1986 759; x_wconf 72' lang='lat' dir='ltr'><strong>pso</strong></span> <span class='ocrx_word' id='word_1_330' title='bbox 2002 721 2110 751; x_wconf 60' lang='lat' dir='ltr'><strong>MUYQH·</strong></span> <span class='ocrx_word' id='word_1_331' title='bbox 2129 724 2174 756; x_wconf 83' lang='lat'><strong>46-</strong></span> 
     </span>
     <span class='ocr_line' id='line_1_20' title="bbox 284 755 2639 817; baseline -0.005 -19"><span class='ocrx_word' id='word_1_332' title='bbox 284 783 400 815; x_wconf 35' lang='lat' dir='ltr'>Adffliffi</span> <span class='ocrx_word' id='word_1_333' title='bbox 416 778 526 817; x_wconf 48' lang='lat' dir='ltr'>genffiw</span> <span class='ocrx_word' id='word_1_334' title='bbox 544 770 844 808; x_wconf 67' lang='lat' dir='ltr'><strong>Aus0n‚inM0110syn,</strong></span> <span class='ocrx_word' id='word_1_335' title='bbox 856 780 916 808; x_wconf 74' lang='lat' dir='ltr'><strong>cap,</strong></span> <span class='ocrx_word' id='word_1_336' title='bbox 930 770 1059 798; x_wconf 76' lang='lat' dir='ltr'><strong>deCibis,</strong></span> <span class='ocrx_word' id='word_1_337' title='bbox 1151 766 1155 769; x_wconf 55' lang='lat'><strong>⁴</strong></span> <span class='ocrx_word' id='word_1_338' title='bbox 1490 762 1613 792; x_wconf 80' lang='lat' dir='ltr'><strong>Testium</strong></span> <span class='ocrx_word' id='word_1_339' title='bbox 1624 761 1742 798; x_wconf 91' lang='lat' dir='ltr'><strong>copiam.</strong></span> <span class='ocrx_word' id='word_1_340' title='bbox 1765 761 1822 791; x_wconf 86' lang='lat' dir='ltr'><strong>Cic.</strong></span> <span class='ocrx_word' id='word_1_341' title='bbox 1841 770 1892 798; x_wconf 89' lang='lat' dir='ltr'><strong>pro</strong></span> <span class='ocrx_word' id='word_1_342' title='bbox 1906 760 2016 789; x_wconf 89' lang='lat' dir='ltr'><strong>Cluent.</strong></span> <span class='ocrx_word' id='word_1_343' title='bbox 2034 766 2076 794; x_wconf 88' lang='lat'><strong>18.</strong></span> <span class='ocrx_word' id='word_1_344' title='bbox 2098 760 2116 788; x_wconf 90' lang='lat' dir='ltr'><strong>i.</strong></span> <span class='ocrx_word' id='word_1_345' title='bbox 2140 769 2164 788; x_wconf 91' lang='lat' dir='ltr'><strong>e.</strong></span> <span class='ocrx_word' id='word_1_346' title='bbox 2187 758 2363 795; x_wconf 85' lang='lat' dir='ltr'><strong>Comparare.</strong></span> <span class='ocrx_word' id='word_1_347' title='bbox 2392 756 2474 786; x_wconf 90' lang='lat' dir='ltr'><strong>Conf.</strong></span> <span class='ocrx_word' id='word_1_348' title='bbox 2492 755 2607 795; x_wconf 82' lang='lat' dir='ltr'><strong>fimplex</strong></span> <span class='ocrx_word' id='word_1_349' title='bbox 2638 778 2639 782; x_wconf 68' lang='lat'><strong>.</strong></span> 
     </span>
     <span class='ocr_line' id='line_1_21' title="bbox 358 799 1626 849; baseline -0.016 -3"><span class='ocrx_word' id='word_1_350' title='bbox 358 819 429 849; x_wconf 77' lang='lat' dir='ltr'><strong>Mox</strong></span> <span class='ocrx_word' id='word_1_351' title='bbox 447 816 513 844; x_wconf 86' lang='lat' dir='ltr'><strong>ador</strong></span> <span class='ocrx_word' id='word_1_352' title='bbox 525 836 532 849; x_wconf 96' lang='lat'><strong>,</strong></span> <span class='ocrx_word' id='word_1_353' title='bbox 559 819 641 849; x_wconf 84' lang='lat' dir='ltr'><strong>atque</strong></span> <span class='ocrx_word' id='word_1_354' title='bbox 653 810 744 839; x_wconf 87' lang='lat' dir='ltr'><strong>adoris</strong></span> <span class='ocrx_word' id='word_1_355' title='bbox 758 809 792 837; x_wconf 92' lang='lat' dir='ltr'><strong>de</strong></span> <span class='ocrx_word' id='word_1_356' title='bbox 807 808 913 846; x_wconf 87' lang='lat' dir='ltr'><strong>polline</strong></span> <span class='ocrx_word' id='word_1_357' title='bbox 926 807 1082 844; x_wconf 84' lang='lat' dir='ltr'><strong>pultificum</strong></span> <span class='ocrx_word' id='word_1_358' title='bbox 1100 806 1148 834; x_wconf 83' lang='lat' dir='ltr'><strong>far.</strong></span> <span class='ocrx_word' id='word_1_359' title='bbox 1510 799 1535 828; x_wconf 95' lang='lat' dir='ltr'>O</span> <span class='ocrx_word' id='word_1_360' title='bbox 1545 810 1561 827; x_wconf 66' lang='grc' dir='ltr'>ι’.</span> <span class='ocrx_word' id='word_1_361' title='bbox 1571 808 1591 826; x_wconf 80' lang='lat' dir='ltr'>N</span> <span class='ocrx_word' id='word_1_362' title='bbox 1601 808 1626 827; x_wconf 92' lang='lat' dir='ltr'><strong>o.</strong></span> 
     </span>
     <span class='ocr_line' id='line_1_22' title="bbox 285 830 2608 890; baseline -0.011 -4"><span class='ocrx_word' id='word_1_363' title='bbox 285 857 408 889; x_wconf 77' lang='lat' dir='ltr'><strong>Gannius</strong></span> <span class='ocrx_word' id='word_1_364' title='bbox 420 863 485 883; x_wconf 83' lang='lat' dir='ltr'><strong>vero</strong></span> <span class='ocrx_word' id='word_1_365' title='bbox 499 857 582 890; x_wconf 81' lang='lat' dir='ltr'><strong>poeta</strong></span> <span class='ocrx_word' id='word_1_366' title='bbox 597 855 675 879; x_wconf 88' lang='lat' dir='ltr'><strong>vetus</strong></span> <span class='ocrx_word' id='word_1_367' title='bbox 691 847 821 885; x_wconf 85' lang='lat' dir='ltr'><strong>producit</strong></span> <span class='ocrx_word' id='word_1_368' title='bbox 833 846 908 883; x_wconf 86' lang='lat' dir='ltr'><strong>apud</strong></span> <span class='ocrx_word' id='word_1_369' title='bbox 919 845 1041 874; x_wconf 84' lang='lat' dir='ltr'><strong>Priscian.</strong></span> <span class='ocrx_word' id='word_1_370' title='bbox 1052 848 1076 873; x_wconf 87' lang='lat'><strong>6.</strong></span> <span class='ocrx_word' id='word_1_371' title='bbox 1088 854 1115 881; x_wconf 79' lang='lat' dir='ltr'><strong>p.</strong></span> <span class='ocrx_word' id='word_1_372' title='bbox 1133 852 1201 884; x_wconf 54' lang='lat'><strong>7003</strong></span> <span class='ocrx_word' id='word_1_373' title='bbox 1452 838 1473 867; x_wconf 76' lang='lat' dir='ltr'>A</span> <span class='ocrx_word' id='word_1_374' title='bbox 1483 848 1500 866; x_wconf 83' lang='lat' dir='ltr'>D</span> <span class='ocrx_word' id='word_1_375' title='bbox 1510 848 1526 865; x_wconf 88' lang='lat' dir='ltr'><strong>o</strong></span> <span class='ocrx_word' id='word_1_376' title='bbox 1537 847 1552 864; x_wconf 73' lang='lat' dir='ltr'><strong>n</strong></span> <span class='ocrx_word' id='word_1_377' title='bbox 1562 846 1580 864; x_wconf 82' lang='lat' dir='ltr'>N</span> <span class='ocrx_word' id='word_1_378' title='bbox 1591 845 1687 865; x_wconf 76' lang='lat' dir='ltr'><strong>ATus</strong></span> <span class='ocrx_word' id='word_1_379' title='bbox 1697 857 1706 871; x_wconf 84' lang='lat'><strong>,</strong></span> <span class='ocrx_word' id='word_1_380' title='bbox 1726 841 1758 865; x_wconf 90' lang='lat' dir='ltr'><strong>ut</strong></span> <span class='ocrx_word' id='word_1_381' title='bbox 1775 835 1932 865; x_wconf 84' lang='lat' dir='ltr'><strong>Adornatus</strong></span> <span class='ocrx_word' id='word_1_382' title='bbox 1945 835 2103 865; x_wconf 89' lang='lat' dir='ltr'><strong>virtutibus.</strong></span> <span class='ocrx_word' id='word_1_383' title='bbox 2133 832 2204 863; x_wconf 87' lang='lat' dir='ltr'><strong>Vell.</strong></span> <span class='ocrx_word' id='word_1_384' title='bbox 2226 841 2252 862; x_wconf 88' lang='lat'><strong>2.</strong></span> <span class='ocrx_word' id='word_1_385' title='bbox 2273 841 2298 862; x_wconf 90' lang='lat'><strong>2.</strong></span> <span class='ocrx_word' id='word_1_386' title='bbox 2321 841 2348 861; x_wconf 86' lang='lat'><strong>2.</strong></span> <span class='ocrx_word' id='word_1_387' title='bbox 2388 832 2485 861; x_wconf 87' lang='lat' dir='ltr'><strong>Donis.</strong></span> <span class='ocrx_word' id='word_1_388' title='bbox 2528 830 2608 860; x_wconf 83' lang='lat' dir='ltr'><strong>Idem</strong></span> 
     </span>
     <span class='ocr_line' id='line_1_23' title="bbox 357 878 1645 923; baseline -0.016 -1"><span class='ocrx_word' id='word_1_389' title='bbox 357 885 750 923; x_wconf 74' lang='lat' dir='ltr'><strong>Emicatinnubesnidoribus</strong></span> <span class='ocrx_word' id='word_1_390' title='bbox 759 885 839 913; x_wconf 89' lang='lat' dir='ltr'><strong>ardor</strong></span> <span class='ocrx_word' id='word_1_391' title='bbox 849 884 948 912; x_wconf 80' lang='lat' dir='ltr'><strong>adoris.</strong></span> <span class='ocrx_word' id='word_1_392' title='bbox 989 878 1250 918; x_wconf 72' lang='lat' dir='ltr'><strong>Quitamen&amp;1pse</strong></span> <span class='ocrx_word' id='word_1_393' title='bbox 1264 878 1329 907; x_wconf 87' lang='lat' dir='ltr'><strong>alibi</strong></span> <span class='ocrx_word' id='word_1_394' title='bbox 1341 887 1400 906; x_wconf 86' lang='lat' dir='ltr'><strong>cor-</strong></span> <span class='ocrx_word' id='word_1_395' title='bbox 1491 885 1516 904; x_wconf 93' lang='lat'><strong>2.</strong></span> <span class='ocrx_word' id='word_1_396' title='bbox 1539 884 1597 903; x_wconf 89' lang='lat'><strong>121.</strong></span> <span class='ocrx_word' id='word_1_397' title='bbox 1621 883 1645 909; x_wconf 83' lang='lat'><strong>3.</strong></span> 
     </span>
     <span class='ocr_line' id='line_1_24' title="bbox 301 906 2607 970; baseline -0.011 -10"><span class='ocrx_word' id='word_1_398' title='bbox 301 932 395 970; x_wconf 79' lang='lat' dir='ltr'><strong>ripuit.</strong></span> <span class='ocrx_word' id='word_1_399' title='bbox 416 929 498 958; x_wconf 89' lang='lat' dir='ltr'><strong>Unde</strong></span> <span class='ocrx_word' id='word_1_400' title='bbox 507 927 604 963; x_wconf 80' lang='lat' dir='ltr'><strong>Scalig.</strong></span> <span class='ocrx_word' id='word_1_401' title='bbox 617 922 833 954; x_wconf 80' lang='lat' dir='ltr'><strong>existimatvett.</strong></span> <span class='ocrx_word' id='word_1_402' title='bbox 847 922 920 950; x_wconf 89' lang='lat' dir='ltr'><strong>Adus</strong></span> <span class='ocrx_word' id='word_1_403' title='bbox 936 921 1036 954; x_wconf 80' lang='lat' dir='ltr'><strong>adoris,</strong></span> <span class='ocrx_word' id='word_1_404' title='bbox 1053 929 1117 957; x_wconf 87' lang='lat' dir='ltr'><strong>pen.</strong></span> <span class='ocrx_word' id='word_1_405' title='bbox 1130 927 1200 946; x_wconf 89' lang='lat' dir='ltr'><strong>corr.</strong></span> <span class='ocrx_word' id='word_1_406' title='bbox 1217 917 1246 945; x_wconf 90' lang='lat' dir='ltr'><strong>in</strong></span> <span class='ocrx_word' id='word_1_407' title='bbox 1264 922 1352 945; x_wconf 88' lang='lat' dir='ltr'><strong>neutr.</strong></span> <span class='ocrx_word' id='word_1_408' title='bbox 1373 917 1399 944; x_wconf 71' lang='grc' dir='ltr'><strong>δι</strong></span> <span class='ocrx_word' id='word_1_409' title='bbox 1490 912 1646 942; x_wconf 77' lang='lat' dir='ltr'><strong>Adornatus</strong></span> <span class='ocrx_word' id='word_1_410' title='bbox 1659 911 1788 945; x_wconf 85' lang='lat' dir='ltr'><strong>venatui,</strong></span> <span class='ocrx_word' id='word_1_411' title='bbox 1815 910 1965 940; x_wconf 63' lang='lat' dir='ltr'><strong>Instruetus</strong></span> <span class='ocrx_word' id='word_1_412' title='bbox 1981 912 2007 940; x_wconf 69' lang='grc' dir='ltr'><strong>δε</strong></span> <span class='ocrx_word' id='word_1_413' title='bbox 2030 915 2142 939; x_wconf 87' lang='lat' dir='ltr'><strong>ornatus</strong></span> <span class='ocrx_word' id='word_1_414' title='bbox 2154 931 2162 944; x_wconf 91' lang='lat'><strong>,</strong></span> <span class='ocrx_word' id='word_1_415' title='bbox 2182 913 2348 946; x_wconf 83' lang='lat' dir='ltr'><strong>paratusque</strong></span> <span class='ocrx_word' id='word_1_416' title='bbox 2367 906 2403 936; x_wconf 88' lang='lat' dir='ltr'><strong>ad</strong></span> <span class='ocrx_word' id='word_1_417' title='bbox 2421 906 2607 936; x_wconf 85' lang='lat' dir='ltr'><strong>venationem.</strong></span> 
     </span>
     <span class='ocr_line' id='line_1_25' title="bbox 302 946 2309 1003; baseline -0.012 -4"><span class='ocrx_word' id='word_1_418' title='bbox 302 971 376 1001; x_wconf 81' lang='lat' dir='ltr'><strong>Ador</strong></span> <span class='ocrx_word' id='word_1_419' title='bbox 393 967 483 998; x_wconf 74' lang='lat' dir='ltr'><strong>adoris</strong></span> <span class='ocrx_word' id='word_1_420' title='bbox 494 988 502 1001; x_wconf 87' lang='lat'><strong>,</strong></span> <span class='ocrx_word' id='word_1_421' title='bbox 523 974 588 1003; x_wconf 89' lang='lat' dir='ltr'><strong>pen.</strong></span> <span class='ocrx_word' id='word_1_422' title='bbox 606 962 686 996; x_wconf 77' lang='lat' dir='ltr'><strong>prod.</strong></span> <span class='ocrx_word' id='word_1_423' title='bbox 703 962 731 990; x_wconf 92' lang='lat' dir='ltr'><strong>in</strong></span> <span class='ocrx_word' id='word_1_424' title='bbox 741 959 821 989; x_wconf 84' lang='lat' dir='ltr'><strong>masc.</strong></span> <span class='ocrx_word' id='word_1_425' title='bbox 833 959 928 988; x_wconf 74' lang='lat' dir='ltr'><strong>dixisse</strong></span> <span class='ocrx_word' id='word_1_426' title='bbox 943 966 974 987; x_wconf 91' lang='lat' dir='ltr'><strong>ut</strong></span> <span class='ocrx_word' id='word_1_427' title='bbox 985 958 1076 987; x_wconf 83' lang='lat' dir='ltr'><strong>Decus</strong></span> <span class='ocrx_word' id='word_1_428' title='bbox 1094 958 1120 985; x_wconf 65' lang='grc' dir='ltr'><strong>δι</strong></span> <span class='ocrx_word' id='word_1_429' title='bbox 1138 955 1238 985; x_wconf 88' lang='lat' dir='ltr'><strong>Decor.</strong></span> <span class='ocrx_word' id='word_1_430' title='bbox 1279 954 1311 983; x_wconf 88' lang='lat' dir='ltr'><strong>V.</strong></span> <span class='ocrx_word' id='word_1_431' title='bbox 1334 962 1400 982; x_wconf 90' lang='lat' dir='ltr'><strong>eum</strong></span> <span class='ocrx_word' id='word_1_432' title='bbox 1510 950 1600 979; x_wconf 83' lang='lat' dir='ltr'><strong>Tacit.</strong></span> <span class='ocrx_word' id='word_1_433' title='bbox 1616 960 1638 978; x_wconf 94' lang='lat'><strong>1.</strong></span> <span class='ocrx_word' id='word_1_434' title='bbox 1661 949 1732 978; x_wconf 85' lang='lat' dir='ltr'><strong>Ann.</strong></span> <span class='ocrx_word' id='word_1_435' title='bbox 1752 958 1793 984; x_wconf 85' lang='lat'><strong>52.</strong></span> <span class='ocrx_word' id='word_1_436' title='bbox 1818 948 1909 985; x_wconf 84' lang='lat' dir='ltr'><strong>Equos</strong></span> <span class='ocrx_word' id='word_1_437' title='bbox 1923 949 2036 977; x_wconf 84' lang='lat' dir='ltr'><strong>venatui</strong></span> <span class='ocrx_word' id='word_1_438' title='bbox 2051 948 2198 976; x_wconf 83' lang='lat' dir='ltr'><strong>adornatos</strong></span> <span class='ocrx_word' id='word_1_439' title='bbox 2212 946 2309 975; x_wconf 78' lang='lat' dir='ltr'><strong>sistant.</strong></span> 
     </span>
     <span class='ocr_line' id='line_1_26' title="bbox 301 981 2608 1042; baseline -0.012 -4"><span class='ocrx_word' id='word_1_440' title='bbox 301 1009 338 1038; x_wconf 83' lang='lat' dir='ltr'><strong>ad</strong></span> <span class='ocrx_word' id='word_1_441' title='bbox 354 1006 422 1037; x_wconf 72' lang='lat' dir='ltr'><strong>fest.</strong></span> <span class='ocrx_word' id='word_1_442' title='bbox 443 1015 471 1042; x_wconf 88' lang='lat' dir='ltr'><strong>p.</strong></span> <span class='ocrx_word' id='word_1_443' title='bbox 485 1013 511 1039; x_wconf 92' lang='lat'><strong>7.</strong></span> <span class='ocrx_word' id='word_1_444' title='bbox 605 998 608 1001; x_wconf 74' lang='grc'><strong><em>’</em></strong></span> <span class='ocrx_word' id='word_1_445' title='bbox 1452 989 1501 1018; x_wconf 78' lang='lat' dir='ltr'><strong>An</strong></span> <span class='ocrx_word' id='word_1_446' title='bbox 1511 998 1527 1016; x_wconf 89' lang='lat' dir='ltr'><strong>o</strong></span> <span class='ocrx_word' id='word_1_447' title='bbox 1538 998 1551 1015; x_wconf 78' lang='lat' dir='ltr'>R</span> <span class='ocrx_word' id='word_1_448' title='bbox 1564 997 1583 1016; x_wconf 72' lang='lat' dir='ltr'>N</span> <span class='ocrx_word' id='word_1_449' title='bbox 1594 996 1641 1015; x_wconf 77' lang='lat' dir='ltr'><strong>AT</strong></span> <span class='ocrx_word' id='word_1_450' title='bbox 1651 997 1682 1022; x_wconf 72' lang='lat' dir='ltr'><strong>E,</strong></span> <span class='ocrx_word' id='word_1_451' title='bbox 1702 986 1768 1016; x_wconf 75' lang='lat' dir='ltr'><strong>Adv.</strong></span> <span class='ocrx_word' id='word_1_452' title='bbox 1786 986 1879 1021; x_wconf 84' lang='lat' dir='ltr'><strong>Idem,</strong></span> <span class='ocrx_word' id='word_1_453' title='bbox 1894 993 1976 1023; x_wconf 82' lang='lat' dir='ltr'><strong>atque</strong></span> <span class='ocrx_word' id='word_1_454' title='bbox 1986 985 2099 1015; x_wconf 87' lang='lat' dir='ltr'><strong>Ornate.</strong></span> <span class='ocrx_word' id='word_1_455' title='bbox 2121 985 2196 1014; x_wconf 85' lang='lat' dir='ltr'><strong>Suet.</strong></span> <span class='ocrx_word' id='word_1_456' title='bbox 2208 985 2243 1013; x_wconf 87' lang='lat' dir='ltr'><strong>de</strong></span> <span class='ocrx_word' id='word_1_457' title='bbox 2255 983 2334 1012; x_wconf 84' lang='lat' dir='ltr'><strong>Rhet.</strong></span> <span class='ocrx_word' id='word_1_458' title='bbox 2345 992 2404 1020; x_wconf 88' lang='lat' dir='ltr'><strong>cap.</strong></span> <span class='ocrx_word' id='word_1_459' title='bbox 2416 985 2442 1011; x_wconf 93' lang='lat'><strong>6.</strong></span> <span class='ocrx_word' id='word_1_460' title='bbox 2464 981 2608 1011; x_wconf 83' lang='lat' dir='ltr'><strong>Declama-</strong></span> 
     </span>
     <span class='ocr_line' id='line_1_27' title="bbox 284 1024 1930 1081; baseline -0.015 -6"><span class='ocrx_word' id='word_1_461' title='bbox 284 1047 359 1077; x_wconf 82' lang='lat' dir='ltr'><strong>Ador</strong></span> <span class='ocrx_word' id='word_1_462' title='bbox 374 1067 382 1079; x_wconf 76' lang='lat'><strong>,</strong></span> <span class='ocrx_word' id='word_1_463' title='bbox 409 1053 459 1081; x_wconf 90' lang='lat' dir='ltr'><strong>pro</strong></span> <span class='ocrx_word' id='word_1_464' title='bbox 482 1040 538 1070; x_wconf 84' lang='lat' dir='ltr'><strong>Vili</strong></span> <span class='ocrx_word' id='word_1_465' title='bbox 557 1038 678 1076; x_wconf 86' lang='lat' dir='ltr'><strong>quodam</strong></span> <span class='ocrx_word' id='word_1_466' title='bbox 697 1035 829 1065; x_wconf 86' lang='lat' dir='ltr'><strong>frumenti</strong></span> <span class='ocrx_word' id='word_1_467' title='bbox 841 1044 940 1072; x_wconf 79' lang='lat' dir='ltr'><strong>genere</strong></span> <span class='ocrx_word' id='word_1_468' title='bbox 961 1033 1070 1062; x_wconf 89' lang='lat' dir='ltr'><strong>videtur</strong></span> <span class='ocrx_word' id='word_1_469' title='bbox 1086 1031 1176 1068; x_wconf 79' lang='lat' dir='ltr'><strong>accipi</strong></span> <span class='ocrx_word' id='word_1_470' title='bbox 1189 1029 1264 1068; x_wconf 85' lang='lat' dir='ltr'><strong>apud</strong></span> <span class='ocrx_word' id='word_1_471' title='bbox 1286 1028 1354 1058; x_wconf 92' lang='lat' dir='ltr'><strong>Hor.</strong></span> <span class='ocrx_word' id='word_1_472' title='bbox 1371 1038 1396 1058; x_wconf 94' lang='lat'><strong>2.</strong></span> <span class='ocrx_word' id='word_1_473' title='bbox 1492 1026 1537 1054; x_wconf 78' lang='lat' dir='ltr'><strong>bat</strong></span> <span class='ocrx_word' id='word_1_474' title='bbox 1545 1024 1689 1063; x_wconf 82' lang='lat' dir='ltr'><strong>splendide</strong></span> <span class='ocrx_word' id='word_1_475' title='bbox 1699 1030 1779 1061; x_wconf 86' lang='lat' dir='ltr'><strong>atque</strong></span> <span class='ocrx_word' id='word_1_476' title='bbox 1789 1024 1930 1053; x_wconf 83' lang='lat' dir='ltr'><strong>adornate.</strong></span> 
     </span>
     <span class='ocr_line' id='line_1_28' title="bbox 302 1056 2612 1115; baseline -0.013 -2"><span class='ocrx_word' id='word_1_477' title='bbox 302 1085 357 1114; x_wconf 86' lang='lat' dir='ltr'><strong>Sat.</strong></span> <span class='ocrx_word' id='word_1_478' title='bbox 367 1086 392 1111; x_wconf 88' lang='lat'><strong>6.</strong></span> <span class='ocrx_word' id='word_1_479' title='bbox 408 1086 453 1115; x_wconf 79' lang='lat'><strong>88.</strong></span> <span class='ocrx_word' id='word_1_480' title='bbox 1452 1064 1475 1094; x_wconf 77' lang='lat' dir='ltr'>A</span> <span class='ocrx_word' id='word_1_481' title='bbox 1485 1074 1502 1092; x_wconf 83' lang='lat' dir='ltr'>D</span> <span class='ocrx_word' id='word_1_482' title='bbox 1512 1067 1528 1092; x_wconf 80' lang='grc' dir='ltr'>ὅ</span> <span class='ocrx_word' id='word_1_483' title='bbox 1539 1073 1554 1091; x_wconf 83' lang='lat' dir='ltr'>R</span> <span class='ocrx_word' id='word_1_484' title='bbox 1564 1072 1596 1097; x_wconf 85' lang='grc' dir='ltr'><strong>ο,</strong></span> <span class='ocrx_word' id='word_1_485' title='bbox 1620 1064 1797 1098; x_wconf 50' lang='lat' dir='ltr'><strong>[montaum</strong></span> <span class='ocrx_word' id='word_1_486' title='bbox 1825 1061 2003 1098; x_wconf 58' lang='lat' dir='ltr'><strong>aemdzmq-c]</strong></span> <span class='ocrx_word' id='word_1_487' title='bbox 2023 1064 2079 1090; x_wconf 66' lang='lat' dir='ltr'><strong>are.</strong></span> <span class='ocrx_word' id='word_1_488' title='bbox 2101 1059 2182 1098; x_wconf 85' lang='lat' dir='ltr'><strong>Apud</strong></span> <span class='ocrx_word' id='word_1_489' title='bbox 2192 1059 2321 1096; x_wconf 87' lang='lat' dir='ltr'><strong>antiquos</strong></span> <span class='ocrx_word' id='word_1_490' title='bbox 2340 1056 2522 1095; x_wconf 74' lang='lat' dir='ltr'><strong>significabat,</strong></span> <span class='ocrx_word' id='word_1_491' title='bbox 2544 1057 2612 1095; x_wconf 78' lang='lat' dir='ltr'><strong>Age.</strong></span> 
     </span>
     <span class='ocr_line' id='line_1_29' title="bbox 359 1094 2610 1156; baseline -0.012 -8"><span class='ocrx_word' id='word_1_492' title='bbox 359 1121 455 1156; x_wconf 88' lang='lat' dir='ltr'><strong>Quum</strong></span> <span class='ocrx_word' id='word_1_493' title='bbox 471 1122 549 1155; x_wconf 84' lang='lat' dir='ltr'><strong>pater</strong></span> <span class='ocrx_word' id='word_1_494' title='bbox 564 1114 621 1152; x_wconf 90' lang='lat' dir='ltr'><strong>ipse</strong></span> <span class='ocrx_word' id='word_1_495' title='bbox 636 1113 736 1142; x_wconf 81' lang='lat' dir='ltr'><strong>domus</strong></span> <span class='ocrx_word' id='word_1_496' title='bbox 754 1110 833 1148; x_wconf 86' lang='lat' dir='ltr'><strong>palea</strong></span> <span class='ocrx_word' id='word_1_497' title='bbox 854 1110 996 1146; x_wconf 69' lang='lat' dir='ltr'><strong>porrectus</strong></span> <span class='ocrx_word' id='word_1_498' title='bbox 1011 1108 1040 1136; x_wconf 92' lang='lat' dir='ltr'><strong>in</strong></span> <span class='ocrx_word' id='word_1_499' title='bbox 1058 1108 1147 1136; x_wconf 90' lang='lat' dir='ltr'><strong>horna</strong></span> <span class='ocrx_word' id='word_1_500' title='bbox 1492 1111 1529 1131; x_wconf 81' lang='lat' dir='ltr'><strong>re.</strong></span> <span class='ocrx_word' id='word_1_501' title='bbox 1569 1100 1651 1129; x_wconf 86' lang='lat' dir='ltr'><strong>Unde</strong></span> <span class='ocrx_word' id='word_1_502' title='bbox 1666 1101 1692 1130; x_wconf 68' lang='grc' dir='ltr'>ἃ</span> <span class='ocrx_word' id='word_1_503' title='bbox 1707 1099 1819 1137; x_wconf 84' lang='lat' dir='ltr'><strong>Legati,</strong></span> <span class='ocrx_word' id='word_1_504' title='bbox 1841 1099 2004 1128; x_wconf 80' lang='lat' dir='ltr'><strong>Adoratores</strong></span> <span class='ocrx_word' id='word_1_505' title='bbox 2023 1098 2156 1127; x_wconf 86' lang='lat' dir='ltr'><strong>dicuntur</strong></span> <span class='ocrx_word' id='word_1_506' title='bbox 2167 1119 2174 1132; x_wconf 85' lang='lat'><strong>‚</strong></span> <span class='ocrx_word' id='word_1_507' title='bbox 2191 1097 2256 1134; x_wconf 90' lang='lat' dir='ltr'><strong>quia</strong></span> <span class='ocrx_word' id='word_1_508' title='bbox 2270 1096 2399 1125; x_wconf 84' lang='lat' dir='ltr'><strong>mandata</strong></span> <span class='ocrx_word' id='word_1_509' title='bbox 2411 1094 2507 1132; x_wconf 90' lang='lat' dir='ltr'><strong>populi</strong></span> <span class='ocrx_word' id='word_1_510' title='bbox 2517 1101 2610 1131; x_wconf 81' lang='lat' dir='ltr'><strong>agunt.</strong></span> 
     </span>
     <span class='ocr_line' id='line_1_30' title="bbox 358 1132 2614 1189; baseline -0.012 -3"><span class='ocrx_word' id='word_1_511' title='bbox 358 1157 432 1188; x_wconf 71' lang='lat' dir='ltr'><strong>Esset</strong></span> <span class='ocrx_word' id='word_1_512' title='bbox 450 1156 532 1189; x_wconf 84' lang='lat' dir='ltr'><strong>ador,</strong></span> <span class='ocrx_word' id='word_1_513' title='bbox 553 1152 722 1187; x_wconf 87' lang='lat' dir='ltr'><strong>loliumque,</strong></span> <span class='ocrx_word' id='word_1_514' title='bbox 745 1149 823 1186; x_wconf 87' lang='lat' dir='ltr'><strong>dapis</strong></span> <span class='ocrx_word' id='word_1_515' title='bbox 841 1146 956 1176; x_wconf 83' lang='lat' dir='ltr'><strong>meliora</strong></span> <span class='ocrx_word' id='word_1_516' title='bbox 975 1145 1143 1182; x_wconf 85' lang='lat' dir='ltr'><strong>relinquens.</strong></span> <span class='ocrx_word' id='word_1_517' title='bbox 1492 1138 1593 1168; x_wconf 79' lang='lat' dir='ltr'><strong>Festus.</strong></span> <span class='ocrx_word' id='word_1_518' title='bbox 1645 1137 1720 1167; x_wconf 86' lang='lat' dir='ltr'><strong>Hinc</strong></span> <span class='ocrx_word' id='word_1_519' title='bbox 1735 1137 1871 1166; x_wconf 87' lang='lat' dir='ltr'><strong>Antonius</strong></span> <span class='ocrx_word' id='word_1_520' title='bbox 1884 1137 2047 1174; x_wconf 87' lang='lat' dir='ltr'><strong>Augustinus</strong></span> <span class='ocrx_word' id='word_1_521' title='bbox 2063 1134 2207 1165; x_wconf 70' lang='lat' dir='ltr'><strong>rectissime</strong></span> <span class='ocrx_word' id='word_1_522' title='bbox 2230 1136 2256 1164; x_wconf 67' lang='grc' dir='ltr'>ἃ</span> <span class='ocrx_word' id='word_1_523' title='bbox 2271 1132 2482 1171; x_wconf 74' lang='lat' dir='ltr'><strong>ingeniosiffime</strong></span> <span class='ocrx_word' id='word_1_524' title='bbox 2496 1133 2566 1161; x_wconf 87' lang='lat' dir='ltr'><strong>vidit</strong></span> <span class='ocrx_word' id='word_1_525' title='bbox 2582 1133 2614 1161; x_wconf 88' lang='lat' dir='ltr'><strong>in</strong></span> 
     </span>
    </p>

    <p class='ocr_par' dir='ltr' id='par_1_10' title="bbox 245 1169 2632 1381">
     <span class='ocr_line' id='line_1_31' title="bbox 245 1169 2614 1230; baseline -0.012 -3"><span class='ocrx_word' id='word_1_526' title='bbox 245 1200 414 1229; x_wconf 71' lang='lat' dir='ltr'><strong>AnoREA,</strong></span> <span class='ocrx_word' id='word_1_527' title='bbox 435 1204 464 1224; x_wconf 65' lang='lat' dir='ltr'><strong>rc.</strong></span> <span class='ocrx_word' id='word_1_528' title='bbox 486 1191 598 1230; x_wconf 84' lang='lat' dir='ltr'><strong>proprie</strong></span> <span class='ocrx_word' id='word_1_529' title='bbox 608 1188 708 1219; x_wconf 91' lang='lat' dir='ltr'><strong>Omnis</strong></span> <span class='ocrx_word' id='word_1_530' title='bbox 719 1197 754 1216; x_wconf 77' lang='lat' dir='ltr'><strong>ex</strong></span> <span class='ocrx_word' id='word_1_531' title='bbox 767 1195 831 1223; x_wconf 82' lang='lat' dir='ltr'><strong>agro</strong></span> <span class='ocrx_word' id='word_1_532' title='bbox 847 1190 1006 1222; x_wconf 89' lang='lat' dir='ltr'><strong>proventus.</strong></span> <span class='ocrx_word' id='word_1_533' title='bbox 1057 1183 1125 1212; x_wconf 72' lang='lat' dir='ltr'><strong>Haec</strong></span> <span class='ocrx_word' id='word_1_534' title='bbox 1136 1187 1193 1210; x_wconf 87' lang='lat' dir='ltr'><strong>erat</strong></span> <span class='ocrx_word' id='word_1_535' title='bbox 1211 1180 1330 1217; x_wconf 88' lang='lat' dir='ltr'><strong>antiquis</strong></span> <span class='ocrx_word' id='word_1_536' title='bbox 1344 1178 1401 1208; x_wconf 88' lang='lat' dir='ltr'><strong>Ro-</strong></span> <span class='ocrx_word' id='word_1_537' title='bbox 1491 1177 1552 1213; x_wconf 79' lang='lat' dir='ltr'><strong>lege</strong></span> <span class='ocrx_word' id='word_1_538' title='bbox 1580 1185 1621 1204; x_wconf 89' lang='lat'><strong>12.</strong></span> <span class='ocrx_word' id='word_1_539' title='bbox 1643 1175 1699 1206; x_wconf 86' lang='lat' dir='ltr'><strong>tab.</strong></span> <span class='ocrx_word' id='word_1_540' title='bbox 1742 1176 1771 1205; x_wconf 90' lang='lat' dir='ltr'><strong>Si</strong></span> <span class='ocrx_word' id='word_1_541' title='bbox 1790 1175 1886 1204; x_wconf 79' lang='lat' dir='ltr'><strong>adorat</strong></span> <span class='ocrx_word' id='word_1_542' title='bbox 1905 1175 1979 1204; x_wconf 81' lang='lat' dir='ltr'><strong>furto</strong></span> <span class='ocrx_word' id='word_1_543' title='bbox 1997 1174 2073 1211; x_wconf 90' lang='lat' dir='ltr'><strong>quod</strong></span> <span class='ocrx_word' id='word_1_544' title='bbox 2095 1183 2148 1202; x_wconf 89' lang='lat' dir='ltr'><strong>nec</strong></span> <span class='ocrx_word' id='word_1_545' title='bbox 2165 1172 2340 1201; x_wconf 79' lang='lat' dir='ltr'><strong>manifestum</strong></span> <span class='ocrx_word' id='word_1_546' title='bbox 2352 1171 2420 1200; x_wconf 88' lang='lat' dir='ltr'><strong>erit:</strong></span> <span class='ocrx_word' id='word_1_547' title='bbox 2443 1172 2556 1200; x_wconf 87' lang='lat' dir='ltr'><strong>adorare</strong></span> <span class='ocrx_word' id='word_1_548' title='bbox 2575 1169 2614 1200; x_wconf 69' lang='lat' dir='ltr'><strong>es-</strong></span> 
     </span>
     <span class='ocr_line' id='line_1_32' title="bbox 284 1215 1621 1265; baseline -0.017 0"><span class='ocrx_word' id='word_1_549' title='bbox 284 1236 374 1265; x_wconf 86' lang='lat' dir='ltr'><strong>manis</strong></span> <span class='ocrx_word' id='word_1_550' title='bbox 387 1233 502 1262; x_wconf 82' lang='lat' dir='ltr'><strong>Adorea.</strong></span> <span class='ocrx_word' id='word_1_551' title='bbox 563 1227 645 1257; x_wconf 86' lang='lat' dir='ltr'><strong>Unde</strong></span> <span class='ocrx_word' id='word_1_552' title='bbox 656 1225 799 1263; x_wconf 81' lang='lat' dir='ltr'><strong>postquam</strong></span> <span class='ocrx_word' id='word_1_553' title='bbox 812 1223 957 1261; x_wconf 58' lang='lat' dir='ltr'><strong>praemium</strong></span> <span class='ocrx_word' id='word_1_554' title='bbox 970 1220 1106 1250; x_wconf 84' lang='lat' dir='ltr'><strong>militibus</strong></span> <span class='ocrx_word' id='word_1_555' title='bbox 1120 1225 1196 1257; x_wconf 87' lang='lat' dir='ltr'><strong>parta</strong></span> <span class='ocrx_word' id='word_1_556' title='bbox 1214 1218 1328 1247; x_wconf 66' lang='lat' dir='ltr'><strong>victoria</strong></span> <span class='ocrx_word' id='word_1_557' title='bbox 1347 1216 1402 1245; x_wconf 91' lang='lat' dir='ltr'><strong>fru-</strong></span> <span class='ocrx_word' id='word_1_558' title='bbox 1491 1215 1518 1244; x_wconf 90' lang='lat' dir='ltr'><strong>se</strong></span> <span class='ocrx_word' id='word_1_559' title='bbox 1534 1223 1621 1251; x_wconf 83' lang='lat' dir='ltr'><strong>agere.</strong></span> 
     </span>
     <span class='ocr_line' id='line_1_33' title="bbox 283 1246 2616 1303; baseline -0.012 -2"><span class='ocrx_word' id='word_1_560' title='bbox 283 1280 412 1303; x_wconf 89' lang='lat' dir='ltr'><strong>mentum</strong></span> <span class='ocrx_word' id='word_1_561' title='bbox 431 1270 502 1303; x_wconf 84' lang='lat' dir='ltr'><strong>fuit,</strong></span> <span class='ocrx_word' id='word_1_562' title='bbox 524 1267 631 1296; x_wconf 84' lang='lat' dir='ltr'><strong>Adorea</strong></span> <span class='ocrx_word' id='word_1_563' title='bbox 639 1274 690 1302; x_wconf 88' lang='lat' dir='ltr'><strong>pro</strong></span> <span class='ocrx_word' id='word_1_564' title='bbox 706 1262 799 1293; x_wconf 81' lang='lat' dir='ltr'><strong>Laude</strong></span> <span class='ocrx_word' id='word_1_565' title='bbox 817 1263 843 1290; x_wconf 66' lang='lat' dir='ltr'><strong>&lt;Sc</strong></span> <span class='ocrx_word' id='word_1_566' title='bbox 860 1260 946 1297; x_wconf 83' lang='lat' dir='ltr'><strong>gloria</strong></span> <span class='ocrx_word' id='word_1_567' title='bbox 960 1259 1049 1296; x_wconf 83' lang='lat' dir='ltr'><strong>accipi</strong></span> <span class='ocrx_word' id='word_1_568' title='bbox 1069 1264 1161 1295; x_wconf 86' lang='lat' dir='ltr'><strong>coepta</strong></span> <span class='ocrx_word' id='word_1_569' title='bbox 1179 1256 1234 1291; x_wconf 89' lang='lat' dir='ltr'><strong>est,</strong></span> <span class='ocrx_word' id='word_1_570' title='bbox 1257 1263 1287 1284; x_wconf 90' lang='lat' dir='ltr'><strong>ut</strong></span> <span class='ocrx_word' id='word_1_571' title='bbox 1300 1254 1398 1291; x_wconf 80' lang='lat' dir='ltr'><strong>Scalig.</strong></span> <span class='ocrx_word' id='word_1_572' title='bbox 1491 1253 1621 1285; x_wconf 85' lang='lat' dir='ltr'><strong>Adorare,</strong></span> <span class='ocrx_word' id='word_1_573' title='bbox 1639 1251 1673 1279; x_wconf 81' lang='lat' dir='ltr'><strong>ab</strong></span> <span class='ocrx_word' id='word_1_574' title='bbox 1688 1251 1778 1286; x_wconf 88' lang='lat' dir='ltr'><strong>Ador,</strong></span> <span class='ocrx_word' id='word_1_575' title='bbox 1798 1251 1825 1279; x_wconf 92' lang='lat' dir='ltr'><strong>h.</strong></span> <span class='ocrx_word' id='word_1_576' title='bbox 1845 1261 1868 1279; x_wconf 92' lang='lat' dir='ltr'><strong>e.</strong></span> <span class='ocrx_word' id='word_1_577' title='bbox 1891 1250 2042 1280; x_wconf 88' lang='lat' dir='ltr'><strong>Frumento</strong></span> <span class='ocrx_word' id='word_1_578' title='bbox 2066 1247 2203 1277; x_wconf 78' lang='lat' dir='ltr'><strong>sacrificiis</strong></span> <span class='ocrx_word' id='word_1_579' title='bbox 2215 1246 2365 1281; x_wconf 83' lang='lat' dir='ltr'><strong>destinato,</strong></span> <span class='ocrx_word' id='word_1_580' title='bbox 2392 1246 2547 1281; x_wconf 88' lang='lat' dir='ltr'><strong>derivatur,</strong></span> <span class='ocrx_word' id='word_1_581' title='bbox 2568 1255 2616 1274; x_wconf 85' lang='lat' dir='ltr'><strong>au-</strong></span> 
     </span>
     <span class='ocr_line' id='line_1_34' title="bbox 284 1283 2615 1346; baseline -0.012 -7"><span class='ocrx_word' id='word_1_582' title='bbox 284 1311 410 1346; x_wconf 61' lang='lat' dir='ltr'><strong>Conjeet.</strong></span> <span class='ocrx_word' id='word_1_583' title='bbox 422 1308 457 1337; x_wconf 88' lang='lat' dir='ltr'><strong>ad</strong></span> <span class='ocrx_word' id='word_1_584' title='bbox 470 1307 620 1341; x_wconf 76' lang='lat' dir='ltr'><strong>Varron.p.</strong></span> <span class='ocrx_word' id='word_1_585' title='bbox 635 1305 676 1331; x_wconf 89' lang='lat'><strong>16.</strong></span> <span class='ocrx_word' id='word_1_586' title='bbox 687 1300 818 1330; x_wconf 88' lang='lat' dir='ltr'><strong>observat.</strong></span> <span class='ocrx_word' id='word_1_587' title='bbox 1511 1290 1590 1319; x_wconf 87' lang='lat' dir='ltr'><strong>thore</strong></span> <span class='ocrx_word' id='word_1_588' title='bbox 1608 1288 1753 1318; x_wconf 88' lang='lat' dir='ltr'><strong>Prisciano.</strong></span> <span class='ocrx_word' id='word_1_589' title='bbox 1791 1289 1919 1327; x_wconf 64' lang='lat' dir='ltr'><strong>Nonius,</strong></span> <span class='ocrx_word' id='word_1_590' title='bbox 1948 1288 2068 1317; x_wconf 84' lang='lat' dir='ltr'><strong>Adorare</strong></span> <span class='ocrx_word' id='word_1_591' title='bbox 2081 1309 2089 1322; x_wconf 91' lang='lat'><strong>,</strong></span> <span class='ocrx_word' id='word_1_592' title='bbox 2110 1286 2261 1323; x_wconf 79' lang='lat' dir='ltr'><strong>propitiare</strong></span> <span class='ocrx_word' id='word_1_593' title='bbox 2281 1285 2447 1321; x_wconf 73' lang='lat' dir='ltr'><strong>religiones,</strong></span> <span class='ocrx_word' id='word_1_594' title='bbox 2476 1283 2510 1312; x_wconf 89' lang='lat' dir='ltr'><strong>ab</strong></span> <span class='ocrx_word' id='word_1_595' title='bbox 2543 1283 2615 1312; x_wconf 83' lang='lat' dir='ltr'><strong>Ador</strong></span> 
     </span>
     <span class='ocr_line' id='line_1_35' title="bbox 283 1321 2632 1381; baseline -0.012 -4"><span class='ocrx_word' id='word_1_596' title='bbox 283 1349 436 1381; x_wconf 70' lang='lat' dir='ltr'><strong>Adooeam,</strong></span> <span class='ocrx_word' id='word_1_597' title='bbox 456 1343 580 1374; x_wconf 86' lang='lat' dir='ltr'><strong>Laudem</strong></span> <span class='ocrx_word' id='word_1_598' title='bbox 599 1341 652 1369; x_wconf 79' lang='lat' dir='ltr'><strong>five</strong></span> <span class='ocrx_word' id='word_1_599' title='bbox 670 1339 784 1377; x_wconf 85' lang='lat' dir='ltr'><strong>gloriam</strong></span> <span class='ocrx_word' id='word_1_600' title='bbox 793 1335 925 1366; x_wconf 88' lang='lat' dir='ltr'><strong>dicebant</strong></span> <span class='ocrx_word' id='word_1_601' title='bbox 941 1340 1063 1368; x_wconf 84' lang='lat' dir='ltr'><strong>veteres,</strong></span> <span class='ocrx_word' id='word_1_602' title='bbox 1094 1333 1158 1370; x_wconf 87' lang='lat' dir='ltr'><strong>quia</strong></span> <span class='ocrx_word' id='word_1_603' title='bbox 1172 1330 1319 1368; x_wconf 82' lang='lat' dir='ltr'><strong>gloriosum</strong></span> <span class='ocrx_word' id='word_1_604' title='bbox 1336 1340 1401 1359; x_wconf 90' lang='lat' dir='ltr'><strong>eum</strong></span> <span class='ocrx_word' id='word_1_605' title='bbox 1511 1327 1601 1366; x_wconf 87' lang='lat' dir='ltr'><strong>potest</strong></span> <span class='ocrx_word' id='word_1_606' title='bbox 1617 1327 1722 1356; x_wconf 63' lang='lat' dir='ltr'><strong>dictum</strong></span> <span class='ocrx_word' id='word_1_607' title='bbox 1740 1326 1836 1355; x_wconf 88' lang='lat' dir='ltr'><strong>videri.</strong></span> <span class='ocrx_word' id='word_1_608' title='bbox 1886 1325 1979 1361; x_wconf 85' lang='lat' dir='ltr'><strong>Valla,</strong></span> <span class='ocrx_word' id='word_1_609' title='bbox 1999 1325 2118 1354; x_wconf 86' lang='lat' dir='ltr'><strong>Adorare</strong></span> <span class='ocrx_word' id='word_1_610' title='bbox 2129 1346 2136 1359; x_wconf 83' lang='lat'><strong>,</strong></span> <span class='ocrx_word' id='word_1_611' title='bbox 2160 1323 2194 1352; x_wconf 84' lang='lat' dir='ltr'><strong>ab</strong></span> <span class='ocrx_word' id='word_1_612' title='bbox 2206 1323 2264 1352; x_wconf 89' lang='lat' dir='ltr'><strong>Oro</strong></span> <span class='ocrx_word' id='word_1_613' title='bbox 2275 1345 2284 1358; x_wconf 85' lang='lat'><strong>,</strong></span> <span class='ocrx_word' id='word_1_614' title='bbox 2306 1322 2380 1359; x_wconf 89' lang='lat' dir='ltr'><strong>quod</strong></span> <span class='ocrx_word' id='word_1_615' title='bbox 2392 1322 2430 1350; x_wconf 91' lang='lat' dir='ltr'><strong>est</strong></span> <span class='ocrx_word' id='word_1_616' title='bbox 2439 1321 2495 1350; x_wconf 88' lang='lat' dir='ltr'><strong>Ore</strong></span> <span class='ocrx_word' id='word_1_617' title='bbox 2506 1330 2632 1359; x_wconf 70' lang='lat' dir='ltr'><strong>precor,-</strong></span> 
     </span>
    </p>

    <p class='ocr_par' dir='ltr' id='par_1_11' title="bbox 324 1359 2616 1416">
     <span class='ocr_line' id='line_1_36' title="bbox 324 1359 2616 1416; baseline -0.011 -3"><span class='ocrx_word' id='word_1_618' title='bbox 324 1385 441 1415; x_wconf 86' lang='lat' dir='ltr'><strong>utabant</strong></span> <span class='ocrx_word' id='word_1_619' title='bbox 449 1381 520 1416; x_wconf 83' lang='lat' dir='ltr'><strong>effe,</strong></span> <span class='ocrx_word' id='word_1_620' title='bbox 538 1380 583 1416; x_wconf 84' lang='lat' dir='ltr'><strong>qui</strong></span> <span class='ocrx_word' id='word_1_621' title='bbox 594 1378 669 1407; x_wconf 77' lang='lat' dir='ltr'><strong>farris</strong></span> <span class='ocrx_word' id='word_1_622' title='bbox 681 1374 928 1413; x_wconf 78' lang='lat' dir='ltr'><strong>copiaabundaret.</strong></span> <span class='ocrx_word' id='word_1_623' title='bbox 950 1372 1020 1401; x_wconf 86' lang='lat' dir='ltr'><strong>Eest.</strong></span> <span class='ocrx_word' id='word_1_624' title='bbox 1031 1370 1090 1405; x_wconf 78' lang='lat' dir='ltr'><strong>vel,</strong></span> <span class='ocrx_word' id='word_1_625' title='bbox 1103 1377 1135 1399; x_wconf 89' lang='lat' dir='ltr'><strong>ut</strong></span> <span class='ocrx_word' id='word_1_626' title='bbox 1149 1370 1177 1398; x_wconf 93' lang='lat' dir='ltr'><strong>in</strong></span> <span class='ocrx_word' id='word_1_627' title='bbox 1190 1369 1309 1398; x_wconf 87' lang='lat' dir='ltr'><strong>Plinium</strong></span> <span class='ocrx_word' id='word_1_628' title='bbox 1319 1368 1403 1396; x_wconf 84' lang='lat' dir='ltr'><strong>tradit</strong></span> <span class='ocrx_word' id='word_1_629' title='bbox 1511 1365 1698 1402; x_wconf 84' lang='lat' dir='ltr'><strong>componitur.</strong></span> <span class='ocrx_word' id='word_1_630' title='bbox 1738 1364 1850 1393; x_wconf 54' lang='lat' dir='ltr'><strong>Rectius</strong></span> <span class='ocrx_word' id='word_1_631' title='bbox 1869 1364 1979 1393; x_wconf 87' lang='lat' dir='ltr'><strong>ducitur</strong></span> <span class='ocrx_word' id='word_1_632' title='bbox 1997 1363 2031 1392; x_wconf 85' lang='lat' dir='ltr'><strong>ab</strong></span> <span class='ocrx_word' id='word_1_633' title='bbox 2052 1364 2093 1391; x_wconf 81' lang='lat' dir='ltr'><strong>Ad</strong></span> <span class='ocrx_word' id='word_1_634' title='bbox 2109 1364 2134 1391; x_wconf 70' lang='grc' dir='ltr'><strong>δε</strong></span> <span class='ocrx_word' id='word_1_635' title='bbox 2155 1362 2211 1391; x_wconf 92' lang='lat' dir='ltr'><strong>Ore</strong></span> <span class='ocrx_word' id='word_1_636' title='bbox 2228 1383 2236 1396; x_wconf 92' lang='lat'><strong>,</strong></span> <span class='ocrx_word' id='word_1_637' title='bbox 2257 1370 2323 1389; x_wconf 90' lang='lat' dir='ltr'><strong>nam</strong></span> <span class='ocrx_word' id='word_1_638' title='bbox 2337 1360 2367 1388; x_wconf 91' lang='lat' dir='ltr'><strong>in</strong></span> <span class='ocrx_word' id='word_1_639' title='bbox 2383 1360 2525 1388; x_wconf 88' lang='lat' dir='ltr'><strong>adorando</strong></span> <span class='ocrx_word' id='word_1_640' title='bbox 2549 1359 2616 1388; x_wconf 85' lang='lat' dir='ltr'><strong>dex-</strong></span> 
     </span>
    </p>

    <p class='ocr_par' dir='ltr' id='par_1_12' title="bbox 302 1396 2667 1724">
     <span class='ocr_line' id='line_1_37' title="bbox 333 1396 2667 1454; baseline -0.012 -1"><span class='ocrx_word' id='word_1_641' title='bbox 333 1421 487 1453; x_wconf 82' lang='lat' dir='ltr'><strong>ermolaus,</strong></span> <span class='ocrx_word' id='word_1_642' title='bbox 515 1418 572 1454; x_wconf 83' lang='lat' dir='ltr'><strong>Qui</strong></span> <span class='ocrx_word' id='word_1_643' title='bbox 586 1417 655 1445; x_wconf 85' lang='lat' dir='ltr'><strong>farre</strong></span> <span class='ocrx_word' id='word_1_644' title='bbox 669 1425 685 1444; x_wconf 82' lang='lat' dir='ltr'><strong>a</strong></span> <span class='ocrx_word' id='word_1_645' title='bbox 703 1412 810 1452; x_wconf 87' lang='lat' dir='ltr'><strong>populo</strong></span> <span class='ocrx_word' id='word_1_646' title='bbox 831 1413 949 1448; x_wconf 80' lang='lat' dir='ltr'><strong>donatus</strong></span> <span class='ocrx_word' id='word_1_647' title='bbox 964 1409 1037 1438; x_wconf 77' lang='lat' dir='ltr'><strong>esset.</strong></span> <span class='ocrx_word' id='word_1_648' title='bbox 1066 1408 1099 1437; x_wconf 88' lang='lat' dir='ltr'><strong>V.</strong></span> <span class='ocrx_word' id='word_1_649' title='bbox 1119 1414 1177 1436; x_wconf 91' lang='lat' dir='ltr'><strong>not.</strong></span> <span class='ocrx_word' id='word_1_650' title='bbox 1188 1407 1286 1435; x_wconf 87' lang='lat' dir='ltr'><strong>Dacer.</strong></span> <span class='ocrx_word' id='word_1_651' title='bbox 1320 1405 1402 1435; x_wconf 84' lang='lat' dir='ltr'><strong>Dona</strong></span> <span class='ocrx_word' id='word_1_652' title='bbox 1511 1410 1581 1433; x_wconf 73' lang='lat' dir='ltr'><strong>tram</strong></span> <span class='ocrx_word' id='word_1_653' title='bbox 1590 1403 1624 1431; x_wconf 86' lang='lat' dir='ltr'><strong>ad</strong></span> <span class='ocrx_word' id='word_1_654' title='bbox 1633 1402 1759 1431; x_wconf 83' lang='lat' dir='ltr'><strong>osculum</strong></span> <span class='ocrx_word' id='word_1_655' title='bbox 1768 1402 2074 1437; x_wconf 85' lang='lat' dir='ltr'><strong>referebanttotumque</strong></span> <span class='ocrx_word' id='word_1_656' title='bbox 2088 1409 2188 1437; x_wconf 89' lang='lat' dir='ltr'><strong>corpus</strong></span> <span class='ocrx_word' id='word_1_657' title='bbox 2198 1397 2429 1435; x_wconf 85' lang='lat' dir='ltr'><strong>circumagebant.</strong></span> <span class='ocrx_word' id='word_1_658' title='bbox 2443 1396 2613 1426; x_wconf 70' lang='lat' dir='ltr'><strong>SuetNitell.</strong></span> <span class='ocrx_word' id='word_1_659' title='bbox 2666 1418 2667 1439; x_wconf 30' lang='lat'>¹</span> 
     </span>
     <span class='ocr_line' id='line_1_38' title="bbox 304 1434 2667 1497; baseline -0.011 -8"><span class='ocrx_word' id='word_1_660' title='bbox 304 1462 381 1491; x_wconf 85' lang='lat' dir='ltr'><strong>enim</strong></span> <span class='ocrx_word' id='word_1_661' title='bbox 402 1456 567 1497; x_wconf 83' lang='lat' dir='ltr'><strong>amplissima</strong></span> <span class='ocrx_word' id='word_1_662' title='bbox 590 1455 789 1491; x_wconf 85' lang='lat' dir='ltr'><strong>imperatorum</strong></span> <span class='ocrx_word' id='word_1_663' title='bbox 813 1459 845 1479; x_wconf 91' lang='lat' dir='ltr'><strong>ac</strong></span> <span class='ocrx_word' id='word_1_664' title='bbox 870 1449 983 1477; x_wconf 87' lang='lat' dir='ltr'><strong>fortium</strong></span> <span class='ocrx_word' id='word_1_665' title='bbox 1000 1447 1103 1476; x_wconf 88' lang='lat' dir='ltr'><strong>civium</strong></span> <span class='ocrx_word' id='word_1_666' title='bbox 1120 1446 1179 1481; x_wconf 83' lang='lat' dir='ltr'><strong>(ait</strong></span> <span class='ocrx_word' id='word_1_667' title='bbox 1194 1444 1262 1487; x_wconf 82' lang='lat' dir='ltr'><strong>Plin.</strong></span> <span class='ocrx_word' id='word_1_668' title='bbox 1283 1443 1330 1472; x_wconf 87' lang='lat' dir='ltr'><strong>lib.</strong></span> <span class='ocrx_word' id='word_1_669' title='bbox 1356 1449 1399 1477; x_wconf 89' lang='lat'><strong>18.</strong></span> <span class='ocrx_word' id='word_1_670' title='bbox 1513 1451 1565 1471; x_wconf 89' lang='lat' dir='ltr'><strong>c.2.</strong></span> <span class='ocrx_word' id='word_1_671' title='bbox 1579 1440 1609 1470; x_wconf 88' lang='lat' dir='ltr'><strong>C.</strong></span> <span class='ocrx_word' id='word_1_672' title='bbox 1626 1440 1758 1469; x_wconf 59' lang='lat' dir='ltr'><strong>Caesarem</strong></span> <span class='ocrx_word' id='word_1_673' title='bbox 1766 1440 1872 1469; x_wconf 82' lang='lat' dir='ltr'><strong>adorari</strong></span> <span class='ocrx_word' id='word_1_674' title='bbox 1882 1439 2066 1475; x_wconf 76' lang='lat' dir='ltr'><strong>(aLAdorare)</strong></span> <span class='ocrx_word' id='word_1_675' title='bbox 2077 1446 2107 1467; x_wconf 90' lang='lat' dir='ltr'><strong>ut</strong></span> <span class='ocrx_word' id='word_1_676' title='bbox 2117 1438 2209 1467; x_wconf 83' lang='lat' dir='ltr'><strong>Deum</strong></span> <span class='ocrx_word' id='word_1_677' title='bbox 2220 1436 2440 1471; x_wconf 84' lang='lat' dir='ltr'><strong>constituit,cum</strong></span> <span class='ocrx_word' id='word_1_678' title='bbox 2451 1434 2571 1464; x_wconf 88' lang='lat' dir='ltr'><strong>reversus</strong></span> <span class='ocrx_word' id='word_1_679' title='bbox 2581 1444 2617 1465; x_wconf 78' lang='lat' dir='ltr'><strong>cx</strong></span> <span class='ocrx_word' id='word_1_680' title='bbox 2666 1443 2667 1491; x_wconf 34' lang='grc'>1</span> 
     </span>
     <span class='ocr_line' id='line_1_39' title="bbox 304 1474 2667 1537; baseline -0.01 -12"><span class='ocrx_word' id='word_1_681' title='bbox 304 1510 365 1537; x_wconf 75' lang='lat' dir='ltr'><strong>cap.</strong></span> <span class='ocrx_word' id='word_1_682' title='bbox 389 1497 438 1533; x_wconf 84' lang='lat'><strong>3.)</strong></span> <span class='ocrx_word' id='word_1_683' title='bbox 467 1499 602 1532; x_wconf 83' lang='lat' dir='ltr'><strong>quantum</strong></span> <span class='ocrx_word' id='word_1_684' title='bbox 622 1491 682 1528; x_wconf 89' lang='lat' dir='ltr'><strong>quis</strong></span> <span class='ocrx_word' id='word_1_685' title='bbox 710 1498 768 1519; x_wconf 90' lang='lat' dir='ltr'><strong>uno</strong></span> <span class='ocrx_word' id='word_1_686' title='bbox 800 1488 846 1516; x_wconf 87' lang='lat' dir='ltr'><strong>die</strong></span> <span class='ocrx_word' id='word_1_687' title='bbox 870 1486 1023 1524; x_wconf 86' lang='lat' dir='ltr'><strong>plurimum</strong></span> <span class='ocrx_word' id='word_1_688' title='bbox 1048 1482 1285 1513; x_wconf 76' lang='lat' dir='ltr'><strong>circumarawffet.</strong></span> <span class='ocrx_word' id='word_1_689' title='bbox 1330 1481 1402 1510; x_wconf 90' lang='lat' dir='ltr'><strong>Item</strong></span> <span class='ocrx_word' id='word_1_690' title='bbox 1511 1480 1588 1516; x_wconf 80' lang='lat' dir='ltr'><strong>Syria</strong></span> <span class='ocrx_word' id='word_1_691' title='bbox 1604 1488 1661 1507; x_wconf 91' lang='lat' dir='ltr'><strong>non</strong></span> <span class='ocrx_word' id='word_1_692' title='bbox 1679 1478 1757 1507; x_wconf 83' lang='lat' dir='ltr'><strong>aliter</strong></span> <span class='ocrx_word' id='word_1_693' title='bbox 1769 1478 1844 1507; x_wconf 84' lang='lat' dir='ltr'><strong>adire</strong></span> <span class='ocrx_word' id='word_1_694' title='bbox 1864 1477 1943 1506; x_wconf 87' lang='lat' dir='ltr'><strong>ausus</strong></span> <span class='ocrx_word' id='word_1_695' title='bbox 1963 1476 2039 1512; x_wconf 84' lang='lat' dir='ltr'><strong>effet,</strong></span> <span class='ocrx_word' id='word_1_696' title='bbox 2062 1486 2144 1513; x_wconf 77' lang='lat' dir='ltr'><strong>quam</strong></span> <span class='ocrx_word' id='word_1_697' title='bbox 2164 1475 2254 1512; x_wconf 83' lang='lat' dir='ltr'><strong>capite</strong></span> <span class='ocrx_word' id='word_1_698' title='bbox 2273 1474 2367 1504; x_wconf 86' lang='lat' dir='ltr'><strong>velato</strong></span> <span class='ocrx_word' id='word_1_699' title='bbox 2389 1474 2617 1502; x_wconf 84' lang='lat' dir='ltr'><strong>circumvertens-</strong></span> <span class='ocrx_word' id='word_1_700' title='bbox 2648 1475 2667 1502; x_wconf 60' lang='lat' dir='ltr'>ff</span> 
     </span>
     <span class='ocr_line' id='line_1_40' title="bbox 303 1507 2667 1574; baseline -0.012 -8"><span class='ocrx_word' id='word_1_701' title='bbox 303 1535 433 1574; x_wconf 83' lang='lat' dir='ltr'><strong>quartarii</strong></span> <span class='ocrx_word' id='word_1_702' title='bbox 450 1533 525 1563; x_wconf 84' lang='lat' dir='ltr'><strong>farris</strong></span> <span class='ocrx_word' id='word_1_703' title='bbox 539 1529 725 1562; x_wconf 83' lang='lat' dir='ltr'><strong>autheminae,</strong></span> <span class='ocrx_word' id='word_1_704' title='bbox 746 1526 906 1555; x_wconf 88' lang='lat' dir='ltr'><strong>conferente</strong></span> <span class='ocrx_word' id='word_1_705' title='bbox 918 1522 1033 1561; x_wconf 87' lang='lat' dir='ltr'><strong>populo.</strong></span> <span class='ocrx_word' id='word_1_706' title='bbox 1056 1521 1142 1551; x_wconf 89' lang='lat' dir='ltr'><strong>Plaut.</strong></span> <span class='ocrx_word' id='word_1_707' title='bbox 1164 1520 1261 1558; x_wconf 82' lang='lat' dir='ltr'><strong>Amph.</strong></span> <span class='ocrx_word' id='word_1_708' title='bbox 1283 1530 1340 1548; x_wconf 93' lang='lat'><strong>1.1.</strong></span> <span class='ocrx_word' id='word_1_709' title='bbox 1356 1524 1400 1555; x_wconf 84' lang='lat'><strong>38.</strong></span> <span class='ocrx_word' id='word_1_710' title='bbox 1513 1527 1566 1554; x_wconf 91' lang='lat' dir='ltr'><strong>que</strong></span> <span class='ocrx_word' id='word_1_711' title='bbox 1586 1516 1629 1549; x_wconf 78' lang='lat' dir='ltr'><strong>se.</strong></span> <span class='ocrx_word' id='word_1_712' title='bbox 1651 1516 1753 1547; x_wconf 85' lang='lat' dir='ltr'><strong>deinde</strong></span> <span class='ocrx_word' id='word_1_713' title='bbox 1770 1515 1965 1553; x_wconf 88' lang='lat' dir='ltr'><strong>procumbens.</strong></span> <span class='ocrx_word' id='word_1_714' title='bbox 2006 1514 2111 1544; x_wconf 89' lang='lat' dir='ltr'><strong>Clarius</strong></span> <span class='ocrx_word' id='word_1_715' title='bbox 2126 1513 2205 1551; x_wconf 85' lang='lat' dir='ltr'><strong>Apul.</strong></span> <span class='ocrx_word' id='word_1_716' title='bbox 2224 1511 2302 1550; x_wconf 86' lang='lat' dir='ltr'><strong>Apol.</strong></span> <span class='ocrx_word' id='word_1_717' title='bbox 2326 1522 2354 1550; x_wconf 88' lang='lat' dir='ltr'><strong>p.</strong></span> <span class='ocrx_word' id='word_1_718' title='bbox 2376 1520 2438 1547; x_wconf 85' lang='lat'><strong>310.</strong></span> <span class='ocrx_word' id='word_1_719' title='bbox 2471 1510 2499 1539; x_wconf 86' lang='lat' dir='ltr'><strong>Si</strong></span> <span class='ocrx_word' id='word_1_720' title='bbox 2520 1510 2617 1539; x_wconf 76' lang='lat' dir='ltr'><strong>fanum</strong></span> <span class='ocrx_word' id='word_1_721' title='bbox 2666 1507 2667 1510; x_wconf 64' lang='grc'>’</span> 
     </span>
     <span class='ocr_line' id='line_1_41' title="bbox 305 1548 2618 1612; baseline -0.011 -10"><span class='ocrx_word' id='word_1_722' title='bbox 305 1575 363 1612; x_wconf 86' lang='lat' dir='ltr'><strong>Qui</strong></span> <span class='ocrx_word' id='word_1_723' title='bbox 379 1572 472 1611; x_wconf 81' lang='lat' dir='ltr'><strong>praeda</strong></span> <span class='ocrx_word' id='word_1_724' title='bbox 487 1578 569 1606; x_wconf 87' lang='lat' dir='ltr'><strong>atque</strong></span> <span class='ocrx_word' id='word_1_725' title='bbox 585 1576 667 1604; x_wconf 77' lang='lat' dir='ltr'><strong>agm,</strong></span> <span class='ocrx_word' id='word_1_726' title='bbox 695 1565 850 1601; x_wconf 79' lang='lat' dir='ltr'><strong>adoreaque</strong></span> <span class='ocrx_word' id='word_1_727' title='bbox 869 1562 963 1591; x_wconf 80' lang='lat' dir='ltr'><strong>affecit</strong></span> <span class='ocrx_word' id='word_1_728' title='bbox 984 1559 1132 1598; x_wconf 87' lang='lat' dir='ltr'><strong>populares</strong></span> <span class='ocrx_word' id='word_1_729' title='bbox 1149 1558 1220 1587; x_wconf 88' lang='lat' dir='ltr'><strong>suos.</strong></span> <span class='ocrx_word' id='word_1_730' title='bbox 1265 1557 1333 1586; x_wconf 89' lang='lat' dir='ltr'><strong>Plin.</strong></span> <span class='ocrx_word' id='word_1_731' title='bbox 1351 1556 1400 1586; x_wconf 91' lang='lat' dir='ltr'><strong>lib.</strong></span> <span class='ocrx_word' id='word_1_732' title='bbox 1514 1555 1629 1592; x_wconf 87' lang='lat' dir='ltr'><strong>aliquod</strong></span> <span class='ocrx_word' id='word_1_733' title='bbox 1648 1560 1792 1591; x_wconf 84' lang='lat' dir='ltr'><strong>praetereat</strong></span> <span class='ocrx_word' id='word_1_734' title='bbox 1806 1553 1882 1582; x_wconf 69' lang='lat' dir='ltr'><strong>nefas</strong></span> <span class='ocrx_word' id='word_1_735' title='bbox 1898 1553 1982 1582; x_wconf 83' lang='lat' dir='ltr'><strong>habet</strong></span> <span class='ocrx_word' id='word_1_736' title='bbox 2000 1551 2135 1582; x_wconf 82' lang='lat' dir='ltr'><strong>adorandi</strong></span> <span class='ocrx_word' id='word_1_737' title='bbox 2152 1551 2236 1588; x_wconf 85' lang='lat' dir='ltr'><strong>gratia</strong></span> <span class='ocrx_word' id='word_1_738' title='bbox 2252 1559 2367 1579; x_wconf 87' lang='lat' dir='ltr'><strong>manum</strong></span> <span class='ocrx_word' id='word_1_739' title='bbox 2384 1548 2467 1577; x_wconf 87' lang='lat' dir='ltr'><strong>labris</strong></span> <span class='ocrx_word' id='word_1_740' title='bbox 2487 1548 2618 1577; x_wconf 85' lang='lat' dir='ltr'><strong>admove-</strong></span> 
     </span>
     <span class='ocr_line' id='line_1_42' title="bbox 306 1583 2658 1649; baseline -0.011 -9"><span class='ocrx_word' id='word_1_741' title='bbox 306 1619 350 1647; x_wconf 79' lang='lat'><strong>18.</strong></span> <span class='ocrx_word' id='word_1_742' title='bbox 367 1621 427 1649; x_wconf 83' lang='lat' dir='ltr'><strong>cap.</strong></span> <span class='ocrx_word' id='word_1_743' title='bbox 442 1619 466 1646; x_wconf 82' lang='lat'><strong>3.</strong></span> <span class='ocrx_word' id='word_1_744' title='bbox 501 1607 623 1637; x_wconf 69' lang='lat' dir='ltr'><strong>Gloriam</strong></span> <span class='ocrx_word' id='word_1_745' title='bbox 644 1604 765 1640; x_wconf 86' lang='lat' dir='ltr'><strong>denique</strong></span> <span class='ocrx_word' id='word_1_746' title='bbox 779 1600 865 1639; x_wconf 74' lang='lat' dir='ltr'><strong>ipsam</strong></span> <span class='ocrx_word' id='word_1_747' title='bbox 880 1610 895 1628; x_wconf 92' lang='lat' dir='ltr'><strong>a</strong></span> <span class='ocrx_word' id='word_1_748' title='bbox 910 1599 986 1628; x_wconf 80' lang='lat' dir='ltr'><strong>farris</strong></span> <span class='ocrx_word' id='word_1_749' title='bbox 1006 1598 1112 1627; x_wconf 88' lang='lat' dir='ltr'><strong>honore</strong></span> <span class='ocrx_word' id='word_1_750' title='bbox 1132 1596 1262 1625; x_wconf 89' lang='lat' dir='ltr'><strong>adoream</strong></span> <span class='ocrx_word' id='word_1_751' title='bbox 1283 1594 1404 1633; x_wconf 88' lang='lat' dir='ltr'><strong>appella·</strong></span> <span class='ocrx_word' id='word_1_752' title='bbox 1513 1603 1550 1622; x_wconf 87' lang='lat' dir='ltr'><strong>re.</strong></span> <span class='ocrx_word' id='word_1_753' title='bbox 1574 1592 1698 1621; x_wconf 81' lang='lat' dir='ltr'><strong>Eandem</strong></span> <span class='ocrx_word' id='word_1_754' title='bbox 1708 1602 1751 1629; x_wconf 87' lang='lat' dir='ltr'><strong>ap.</strong></span> <span class='ocrx_word' id='word_1_755' title='bbox 1765 1592 1874 1621; x_wconf 84' lang='lat' dir='ltr'><strong>Graecos</strong></span> <span class='ocrx_word' id='word_1_756' title='bbox 1891 1591 2077 1624; x_wconf 85' lang='lat' dir='ltr'><strong>adorationis,</strong></span> <span class='ocrx_word' id='word_1_757' title='bbox 2109 1590 2127 1618; x_wconf 95' lang='lat' dir='ltr'><strong>i.</strong></span> <span class='ocrx_word' id='word_1_758' title='bbox 2150 1599 2174 1619; x_wconf 88' lang='lat' dir='ltr'><strong>e.</strong></span> <span class='ocrx_word' id='word_1_759' title='bbox 2196 1588 2367 1618; x_wconf 50' lang='grc' dir='ltr'><strong>(πρηνέα-ειυς</strong></span> <span class='ocrx_word' id='word_1_760' title='bbox 2376 1587 2521 1615; x_wconf 79' lang='lat' dir='ltr'><strong>‘rationem</strong></span> <span class='ocrx_word' id='word_1_761' title='bbox 2537 1585 2618 1615; x_wconf 73' lang='lat' dir='ltr'><strong>fuisse</strong></span> <span class='ocrx_word' id='word_1_762' title='bbox 2651 1583 2658 1591; x_wconf 85' lang='lat'><em>&#39;</em></span> 
     </span>
     <span class='ocr_line' id='line_1_43' title="bbox 302 1623 2618 1680; baseline -0.011 -2"><span class='ocrx_word' id='word_1_763' title='bbox 302 1651 380 1680; x_wconf 82' lang='lat' dir='ltr'><strong>bant.</strong></span> <span class='ocrx_word' id='word_1_764' title='bbox 420 1648 452 1677; x_wconf 92' lang='lat' dir='ltr'><strong>V.</strong></span> <span class='ocrx_word' id='word_1_765' title='bbox 471 1644 592 1675; x_wconf 88' lang='lat' dir='ltr'><strong>Taubm.</strong></span> <span class='ocrx_word' id='word_1_766' title='bbox 608 1642 644 1672; x_wconf 89' lang='lat' dir='ltr'><strong>ad</strong></span> <span class='ocrx_word' id='word_1_767' title='bbox 656 1641 744 1671; x_wconf 83' lang='lat' dir='ltr'><strong>Plaut.</strong></span> <span class='ocrx_word' id='word_1_768' title='bbox 757 1650 784 1677; x_wconf 87' lang='lat' dir='ltr'><strong>p.</strong></span> <span class='ocrx_word' id='word_1_769' title='bbox 799 1645 843 1673; x_wconf 86' lang='lat'><strong>28.</strong></span> <span class='ocrx_word' id='word_1_770' title='bbox 867 1639 893 1667; x_wconf 73' lang='lat' dir='ltr'><strong>Sc</strong></span> <span class='ocrx_word' id='word_1_771' title='bbox 906 1637 1046 1666; x_wconf 72' lang='lat' dir='ltr'><strong>Boxhorn.</strong></span> <span class='ocrx_word' id='word_1_772' title='bbox 1059 1635 1094 1664; x_wconf 88' lang='lat' dir='ltr'><strong>ad</strong></span> <span class='ocrx_word' id='word_1_773' title='bbox 1106 1634 1197 1663; x_wconf 87' lang='lat' dir='ltr'><strong>Eund.</strong></span> <span class='ocrx_word' id='word_1_774' title='bbox 1209 1644 1236 1671; x_wconf 92' lang='lat' dir='ltr'><strong>p.</strong></span> <span class='ocrx_word' id='word_1_775' title='bbox 1249 1643 1290 1670; x_wconf 89' lang='lat'><strong>13.</strong></span> <span class='ocrx_word' id='word_1_776' title='bbox 1335 1632 1404 1669; x_wconf 80' lang='lat' dir='ltr'><strong>Qui·</strong></span> <span class='ocrx_word' id='word_1_777' title='bbox 1515 1641 1550 1660; x_wconf 76' lang='lat' dir='ltr'><strong>ex</strong></span> <span class='ocrx_word' id='word_1_778' title='bbox 1560 1630 1683 1659; x_wconf 89' lang='lat' dir='ltr'><strong>Luciano</strong></span> <span class='ocrx_word' id='word_1_779' title='bbox 1700 1629 1934 1667; x_wconf 68' lang='lat' dir='ltr'><strong>constarelpotest.</strong></span> <span class='ocrx_word' id='word_1_780' title='bbox 1956 1630 1985 1657; x_wconf 93' lang='lat' dir='ltr'><strong>in</strong></span> <span class='ocrx_word' id='word_1_781' title='bbox 2006 1627 2147 1658; x_wconf 88' lang='lat' dir='ltr'><strong>Demosth.</strong></span> <span class='ocrx_word' id='word_1_782' title='bbox 2170 1627 2285 1656; x_wconf 88' lang='lat' dir='ltr'><strong>Encom.</strong></span> <span class='ocrx_word' id='word_1_783' title='bbox 2296 1631 2316 1654; x_wconf 87' lang='lat' dir='ltr'><strong>t.</strong></span> <span class='ocrx_word' id='word_1_784' title='bbox 2338 1635 2363 1654; x_wconf 92' lang='lat'><strong>2.</strong></span> <span class='ocrx_word' id='word_1_785' title='bbox 2383 1635 2411 1662; x_wconf 87' lang='lat' dir='ltr'><strong>p.</strong></span> <span class='ocrx_word' id='word_1_786' title='bbox 2432 1633 2494 1661; x_wconf 85' lang='lat'><strong>707.</strong></span> <span class='ocrx_word' id='word_1_787' title='bbox 2518 1624 2552 1653; x_wconf 89' lang='lat' dir='ltr'><strong>de</strong></span> <span class='ocrx_word' id='word_1_788' title='bbox 2563 1623 2618 1653; x_wconf 92' lang='lat' dir='ltr'><strong>De-</strong></span> 
     </span>
     <span class='ocr_line' id='line_1_44' title="bbox 304 1659 2618 1724; baseline -0.013 -7"><span class='ocrx_word' id='word_1_789' title='bbox 304 1689 369 1717; x_wconf 87' lang='lat' dir='ltr'><strong>dam</strong></span> <span class='ocrx_word' id='word_1_790' title='bbox 383 1696 432 1724; x_wconf 89' lang='lat' dir='ltr'><strong>per</strong></span> <span class='ocrx_word' id='word_1_791' title='bbox 442 1685 552 1714; x_wconf 83' lang='lat' dir='ltr'><strong>tertiam</strong></span> <span class='ocrx_word' id='word_1_792' title='bbox 562 1679 685 1710; x_wconf 86' lang='lat' dir='ltr'><strong>vocalem</strong></span> <span class='ocrx_word' id='word_1_793' title='bbox 699 1678 798 1708; x_wconf 74' lang='lat' dir='ltr'><strong>Adoria</strong></span> <span class='ocrx_word' id='word_1_794' title='bbox 813 1677 919 1706; x_wconf 84' lang='lat' dir='ltr'><strong>dicunt.</strong></span> <span class='ocrx_word' id='word_1_795' title='bbox 1518 1669 1662 1711; x_wconf 72' lang='lat' dir='ltr'><strong>mosthene</strong></span> <span class='ocrx_word' id='word_1_796' title='bbox 1679 1677 1818 1697; x_wconf 87' lang='lat' dir='ltr'><strong>venenum</strong></span> <span class='ocrx_word' id='word_1_797' title='bbox 1834 1677 1869 1696; x_wconf 80' lang='lat' dir='ltr'><strong>ex</strong></span> <span class='ocrx_word' id='word_1_798' title='bbox 1885 1667 1991 1696; x_wconf 81' lang='lat' dir='ltr'><strong>calamo</strong></span> <span class='ocrx_word' id='word_1_799' title='bbox 2000 1665 2045 1695; x_wconf 87' lang='lat' dir='ltr'><strong>vel</strong></span> <span class='ocrx_word' id='word_1_800' title='bbox 2064 1665 2168 1694; x_wconf 81' lang='lat' dir='ltr'><strong>annulo</strong></span> <span class='ocrx_word' id='word_1_801' title='bbox 2180 1665 2302 1702; x_wconf 81' lang='lat' dir='ltr'><strong>sugente.</strong></span> <span class='ocrx_word' id='word_1_802' title='bbox 2332 1662 2370 1691; x_wconf 65' lang='grc' dir='ltr'><strong>τὶν</strong></span> <span class='ocrx_word' id='word_1_803' title='bbox 2386 1661 2458 1699; x_wconf 57' lang='grc' dir='ltr'><strong>χεῖρα</strong></span> <span class='ocrx_word' id='word_1_804' title='bbox 2478 1664 2511 1697; x_wconf 74' lang='grc' dir='ltr'><strong>τῷ</strong></span> <span class='ocrx_word' id='word_1_805' title='bbox 2531 1659 2618 1695; x_wconf 59' lang='lat' dir='ltr'><strong>qiman</strong></span> 
     </span>
    </p>

    <p class='ocr_par' dir='ltr' id='par_1_13' title="bbox 247 1699 2618 1794">
     <span class='ocr_line' id='line_1_45' title="bbox 247 1699 2616 1758; baseline -0.014 -2"><span class='ocrx_word' id='word_1_806' title='bbox 247 1728 441 1758; x_wconf 61' lang='lat' dir='ltr'><strong>Aponus,</strong></span> <span class='ocrx_word' id='word_1_807' title='bbox 462 1722 522 1754; x_wconf 83' lang='lat' dir='ltr'><strong>Adi.</strong></span> <span class='ocrx_word' id='word_1_808' title='bbox 538 1726 569 1749; x_wconf 88' lang='lat' dir='ltr'><strong>ut</strong></span> <span class='ocrx_word' id='word_1_809' title='bbox 578 1719 628 1749; x_wconf 88' lang='lat' dir='ltr'><strong>Far</strong></span> <span class='ocrx_word' id='word_1_810' title='bbox 636 1718 784 1747; x_wconf 83' lang='lat' dir='ltr'><strong>Adoreum.</strong></span> <span class='ocrx_word' id='word_1_811' title='bbox 822 1714 905 1743; x_wconf 86' lang='lat' dir='ltr'><strong>Varro</strong></span> <span class='ocrx_word' id='word_1_812' title='bbox 922 1713 956 1741; x_wconf 91' lang='lat' dir='ltr'><strong>de</strong></span> <span class='ocrx_word' id='word_1_813' title='bbox 968 1711 1045 1741; x_wconf 86' lang='lat' dir='ltr'><strong>R.R.</strong></span> <span class='ocrx_word' id='word_1_814' title='bbox 1069 1711 1118 1740; x_wconf 92' lang='lat' dir='ltr'><strong>lib.</strong></span> <span class='ocrx_word' id='word_1_815' title='bbox 1134 1720 1156 1739; x_wconf 90' lang='lat'><strong>1.</strong></span> <span class='ocrx_word' id='word_1_816' title='bbox 1176 1719 1201 1745; x_wconf 85' lang='lat'><strong>9.</strong></span> <span class='ocrx_word' id='word_1_817' title='bbox 1223 1708 1255 1738; x_wconf 90' lang='lat' dir='ltr'><strong>In</strong></span> <span class='ocrx_word' id='word_1_818' title='bbox 1273 1708 1337 1737; x_wconf 89' lang='lat' dir='ltr'><strong>loco</strong></span> <span class='ocrx_word' id='word_1_819' title='bbox 1354 1708 1405 1737; x_wconf 87' lang='lat' dir='ltr'><strong>hu-</strong></span> <span class='ocrx_word' id='word_1_820' title='bbox 1516 1710 1728 1742; x_wconf 58' lang='lat' dir='ltr'><strong>mremyapvr&amp;</strong></span> <span class='ocrx_word' id='word_1_821' title='bbox 1756 1702 1810 1732; x_wconf 66' lang='grc' dir='ltr'><strong>ἐδῖν</strong></span> <span class='ocrx_word' id='word_1_822' title='bbox 1833 1706 1884 1731; x_wconf 51' lang='lat'><strong>0272(</strong></span> <span class='ocrx_word' id='word_1_823' title='bbox 1910 1704 1922 1732; x_wconf 61' lang='grc' dir='ltr'><em>ἡ</em></span> <span class='ocrx_word' id='word_1_824' title='bbox 1947 1705 2081 1734; x_wconf 58' lang='lat' dir='ltr'><strong>majanum»</strong></span> <span class='ocrx_word' id='word_1_825' title='bbox 2109 1704 2300 1737; x_wconf 60' lang='grc' dir='ltr'><strong>ίπελαμβηινον,</strong></span> <span class='ocrx_word' id='word_1_826' title='bbox 2342 1701 2413 1737; x_wconf 81' lang='lat' dir='ltr'><strong>[De</strong></span> <span class='ocrx_word' id='word_1_827' title='bbox 2441 1699 2616 1730; x_wconf 59' lang='lat' dir='ltr'><strong>circumacto</strong></span> 
     </span>
     <span class='ocr_line' id='line_1_46' title="bbox 280 1737 2618 1794; baseline -0.012 0"><span class='ocrx_word' id='word_1_828' title='bbox 280 1764 402 1794; x_wconf 74' lang='lat' dir='ltr'><strong>vmidiore</strong></span> <span class='ocrx_word' id='word_1_829' title='bbox 410 1762 450 1791; x_wconf 82' lang='lat' dir='ltr'><strong>far</strong></span> <span class='ocrx_word' id='word_1_830' title='bbox 461 1760 593 1789; x_wconf 86' lang='lat' dir='ltr'><strong>adoreum</strong></span> <span class='ocrx_word' id='word_1_831' title='bbox 608 1756 702 1794; x_wconf 89' lang='lat' dir='ltr'><strong>potius</strong></span> <span class='ocrx_word' id='word_1_832' title='bbox 710 1754 819 1787; x_wconf 83' lang='lat' dir='ltr'><strong>serunt,</strong></span> <span class='ocrx_word' id='word_1_833' title='bbox 841 1761 923 1789; x_wconf 60' lang='lat' dir='ltr'><strong>quun</strong></span> <span class='ocrx_word' id='word_1_834' title='bbox 933 1751 1065 1779; x_wconf 88' lang='lat' dir='ltr'><strong>triticum.</strong></span> <span class='ocrx_word' id='word_1_835' title='bbox 1089 1749 1161 1785; x_wconf 86' lang='lat' dir='ltr'><strong>Virg.</strong></span> <span class='ocrx_word' id='word_1_836' title='bbox 1180 1756 1205 1784; x_wconf 89' lang='lat'><strong>7.</strong></span> <span class='ocrx_word' id='word_1_837' title='bbox 1238 1746 1300 1776; x_wconf 81' lang='lat' dir='ltr'><strong>AEn.</strong></span> <span class='ocrx_word' id='word_1_838' title='bbox 1321 1756 1382 1782; x_wconf 88' lang='lat'><strong>109.</strong></span> <span class='ocrx_word' id='word_1_839' title='bbox 1515 1754 1632 1782; x_wconf 88' lang='lat' dir='ltr'><strong>corpore</strong></span> <span class='ocrx_word' id='word_1_840' title='bbox 1649 1743 1730 1780; x_wconf 84' lang='lat' dir='ltr'><strong>Diog.</strong></span> <span class='ocrx_word' id='word_1_841' title='bbox 1750 1742 1838 1772; x_wconf 78' lang='lat' dir='ltr'><strong>Laert.</strong></span> <span class='ocrx_word' id='word_1_842' title='bbox 1859 1742 1876 1771; x_wconf 93' lang='lat' dir='ltr'><strong>l.</strong></span> <span class='ocrx_word' id='word_1_843' title='bbox 1898 1742 1941 1772; x_wconf 89' lang='lat' dir='ltr'><strong>VI.</strong></span> <span class='ocrx_word' id='word_1_844' title='bbox 1961 1743 1986 1771; x_wconf 94' lang='lat' dir='ltr'><strong>S.</strong></span> <span class='ocrx_word' id='word_1_845' title='bbox 2010 1751 2053 1779; x_wconf 88' lang='lat'><strong>37.</strong></span> <span class='ocrx_word' id='word_1_846' title='bbox 2070 1748 2139 1770; x_wconf 74' lang='lat' dir='ltr'><strong>extr.</strong></span> <span class='ocrx_word' id='word_1_847' title='bbox 2179 1740 2234 1770; x_wconf 88' lang='lat' dir='ltr'><strong>Sed</strong></span> <span class='ocrx_word' id='word_1_848' title='bbox 2249 1739 2288 1768; x_wconf 90' lang='lat' dir='ltr'><strong>ibi</strong></span> <span class='ocrx_word' id='word_1_849' title='bbox 2302 1748 2353 1777; x_wconf 87' lang='lat' dir='ltr'><strong>pro</strong></span> <span class='ocrx_word' id='word_1_850' title='bbox 2367 1740 2546 1774; x_wconf 64' lang='grc' dir='ltr'><strong>αὶο-χκμονεςεξον</strong></span> <span class='ocrx_word' id='word_1_851' title='bbox 2562 1737 2618 1766; x_wconf 84' lang='lat' dir='ltr'><strong>fine</strong></span> 
     </span>
    </p>

    <p class='ocr_par' dir='ltr' id='par_1_14' title="bbox 286 1775 2658 2286">
     <span class='ocr_line' id='line_1_47' title="bbox 426 1775 2619 1830; baseline -0.01 -5"><span class='ocrx_word' id='word_1_852' title='bbox 426 1815 464 1819; x_wconf 89' lang='lat'><strong>—-</strong></span> <span class='ocrx_word' id='word_1_853' title='bbox 483 1799 509 1827; x_wconf 66' lang='grc' dir='ltr'>ἃ</span> <span class='ocrx_word' id='word_1_854' title='bbox 522 1796 624 1825; x_wconf 80' lang='lat' dir='ltr'><strong>adorea</strong></span> <span class='ocrx_word' id='word_1_855' title='bbox 640 1793 697 1822; x_wconf 88' lang='lat' dir='ltr'><strong>liba</strong></span> <span class='ocrx_word' id='word_1_856' title='bbox 715 1801 764 1830; x_wconf 87' lang='lat' dir='ltr'><strong>per</strong></span> <span class='ocrx_word' id='word_1_857' title='bbox 778 1790 891 1819; x_wconf 90' lang='lat' dir='ltr'><strong>herbam</strong></span> <span class='ocrx_word' id='word_1_858' title='bbox 1517 1782 1603 1812; x_wconf 84' lang='lat' dir='ltr'><strong>dubio</strong></span> <span class='ocrx_word' id='word_1_859' title='bbox 1624 1782 1811 1817; x_wconf 63' lang='grc' dir='ltr'><strong>σϊχημονέπεον</strong></span> <span class='ocrx_word' id='word_1_860' title='bbox 1831 1781 1982 1818; x_wconf 84' lang='lat' dir='ltr'><strong>legendum</strong></span> <span class='ocrx_word' id='word_1_861' title='bbox 2000 1802 2008 1815; x_wconf 91' lang='lat'><strong>,</strong></span> <span class='ocrx_word' id='word_1_862' title='bbox 2037 1786 2069 1808; x_wconf 89' lang='lat' dir='ltr'><strong>ut</strong></span> <span class='ocrx_word' id='word_1_863' title='bbox 2085 1780 2194 1817; x_wconf 88' lang='lat' dir='ltr'><strong>pridem</strong></span> <span class='ocrx_word' id='word_1_864' title='bbox 2211 1778 2322 1807; x_wconf 87' lang='lat' dir='ltr'><strong>monuit</strong></span> <span class='ocrx_word' id='word_1_865' title='bbox 2346 1777 2392 1805; x_wconf 89' lang='lat' dir='ltr'><strong>Vir</strong></span> <span class='ocrx_word' id='word_1_866' title='bbox 2415 1775 2619 1805; x_wconf 80' lang='lat' dir='ltr'><strong>Celeberrimus</strong></span> 
     </span>
     <span class='ocr_line' id='line_1_48' title="bbox 359 1813 2617 1873; baseline -0.011 -7"><span class='ocrx_word' id='word_1_867' title='bbox 359 1836 518 1873; x_wconf 87' lang='lat' dir='ltr'><strong>Subjiciunt</strong></span> <span class='ocrx_word' id='word_1_868' title='bbox 540 1832 638 1871; x_wconf 84' lang='lat' dir='ltr'><strong>epulis.</strong></span> <span class='ocrx_word' id='word_1_869' title='bbox 766 1828 892 1862; x_wconf 82' lang='lat' dir='ltr'><strong>Servius,</strong></span> <span class='ocrx_word' id='word_1_870' title='bbox 918 1826 992 1856; x_wconf 86' lang='lat' dir='ltr'><strong>Ador</strong></span> <span class='ocrx_word' id='word_1_871' title='bbox 1012 1824 1124 1863; x_wconf 88' lang='lat' dir='ltr'><strong>proprie</strong></span> <span class='ocrx_word' id='word_1_872' title='bbox 1146 1823 1185 1852; x_wconf 83' lang='lat' dir='ltr'><strong>est</strong></span> <span class='ocrx_word' id='word_1_873' title='bbox 1204 1822 1297 1851; x_wconf 90' lang='lat' dir='ltr'><strong>Genus</strong></span> <span class='ocrx_word' id='word_1_874' title='bbox 1317 1821 1403 1850; x_wconf 86' lang='lat' dir='ltr'><strong>farris.</strong></span> <span class='ocrx_word' id='word_1_875' title='bbox 1516 1821 1588 1850; x_wconf 84' lang='lat' dir='ltr'><strong>Sam.</strong></span> <span class='ocrx_word' id='word_1_876' title='bbox 1601 1820 1764 1853; x_wconf 87' lang='lat' dir='ltr'><strong>Battierius,</strong></span> <span class='ocrx_word' id='word_1_877' title='bbox 1784 1819 1815 1847; x_wconf 92' lang='lat' dir='ltr'><strong>in</strong></span> <span class='ocrx_word' id='word_1_878' title='bbox 1831 1818 1984 1847; x_wconf 84' lang='lat' dir='ltr'><strong>Observatt.</strong></span> <span class='ocrx_word' id='word_1_879' title='bbox 2000 1818 2034 1847; x_wconf 86' lang='lat' dir='ltr'><strong>ad</strong></span> <span class='ocrx_word' id='word_1_880' title='bbox 2048 1816 2228 1854; x_wconf 77' lang='lat' dir='ltr'><strong>Diog.Lae1·t.</strong></span> <span class='ocrx_word' id='word_1_881' title='bbox 2247 1815 2292 1844; x_wconf 89' lang='lat' dir='ltr'><strong>ed.</strong></span> <span class='ocrx_word' id='word_1_882' title='bbox 2306 1814 2363 1844; x_wconf 84' lang='lat' dir='ltr'><strong>Bas.</strong></span> <span class='ocrx_word' id='word_1_883' title='bbox 2390 1813 2498 1850; x_wconf 78' lang='lat'><strong>1705.]</strong></span> <span class='ocrx_word' id='word_1_884' title='bbox 2538 1813 2617 1849; x_wconf 84' lang='lat' dir='ltr'><strong>Quin</strong></span> 
     </span>
     <span class='ocr_line' id='line_1_49' title="bbox 286 1851 2619 1908; baseline -0.011 -3"><span class='ocrx_word' id='word_1_885' title='bbox 286 1874 424 1906; x_wconf 87' lang='lat' dir='ltr'><strong>Columel.</strong></span> <span class='ocrx_word' id='word_1_886' title='bbox 437 1873 484 1903; x_wconf 90' lang='lat' dir='ltr'><strong>lib.</strong></span> <span class='ocrx_word' id='word_1_887' title='bbox 494 1882 520 1902; x_wconf 93' lang='lat'><strong>2.</strong></span> <span class='ocrx_word' id='word_1_888' title='bbox 532 1881 592 1908; x_wconf 85' lang='lat' dir='ltr'><strong>cap.</strong></span> <span class='ocrx_word' id='word_1_889' title='bbox 605 1873 631 1899; x_wconf 89' lang='lat'><strong>6.</strong></span> <span class='ocrx_word' id='word_1_890' title='bbox 671 1867 837 1902; x_wconf 78' lang='lat' dir='ltr'><strong>Frumenta,</strong></span> <span class='ocrx_word' id='word_1_891' title='bbox 862 1865 987 1894; x_wconf 88' lang='lat' dir='ltr'><strong>triticum</strong></span> <span class='ocrx_word' id='word_1_892' title='bbox 999 1885 1008 1899; x_wconf 89' lang='lat'><strong>,</strong></span> <span class='ocrx_word' id='word_1_893' title='bbox 1030 1865 1056 1893; x_wconf 71' lang='grc' dir='ltr'><strong>δι</strong></span> <span class='ocrx_word' id='word_1_894' title='bbox 1070 1862 1164 1891; x_wconf 89' lang='lat' dir='ltr'><strong>semen</strong></span> <span class='ocrx_word' id='word_1_895' title='bbox 1174 1860 1317 1890; x_wconf 86' lang='lat' dir='ltr'><strong>adoreum.</strong></span> <span class='ocrx_word' id='word_1_896' title='bbox 1335 1859 1403 1888; x_wconf 86' lang='lat' dir='ltr'><strong>Stat.</strong></span> <span class='ocrx_word' id='word_1_897' title='bbox 1517 1857 1717 1895; x_wconf 70' lang='lat' dir='ltr'><strong>antiquissimus</strong></span> <span class='ocrx_word' id='word_1_898' title='bbox 1728 1856 1813 1886; x_wconf 91' lang='lat' dir='ltr'><strong>Hiob.</strong></span> <span class='ocrx_word' id='word_1_899' title='bbox 1825 1856 1872 1885; x_wconf 88' lang='lat' dir='ltr'><strong>lib.</strong></span> <span class='ocrx_word' id='word_1_900' title='bbox 1887 1866 1929 1893; x_wconf 84' lang='lat'><strong>31.</strong></span> <span class='ocrx_word' id='word_1_901' title='bbox 1941 1859 1985 1885; x_wconf 90' lang='lat'><strong>26.</strong></span> <span class='ocrx_word' id='word_1_902' title='bbox 1999 1865 2042 1892; x_wconf 92' lang='lat'><strong>27.</strong></span> <span class='ocrx_word' id='word_1_903' title='bbox 2056 1862 2148 1884; x_wconf 66' lang='lat' dir='ltr'><strong>aierte</strong></span> <span class='ocrx_word' id='word_1_904' title='bbox 2160 1854 2216 1883; x_wconf 88' lang='lat' dir='ltr'><strong>huc</strong></span> <span class='ocrx_word' id='word_1_905' title='bbox 2231 1852 2349 1890; x_wconf 88' lang='lat' dir='ltr'><strong>respicit.</strong></span> <span class='ocrx_word' id='word_1_906' title='bbox 2390 1852 2465 1880; x_wconf 77' lang='lat' dir='ltr'><strong>v.-P.</strong></span> <span class='ocrx_word' id='word_1_907' title='bbox 2479 1851 2619 1880; x_wconf 85' lang='lat' dir='ltr'><strong>Pithoeum</strong></span> 
     </span>
     <span class='ocr_line' id='line_1_50' title="bbox 289 1866 2616 1951; baseline -0.012 -7"><span class='ocrx_word' id='word_1_908' title='bbox 289 1925 313 1944; x_wconf 93' lang='lat'><strong>1.</strong></span> <span class='ocrx_word' id='word_1_909' title='bbox 326 1913 399 1951; x_wconf 89' lang='lat' dir='ltr'><strong>Sylv.</strong></span> <span class='ocrx_word' id='word_1_910' title='bbox 419 1917 445 1942; x_wconf 87' lang='lat'><strong>6.</strong></span> <span class='ocrx_word' id='word_1_911' title='bbox 465 1921 506 1940; x_wconf 90' lang='lat'><strong>10.</strong></span> <span class='ocrx_word' id='word_1_912' title='bbox 1518 1895 1626 1925; x_wconf 77' lang='lat' dir='ltr'><strong>Advers.</strong></span> <span class='ocrx_word' id='word_1_913' title='bbox 1645 1894 1776 1924; x_wconf 83' lang='lat' dir='ltr'><strong>Subcifiv.</strong></span> <span class='ocrx_word' id='word_1_914' title='bbox 1799 1894 1874 1924; x_wconf 69' lang='lat' dir='ltr'><strong>Lect.</strong></span> <span class='ocrx_word' id='word_1_915' title='bbox 1889 1904 1912 1923; x_wconf 90' lang='lat'><strong>1.</strong></span> <span class='ocrx_word' id='word_1_916' title='bbox 1929 1903 1955 1931; x_wconf 88' lang='lat'><strong>7.</strong></span> <span class='ocrx_word' id='word_1_917' title='bbox 1970 1893 2039 1932; x_wconf 89' lang='lat' dir='ltr'><strong>Lips.</strong></span> <span class='ocrx_word' id='word_1_918' title='bbox 2052 1866 2137 1923; x_wconf 66' lang='lat' dir='ltr'><strong>Eietst.</strong></span> <span class='ocrx_word' id='word_1_919' title='bbox 2151 1902 2176 1921; x_wconf 90' lang='lat'><strong>2.</strong></span> <span class='ocrx_word' id='word_1_920' title='bbox 2191 1896 2217 1921; x_wconf 93' lang='lat'><strong>6.</strong></span> <span class='ocrx_word' id='word_1_921' title='bbox 2244 1890 2374 1919; x_wconf 80' lang='lat' dir='ltr'><strong>Wower.</strong></span> <span class='ocrx_word' id='word_1_922' title='bbox 2396 1889 2431 1918; x_wconf 88' lang='lat' dir='ltr'><strong>ad</strong></span> <span class='ocrx_word' id='word_1_923' title='bbox 2440 1889 2548 1918; x_wconf 82' lang='lat' dir='ltr'><strong>Minue.</strong></span> <span class='ocrx_word' id='word_1_924' title='bbox 2559 1887 2616 1918; x_wconf 87' lang='lat' dir='ltr'><strong>Fel.</strong></span> 
     </span>
     <span class='ocr_line' id='line_1_51' title="bbox 361 1926 2620 1979; baseline -0.011 0"><span class='ocrx_word' id='word_1_925' title='bbox 361 1951 412 1979; x_wconf 80' lang='lat' dir='ltr'><strong>Vix</strong></span> <span class='ocrx_word' id='word_1_926' title='bbox 429 1958 526 1979; x_wconf 81' lang='lat' dir='ltr'><strong>aurora</strong></span> <span class='ocrx_word' id='word_1_927' title='bbox 544 1955 632 1975; x_wconf 88' lang='lat' dir='ltr'><strong>novos</strong></span> <span class='ocrx_word' id='word_1_928' title='bbox 653 1942 784 1973; x_wconf 85' lang='lat' dir='ltr'><strong>movebat</strong></span> <span class='ocrx_word' id='word_1_929' title='bbox 807 1947 883 1970; x_wconf 89' lang='lat' dir='ltr'><strong>ortus</strong></span> <span class='ocrx_word' id='word_1_930' title='bbox 895 1963 904 1977; x_wconf 96' lang='lat'><strong>,</strong></span> <span class='ocrx_word' id='word_1_931' title='bbox 1518 1944 1546 1972; x_wconf 87' lang='lat' dir='ltr'><strong>p.</strong></span> <span class='ocrx_word' id='word_1_932' title='bbox 1562 1943 1622 1970; x_wconf 88' lang='lat'><strong>107.</strong></span> <span class='ocrx_word' id='word_1_933' title='bbox 1640 1933 1717 1962; x_wconf 89' lang='lat' dir='ltr'><strong>Grot.</strong></span> <span class='ocrx_word' id='word_1_934' title='bbox 1728 1932 1865 1969; x_wconf 77' lang='lat' dir='ltr'><strong>Explicat.</strong></span> <span class='ocrx_word' id='word_1_935' title='bbox 1877 1931 1972 1962; x_wconf 85' lang='lat' dir='ltr'><strong>Decal.</strong></span> <span class='ocrx_word' id='word_1_936' title='bbox 2014 1931 2186 1969; x_wconf 71' lang='lat' dir='ltr'><strong>Neque,hoc</strong></span> <span class='ocrx_word' id='word_1_937' title='bbox 2197 1929 2272 1967; x_wconf 85' lang='lat' dir='ltr'><strong>gestu</strong></span> <span class='ocrx_word' id='word_1_938' title='bbox 2283 1929 2358 1958; x_wconf 87' lang='lat' dir='ltr'><strong>Deos</strong></span> <span class='ocrx_word' id='word_1_939' title='bbox 2379 1934 2487 1956; x_wconf 88' lang='lat' dir='ltr'><strong>tantum</strong></span> <span class='ocrx_word' id='word_1_940' title='bbox 2499 1949 2506 1962; x_wconf 97' lang='lat'><strong>,</strong></span> <span class='ocrx_word' id='word_1_941' title='bbox 2523 1926 2620 1955; x_wconf 84' lang='lat' dir='ltr'><strong>sedet-</strong></span> 
     </span>
     <span class='ocr_line' id='line_1_52' title="bbox 360 1964 2619 2025; baseline -0.011 -8"><span class='ocrx_word' id='word_1_942' title='bbox 360 1989 421 2025; x_wconf 79' lang='lat' dir='ltr'><strong>Jam</strong></span> <span class='ocrx_word' id='word_1_943' title='bbox 435 1986 547 2016; x_wconf 79' lang='lat' dir='ltr'><strong>bellaria</strong></span> <span class='ocrx_word' id='word_1_944' title='bbox 565 1984 665 2012; x_wconf 86' lang='lat' dir='ltr'><strong>adorea</strong></span> <span class='ocrx_word' id='word_1_945' title='bbox 680 1980 823 2019; x_wconf 85' lang='lat' dir='ltr'><strong>pluebant.</strong></span> <span class='ocrx_word' id='word_1_946' title='bbox 1517 1973 1572 2001; x_wconf 85' lang='lat' dir='ltr'><strong>iam</strong></span> <span class='ocrx_word' id='word_1_947' title='bbox 1589 1971 1717 2000; x_wconf 87' lang='lat' dir='ltr'><strong>homines</strong></span> <span class='ocrx_word' id='word_1_948' title='bbox 1737 1970 1867 1999; x_wconf 85' lang='lat' dir='ltr'><strong>colebant</strong></span> <span class='ocrx_word' id='word_1_949' title='bbox 1885 1980 1953 2007; x_wconf 86' lang='lat' dir='ltr'><strong>quos</strong></span> <span class='ocrx_word' id='word_1_950' title='bbox 1970 1969 2120 1999; x_wconf 83' lang='lat' dir='ltr'><strong>honoratos</strong></span> <span class='ocrx_word' id='word_1_951' title='bbox 2145 1968 2249 1997; x_wconf 89' lang='lat' dir='ltr'><strong>vellent</strong></span> <span class='ocrx_word' id='word_1_952' title='bbox 2263 1974 2269 1996; x_wconf 86' lang='lat'>:</span> <span class='ocrx_word' id='word_1_953' title='bbox 2302 1966 2380 2004; x_wconf 91' lang='lat' dir='ltr'><strong>quod</strong></span> <span class='ocrx_word' id='word_1_954' title='bbox 2398 1966 2484 1994; x_wconf 86' lang='lat' dir='ltr'><strong>etiam</strong></span> <span class='ocrx_word' id='word_1_955' title='bbox 2499 1964 2619 1994; x_wconf 82' lang='lat' dir='ltr'><strong>Adorare</strong></span> 
     </span>
     <span class='ocr_line' id='line_1_53' title="bbox 287 2006 2307 2059; baseline -0.012 -2"><span class='ocrx_word' id='word_1_956' title='bbox 287 2027 394 2058; x_wconf 81' lang='lat' dir='ltr'><strong>Adorea</strong></span> <span class='ocrx_word' id='word_1_957' title='bbox 409 2025 494 2059; x_wconf 83' lang='lat' dir='ltr'><strong>alma,</strong></span> <span class='ocrx_word' id='word_1_958' title='bbox 514 2024 542 2052; x_wconf 90' lang='lat' dir='ltr'><strong>h.</strong></span> <span class='ocrx_word' id='word_1_959' title='bbox 563 2032 587 2050; x_wconf 90' lang='lat' dir='ltr'><strong>e.</strong></span> <span class='ocrx_word' id='word_1_960' title='bbox 608 2020 701 2050; x_wconf 88' lang='lat' dir='ltr'><strong>Gloria</strong></span> <span class='ocrx_word' id='word_1_961' title='bbox 721 2018 801 2048; x_wconf 77' lang='lat' dir='ltr'><strong>altrix</strong></span> <span class='ocrx_word' id='word_1_962' title='bbox 819 2016 935 2047; x_wconf 88' lang='lat' dir='ltr'><strong>virtutis.</strong></span> <span class='ocrx_word' id='word_1_963' title='bbox 957 2014 1025 2045; x_wconf 91' lang='lat' dir='ltr'><strong>Hor.</strong></span> <span class='ocrx_word' id='word_1_964' title='bbox 1037 2025 1063 2050; x_wconf 88' lang='lat'><strong>4.</strong></span> <span class='ocrx_word' id='word_1_965' title='bbox 1086 2013 1142 2043; x_wconf 89' lang='lat' dir='ltr'><strong>Od.</strong></span> <span class='ocrx_word' id='word_1_966' title='bbox 1154 2023 1181 2049; x_wconf 87' lang='lat'><strong>4.</strong></span> <span class='ocrx_word' id='word_1_967' title='bbox 1194 2021 1236 2049; x_wconf 87' lang='lat'><strong>39.</strong></span> <span class='ocrx_word' id='word_1_968' title='bbox 1518 2009 1658 2039; x_wconf 75' lang='lat' dir='ltr'><strong>dicebant.</strong></span> <span class='ocrx_word' id='word_1_969' title='bbox 1698 2008 1784 2038; x_wconf 90' lang='lat' dir='ltr'><strong>Vetus</strong></span> <span class='ocrx_word' id='word_1_970' title='bbox 1801 2008 2060 2046; x_wconf 87' lang='lat' dir='ltr'><strong>Epigrammatarius</strong></span> <span class='ocrx_word' id='word_1_971' title='bbox 2076 2007 2110 2036; x_wconf 91' lang='lat' dir='ltr'><strong>de</strong></span> <span class='ocrx_word' id='word_1_972' title='bbox 2122 2006 2307 2040; x_wconf 84' lang='lat' dir='ltr'><strong>Pantomimo,</strong></span> 
     </span>
     <span class='ocr_line' id='line_1_54' title="bbox 429 2044 2242 2098; baseline -0.01 -7"><span class='ocrx_word' id='word_1_973' title='bbox 429 2080 461 2083; x_wconf 82' lang='lat'>—</span> <span class='ocrx_word' id='word_1_974' title='bbox 480 2063 506 2091; x_wconf 65' lang='grc' dir='ltr'>ἃ</span> <span class='ocrx_word' id='word_1_975' title='bbox 523 2059 639 2098; x_wconf 85' lang='lat' dir='ltr'><strong>pulcher</strong></span> <span class='ocrx_word' id='word_1_976' title='bbox 654 2057 753 2094; x_wconf 80' lang='lat' dir='ltr'><strong>fugatis</strong></span> <span class='ocrx_word' id='word_1_977' title='bbox 1580 2046 1713 2084; x_wconf 75' lang='lat' dir='ltr'><strong>Ingressus</strong></span> <span class='ocrx_word' id='word_1_978' title='bbox 1730 2046 1841 2075; x_wconf 87' lang='lat' dir='ltr'><strong>scenam</strong></span> <span class='ocrx_word' id='word_1_979' title='bbox 1859 2045 1997 2083; x_wconf 87' lang='lat' dir='ltr'><strong>populum</strong></span> <span class='ocrx_word' id='word_1_980' title='bbox 2009 2044 2118 2074; x_wconf 78' lang='lat' dir='ltr'><strong>saltator</strong></span> <span class='ocrx_word' id='word_1_981' title='bbox 2138 2044 2242 2073; x_wconf 84' lang='lat' dir='ltr'><strong>adorat.</strong></span> 
     </span>
     <span class='ocr_line' id='line_1_55' title="bbox 361 2077 2622 2132; baseline -0.011 -1"><span class='ocrx_word' id='word_1_982' title='bbox 361 2102 412 2132; x_wconf 88' lang='lat' dir='ltr'><strong>Ille</strong></span> <span class='ocrx_word' id='word_1_983' title='bbox 428 2101 487 2129; x_wconf 84' lang='lat' dir='ltr'><strong>dies</strong></span> <span class='ocrx_word' id='word_1_984' title='bbox 507 2099 585 2128; x_wconf 78' lang='lat' dir='ltr'><strong>Latio</strong></span> <span class='ocrx_word' id='word_1_985' title='bbox 604 2095 742 2129; x_wconf 84' lang='lat' dir='ltr'><strong>tenebris,</strong></span> <span class='ocrx_word' id='word_1_986' title='bbox 1520 2085 1595 2114; x_wconf 87' lang='lat' dir='ltr'><strong>Suet.</strong></span> <span class='ocrx_word' id='word_1_987' title='bbox 1607 2086 1711 2114; x_wconf 86' lang='lat' dir='ltr'><strong>Neron.</strong></span> <span class='ocrx_word' id='word_1_988' title='bbox 1724 2094 1784 2122; x_wconf 79' lang='lat' dir='ltr'><strong>cap.</strong></span> <span class='ocrx_word' id='word_1_989' title='bbox 1801 2094 1842 2114; x_wconf 91' lang='lat'><strong>12.</strong></span> <span class='ocrx_word' id='word_1_990' title='bbox 1863 2082 2176 2118; x_wconf 75' lang='lat' dir='ltr'><strong>CitharamaJudicibus</strong></span> <span class='ocrx_word' id='word_1_991' title='bbox 2191 2081 2311 2110; x_wconf 85' lang='lat' dir='ltr'><strong>delatam</strong></span> <span class='ocrx_word' id='word_1_992' title='bbox 2322 2078 2571 2115; x_wconf 86' lang='lat' dir='ltr'><strong>adoravitferrique</strong></span> <span class='ocrx_word' id='word_1_993' title='bbox 2585 2077 2622 2107; x_wconf 86' lang='lat' dir='ltr'><strong>ad</strong></span> 
     </span>
     <span class='ocr_line' id='line_1_56' title="bbox 317 2116 2621 2177; baseline -0.01 -9"><span class='ocrx_word' id='word_1_994' title='bbox 317 2141 375 2177; x_wconf 86' lang='lat' dir='ltr'><strong>Qui</strong></span> <span class='ocrx_word' id='word_1_995' title='bbox 396 2139 501 2177; x_wconf 85' lang='lat' dir='ltr'><strong>primus</strong></span> <span class='ocrx_word' id='word_1_996' title='bbox 521 2136 593 2165; x_wconf 85' lang='lat' dir='ltr'><strong>alma</strong></span> <span class='ocrx_word' id='word_1_997' title='bbox 617 2134 673 2163; x_wconf 83' lang='lat' dir='ltr'><strong>rifit</strong></span> <span class='ocrx_word' id='word_1_998' title='bbox 701 2133 810 2161; x_wconf 81' lang='lat' dir='ltr'><strong>adorea.</strong></span> <span class='ocrx_word' id='word_1_999' title='bbox 850 2129 1003 2168; x_wconf 62' lang='lat' dir='ltr'><strong>uAblativus</strong></span> <span class='ocrx_word' id='word_1_1000' title='bbox 1030 2127 1076 2157; x_wconf 90' lang='lat' dir='ltr'><strong>est.</strong></span> <span class='ocrx_word' id='word_1_1001' title='bbox 1143 2127 1252 2160; x_wconf 82' lang='lat' dir='ltr'><strong>Acron,</strong></span> <span class='ocrx_word' id='word_1_1002' title='bbox 1280 2124 1405 2159; x_wconf 84' lang='lat' dir='ltr'><strong>Adorea,</strong></span> <span class='ocrx_word' id='word_1_1003' title='bbox 1519 2123 1631 2160; x_wconf 81' lang='lat' dir='ltr'><strong>Augusti</strong></span> <span class='ocrx_word' id='word_1_1004' title='bbox 1651 2123 1765 2151; x_wconf 83' lang='lat' dir='ltr'><strong>statuam</strong></span> <span class='ocrx_word' id='word_1_1005' title='bbox 1778 2121 1860 2158; x_wconf 81' lang='lat' dir='ltr'><strong>J&#39;ussit.</strong></span> <span class='ocrx_word' id='word_1_1006' title='bbox 1897 2121 1987 2151; x_wconf 83' lang='lat' dir='ltr'><strong>Tacit.</strong></span> <span class='ocrx_word' id='word_1_1007' title='bbox 2010 2131 2033 2150; x_wconf 91' lang='lat'><strong>1.</strong></span> <span class='ocrx_word' id='word_1_1008' title='bbox 2053 2120 2120 2150; x_wconf 86' lang='lat' dir='ltr'><strong>Hist.</strong></span> <span class='ocrx_word' id='word_1_1009' title='bbox 2145 2123 2187 2157; x_wconf 86' lang='lat'><strong>36.</strong></span> <span class='ocrx_word' id='word_1_1010' title='bbox 2202 2130 2228 2155; x_wconf 88' lang='lat'><strong>4.</strong></span> <span class='ocrx_word' id='word_1_1011' title='bbox 2270 2119 2332 2148; x_wconf 86' lang='lat' dir='ltr'><strong>Nee</strong></span> <span class='ocrx_word' id='word_1_1012' title='bbox 2350 2118 2445 2146; x_wconf 85' lang='lat' dir='ltr'><strong>deerat</strong></span> <span class='ocrx_word' id='word_1_1013' title='bbox 2461 2116 2538 2145; x_wconf 90' lang='lat' dir='ltr'><strong>Otho</strong></span> <span class='ocrx_word' id='word_1_1014' title='bbox 2558 2125 2621 2153; x_wconf 87' lang='lat' dir='ltr'><strong>pro-</strong></span> 
     </span>
     <span class='ocr_line' id='line_1_57' title="bbox 287 2153 2620 2216; baseline -0.011 -9"><span class='ocrx_word' id='word_1_1015' title='bbox 287 2179 348 2208; x_wconf 84' lang='lat' dir='ltr'><strong>Iaus</strong></span> <span class='ocrx_word' id='word_1_1016' title='bbox 366 2176 478 2216; x_wconf 86' lang='lat' dir='ltr'><strong>publica</strong></span> <span class='ocrx_word' id='word_1_1017' title='bbox 502 2173 670 2206; x_wconf 68' lang='lat' dir='ltr'><strong>dicebatur,</strong></span> <span class='ocrx_word' id='word_1_1018' title='bbox 683 2181 716 2199; x_wconf 91' lang='lat' dir='ltr'><strong>eo</strong></span> <span class='ocrx_word' id='word_1_1019' title='bbox 736 2169 811 2207; x_wconf 89' lang='lat' dir='ltr'><strong>quod</strong></span> <span class='ocrx_word' id='word_1_1020' title='bbox 831 2169 947 2198; x_wconf 71' lang='lat' dir='ltr'><strong>victores</strong></span> <span class='ocrx_word' id='word_1_1021' title='bbox 975 2176 991 2195; x_wconf 90' lang='lat' dir='ltr'><strong>a</strong></span> <span class='ocrx_word' id='word_1_1022' title='bbox 1018 2165 1097 2195; x_wconf 63' lang='lat' dir='ltr'><strong>vietis</strong></span> <span class='ocrx_word' id='word_1_1023' title='bbox 1117 2165 1303 2194; x_wconf 82' lang='lat' dir='ltr'><strong>adorarentur.</strong></span> <span class='ocrx_word' id='word_1_1024' title='bbox 1344 2162 1408 2191; x_wconf 89' lang='lat' dir='ltr'><strong>Por·</strong></span> <span class='ocrx_word' id='word_1_1025' title='bbox 1517 2161 1638 2190; x_wconf 85' lang='lat' dir='ltr'><strong>tendens</strong></span> <span class='ocrx_word' id='word_1_1026' title='bbox 1652 2170 1750 2189; x_wconf 83' lang='lat' dir='ltr'><strong>manus</strong></span> <span class='ocrx_word' id='word_1_1027' title='bbox 1767 2160 1880 2189; x_wconf 83' lang='lat' dir='ltr'><strong>adorare</strong></span> <span class='ocrx_word' id='word_1_1028' title='bbox 1891 2159 2023 2196; x_wconf 81' lang='lat' dir='ltr'><strong>vulgum,</strong></span> <span class='ocrx_word' id='word_1_1029' title='bbox 2044 2159 2134 2194; x_wconf 79' lang='lat' dir='ltr'><strong>jacere</strong></span> <span class='ocrx_word' id='word_1_1030' title='bbox 2150 2157 2250 2186; x_wconf 84' lang='lat' dir='ltr'><strong>oscula.</strong></span> <span class='ocrx_word' id='word_1_1031' title='bbox 2291 2155 2364 2185; x_wconf 86' lang='lat' dir='ltr'><strong>Alibi</strong></span> <span class='ocrx_word' id='word_1_1032' title='bbox 2374 2155 2428 2184; x_wconf 89' lang='lat' dir='ltr'><strong>hoc</strong></span> <span class='ocrx_word' id='word_1_1033' title='bbox 2448 2154 2523 2182; x_wconf 89' lang='lat' dir='ltr'><strong>idem</strong></span> <span class='ocrx_word' id='word_1_1034' title='bbox 2531 2153 2620 2183; x_wconf 76' lang='lat' dir='ltr'><strong>Manu</strong></span> 
     </span>
     <span class='ocr_line' id='line_1_58' title="bbox 288 2189 2658 2255; baseline -0.012 -9"><span class='ocrx_word' id='word_1_1035' title='bbox 288 2217 368 2255; x_wconf 81' lang='lat' dir='ltr'><strong>phyr.</strong></span> <span class='ocrx_word' id='word_1_1036' title='bbox 398 2215 504 2244; x_wconf 78' lang='lat' dir='ltr'><strong>Adorea</strong></span> <span class='ocrx_word' id='word_1_1037' title='bbox 517 2235 525 2246; x_wconf 74' lang='lat'><strong>.</strong></span> <span class='ocrx_word' id='word_1_1038' title='bbox 553 2212 611 2240; x_wconf 85' lang='lat' dir='ltr'><strong>laus</strong></span> <span class='ocrx_word' id='word_1_1039' title='bbox 630 2208 730 2238; x_wconf 87' lang='lat' dir='ltr'><strong>bellica</strong></span> <span class='ocrx_word' id='word_1_1040' title='bbox 743 2208 861 2242; x_wconf 85' lang='lat' dir='ltr'><strong>dicitur,</strong></span> <span class='ocrx_word' id='word_1_1041' title='bbox 889 2203 1006 2234; x_wconf 84' lang='lat' dir='ltr'><strong>fortassis</strong></span> <span class='ocrx_word' id='word_1_1042' title='bbox 1022 2203 1098 2241; x_wconf 91' lang='lat' dir='ltr'><strong>quod</strong></span> <span class='ocrx_word' id='word_1_1043' title='bbox 1123 2201 1257 2232; x_wconf 87' lang='lat' dir='ltr'><strong>adorandi</strong></span> <span class='ocrx_word' id='word_1_1044' title='bbox 1274 2200 1337 2229; x_wconf 89' lang='lat' dir='ltr'><strong>sunt</strong></span> <span class='ocrx_word' id='word_1_1045' title='bbox 1359 2199 1406 2237; x_wconf 91' lang='lat' dir='ltr'><strong>qui</strong></span> <span class='ocrx_word' id='word_1_1046' title='bbox 1518 2199 1640 2228; x_wconf 86' lang='lat' dir='ltr'><strong>venerari</strong></span> <span class='ocrx_word' id='word_1_1047' title='bbox 1653 2199 1731 2228; x_wconf 82' lang='lat' dir='ltr'><strong>dixit.</strong></span> <span class='ocrx_word' id='word_1_1048' title='bbox 1772 2198 1862 2228; x_wconf 86' lang='lat' dir='ltr'><strong>Ut16.</strong></span> <span class='ocrx_word' id='word_1_1049' title='bbox 1883 2198 1953 2226; x_wconf 88' lang='lat' dir='ltr'><strong>Ann.</strong></span> <span class='ocrx_word' id='word_1_1050' title='bbox 1974 2209 2000 2233; x_wconf 84' lang='lat'><strong>4.</strong></span> <span class='ocrx_word' id='word_1_1051' title='bbox 2016 2206 2040 2233; x_wconf 87' lang='lat'><strong>3.</strong></span> <span class='ocrx_word' id='word_1_1052' title='bbox 2084 2196 2222 2225; x_wconf 88' lang='lat' dir='ltr'><strong>Postremo</strong></span> <span class='ocrx_word' id='word_1_1053' title='bbox 2237 2195 2325 2223; x_wconf 79' lang='lat' dir='ltr'><strong>flexus</strong></span> <span class='ocrx_word' id='word_1_1054' title='bbox 2344 2203 2417 2230; x_wconf 86' lang='lat' dir='ltr'><strong>genu</strong></span> <span class='ocrx_word' id='word_1_1055' title='bbox 2434 2194 2460 2222; x_wconf 68' lang='lat' dir='ltr'><strong>St</strong></span> <span class='ocrx_word' id='word_1_1056' title='bbox 2474 2197 2580 2221; x_wconf 84' lang='lat' dir='ltr'><strong>coetum</strong></span> <span class='ocrx_word' id='word_1_1057' title='bbox 2589 2189 2622 2219; x_wconf 86' lang='lat' dir='ltr'><strong>il-</strong></span> <span class='ocrx_word' id='word_1_1058' title='bbox 2637 2214 2640 2219; x_wconf 88' lang='lat'><strong>.</strong></span> <span class='ocrx_word' id='word_1_1059' title='bbox 2656 2215 2658 2217; x_wconf 75' lang='grc'><strong>,</strong></span> 
     </span>
     <span class='ocr_line' id='line_1_59' title="bbox 290 2228 2622 2286; baseline -0.011 -3"><span class='ocrx_word' id='word_1_1060' title='bbox 290 2254 402 2284; x_wconf 89' lang='lat' dir='ltr'><strong>laudem</strong></span> <span class='ocrx_word' id='word_1_1061' title='bbox 419 2262 453 2282; x_wconf 87' lang='lat' dir='ltr'><strong>ex</strong></span> <span class='ocrx_word' id='word_1_1062' title='bbox 472 2250 546 2280; x_wconf 89' lang='lat' dir='ltr'><strong>bello</strong></span> <span class='ocrx_word' id='word_1_1063' title='bbox 566 2253 716 2286; x_wconf 88' lang='lat' dir='ltr'><strong>reportant.</strong></span> <span class='ocrx_word' id='word_1_1064' title='bbox 1519 2236 1577 2265; x_wconf 90' lang='lat' dir='ltr'><strong>lum</strong></span> <span class='ocrx_word' id='word_1_1065' title='bbox 1594 2247 1677 2265; x_wconf 88' lang='lat' dir='ltr'><strong>manu</strong></span> <span class='ocrx_word' id='word_1_1066' title='bbox 1687 2244 1833 2265; x_wconf 78' lang='lat' dir='ltr'><strong>veneratus</strong></span> <span class='ocrx_word' id='word_1_1067' title='bbox 1852 2235 2015 2264; x_wconf 86' lang='lat' dir='ltr'><strong>sententiam</strong></span> <span class='ocrx_word' id='word_1_1068' title='bbox 2032 2234 2158 2270; x_wconf 89' lang='lat' dir='ltr'><strong>judicum</strong></span> <span class='ocrx_word' id='word_1_1069' title='bbox 2173 2232 2358 2271; x_wconf 81' lang='lat' dir='ltr'><strong>operiebatur.</strong></span> <span class='ocrx_word' id='word_1_1070' title='bbox 2399 2228 2471 2260; x_wconf 76' lang='lat' dir='ltr'><strong>Nam</strong></span> <span class='ocrx_word' id='word_1_1071' title='bbox 2487 2230 2622 2266; x_wconf 69' lang='lat' dir='ltr'><strong>&amp;quovis</strong></span> 
     </span>
    </p>

    <p class='ocr_par' dir='ltr' id='par_1_15' title="bbox 252 2266 2663 2477">
     <span class='ocr_line' id='line_1_60' title="bbox 252 2266 2623 2325; baseline -0.011 -4"><span class='ocrx_word' id='word_1_1072' title='bbox 252 2294 327 2322; x_wconf 81' lang='lat' dir='ltr'><strong>Ano</strong></span> <span class='ocrx_word' id='word_1_1073' title='bbox 338 2302 353 2320; x_wconf 74' lang='lat' dir='ltr'><strong>a</strong></span> <span class='ocrx_word' id='word_1_1074' title='bbox 364 2301 449 2325; x_wconf 68' lang='lat' dir='ltr'><strong>eum,</strong></span> <span class='ocrx_word' id='word_1_1075' title='bbox 470 2290 488 2318; x_wconf 90' lang='lat' dir='ltr'><strong>i.</strong></span> <span class='ocrx_word' id='word_1_1076' title='bbox 510 2299 537 2317; x_wconf 90' lang='lat' dir='ltr'><strong>n.</strong></span> <span class='ocrx_word' id='word_1_1077' title='bbox 562 2287 641 2316; x_wconf 86' lang='lat' dir='ltr'><strong>ldem</strong></span> <span class='ocrx_word' id='word_1_1078' title='bbox 657 2284 733 2322; x_wconf 91' lang='lat' dir='ltr'><strong>quod</strong></span> <span class='ocrx_word' id='word_1_1079' title='bbox 748 2283 829 2312; x_wconf 90' lang='lat' dir='ltr'><strong>Ador.</strong></span> <span class='ocrx_word' id='word_1_1080' title='bbox 840 2281 910 2311; x_wconf 88' lang='lat' dir='ltr'><strong>Plin.</strong></span> <span class='ocrx_word' id='word_1_1081' title='bbox 926 2280 974 2309; x_wconf 89' lang='lat' dir='ltr'><strong>lib.</strong></span> <span class='ocrx_word' id='word_1_1082' title='bbox 988 2284 1026 2310; x_wconf 85' lang='lat'><strong>18.</strong></span> <span class='ocrx_word' id='word_1_1083' title='bbox 1043 2288 1103 2316; x_wconf 85' lang='lat' dir='ltr'><strong>cap.</strong></span> <span class='ocrx_word' id='word_1_1084' title='bbox 1119 2283 1144 2311; x_wconf 84' lang='lat'><strong>8.</strong></span> <span class='ocrx_word' id='word_1_1085' title='bbox 1168 2276 1310 2306; x_wconf 88' lang='lat' dir='ltr'><strong>Frumenti</strong></span> <span class='ocrx_word' id='word_1_1086' title='bbox 1325 2285 1407 2312; x_wconf 85' lang='lat' dir='ltr'><strong>gene-</strong></span> <span class='ocrx_word' id='word_1_1087' title='bbox 1520 2275 1606 2303; x_wconf 91' lang='lat' dir='ltr'><strong>modo</strong></span> <span class='ocrx_word' id='word_1_1088' title='bbox 1626 2274 1757 2303; x_wconf 84' lang='lat' dir='ltr'><strong>Venerari</strong></span> <span class='ocrx_word' id='word_1_1089' title='bbox 1773 2274 1893 2310; x_wconf 87' lang='lat' dir='ltr'><strong>aliquem</strong></span> <span class='ocrx_word' id='word_1_1090' title='bbox 1918 2273 2036 2302; x_wconf 86' lang='lat' dir='ltr'><strong>Adorare</strong></span> <span class='ocrx_word' id='word_1_1091' title='bbox 2053 2271 2191 2301; x_wconf 82' lang='lat' dir='ltr'><strong>dicebant.</strong></span> <span class='ocrx_word' id='word_1_1092' title='bbox 2231 2269 2469 2308; x_wconf 73' lang='lat' dir='ltr'><strong>quemadmodum</strong></span> <span class='ocrx_word' id='word_1_1093' title='bbox 2489 2269 2515 2296; x_wconf 70' lang='lat' dir='ltr'><strong>Sc</strong></span> <span class='ocrx_word' id='word_1_1094' title='bbox 2533 2266 2623 2296; x_wconf 75' lang='lat' dir='ltr'><strong>Graeci</strong></span> 
     </span>
     <span class='ocr_line' id='line_1_61' title="bbox 290 2304 2622 2361; baseline -0.015 -2"><span class='ocrx_word' id='word_1_1095' title='bbox 290 2340 320 2359; x_wconf 89' lang='lat' dir='ltr'><strong>ra</strong></span> <span class='ocrx_word' id='word_1_1096' title='bbox 337 2339 395 2358; x_wconf 89' lang='lat' dir='ltr'><strong>non</strong></span> <span class='ocrx_word' id='word_1_1097' title='bbox 421 2327 519 2357; x_wconf 84' lang='lat' dir='ltr'><strong>eadem</strong></span> <span class='ocrx_word' id='word_1_1098' title='bbox 538 2325 662 2361; x_wconf 85' lang='lat' dir='ltr'><strong>ubique:</strong></span> <span class='ocrx_word' id='word_1_1099' title='bbox 700 2331 790 2358; x_wconf 87' lang='lat' dir='ltr'><strong>neque</strong></span> <span class='ocrx_word' id='word_1_1100' title='bbox 808 2320 856 2349; x_wconf 91' lang='lat' dir='ltr'><strong>ubi</strong></span> <span class='ocrx_word' id='word_1_1101' title='bbox 881 2319 978 2348; x_wconf 78' lang='lat' dir='ltr'><strong>eadem</strong></span> <span class='ocrx_word' id='word_1_1102' title='bbox 1002 2316 1080 2351; x_wconf 90' lang='lat' dir='ltr'><strong>sunt,</strong></span> <span class='ocrx_word' id='word_1_1103' title='bbox 1112 2315 1212 2344; x_wconf 87' lang='lat' dir='ltr'><strong>iisdem</strong></span> <span class='ocrx_word' id='word_1_1104' title='bbox 1234 2313 1403 2343; x_wconf 88' lang='lat' dir='ltr'><strong>nominibus.</strong></span> <span class='ocrx_word' id='word_1_1105' title='bbox 1518 2312 1567 2341; x_wconf 86' lang='lat' dir='ltr'><strong>suo</strong></span> <span class='ocrx_word' id='word_1_1106' title='bbox 1584 2314 1718 2347; x_wconf 56' lang='grc' dir='ltr'><strong>προσκυνεῖν</strong></span> <span class='ocrx_word' id='word_1_1107' title='bbox 1735 2312 1865 2349; x_wconf 75' lang='lat' dir='ltr'><strong>leguntur</strong></span> <span class='ocrx_word' id='word_1_1108' title='bbox 1882 2310 1929 2340; x_wconf 68' lang='lat' dir='ltr'><strong>nst,</strong></span> <span class='ocrx_word' id='word_1_1109' title='bbox 1980 2310 2023 2339; x_wconf 76' lang='lat' dir='ltr'><strong>De</strong></span> <span class='ocrx_word' id='word_1_1110' title='bbox 2040 2320 2095 2347; x_wconf 68' lang='lat' dir='ltr'><strong>qus,</strong></span> <span class='ocrx_word' id='word_1_1111' title='bbox 2117 2310 2228 2339; x_wconf 64' lang='lat' dir='ltr'>Grotius</span> <span class='ocrx_word' id='word_1_1112' title='bbox 2242 2308 2260 2337; x_wconf 52' lang='lat'><strong>1,</strong></span> <span class='ocrx_word' id='word_1_1113' title='bbox 2281 2318 2304 2337; x_wconf 50' lang='grc' dir='ltr'><strong>ς,</strong></span> <span class='ocrx_word' id='word_1_1114' title='bbox 2320 2307 2350 2336; x_wconf 51' lang='grc' dir='ltr'><strong>Β,</strong></span> <span class='ocrx_word' id='word_1_1115' title='bbox 2368 2307 2482 2336; x_wconf 50' lang='lat' dir='ltr'><strong>Hieron·</strong></span> <span class='ocrx_word' id='word_1_1116' title='bbox 2506 2305 2541 2333; x_wconf 74' lang='lat' dir='ltr'><strong>de</strong></span> <span class='ocrx_word' id='word_1_1117' title='bbox 2560 2304 2622 2333; x_wconf 69' lang='lat' dir='ltr'>vita</span> 
     </span>
     <span class='ocr_line' id='line_1_62' title="bbox 288 2342 2623 2404; baseline -0.01 -8"><span class='ocrx_word' id='word_1_1118' title='bbox 288 2366 478 2404; x_wconf 79' lang='lat' dir='ltr'><strong>Vulgatissinia</strong></span> <span class='ocrx_word' id='word_1_1119' title='bbox 489 2387 497 2399; x_wconf 83' lang='lat'><strong>,</strong></span> <span class='ocrx_word' id='word_1_1120' title='bbox 517 2364 571 2398; x_wconf 76' lang='lat' dir='ltr'><strong>far,</strong></span> <span class='ocrx_word' id='word_1_1121' title='bbox 593 2361 668 2399; x_wconf 87' lang='lat' dir='ltr'><strong>quod</strong></span> <span class='ocrx_word' id='word_1_1122' title='bbox 680 2360 814 2388; x_wconf 87' lang='lat' dir='ltr'><strong>adoreum</strong></span> <span class='ocrx_word' id='word_1_1123' title='bbox 827 2363 932 2386; x_wconf 82' lang='lat' dir='ltr'><strong>veteres</strong></span> <span class='ocrx_word' id='word_1_1124' title='bbox 946 2354 1136 2393; x_wconf 85' lang='lat' dir='ltr'><strong>appellavere,</strong></span> <span class='ocrx_word' id='word_1_1125' title='bbox 1158 2352 1249 2390; x_wconf 81' lang='lat' dir='ltr'><strong>siligo,</strong></span> <span class='ocrx_word' id='word_1_1126' title='bbox 1271 2352 1405 2380; x_wconf 86' lang='lat' dir='ltr'><strong>triticum.</strong></span> <span class='ocrx_word' id='word_1_1127' title='bbox 1518 2349 1632 2380; x_wconf 76' lang='lat' dir='ltr'><strong>Malchi.</strong></span> <span class='ocrx_word' id='word_1_1128' title='bbox 1650 2349 1826 2379; x_wconf 84' lang='lat' dir='ltr'><strong>Pervenimus</strong></span> <span class='ocrx_word' id='word_1_1129' title='bbox 1845 2349 1879 2378; x_wconf 88' lang='lat' dir='ltr'><strong>ad</strong></span> <span class='ocrx_word' id='word_1_1130' title='bbox 1889 2349 2050 2378; x_wconf 88' lang='lat' dir='ltr'><strong>interiorem</strong></span> <span class='ocrx_word' id='word_1_1131' title='bbox 2065 2347 2244 2377; x_wconf 81' lang='lat' dir='ltr'><strong>solitudinem</strong></span> <span class='ocrx_word' id='word_1_1132' title='bbox 2259 2356 2265 2375; x_wconf 88' lang='lat'>:</span> <span class='ocrx_word' id='word_1_1133' title='bbox 2287 2345 2336 2374; x_wconf 91' lang='lat' dir='ltr'><strong>ubi</strong></span> <span class='ocrx_word' id='word_1_1134' title='bbox 2354 2345 2498 2373; x_wconf 78' lang='lat' dir='ltr'><strong>dominam</strong></span> <span class='ocrx_word' id='word_1_1135' title='bbox 2509 2342 2623 2371; x_wconf 86' lang='lat' dir='ltr'><strong>liberos-</strong></span> 
     </span>
     <span class='ocr_line' id='line_1_63' title="bbox 289 2380 2663 2439; baseline -0.011 -5"><span class='ocrx_word' id='word_1_1136' title='bbox 289 2405 325 2435; x_wconf 87' lang='lat' dir='ltr'><strong>Et</strong></span> <span class='ocrx_word' id='word_1_1137' title='bbox 339 2404 386 2434; x_wconf 89' lang='lat' dir='ltr'><strong>lib.</strong></span> <span class='ocrx_word' id='word_1_1138' title='bbox 406 2403 469 2432; x_wconf 87' lang='lat' dir='ltr'><strong>eod.</strong></span> <span class='ocrx_word' id='word_1_1139' title='bbox 494 2411 554 2439; x_wconf 77' lang='lat' dir='ltr'><strong>cap.</strong></span> <span class='ocrx_word' id='word_1_1140' title='bbox 575 2409 616 2437; x_wconf 89' lang='lat'><strong>17.</strong></span> <span class='ocrx_word' id='word_1_1141' title='bbox 674 2398 707 2427; x_wconf 89' lang='lat' dir='ltr'><strong>In</strong></span> <span class='ocrx_word' id='word_1_1142' title='bbox 721 2403 794 2426; x_wconf 86' lang='lat' dir='ltr'><strong>creta</strong></span> <span class='ocrx_word' id='word_1_1143' title='bbox 816 2397 843 2425; x_wconf 68' lang='grc' dir='ltr'>ἃ</span> <span class='ocrx_word' id='word_1_1144' title='bbox 862 2394 971 2424; x_wconf 77' lang='lat' dir='ltr'><strong>rubrica</strong></span> <span class='ocrx_word' id='word_1_1145' title='bbox 988 2394 1015 2423; x_wconf 63' lang='grc' dir='ltr'><strong>ὃς</strong></span> <span class='ocrx_word' id='word_1_1146' title='bbox 1034 2391 1174 2429; x_wconf 80' lang='lat' dir='ltr'><strong>aquosiore</strong></span> <span class='ocrx_word' id='word_1_1147' title='bbox 1193 2400 1257 2427; x_wconf 83' lang='lat' dir='ltr'><strong>agro</strong></span> <span class='ocrx_word' id='word_1_1148' title='bbox 1273 2390 1407 2419; x_wconf 87' lang='lat' dir='ltr'><strong>adoreum</strong></span> <span class='ocrx_word' id='word_1_1149' title='bbox 1519 2398 1573 2425; x_wconf 85' lang='lat' dir='ltr'><strong>que</strong></span> <span class='ocrx_word' id='word_1_1150' title='bbox 1585 2398 1618 2416; x_wconf 76' lang='lat' dir='ltr'><strong>ex</strong></span> <span class='ocrx_word' id='word_1_1151' title='bbox 1626 2398 1703 2417; x_wconf 87' lang='lat' dir='ltr'><strong>more</strong></span> <span class='ocrx_word' id='word_1_1152' title='bbox 1711 2388 1799 2425; x_wconf 82' lang='lat' dir='ltr'><strong>gentis</strong></span> <span class='ocrx_word' id='word_1_1153' title='bbox 1809 2385 2002 2422; x_wconf 69' lang='lat' dir='ltr'><strong>adorarejussi,</strong></span> <span class='ocrx_word' id='word_1_1154' title='bbox 2022 2387 2141 2415; x_wconf 80' lang='lat' dir='ltr'><strong>cervices</strong></span> <span class='ocrx_word' id='word_1_1155' title='bbox 2153 2385 2299 2414; x_wconf 70' lang='lat' dir='ltr'><strong>flefflmus.</strong></span> <span class='ocrx_word' id='word_1_1156' title='bbox 2321 2383 2366 2412; x_wconf 88' lang='lat' dir='ltr'><strong>Sic</strong></span> <span class='ocrx_word' id='word_1_1157' title='bbox 2382 2382 2498 2411; x_wconf 88' lang='lat' dir='ltr'><strong>Eumen.</strong></span> <span class='ocrx_word' id='word_1_1158' title='bbox 2520 2380 2619 2418; x_wconf 76' lang='lat' dir='ltr'><strong>Paneg.</strong></span> <span class='ocrx_word' id='word_1_1159' title='bbox 2660 2395 2663 2398; x_wconf 62' lang='lat'><strong>&gt;</strong></span> 
     </span>
     <span class='ocr_line' id='line_1_64' title="bbox 289 2418 2654 2477; baseline -0.011 -5"><span class='ocrx_word' id='word_1_1160' title='bbox 289 2443 358 2477; x_wconf 89' lang='lat' dir='ltr'><strong>seri,</strong></span> <span class='ocrx_word' id='word_1_1161' title='bbox 381 2440 494 2470; x_wconf 87' lang='lat' dir='ltr'><strong>Catonis</strong></span> <span class='ocrx_word' id='word_1_1162' title='bbox 510 2438 645 2468; x_wconf 85' lang='lat' dir='ltr'><strong>sententia</strong></span> <span class='ocrx_word' id='word_1_1163' title='bbox 665 2436 710 2464; x_wconf 91' lang='lat' dir='ltr'><strong>est.</strong></span> <span class='ocrx_word' id='word_1_1164' title='bbox 1518 2436 1568 2464; x_wconf 86' lang='lat' dir='ltr'><strong>pro</strong></span> <span class='ocrx_word' id='word_1_1165' title='bbox 1585 2426 1704 2455; x_wconf 85' lang='lat' dir='ltr'><strong>Restaur.</strong></span> <span class='ocrx_word' id='word_1_1166' title='bbox 1722 2425 1814 2455; x_wconf 88' lang='lat' dir='ltr'><strong>Schol.</strong></span> <span class='ocrx_word' id='word_1_1167' title='bbox 1844 2434 1904 2462; x_wconf 79' lang='lat' dir='ltr'><strong>cap.</strong></span> <span class='ocrx_word' id='word_1_1168' title='bbox 1924 2435 1966 2453; x_wconf 84' lang='lat'><strong>11.</strong></span> <span class='ocrx_word' id='word_1_1169' title='bbox 2003 2424 2066 2453; x_wconf 82' lang='lat' dir='ltr'><strong>Hoc</strong></span> <span class='ocrx_word' id='word_1_1170' title='bbox 2081 2434 2132 2458; x_wconf 59' lang='lat' dir='ltr'><strong>engo</strong></span> <span class='ocrx_word' id='word_1_1171' title='bbox 2143 2423 2270 2451; x_wconf 83' lang='lat' dir='ltr'><strong>solatium</strong></span> <span class='ocrx_word' id='word_1_1172' title='bbox 2289 2430 2423 2458; x_wconf 83' lang='lat' dir='ltr'><strong>quantum</strong></span> <span class='ocrx_word' id='word_1_1173' title='bbox 2438 2419 2473 2448; x_wconf 86' lang='lat' dir='ltr'><strong>ad</strong></span> <span class='ocrx_word' id='word_1_1174' title='bbox 2487 2418 2623 2447; x_wconf 89' lang='lat' dir='ltr'><strong>honorem</strong></span> <span class='ocrx_word' id='word_1_1175' title='bbox 2651 2422 2654 2424; x_wconf 80' lang='grc'><em>“</em></span> 
     </span>
    </p>

    <p class='ocr_par' dir='ltr' id='par_1_16' title="bbox 251 2452 2622 2513">
     <span class='ocr_line' id='line_1_65' title="bbox 251 2452 2622 2513; baseline -0.012 -2"><span class='ocrx_word' id='word_1_1176' title='bbox 251 2482 301 2512; x_wconf 77' lang='lat' dir='ltr'><strong>An</strong></span> <span class='ocrx_word' id='word_1_1177' title='bbox 311 2491 328 2510; x_wconf 94' lang='lat' dir='ltr'><strong>o</strong></span> <span class='ocrx_word' id='word_1_1178' title='bbox 338 2491 353 2509; x_wconf 77' lang='lat' dir='ltr'><strong>r.</strong></span> <span class='ocrx_word' id='word_1_1179' title='bbox 363 2491 372 2508; x_wconf 93' lang='lat'><strong>1</strong></span> <span class='ocrx_word' id='word_1_1180' title='bbox 383 2490 399 2508; x_wconf 91' lang='lat' dir='ltr'><strong>o</strong></span> <span class='ocrx_word' id='word_1_1181' title='bbox 409 2489 420 2508; x_wconf 93' lang='lat' dir='ltr'><strong>s</strong></span> <span class='ocrx_word' id='word_1_1182' title='bbox 430 2489 448 2507; x_wconf 83' lang='lat' dir='ltr'><strong>u</strong></span> <span class='ocrx_word' id='word_1_1183' title='bbox 458 2488 469 2507; x_wconf 91' lang='lat' dir='ltr'><strong>s</strong></span> <span class='ocrx_word' id='word_1_1184' title='bbox 482 2500 490 2513; x_wconf 90' lang='lat'><strong>,</strong></span> <span class='ocrx_word' id='word_1_1185' title='bbox 512 2477 649 2506; x_wconf 87' lang='lat' dir='ltr'><strong>Adoreum</strong></span> <span class='ocrx_word' id='word_1_1186' title='bbox 665 2473 734 2510; x_wconf 75' lang='lat' dir='ltr'><strong>saepe</strong></span> <span class='ocrx_word' id='word_1_1187' title='bbox 753 2471 879 2509; x_wconf 83' lang='lat' dir='ltr'><strong>adeptus.</strong></span> <span class='ocrx_word' id='word_1_1188' title='bbox 901 2468 984 2499; x_wconf 74' lang='lat' dir='ltr'><strong>GlosI&#39;.</strong></span> <span class='ocrx_word' id='word_1_1189' title='bbox 1006 2467 1063 2511; x_wconf 78' lang='lat' dir='ltr'><strong>Lat.</strong></span> <span class='ocrx_word' id='word_1_1190' title='bbox 1081 2467 1125 2496; x_wconf 88' lang='lat' dir='ltr'><strong>Gr.</strong></span> <span class='ocrx_word' id='word_1_1191' title='bbox 1149 2463 1261 2499; x_wconf 58' lang='lat'><strong>3⁹50}&amp;.</strong></span> <span class='ocrx_word' id='word_1_1192' title='bbox 1518 2465 1640 2506; x_wconf 73' lang='lat' dir='ltr'><strong>pertinet</strong></span> <span class='ocrx_word' id='word_1_1193' title='bbox 1651 2486 1658 2499; x_wconf 85' lang='lat'><strong>,</strong></span> <span class='ocrx_word' id='word_1_1194' title='bbox 1676 2464 1823 2493; x_wconf 84' lang='lat' dir='ltr'><strong>adoratum</strong></span> <span class='ocrx_word' id='word_1_1195' title='bbox 1835 2463 1951 2501; x_wconf 87' lang='lat' dir='ltr'><strong>accipio.</strong></span> <span class='ocrx_word' id='word_1_1196' title='bbox 1993 2462 2085 2498; x_wconf 83' lang='lat' dir='ltr'><strong>Quam</strong></span> <span class='ocrx_word' id='word_1_1197' title='bbox 2098 2452 2251 2490; x_wconf 67' lang='lat' dir='ltr'><strong>Ieffionem</strong></span> <span class='ocrx_word' id='word_1_1198' title='bbox 2268 2461 2294 2489; x_wconf 64' lang='lat' dir='ltr'><strong>Sc</strong></span> <span class='ocrx_word' id='word_1_1199' title='bbox 2309 2458 2449 2488; x_wconf 90' lang='lat' dir='ltr'><strong>Livineius</strong></span> <span class='ocrx_word' id='word_1_1200' title='bbox 2467 2456 2622 2492; x_wconf 85' lang='lat' dir='ltr'><strong>sequitur&amp;</strong></span> 
     </span>
    </p>

    <p class='ocr_par' dir='ltr' id='par_1_17' title="bbox 252 2493 2621 2551">
     <span class='ocr_line' id='line_1_66' title="bbox 252 2493 2621 2551; baseline -0.011 -3"><span class='ocrx_word' id='word_1_1201' title='bbox 252 2521 475 2551; x_wconf 70' lang='lat' dir='ltr'><strong>Anoanruo,</strong></span> <span class='ocrx_word' id='word_1_1202' title='bbox 495 2518 549 2544; x_wconf 69' lang='lat' dir='ltr'><strong>are.</strong></span> <span class='ocrx_word' id='word_1_1203' title='bbox 570 2521 602 2543; x_wconf 87' lang='lat' dir='ltr'><strong>ut</strong></span> <span class='ocrx_word' id='word_1_1204' title='bbox 618 2511 788 2542; x_wconf 77' lang='lat' dir='ltr'><strong>Adordinare</strong></span> <span class='ocrx_word' id='word_1_1205' title='bbox 805 2508 943 2547; x_wconf 84' lang='lat' dir='ltr'><strong>patellam.</strong></span> <span class='ocrx_word' id='word_1_1206' title='bbox 965 2507 1041 2544; x_wconf 81' lang='lat' dir='ltr'><strong>Apic.</strong></span> <span class='ocrx_word' id='word_1_1207' title='bbox 1055 2516 1080 2540; x_wconf 89' lang='lat'><strong>4.</strong></span> <span class='ocrx_word' id='word_1_1208' title='bbox 1093 2515 1118 2534; x_wconf 87' lang='lat'><strong>2.</strong></span> <span class='ocrx_word' id='word_1_1209' title='bbox 1519 2504 1664 2531; x_wconf 82' lang='lat' dir='ltr'><strong>conhrmat</strong></span> <span class='ocrx_word' id='word_1_1210' title='bbox 1677 2502 1818 2536; x_wconf 84' lang='lat' dir='ltr'><strong>Gruterus,</strong></span> <span class='ocrx_word' id='word_1_1211' title='bbox 1837 2509 1993 2538; x_wconf 79' lang='lat' dir='ltr'><strong>quanquam</strong></span> <span class='ocrx_word' id='word_1_1212' title='bbox 2010 2500 2074 2533; x_wconf 84' lang='lat' dir='ltr'><strong>alii,</strong></span> <span class='ocrx_word' id='word_1_1213' title='bbox 2093 2500 2164 2528; x_wconf 83' lang='lat' dir='ltr'><strong>inter</strong></span> <span class='ocrx_word' id='word_1_1214' title='bbox 2180 2508 2248 2535; x_wconf 88' lang='lat' dir='ltr'><strong>quos</strong></span> <span class='ocrx_word' id='word_1_1215' title='bbox 2268 2497 2325 2535; x_wconf 91' lang='lat' dir='ltr'><strong>ipse</strong></span> <span class='ocrx_word' id='word_1_1216' title='bbox 2336 2497 2422 2525; x_wconf 88' lang='lat' dir='ltr'><strong>etiam</strong></span> <span class='ocrx_word' id='word_1_1217' title='bbox 2432 2494 2551 2531; x_wconf 83' lang='lat' dir='ltr'><strong>Scaliger</strong></span> <span class='ocrx_word' id='word_1_1218' title='bbox 2564 2493 2621 2529; x_wconf 86' lang='lat' dir='ltr'><strong>est,</strong></span> 
     </span>
    </p>

    <p class='ocr_par' dir='ltr' id='par_1_18' title="bbox 252 2531 2622 2628">
     <span class='ocr_line' id='line_1_67' title="bbox 252 2531 2622 2589; baseline -0.011 -3"><span class='ocrx_word' id='word_1_1219' title='bbox 252 2558 470 2589; x_wconf 67' lang='lat' dir='ltr'><strong>Anoanroa,</strong></span> <span class='ocrx_word' id='word_1_1220' title='bbox 489 2553 533 2581; x_wconf 77' lang='lat' dir='ltr'><strong>iri.</strong></span> <span class='ocrx_word' id='word_1_1221' title='bbox 572 2552 651 2581; x_wconf 87' lang='lat' dir='ltr'><strong>Idem</strong></span> <span class='ocrx_word' id='word_1_1222' title='bbox 667 2548 743 2585; x_wconf 86' lang='lat' dir='ltr'><strong>quod</strong></span> <span class='ocrx_word' id='word_1_1223' title='bbox 757 2545 1002 2586; x_wconf 18' lang='lat' dir='ltr'><strong>iimplevardior.</strong></span> <span class='ocrx_word' id='word_1_1224' title='bbox 1025 2542 1145 2572; x_wconf 76' lang='lat' dir='ltr'><strong>Ambros.</strong></span> <span class='ocrx_word' id='word_1_1225' title='bbox 1164 2541 1212 2571; x_wconf 88' lang='lat' dir='ltr'><strong>lib.</strong></span> <span class='ocrx_word' id='word_1_1226' title='bbox 1233 2551 1256 2570; x_wconf 90' lang='lat'><strong>1.</strong></span> <span class='ocrx_word' id='word_1_1227' title='bbox 1279 2539 1403 2570; x_wconf 86' lang='lat' dir='ltr'><strong>Officior.</strong></span> <span class='ocrx_word' id='word_1_1228' title='bbox 1518 2540 1673 2569; x_wconf 74' lang='lat' dir='ltr'><strong>Ada’ratum</strong></span> <span class='ocrx_word' id='word_1_1229' title='bbox 1688 2540 1793 2577; x_wconf 87' lang='lat' dir='ltr'><strong>legunt.</strong></span> <span class='ocrx_word' id='word_1_1230' title='bbox 1821 2537 2104 2568; x_wconf 84' lang='lat' dir='ltr'><strong>Tribuitur&amp;Mutis.</strong></span> <span class='ocrx_word' id='word_1_1231' title='bbox 2137 2534 2400 2574; x_wconf 82' lang='lat' dir='ltr'><strong>ElephantiRegem</strong></span> <span class='ocrx_word' id='word_1_1232' title='bbox 2408 2533 2532 2562; x_wconf 85' lang='lat' dir='ltr'><strong>adorant.</strong></span> <span class='ocrx_word' id='word_1_1233' title='bbox 2554 2531 2622 2561; x_wconf 84' lang='lat' dir='ltr'><strong>Plin-</strong></span> 
     </span>
     <span class='ocr_line' id='line_1_68' title="bbox 290 2577 1960 2628; baseline -0.012 -5"><span class='ocrx_word' id='word_1_1234' title='bbox 290 2594 384 2623; x_wconf 87' lang='lat' dir='ltr'><strong>Postea</strong></span> <span class='ocrx_word' id='word_1_1235' title='bbox 394 2600 535 2628; x_wconf 87' lang='lat' dir='ltr'><strong>nunquam</strong></span> <span class='ocrx_word' id='word_1_1236' title='bbox 545 2589 595 2619; x_wconf 78' lang='lat' dir='ltr'><strong>nisi</strong></span> <span class='ocrx_word' id='word_1_1237' title='bbox 608 2586 734 2618; x_wconf 86' lang='lat' dir='ltr'><strong>consulto</strong></span> <span class='ocrx_word' id='word_1_1238' title='bbox 747 2585 870 2615; x_wconf 88' lang='lat' dir='ltr'><strong>Domino</strong></span> <span class='ocrx_word' id='word_1_1239' title='bbox 881 2583 985 2612; x_wconf 85' lang='lat' dir='ltr'><strong>bellum</strong></span> <span class='ocrx_word' id='word_1_1240' title='bbox 996 2580 1108 2610; x_wconf 86' lang='lat' dir='ltr'><strong>adorsus</strong></span> <span class='ocrx_word' id='word_1_1241' title='bbox 1117 2580 1163 2610; x_wconf 88' lang='lat' dir='ltr'><strong>est.</strong></span> <span class='ocrx_word' id='word_1_1242' title='bbox 1520 2583 1546 2611; x_wconf 83' lang='lat'><strong>8.</strong></span> <span class='ocrx_word' id='word_1_1243' title='bbox 1565 2588 1586 2606; x_wconf 93' lang='lat'><strong>1.</strong></span> <span class='ocrx_word' id='word_1_1244' title='bbox 1602 2577 1722 2606; x_wconf 78' lang='lat' dir='ltr'><strong>Martial.</strong></span> <span class='ocrx_word' id='word_1_1245' title='bbox 1734 2578 1769 2607; x_wconf 91' lang='lat' dir='ltr'><strong>de</strong></span> <span class='ocrx_word' id='word_1_1246' title='bbox 1779 2578 1902 2615; x_wconf 66' lang='lat' dir='ltr'><strong>Spectac.</strong></span> <span class='ocrx_word' id='word_1_1247' title='bbox 1921 2585 1960 2613; x_wconf 89' lang='lat'><strong>17.</strong></span> 
     </span>
    </p>

    <p class='ocr_par' dir='ltr' id='par_1_19' title="bbox 253 2607 2624 2741">
     <span class='ocr_line' id='line_1_69' title="bbox 253 2607 2623 2664; baseline -0.011 -3"><span class='ocrx_word' id='word_1_1248' title='bbox 253 2633 372 2664; x_wconf 70' lang='lat' dir='ltr'><strong>Anoar</strong></span> <span class='ocrx_word' id='word_1_1249' title='bbox 383 2640 443 2663; x_wconf 70' lang='lat' dir='ltr'><strong>oa,</strong></span> <span class='ocrx_word' id='word_1_1250' title='bbox 463 2629 511 2657; x_wconf 71' lang='lat' dir='ltr'><strong>Iris</strong></span> <span class='ocrx_word' id='word_1_1251' title='bbox 525 2627 571 2657; x_wconf 88' lang='lat' dir='ltr'><strong>vel</strong></span> <span class='ocrx_word' id='word_1_1252' title='bbox 586 2627 638 2656; x_wconf 66' lang='lat' dir='ltr'><strong>Eris</strong></span> <span class='ocrx_word' id='word_1_1253' title='bbox 649 2648 657 2660; x_wconf 91' lang='lat'><strong>,</strong></span> <span class='ocrx_word' id='word_1_1254' title='bbox 678 2631 754 2653; x_wconf 89' lang='lat' dir='ltr'><strong>ortus</strong></span> <span class='ocrx_word' id='word_1_1255' title='bbox 766 2622 826 2652; x_wconf 90' lang='lat' dir='ltr'><strong>sum</strong></span> <span class='ocrx_word' id='word_1_1256' title='bbox 842 2621 887 2651; x_wconf 88' lang='lat' dir='ltr'><strong>vel</strong></span> <span class='ocrx_word' id='word_1_1257' title='bbox 905 2620 979 2650; x_wconf 86' lang='lat' dir='ltr'><strong>orsus</strong></span> <span class='ocrx_word' id='word_1_1258' title='bbox 996 2619 1071 2653; x_wconf 88' lang='lat' dir='ltr'><strong>sum,</strong></span> <span class='ocrx_word' id='word_1_1259' title='bbox 1092 2618 1167 2656; x_wconf 89' lang='lat' dir='ltr'><strong>quod</strong></span> <span class='ocrx_word' id='word_1_1260' title='bbox 1186 2624 1278 2646; x_wconf 83' lang='lat' dir='ltr'><strong>tamen</strong></span> <span class='ocrx_word' id='word_1_1261' title='bbox 1297 2616 1407 2645; x_wconf 84' lang='lat' dir='ltr'><strong>videtur</strong></span> <span class='ocrx_word' id='word_1_1262' title='bbox 1501 2615 1677 2653; x_wconf 81' lang='lat' dir='ltr'><strong>Compellare</strong></span> <span class='ocrx_word' id='word_1_1263' title='bbox 1689 2615 1855 2645; x_wconf 64' lang='lat' dir='ltr'><strong>&amp;Salutate</strong></span> <span class='ocrx_word' id='word_1_1264' title='bbox 1896 2614 1940 2643; x_wconf 89' lang='lat' dir='ltr'><strong>Sic</strong></span> <span class='ocrx_word' id='word_1_1265' title='bbox 1961 2612 2036 2651; x_wconf 81' lang='lat' dir='ltr'><strong>apud</strong></span> <span class='ocrx_word' id='word_1_1266' title='bbox 2056 2611 2136 2650; x_wconf 84' lang='lat' dir='ltr'><strong>Apul.</strong></span> <span class='ocrx_word' id='word_1_1267' title='bbox 2157 2611 2226 2642; x_wconf 85' lang='lat' dir='ltr'><strong>Met.</strong></span> <span class='ocrx_word' id='word_1_1268' title='bbox 2241 2610 2289 2640; x_wconf 92' lang='lat' dir='ltr'><strong>lib.</strong></span> <span class='ocrx_word' id='word_1_1269' title='bbox 2300 2620 2325 2639; x_wconf 91' lang='lat'><strong>2.</strong></span> <span class='ocrx_word' id='word_1_1270' title='bbox 2347 2610 2374 2639; x_wconf 69' lang='lat' dir='ltr'><strong>Sc</strong></span> <span class='ocrx_word' id='word_1_1271' title='bbox 2385 2618 2409 2644; x_wconf 79' lang='lat'><strong>3.</strong></span> <span class='ocrx_word' id='word_1_1272' title='bbox 2433 2607 2552 2636; x_wconf 74' lang='lat' dir='ltr'><strong>Adorare</strong></span> <span class='ocrx_word' id='word_1_1273' title='bbox 2573 2615 2623 2643; x_wconf 90' lang='lat' dir='ltr'><strong>po-</strong></span> 
     </span>
     <span class='ocr_line' id='line_1_70' title="bbox 291 2643 2624 2701; baseline -0.012 -2"><span class='ocrx_word' id='word_1_1274' title='bbox 291 2669 346 2699; x_wconf 77' lang='lat' dir='ltr'><strong>ess‘e</strong></span> <span class='ocrx_word' id='word_1_1275' title='bbox 359 2667 512 2698; x_wconf 75' lang='lat' dir='ltr'><strong>inusitatius</strong></span> <span class='ocrx_word' id='word_1_1276' title='bbox 528 2667 691 2701; x_wconf 69' lang='grc' dir='ltr'><strong>[ἕπτχειξεω,</strong></span> <span class='ocrx_word' id='word_1_1277' title='bbox 715 2658 854 2694; x_wconf 62' lang='grc' dir='ltr'><strong>ἐπττὶθεκφι</strong></span> <span class='ocrx_word' id='word_1_1278' title='bbox 867 2678 874 2690; x_wconf 80' lang='lat'>‚</span> <span class='ocrx_word' id='word_1_1279' title='bbox 893 2658 1029 2692; x_wconf 61' lang='lat' dir='ltr'><strong>ric-Toibhw]</strong></span> <span class='ocrx_word' id='word_1_1280' title='bbox 1048 2657 1091 2685; x_wconf 74' lang='lat' dir='ltr'><strong>iti.</strong></span> <span class='ocrx_word' id='word_1_1281' title='bbox 1126 2655 1243 2698; x_wconf 72' lang='lat' dir='ltr'><strong>Aggredi</strong></span> <span class='ocrx_word' id='word_1_1282' title='bbox 1264 2654 1402 2698; x_wconf 77' lang='lat' dir='ltr'><strong>significat.</strong></span> <span class='ocrx_word' id='word_1_1283' title='bbox 1518 2653 1616 2691; x_wconf 89' lang='lat' dir='ltr'><strong>pulum</strong></span> <span class='ocrx_word' id='word_1_1284' title='bbox 1630 2654 1667 2682; x_wconf 90' lang='lat' dir='ltr'><strong>est</strong></span> <span class='ocrx_word' id='word_1_1285' title='bbox 1677 2653 1759 2683; x_wconf 78' lang='lat' dir='ltr'><strong>verba</strong></span> <span class='ocrx_word' id='word_1_1286' title='bbox 1773 2653 1807 2682; x_wconf 83' lang='lat' dir='ltr'><strong>ad</strong></span> <span class='ocrx_word' id='word_1_1287' title='bbox 1817 2652 1955 2690; x_wconf 88' lang='lat' dir='ltr'><strong>populum</strong></span> <span class='ocrx_word' id='word_1_1288' title='bbox 1963 2652 2061 2680; x_wconf 84' lang='lat' dir='ltr'><strong>facere.</strong></span> <span class='ocrx_word' id='word_1_1289' title='bbox 2091 2651 2157 2680; x_wconf 81' lang='lat' dir='ltr'><strong>Stat.</strong></span> <span class='ocrx_word' id='word_1_1290' title='bbox 2173 2648 2246 2688; x_wconf 80' lang='lat' dir='ltr'><strong>praes.</strong></span> <span class='ocrx_word' id='word_1_1291' title='bbox 2257 2648 2306 2678; x_wconf 86' lang='lat' dir='ltr'><strong>lib.</strong></span> <span class='ocrx_word' id='word_1_1292' title='bbox 2325 2657 2348 2684; x_wconf 88' lang='lat'><strong>3.</strong></span> <span class='ocrx_word' id='word_1_1293' title='bbox 2366 2645 2439 2684; x_wconf 75' lang='lat' dir='ltr'><strong>Sylv.</strong></span> <span class='ocrx_word' id='word_1_1294' title='bbox 2469 2644 2564 2681; x_wconf 84' lang='lat' dir='ltr'><strong>Quem</strong></span> <span class='ocrx_word' id='word_1_1295' title='bbox 2575 2643 2624 2673; x_wconf 86' lang='lat' dir='ltr'><strong>sta-</strong></span> 
     </span>
     <span class='ocr_line' id='line_1_71' title="bbox 291 2689 2073 2741; baseline -0.011 -4"><span class='ocrx_word' id='word_1_1296' title='bbox 291 2709 319 2738; x_wconf 67' lang='grc' dir='ltr'><strong>ἃ</strong></span> <span class='ocrx_word' id='word_1_1297' title='bbox 337 2703 584 2741; x_wconf 65' lang='grc' dir='ltr'><strong>Ιηνῑὶάετεηιιονὶε</strong></span> <span class='ocrx_word' id='word_1_1298' title='bbox 599 2701 699 2731; x_wconf 86' lang='lat' dir='ltr'><strong>modo:</strong></span> <span class='ocrx_word' id='word_1_1299' title='bbox 728 2705 760 2728; x_wconf 89' lang='lat' dir='ltr'><strong>ut</strong></span> <span class='ocrx_word' id='word_1_1300' title='bbox 776 2721 784 2734; x_wconf 97' lang='lat'><strong>,</strong></span> <span class='ocrx_word' id='word_1_1301' title='bbox 811 2695 1024 2728; x_wconf 65' lang='lat' dir='ltr'><strong>Adoririverbis</strong></span> <span class='ocrx_word' id='word_1_1302' title='bbox 1037 2717 1045 2729; x_wconf 95' lang='lat'><strong>,</strong></span> <span class='ocrx_word' id='word_1_1303' title='bbox 1077 2693 1182 2723; x_wconf 85' lang='lat' dir='ltr'><strong>Adoriri</strong></span> <span class='ocrx_word' id='word_1_1304' title='bbox 1201 2694 1299 2729; x_wconf 80' lang='lat' dir='ltr'><strong>jurgio.</strong></span> <span class='ocrx_word' id='word_1_1305' title='bbox 1338 2692 1404 2720; x_wconf 91' lang='lat' dir='ltr'><strong>Ter.</strong></span> <span class='ocrx_word' id='word_1_1306' title='bbox 1518 2692 1569 2720; x_wconf 80' lang='lat' dir='ltr'><strong>tini</strong></span> <span class='ocrx_word' id='word_1_1307' title='bbox 1581 2698 1612 2720; x_wconf 91' lang='lat' dir='ltr'><strong>ut</strong></span> <span class='ocrx_word' id='word_1_1308' title='bbox 1625 2691 1748 2720; x_wconf 82' lang='lat' dir='ltr'><strong>videram</strong></span> <span class='ocrx_word' id='word_1_1309' title='bbox 1764 2691 1806 2720; x_wconf 91' lang='lat' dir='ltr'><strong>his</strong></span> <span class='ocrx_word' id='word_1_1310' title='bbox 1817 2690 1936 2720; x_wconf 84' lang='lat' dir='ltr'><strong>versibus</strong></span> <span class='ocrx_word' id='word_1_1311' title='bbox 1953 2689 2073 2718; x_wconf 81' lang='lat' dir='ltr'><strong>adoravi.</strong></span> 
     </span>
    </p>

    <p class='ocr_par' dir='ltr' id='par_1_20' title="bbox 288 2728 2665 3262">
     <span class='ocr_line' id='line_1_72' title="bbox 289 2728 2144 2780; baseline -0.011 -5"><span class='ocrx_word' id='word_1_1312' title='bbox 289 2744 368 2775; x_wconf 85' lang='lat' dir='ltr'><strong>Adel.</strong></span> <span class='ocrx_word' id='word_1_1313' title='bbox 386 2753 411 2780; x_wconf 83' lang='lat'><strong>3.</strong></span> <span class='ocrx_word' id='word_1_1314' title='bbox 425 2753 449 2780; x_wconf 87' lang='lat'><strong>3.</strong></span> <span class='ocrx_word' id='word_1_1315' title='bbox 478 2753 504 2770; x_wconf 93' lang='lat'><strong>0.</strong></span> <span class='ocrx_word' id='word_1_1316' title='bbox 527 2741 644 2770; x_wconf 82' lang='lat' dir='ltr'><strong>Adortus</strong></span> <span class='ocrx_word' id='word_1_1317' title='bbox 655 2736 861 2775; x_wconf 87' lang='lat' dir='ltr'><strong>jurgiofratrem</strong></span> <span class='ocrx_word' id='word_1_1318' title='bbox 871 2734 945 2772; x_wconf 85' lang='lat' dir='ltr'><strong>apud</strong></span> <span class='ocrx_word' id='word_1_1319' title='bbox 958 2733 1049 2762; x_wconf 88' lang='lat' dir='ltr'><strong>forum</strong></span> <span class='ocrx_word' id='word_1_1320' title='bbox 1057 2732 1091 2761; x_wconf 91' lang='lat' dir='ltr'><strong>de</strong></span> <span class='ocrx_word' id='word_1_1321' title='bbox 1100 2731 1209 2769; x_wconf 82' lang='lat' dir='ltr'><strong>psaltria</strong></span> <span class='ocrx_word' id='word_1_1322' title='bbox 1217 2731 1289 2759; x_wconf 84' lang='lat' dir='ltr'><strong>istac.</strong></span> <span class='ocrx_word' id='word_1_1323' title='bbox 1314 2729 1404 2772; x_wconf 64' lang='grc' dir='ltr'>βίας.</span> <span class='ocrx_word' id='word_1_1324' title='bbox 1500 2730 1607 2767; x_wconf 82' lang='lat' dir='ltr'><strong>Optare</strong></span> <span class='ocrx_word' id='word_1_1325' title='bbox 1625 2729 1794 2767; x_wconf 82' lang='lat' dir='ltr'><strong>fimpliciter.</strong></span> <span class='ocrx_word' id='word_1_1326' title='bbox 1834 2729 1874 2757; x_wconf 81' lang='lat' dir='ltr'><strong>lta</strong></span> <span class='ocrx_word' id='word_1_1327' title='bbox 1887 2728 2009 2764; x_wconf 87' lang='lat' dir='ltr'><strong>Propert.</strong></span> <span class='ocrx_word' id='word_1_1328' title='bbox 2023 2737 2045 2755; x_wconf 94' lang='lat'><strong>1.</strong></span> <span class='ocrx_word' id='word_1_1329' title='bbox 2057 2737 2084 2762; x_wconf 74' lang='lat'><strong>4.</strong></span> <span class='ocrx_word' id='word_1_1330' title='bbox 2100 2734 2144 2762; x_wconf 90' lang='lat'><strong>27.</strong></span> 
     </span>
     <span class='ocr_line' id='line_1_73' title="bbox 290 2756 2620 2818; baseline -0.011 -6"><span class='ocrx_word' id='word_1_1331' title='bbox 290 2783 363 2812; x_wconf 88' lang='lat' dir='ltr'><strong>Verr.</strong></span> <span class='ocrx_word' id='word_1_1332' title='bbox 381 2788 426 2818; x_wconf 82' lang='lat'><strong>89.</strong></span> <span class='ocrx_word' id='word_1_1333' title='bbox 485 2779 628 2808; x_wconf 88' lang='lat' dir='ltr'><strong>ostremam</strong></span> <span class='ocrx_word' id='word_1_1334' title='bbox 642 2776 721 2805; x_wconf 84' lang='lat' dir='ltr'><strong>enim</strong></span> <span class='ocrx_word' id='word_1_1335' title='bbox 740 2783 868 2811; x_wconf 78' lang='lat' dir='ltr'><strong>quanqpe</strong></span> <span class='ocrx_word' id='word_1_1336' title='bbox 883 2781 981 2801; x_wconf 85' lang='lat' dir='ltr'><strong>navem</strong></span> <span class='ocrx_word' id='word_1_1337' title='bbox 1002 2771 1094 2808; x_wconf 59' lang='lat' dir='ltr'><strong>piratae</strong></span> <span class='ocrx_word' id='word_1_1338' title='bbox 1114 2770 1231 2807; x_wconf 78' lang='lat' dir='ltr'><strong>primam</strong></span> <span class='ocrx_word' id='word_1_1339' title='bbox 1245 2767 1408 2797; x_wconf 74' lang='lat' dir='ltr'><strong>adoneban-</strong></span> <span class='ocrx_word' id='word_1_1340' title='bbox 1647 2783 1684 2787; x_wconf 92' lang='lat'><strong>—</strong></span> <span class='ocrx_word' id='word_1_1341' title='bbox 1703 2772 1813 2796; x_wconf 79' lang='lat' dir='ltr'><strong>maneat</strong></span> <span class='ocrx_word' id='word_1_1342' title='bbox 1826 2766 1861 2794; x_wconf 77' lang='lat' dir='ltr'><strong>lic</strong></span> <span class='ocrx_word' id='word_1_1343' title='bbox 1871 2765 1977 2803; x_wconf 85' lang='lat' dir='ltr'><strong>semper</strong></span> <span class='ocrx_word' id='word_1_1344' title='bbox 1995 2765 2089 2793; x_wconf 86' lang='lat' dir='ltr'><strong>adoro.</strong></span> <span class='ocrx_word' id='word_1_1345' title='bbox 2174 2760 2254 2790; x_wconf 88' lang='lat' dir='ltr'><strong>Plura</strong></span> <span class='ocrx_word' id='word_1_1346' title='bbox 2271 2756 2503 2790; x_wconf 81' lang='lat' dir='ltr'><strong>dabitBroekhus.</strong></span> <span class='ocrx_word' id='word_1_1347' title='bbox 2522 2758 2558 2787; x_wconf 83' lang='lat' dir='ltr'><strong>ad</strong></span> <span class='ocrx_word' id='word_1_1348' title='bbox 2566 2757 2620 2787; x_wconf 90' lang='lat' dir='ltr'><strong>loc.</strong></span> 
     </span>
     <span class='ocr_line' id='line_1_74' title="bbox 288 2800 2665 2856; baseline -0.011 -6"><span class='ocrx_word' id='word_1_1349' title='bbox 288 2826 342 2850; x_wconf 82' lang='lat' dir='ltr'><strong>tur.</strong></span> <span class='ocrx_word' id='word_1_1350' title='bbox 380 2818 527 2856; x_wconf 88' lang='lat' dir='ltr'><strong>Reperitur</strong></span> <span class='ocrx_word' id='word_1_1351' title='bbox 548 2818 573 2846; x_wconf 84' lang='lat'>&amp;</span> <span class='ocrx_word' id='word_1_1352' title='bbox 591 2814 693 2844; x_wconf 88' lang='lat' dir='ltr'><strong>Adorio</strong></span> <span class='ocrx_word' id='word_1_1353' title='bbox 712 2813 800 2842; x_wconf 69' lang='lat' dir='ltr'><strong>activa</strong></span> <span class='ocrx_word' id='word_1_1354' title='bbox 817 2811 906 2840; x_wconf 87' lang='lat' dir='ltr'><strong>forma</strong></span> <span class='ocrx_word' id='word_1_1355' title='bbox 927 2809 1003 2847; x_wconf 84' lang='lat' dir='ltr'><strong>apud</strong></span> <span class='ocrx_word' id='word_1_1356' title='bbox 1018 2808 1094 2837; x_wconf 81' lang='lat' dir='ltr'><strong>Naev.</strong></span> <span class='ocrx_word' id='word_1_1357' title='bbox 1112 2809 1142 2837; x_wconf 90' lang='lat' dir='ltr'><strong>in</strong></span> <span class='ocrx_word' id='word_1_1358' title='bbox 1159 2805 1285 2836; x_wconf 81' lang='lat' dir='ltr'><strong>Priscian.</strong></span> <span class='ocrx_word' id='word_1_1359' title='bbox 1303 2805 1366 2834; x_wconf 89' lang='lat' dir='ltr'><strong>Tib.</strong></span> <span class='ocrx_word' id='word_1_1360' title='bbox 1379 2810 1406 2839; x_wconf 84' lang='lat'><strong>8.</strong></span> <span class='ocrx_word' id='word_1_1361' title='bbox 1518 2805 1588 2836; x_wconf 89' lang='lat' dir='ltr'><strong>Inde</strong></span> <span class='ocrx_word' id='word_1_1362' title='bbox 1600 2805 1714 2840; x_wconf 76' lang='lat' dir='ltr'><strong>Precari,</strong></span> <span class='ocrx_word' id='word_1_1363' title='bbox 1724 2805 1794 2834; x_wconf 83' lang='lat' dir='ltr'><strong>Vota</strong></span> <span class='ocrx_word' id='word_1_1364' title='bbox 1807 2803 1914 2832; x_wconf 84' lang='lat' dir='ltr'><strong>offerre.</strong></span> <span class='ocrx_word' id='word_1_1365' title='bbox 1944 2802 2027 2831; x_wconf 81' lang='lat' dir='ltr'><strong>Ovid.</strong></span> <span class='ocrx_word' id='word_1_1366' title='bbox 2043 2812 2065 2830; x_wconf 87' lang='lat'><strong>1.</strong></span> <span class='ocrx_word' id='word_1_1367' title='bbox 2088 2800 2168 2830; x_wconf 92' lang='lat' dir='ltr'><strong>Trist.</strong></span> <span class='ocrx_word' id='word_1_1368' title='bbox 2184 2809 2207 2835; x_wconf 85' lang='lat'><strong>3.</strong></span> <span class='ocrx_word' id='word_1_1369' title='bbox 2220 2809 2264 2835; x_wconf 80' lang='lat'><strong>41.</strong></span> <span class='ocrx_word' id='word_1_1370' title='bbox 2658 2801 2665 2807; x_wconf 83' lang='lat'><strong>·</strong></span> 
     </span>
     <span class='ocr_line' id='line_1_75' title="bbox 288 2838 2324 2897; baseline -0.011 -9"><span class='ocrx_word' id='word_1_1371' title='bbox 288 2869 317 2897; x_wconf 85' lang='lat' dir='ltr'><strong>p.</strong></span> <span class='ocrx_word' id='word_1_1372' title='bbox 333 2864 395 2893; x_wconf 85' lang='lat'><strong>801.</strong></span> <span class='ocrx_word' id='word_1_1373' title='bbox 419 2857 539 2886; x_wconf 68' lang='lat' dir='ltr'><strong>Hectore</strong></span> <span class='ocrx_word' id='word_1_1374' title='bbox 555 2851 746 2892; x_wconf 88' lang='lat' dir='ltr'><strong>proficiscente</strong></span> <span class='ocrx_word' id='word_1_1375' title='bbox 768 2850 834 2879; x_wconf 90' lang='lat' dir='ltr'><strong>hinc</strong></span> <span class='ocrx_word' id='word_1_1376' title='bbox 849 2847 921 2886; x_wconf 90' lang='lat' dir='ltr'><strong>ipsos</strong></span> <span class='ocrx_word' id='word_1_1377' title='bbox 937 2846 1070 2875; x_wconf 87' lang='lat' dir='ltr'><strong>adoriant.</strong></span> <span class='ocrx_word' id='word_1_1378' title='bbox 1584 2843 1643 2872; x_wconf 85' lang='lat' dir='ltr'><strong>Hac</strong></span> <span class='ocrx_word' id='word_1_1379' title='bbox 1660 2852 1742 2880; x_wconf 86' lang='lat' dir='ltr'><strong>prece</strong></span> <span class='ocrx_word' id='word_1_1380' title='bbox 1758 2842 1868 2871; x_wconf 85' lang='lat' dir='ltr'><strong>adoravi</strong></span> <span class='ocrx_word' id='word_1_1381' title='bbox 1887 2841 2000 2878; x_wconf 89' lang='lat' dir='ltr'><strong>superos</strong></span> <span class='ocrx_word' id='word_1_1382' title='bbox 2016 2849 2067 2877; x_wconf 76' lang='lat' dir='ltr'><strong>ego</strong></span> <span class='ocrx_word' id='word_1_1383' title='bbox 2080 2861 2088 2873; x_wconf 82' lang='grc'><strong>.</strong></span> <span class='ocrx_word' id='word_1_1384' title='bbox 2110 2838 2237 2876; x_wconf 87' lang='lat' dir='ltr'><strong>pluribus</strong></span> <span class='ocrx_word' id='word_1_1385' title='bbox 2246 2846 2324 2866; x_wconf 80' lang='lat' dir='ltr'><strong>uxor.</strong></span> 
     </span>
     <span class='ocr_line' id='line_1_76' title="bbox 288 2880 1793 2928; baseline -0.012 -2"><span class='ocrx_word' id='word_1_1386' title='bbox 288 2897 427 2927; x_wconf 74' lang='lat' dir='ltr'><strong>Adoritur.</strong></span> <span class='ocrx_word' id='word_1_1387' title='bbox 455 2893 564 2923; x_wconf 87' lang='lat' dir='ltr'><strong>Lucret.</strong></span> <span class='ocrx_word' id='word_1_1388' title='bbox 584 2890 631 2920; x_wconf 91' lang='lat' dir='ltr'><strong>lib.</strong></span> <span class='ocrx_word' id='word_1_1389' title='bbox 654 2899 678 2926; x_wconf 87' lang='lat'><strong>3.</strong></span> <span class='ocrx_word' id='word_1_1390' title='bbox 707 2899 769 2923; x_wconf 81' lang='lat'><strong>514.</strong></span> <span class='ocrx_word' id='word_1_1391' title='bbox 947 2923 952 2928; x_wconf 36' lang='grc'>1</span> <span class='ocrx_word' id='word_1_1392' title='bbox 1519 2880 1596 2918; x_wconf 79' lang='lat' dir='ltr'><strong>Virg.</strong></span> <span class='ocrx_word' id='word_1_1393' title='bbox 1610 2891 1634 2909; x_wconf 86' lang='lat'><strong>2.</strong></span> <span class='ocrx_word' id='word_1_1394' title='bbox 1656 2880 1719 2910; x_wconf 79' lang='lat' dir='ltr'><strong>AEn&#39;.</strong></span> <span class='ocrx_word' id='word_1_1395' title='bbox 1731 2891 1793 2916; x_wconf 88' lang='lat'><strong>700.</strong></span> 
     </span>
     <span class='ocr_line' id='line_1_77' title="bbox 363 2913 2226 2963; baseline -0.011 -1"><span class='ocrx_word' id='word_1_1396' title='bbox 363 2933 541 2962; x_wconf 82' lang='lat' dir='ltr'><strong>Commutare</strong></span> <span class='ocrx_word' id='word_1_1397' title='bbox 559 2929 683 2959; x_wconf 88' lang='lat' dir='ltr'><strong>animum</strong></span> <span class='ocrx_word' id='word_1_1398' title='bbox 698 2926 858 2963; x_wconf 87' lang='lat' dir='ltr'><strong>quicunque</strong></span> <span class='ocrx_word' id='word_1_1399' title='bbox 877 2923 1000 2953; x_wconf 85' lang='lat' dir='ltr'><strong>adoritur</strong></span> <span class='ocrx_word' id='word_1_1400' title='bbox 1013 2943 1022 2957; x_wconf 84' lang='lat'><strong>,</strong></span> <span class='ocrx_word' id='word_1_1401' title='bbox 1044 2922 1070 2951; x_wconf 66' lang='grc' dir='ltr'>ἃ</span> <span class='ocrx_word' id='word_1_1402' title='bbox 1096 2919 1194 2959; x_wconf 87' lang='lat' dir='ltr'><strong>ipsum.</strong></span> <span class='ocrx_word' id='word_1_1403' title='bbox 1582 2918 1742 2955; x_wconf 76' lang='lat' dir='ltr'><strong>Affaturque</strong></span> <span class='ocrx_word' id='word_1_1404' title='bbox 1758 2918 1833 2947; x_wconf 88' lang='lat' dir='ltr'><strong>Deos</strong></span> <span class='ocrx_word' id='word_1_1405' title='bbox 1845 2918 1871 2946; x_wconf 60' lang='grc' dir='ltr'>ἃ</span> <span class='ocrx_word' id='word_1_1406' title='bbox 1894 2915 2018 2945; x_wconf 58' lang='lat' dir='ltr'><strong>sanetum</strong></span> <span class='ocrx_word' id='word_1_1407' title='bbox 2033 2914 2105 2944; x_wconf 80' lang='lat' dir='ltr'><strong>sidus</strong></span> <span class='ocrx_word' id='word_1_1408' title='bbox 2123 2913 2226 2942; x_wconf 82' lang='lat' dir='ltr'><strong>adorat.</strong></span> 
     </span>
     <span class='ocr_line' id='line_1_78' title="bbox 289 2947 2650 3001; baseline -0.011 0"><span class='ocrx_word' id='word_1_1409' title='bbox 289 2971 396 3001; x_wconf 83' lang='lat' dir='ltr'><strong>Adoriri</strong></span> <span class='ocrx_word' id='word_1_1410' title='bbox 418 2970 566 2999; x_wconf 89' lang='lat' dir='ltr'><strong>civitatem.</strong></span> <span class='ocrx_word' id='word_1_1411' title='bbox 604 2965 662 2995; x_wconf 91' lang='lat' dir='ltr'><strong>Liv.</strong></span> <span class='ocrx_word' id='word_1_1412' title='bbox 686 2975 708 2993; x_wconf 93' lang='lat'><strong>1.</strong></span> <span class='ocrx_word' id='word_1_1413' title='bbox 1209 2995 1214 3000; x_wconf 26' lang='lat'><strong>¹</strong></span> <span class='ocrx_word' id='word_1_1414' title='bbox 1522 2956 1612 2986; x_wconf 55' lang='lat' dir='ltr'><strong>&amp;mxu</strong></span> <span class='ocrx_word' id='word_1_1415' title='bbox 1630 2960 1655 2985; x_wconf 92' lang='lat'><strong>6.</strong></span> <span class='ocrx_word' id='word_1_1416' title='bbox 1672 2956 1812 2985; x_wconf 82' lang='lat' dir='ltr'><strong>Romanus</strong></span> <span class='ocrx_word' id='word_1_1417' title='bbox 1824 2955 1945 2984; x_wconf 56' lang='lat' dir='ltr'><strong>Dictator</strong></span> <span class='ocrx_word' id='word_1_1418' title='bbox 1953 2953 2043 2982; x_wconf 77' lang='lat' dir='ltr'><strong>castris</strong></span> <span class='ocrx_word' id='word_1_1419' title='bbox 2052 2962 2085 2980; x_wconf 85' lang='lat' dir='ltr'><strong>eo</strong></span> <span class='ocrx_word' id='word_1_1420' title='bbox 2097 2952 2142 2980; x_wconf 80' lang='lat' dir='ltr'><strong>die</strong></span> <span class='ocrx_word' id='word_1_1421' title='bbox 2154 2950 2261 2988; x_wconf 79' lang='lat' dir='ltr'><strong>politis,</strong></span> <span class='ocrx_word' id='word_1_1422' title='bbox 2285 2949 2394 2986; x_wconf 83' lang='lat' dir='ltr'><strong>postero</strong></span> <span class='ocrx_word' id='word_1_1423' title='bbox 2406 2958 2472 2977; x_wconf 90' lang='lat' dir='ltr'><strong>cum</strong></span> <span class='ocrx_word' id='word_1_1424' title='bbox 2483 2947 2624 2987; x_wconf 88' lang='lat' dir='ltr'><strong>auspicato</strong></span> <span class='ocrx_word' id='word_1_1425' title='bbox 2648 2965 2650 2969; x_wconf 83' lang='lat'><em>·</em></span> 
     </span>
     <span class='ocr_line' id='line_1_79' title="bbox 289 2987 2441 3046; baseline -0.01 -9"><span class='ocrx_word' id='word_1_1426' title='bbox 289 3009 416 3046; x_wconf 85' lang='lat' dir='ltr'><strong>Aliquem</strong></span> <span class='ocrx_word' id='word_1_1427' title='bbox 438 3006 535 3045; x_wconf 86' lang='lat' dir='ltr'><strong>gladiis</strong></span> <span class='ocrx_word' id='word_1_1428' title='bbox 555 3007 582 3035; x_wconf 71' lang='grc' dir='ltr'>ἁ</span> <span class='ocrx_word' id='word_1_1429' title='bbox 598 3002 760 3041; x_wconf 82' lang='lat' dir='ltr'><strong>fragmentis</strong></span> <span class='ocrx_word' id='word_1_1430' title='bbox 779 3000 919 3038; x_wconf 88' lang='lat' dir='ltr'><strong>septorum</strong></span> <span class='ocrx_word' id='word_1_1431' title='bbox 931 3020 939 3034; x_wconf 91' lang='lat'><strong>,</strong></span> <span class='ocrx_word' id='word_1_1432' title='bbox 966 2999 993 3027; x_wconf 74' lang='lat' dir='ltr'><strong>Sc</strong></span> <span class='ocrx_word' id='word_1_1433' title='bbox 1019 2995 1143 3026; x_wconf 89' lang='lat' dir='ltr'><strong>fustibus.</strong></span> <span class='ocrx_word' id='word_1_1434' title='bbox 1184 2995 1242 3024; x_wconf 85' lang='lat' dir='ltr'><strong>Cic.</strong></span> <span class='ocrx_word' id='word_1_1435' title='bbox 1268 3004 1318 3032; x_wconf 90' lang='lat' dir='ltr'><strong>pro</strong></span> <span class='ocrx_word' id='word_1_1436' title='bbox 1344 2994 1410 3026; x_wconf 82' lang='lat' dir='ltr'><strong>Sex-.</strong></span> <span class='ocrx_word' id='word_1_1437' title='bbox 1520 2994 1680 3032; x_wconf 73' lang='lat' dir='ltr'><strong>prodiisset,</strong></span> <span class='ocrx_word' id='word_1_1438' title='bbox 1697 2994 1837 3030; x_wconf 85' lang='lat' dir='ltr'><strong>hostiaque</strong></span> <span class='ocrx_word' id='word_1_1439' title='bbox 1848 2991 1913 3021; x_wconf 65' lang='lat' dir='ltr'><strong>caesa</strong></span> <span class='ocrx_word' id='word_1_1440' title='bbox 1926 2991 2022 3020; x_wconf 83' lang='lat' dir='ltr'><strong>Pacem</strong></span> <span class='ocrx_word' id='word_1_1441' title='bbox 2040 2990 2123 3019; x_wconf 80' lang='lat' dir='ltr'><strong>deum</strong></span> <span class='ocrx_word' id='word_1_1442' title='bbox 2133 2987 2275 3021; x_wconf 75' lang='lat' dir='ltr'><strong>adoralset,</strong></span> <span class='ocrx_word' id='word_1_1443' title='bbox 2291 2987 2377 3021; x_wconf 65' lang='lat' dir='ltr'><strong>laetus,</strong></span> <span class='ocrx_word' id='word_1_1444' title='bbox 2390 2988 2441 3016; x_wconf 61' lang='lat' dir='ltr'><strong>&amp;a</strong></span> 
     </span>
     <span class='ocr_line' id='line_1_80' title="bbox 310 3023 2625 3082; baseline -0.01 -7"><span class='ocrx_word' id='word_1_1445' title='bbox 310 3047 350 3075; x_wconf 90' lang='lat' dir='ltr'><strong>tio</strong></span> <span class='ocrx_word' id='word_1_1446' title='bbox 361 3057 405 3082; x_wconf 91' lang='lat'><strong>79.</strong></span> <span class='ocrx_word' id='word_1_1447' title='bbox 873 3074 878 3080; x_wconf 37' lang='lat'>⁸</span> <span class='ocrx_word' id='word_1_1448' title='bbox 1500 3033 1720 3062; x_wconf 69' lang='lat' dir='ltr'><strong>Adorarecuram</strong></span> <span class='ocrx_word' id='word_1_1449' title='bbox 1731 3031 1889 3069; x_wconf 84' lang='lat' dir='ltr'><strong>priscorum.</strong></span> <span class='ocrx_word' id='word_1_1450' title='bbox 1917 3028 1984 3058; x_wconf 92' lang='lat' dir='ltr'><strong>Plin.</strong></span> <span class='ocrx_word' id='word_1_1451' title='bbox 1995 3028 2042 3056; x_wconf 91' lang='lat' dir='ltr'><strong>lib.</strong></span> <span class='ocrx_word' id='word_1_1452' title='bbox 2055 3037 2098 3062; x_wconf 89' lang='lat'><strong>27.</strong></span> <span class='ocrx_word' id='word_1_1453' title='bbox 2121 3037 2182 3064; x_wconf 70' lang='lat' dir='ltr'><strong>cap.</strong></span> <span class='ocrx_word' id='word_1_1454' title='bbox 2198 3036 2220 3055; x_wconf 93' lang='lat'><strong>1.</strong></span> <span class='ocrx_word' id='word_1_1455' title='bbox 2262 3024 2431 3061; x_wconf 79' lang='lat' dir='ltr'><strong>Quantoque</strong></span> <span class='ocrx_word' id='word_1_1456' title='bbox 2445 3024 2531 3060; x_wconf 87' lang='lat' dir='ltr'><strong>major</strong></span> <span class='ocrx_word' id='word_1_1457' title='bbox 2544 3023 2625 3060; x_wconf 83' lang='lat' dir='ltr'><strong>copia</strong></span> 
     </span>
     <span class='ocr_line' id='line_1_81' title="bbox 291 3061 2626 3120; baseline -0.01 -8"><span class='ocrx_word' id='word_1_1458' title='bbox 291 3083 417 3120; x_wconf 80' lang='lat' dir='ltr'><strong>Aliquem</strong></span> <span class='ocrx_word' id='word_1_1459' title='bbox 432 3093 447 3112; x_wconf 93' lang='lat' dir='ltr'><strong>a</strong></span> <span class='ocrx_word' id='word_1_1460' title='bbox 460 3088 546 3119; x_wconf 87' lang='lat' dir='ltr'><strong>tergo.</strong></span> <span class='ocrx_word' id='word_1_1461' title='bbox 568 3079 627 3109; x_wconf 88' lang='lat' dir='ltr'><strong>Liv.</strong></span> <span class='ocrx_word' id='word_1_1462' title='bbox 649 3089 673 3115; x_wconf 85' lang='lat'><strong>3.</strong></span> <span class='ocrx_word' id='word_1_1463' title='bbox 693 3077 751 3107; x_wconf 89' lang='lat' dir='ltr'><strong>Cic.</strong></span> <span class='ocrx_word' id='word_1_1464' title='bbox 771 3085 822 3114; x_wconf 90' lang='lat' dir='ltr'><strong>pro</strong></span> <span class='ocrx_word' id='word_1_1465' title='bbox 838 3072 939 3104; x_wconf 76' lang='lat' dir='ltr'><strong>Milon.</strong></span> <span class='ocrx_word' id='word_1_1466' title='bbox 955 3083 999 3109; x_wconf 86' lang='lat'><strong>29.</strong></span> <span class='ocrx_word' id='word_1_1467' title='bbox 1521 3070 1667 3099; x_wconf 71' lang='lat' dir='ltr'><strong>herbarum</strong></span> <span class='ocrx_word' id='word_1_1468' title='bbox 1681 3069 1802 3098; x_wconf 83' lang='lat' dir='ltr'><strong>dicenda</strong></span> <span class='ocrx_word' id='word_1_1469' title='bbox 1824 3067 1919 3100; x_wconf 82' lang='lat' dir='ltr'><strong>restat,</strong></span> <span class='ocrx_word' id='word_1_1470' title='bbox 1940 3073 2018 3095; x_wconf 90' lang='lat' dir='ltr'><strong>tanto</strong></span> <span class='ocrx_word' id='word_1_1471' title='bbox 2038 3065 2124 3102; x_wconf 63' lang='lat' dir='ltr'><strong>magis</strong></span> <span class='ocrx_word' id='word_1_1472' title='bbox 2138 3065 2250 3093; x_wconf 71' lang='lat' dir='ltr'><strong>adorare</strong></span> <span class='ocrx_word' id='word_1_1473' title='bbox 2262 3062 2414 3100; x_wconf 85' lang='lat' dir='ltr'><strong>priscorum</strong></span> <span class='ocrx_word' id='word_1_1474' title='bbox 2431 3062 2461 3090; x_wconf 89' lang='lat' dir='ltr'><strong>in</strong></span> <span class='ocrx_word' id='word_1_1475' title='bbox 2481 3061 2626 3090; x_wconf 85' lang='lat' dir='ltr'><strong>invenien-</strong></span> 
     </span>
     <span class='ocr_line' id='line_1_82' title="bbox 291 3097 2625 3159; baseline -0.01 -10"><span class='ocrx_word' id='word_1_1476' title='bbox 291 3121 397 3150; x_wconf 86' lang='lat' dir='ltr'><strong>Adoriri</strong></span> <span class='ocrx_word' id='word_1_1477' title='bbox 409 3143 417 3156; x_wconf 86' lang='lat'><strong>,</strong></span> <span class='ocrx_word' id='word_1_1478' title='bbox 448 3130 498 3159; x_wconf 88' lang='lat' dir='ltr'><strong>pro</strong></span> <span class='ocrx_word' id='word_1_1479' title='bbox 516 3117 625 3155; x_wconf 82' lang='lat' dir='ltr'><strong>Aliquid</strong></span> <span class='ocrx_word' id='word_1_1480' title='bbox 642 3117 750 3150; x_wconf 82' lang='lat' dir='ltr'><strong>facere,</strong></span> <span class='ocrx_word' id='word_1_1481' title='bbox 783 3112 903 3146; x_wconf 85' lang='lat' dir='ltr'><strong>Conari,</strong></span> <span class='ocrx_word' id='word_1_1482' title='bbox 934 3112 960 3141; x_wconf 61' lang='grc' dir='ltr'><strong>ὃς</strong></span> <span class='ocrx_word' id='word_1_1483' title='bbox 977 3111 1048 3140; x_wconf 88' lang='lat' dir='ltr'><strong>Dare</strong></span> <span class='ocrx_word' id='word_1_1484' title='bbox 1071 3117 1183 3146; x_wconf 80' lang='lat' dir='ltr'><strong>operam</strong></span> <span class='ocrx_word' id='word_1_1485' title='bbox 1203 3114 1285 3145; x_wconf 84' lang='lat' dir='ltr'><strong>atque</strong></span> <span class='ocrx_word' id='word_1_1486' title='bbox 1300 3107 1410 3145; x_wconf 76' lang='lat' dir='ltr'><strong>aggredi</strong></span> <span class='ocrx_word' id='word_1_1487' title='bbox 1522 3109 1559 3137; x_wconf 90' lang='lat' dir='ltr'><strong>do</strong></span> <span class='ocrx_word' id='word_1_1488' title='bbox 1581 3117 1691 3142; x_wconf 78' lang='lat' dir='ltr'><strong>curam,</strong></span> <span class='ocrx_word' id='word_1_1489' title='bbox 1713 3108 1742 3136; x_wconf 89' lang='lat' dir='ltr'><strong>in</strong></span> <span class='ocrx_word' id='word_1_1490' title='bbox 1761 3105 1895 3135; x_wconf 74' lang='lat' dir='ltr'><strong>tradendo</strong></span> <span class='ocrx_word' id='word_1_1491' title='bbox 1911 3104 2111 3141; x_wconf 62' lang='lat' dir='ltr'><strong>benignitatem</strong></span> <span class='ocrx_word' id='word_1_1492' title='bbox 2129 3102 2208 3131; x_wconf 88' lang='lat' dir='ltr'><strong>subit.</strong></span> <span class='ocrx_word' id='word_1_1493' title='bbox 2252 3110 2302 3138; x_wconf 87' lang='lat' dir='ltr'><strong>pro</strong></span> <span class='ocrx_word' id='word_1_1494' title='bbox 2321 3110 2375 3138; x_wconf 89' lang='lat' dir='ltr'><strong>quo</strong></span> <span class='ocrx_word' id='word_1_1495' title='bbox 2389 3099 2467 3129; x_wconf 89' lang='lat' dir='ltr'><strong>ldem</strong></span> <span class='ocrx_word' id='word_1_1496' title='bbox 2483 3099 2547 3128; x_wconf 84' lang='lat' dir='ltr'><strong>alibi</strong></span> <span class='ocrx_word' id='word_1_1497' title='bbox 2575 3097 2625 3127; x_wconf 86' lang='lat' dir='ltr'><strong>Ve—</strong></span> 
     </span>
     <span class='ocr_line' id='line_1_83' title="bbox 312 3145 1707 3196; baseline -0.011 -8"><span class='ocrx_word' id='word_1_1498' title='bbox 312 3158 400 3195; x_wconf 86' lang='lat' dir='ltr'><strong>ipsum</strong></span> <span class='ocrx_word' id='word_1_1499' title='bbox 416 3168 485 3196; x_wconf 85' lang='lat' dir='ltr'><strong>opus</strong></span> <span class='ocrx_word' id='word_1_1500' title='bbox 496 3156 619 3195; x_wconf 89' lang='lat' dir='ltr'><strong>pervim.</strong></span> <span class='ocrx_word' id='word_1_1501' title='bbox 642 3154 700 3184; x_wconf 92' lang='lat' dir='ltr'><strong>Cic.</strong></span> <span class='ocrx_word' id='word_1_1502' title='bbox 711 3162 736 3182; x_wconf 86' lang='lat'><strong>2.</strong></span> <span class='ocrx_word' id='word_1_1503' title='bbox 754 3152 788 3181; x_wconf 87' lang='lat' dir='ltr'><strong>de</strong></span> <span class='ocrx_word' id='word_1_1504' title='bbox 803 3151 879 3180; x_wconf 81' lang='lat' dir='ltr'><strong>Orat.</strong></span> <span class='ocrx_word' id='word_1_1505' title='bbox 896 3158 959 3181; x_wconf 77' lang='lat'><strong>20&lt;.</strong></span> <span class='ocrx_word' id='word_1_1506' title='bbox 981 3148 1023 3177; x_wconf 91' lang='lat' dir='ltr'><strong>Ne</strong></span> <span class='ocrx_word' id='word_1_1507' title='bbox 1036 3145 1193 3176; x_wconf 86' lang='lat' dir='ltr'><strong>convellere</strong></span> <span class='ocrx_word' id='word_1_1508' title='bbox 1204 3147 1360 3175; x_wconf 77' lang='lat' dir='ltr'><strong>adoriamur</strong></span> <span class='ocrx_word' id='word_1_1509' title='bbox 1368 3155 1409 3180; x_wconf 81' lang='lat' dir='ltr'><strong>ea,</strong></span> <span class='ocrx_word' id='word_1_1510' title='bbox 1524 3146 1613 3174; x_wconf 77' lang='lat' dir='ltr'><strong>nemi-i</strong></span> <span class='ocrx_word' id='word_1_1511' title='bbox 1628 3145 1707 3174; x_wconf 74' lang='lat' dir='ltr'><strong>dixit.</strong></span> 
     </span>
     <span class='ocr_line' id='line_1_84' title="bbox 314 3174 2623 3255; baseline -0.007 -36"><span class='ocrx_word' id='word_1_1512' title='bbox 314 3205 374 3232; x_wconf 69' lang='lat' dir='ltr'><strong>quae</strong></span> <span class='ocrx_word' id='word_1_1513' title='bbox 385 3206 442 3224; x_wconf 70' lang='lat' dir='ltr'><strong>non</strong></span> <span class='ocrx_word' id='word_1_1514' title='bbox 454 3195 566 3233; x_wconf 74' lang='lat' dir='ltr'><strong>poffunt</strong></span> <span class='ocrx_word' id='word_1_1515' title='bbox 579 3191 758 3223; x_wconf 72' lang='lat' dir='ltr'><strong>commoveri,</strong></span> <span class='ocrx_word' id='word_1_1516' title='bbox 779 3189 851 3255; x_wconf 56' lang='lat' dir='ltr'><strong>virg.</strong></span> <span class='ocrx_word' id='word_1_1517' title='bbox 869 3191 894 3216; x_wconf 91' lang='lat'><strong>6.</strong></span> <span class='ocrx_word' id='word_1_1518' title='bbox 917 3186 978 3216; x_wconf 80' lang='lat' dir='ltr'><strong>AEn.</strong></span> <span class='ocrx_word' id='word_1_1519' title='bbox 993 3189 1055 3229; x_wconf 69' lang='lat'><strong>396.</strong></span> <span class='ocrx_word' id='word_1_1520' title='bbox 1466 3186 1485 3215; x_wconf 85' lang='grc' dir='ltr'>Α</span> <span class='ocrx_word' id='word_1_1521' title='bbox 1496 3195 1513 3213; x_wconf 80' lang='lat' dir='ltr'><strong>n</strong></span> <span class='ocrx_word' id='word_1_1522' title='bbox 1523 3189 1539 3213; x_wconf 80' lang='grc' dir='ltr'>ὂ</span> <span class='ocrx_word' id='word_1_1523' title='bbox 1550 3194 1565 3212; x_wconf 73' lang='lat' dir='ltr'><strong>a</strong></span> <span class='ocrx_word' id='word_1_1524' title='bbox 1577 3194 1595 3212; x_wconf 80' lang='lat' dir='ltr'><strong>A</strong></span> <span class='ocrx_word' id='word_1_1525' title='bbox 1606 3194 1625 3212; x_wconf 83' lang='lat' dir='ltr'>N</span> <span class='ocrx_word' id='word_1_1526' title='bbox 1635 3193 1660 3217; x_wconf 83' lang='lat' dir='ltr'><strong>S,</strong></span> <span class='ocrx_word' id='word_1_1527' title='bbox 1685 3182 1764 3219; x_wconf 83' lang='lat' dir='ltr'><strong>Vulg.</strong></span> <span class='ocrx_word' id='word_1_1528' title='bbox 1785 3180 1884 3211; x_wconf 79' lang='lat' dir='ltr'><strong>Matth.</strong></span> <span class='ocrx_word' id='word_1_1529' title='bbox 1900 3190 1945 3209; x_wconf 77' lang='lat' dir='ltr'><strong>xx.</strong></span> <span class='ocrx_word' id='word_1_1530' title='bbox 1967 3189 2010 3209; x_wconf 90' lang='lat'><strong>20.</strong></span> <span class='ocrx_word' id='word_1_1531' title='bbox 2053 3177 2168 3207; x_wconf 83' lang='lat' dir='ltr'><strong>Acceffit</strong></span> <span class='ocrx_word' id='word_1_1532' title='bbox 2179 3177 2304 3206; x_wconf 80' lang='lat' dir='ltr'><strong>adorans.</strong></span> <span class='ocrx_word' id='word_1_1533' title='bbox 2329 3175 2412 3205; x_wconf 88' lang='lat' dir='ltr'><strong>Ovid.</strong></span> <span class='ocrx_word' id='word_1_1534' title='bbox 2424 3184 2449 3204; x_wconf 90' lang='lat'><strong>2.</strong></span> <span class='ocrx_word' id='word_1_1535' title='bbox 2467 3174 2547 3204; x_wconf 87' lang='lat' dir='ltr'><strong>Trist.</strong></span> <span class='ocrx_word' id='word_1_1536' title='bbox 2560 3182 2623 3209; x_wconf 88' lang='lat'><strong>291.</strong></span> 
     </span>
     <span class='ocr_line' id='line_1_85' title="bbox 369 3216 2193 3262; baseline -0.009 -1"><span class='ocrx_word' id='word_1_1537' title='bbox 369 3233 402 3262; x_wconf 81' lang='lat' dir='ltr'><strong>Hi</strong></span> <span class='ocrx_word' id='word_1_1538' title='bbox 419 3233 561 3261; x_wconf 88' lang='lat' dir='ltr'><strong>dominam</strong></span> <span class='ocrx_word' id='word_1_1539' title='bbox 575 3231 640 3261; x_wconf 87' lang='lat' dir='ltr'><strong>ditis</strong></span> <span class='ocrx_word' id='word_1_1540' title='bbox 656 3228 778 3259; x_wconf 85' lang='lat' dir='ltr'><strong>thalamo</strong></span> <span class='ocrx_word' id='word_1_1541' title='bbox 792 3227 826 3256; x_wconf 88' lang='lat' dir='ltr'><strong>de</strong></span> <span class='ocrx_word' id='word_1_1542' title='bbox 849 3234 930 3255; x_wconf 86' lang='lat' dir='ltr'><strong>ucere</strong></span> <span class='ocrx_word' id='word_1_1543' title='bbox 946 3224 1045 3252; x_wconf 84' lang='lat' dir='ltr'><strong>adorti.</strong></span> <span class='ocrx_word' id='word_1_1544' title='bbox 1504 3223 1626 3251; x_wconf 76' lang='lat' dir='ltr'><strong>Adomns</strong></span> <span class='ocrx_word' id='word_1_1545' title='bbox 1642 3221 1763 3256; x_wconf 72' lang='lat' dir='ltr'><strong>junonia</strong></span> <span class='ocrx_word' id='word_1_1546' title='bbox 1780 3218 1892 3257; x_wconf 84' lang='lat' dir='ltr'><strong>templa.</strong></span> <span class='ocrx_word' id='word_1_1547' title='bbox 1930 3217 1961 3247; x_wconf 86' lang='lat' dir='ltr'><strong>V.</strong></span> <span class='ocrx_word' id='word_1_1548' title='bbox 1987 3227 2011 3252; x_wconf 81' lang='lat'><strong>3.</strong></span> <span class='ocrx_word' id='word_1_1549' title='bbox 2037 3216 2105 3246; x_wconf 70' lang='lat' dir='ltr'><strong>Fast.</strong></span> <span class='ocrx_word' id='word_1_1550' title='bbox 2132 3221 2193 3252; x_wconf 63' lang='lat'><strong>348.</strong></span> 
     </span>
    </p>

    <p class='ocr_par' dir='ltr' id='par_1_21' title="bbox 257 3248 2661 3304">
     <span class='ocr_line' id='line_1_86' title="bbox 257 3248 2661 3304; baseline -0.01 -4"><span class='ocrx_word' id='word_1_1551' title='bbox 257 3272 449 3304; x_wconf 53' lang='lat' dir='ltr'><strong>invorsos,</strong></span> <span class='ocrx_word' id='word_1_1552' title='bbox 476 3269 519 3299; x_wconf 88' lang='lat' dir='ltr'><strong>vel</strong></span> <span class='ocrx_word' id='word_1_1553' title='bbox 541 3271 718 3298; x_wconf 66' lang='lat' dir='ltr'><strong>Anomus</strong></span> <span class='ocrx_word' id='word_1_1554' title='bbox 732 3288 740 3301; x_wconf 72' lang='lat'><strong>,</strong></span> <span class='ocrx_word' id='word_1_1555' title='bbox 769 3261 1002 3301; x_wconf 55' lang='grc' dir='ltr'><strong>[ἕνπκεκθξηκὼί]</strong></span> <span class='ocrx_word' id='word_1_1556' title='bbox 1034 3260 1131 3290; x_wconf 72' lang='lat' dir='ltr'><strong>Partic—</strong></span> <span class='ocrx_word' id='word_1_1557' title='bbox 1155 3260 1231 3298; x_wconf 67' lang='lat' dir='ltr'><strong>apud</strong></span> <span class='ocrx_word' id='word_1_1558' title='bbox 1250 3259 1334 3289; x_wconf 79' lang='lat' dir='ltr'><strong>Ovid·</strong></span> <span class='ocrx_word' id='word_1_1559' title='bbox 1361 3257 1411 3287; x_wconf 68' lang='lat' dir='ltr'><strong>nist</strong></span> <span class='ocrx_word' id='word_1_1560' title='bbox 1504 3259 1649 3289; x_wconf 78' lang='lat' dir='ltr'><strong>Adoraturi</strong></span> <span class='ocrx_word' id='word_1_1561' title='bbox 1680 3258 1800 3287; x_wconf 81' lang='lat' dir='ltr'><strong>sedeant.</strong></span> <span class='ocrx_word' id='word_1_1562' title='bbox 1863 3256 1924 3285; x_wconf 86' lang='lat' dir='ltr'><strong>lloc</strong></span> <span class='ocrx_word' id='word_1_1563' title='bbox 1946 3255 2124 3293; x_wconf 86' lang='lat' dir='ltr'><strong>proverbium</strong></span> <span class='ocrx_word' id='word_1_1564' title='bbox 2156 3253 2315 3282; x_wconf 78' lang='lat' dir='ltr'><strong>Plutarchus</strong></span> <span class='ocrx_word' id='word_1_1565' title='bbox 2349 3249 2478 3280; x_wconf 82' lang='lat' dir='ltr'><strong>adscribit</strong></span> <span class='ocrx_word' id='word_1_1566' title='bbox 2507 3248 2622 3278; x_wconf 79' lang='lat' dir='ltr'><strong>Numae:</strong></span> <span class='ocrx_word' id='word_1_1567' title='bbox 2657 3267 2661 3269; x_wconf 29' lang='grc' dir='ltr'><strong><em>Δ</em></strong></span> 
     </span>
    </p>

    <p class='ocr_par' dir='ltr' id='par_1_22' title="bbox 295 3286 2624 3341">
     <span class='ocr_line' id='line_1_87' title="bbox 295 3286 2624 3341; baseline -0.013 3"><span class='ocrx_word' id='word_1_1568' title='bbox 295 3307 444 3337; x_wconf 61' lang='lat' dir='ltr'><strong>mendosus</strong></span> <span class='ocrx_word' id='word_1_1569' title='bbox 466 3307 497 3336; x_wconf 73' lang='lat' dir='ltr'><strong>s¹t</strong></span> <span class='ocrx_word' id='word_1_1570' title='bbox 514 3307 620 3341; x_wconf 63' lang='grc' dir='ltr'>(ῖῡάἓΧ,</span> <span class='ocrx_word' id='word_1_1571' title='bbox 645 3316 667 3335; x_wconf 92' lang='lat'><strong>1·</strong></span> <span class='ocrx_word' id='word_1_1572' title='bbox 682 3305 717 3333; x_wconf 63' lang='lat' dir='ltr'><strong>(le</strong></span> <span class='ocrx_word' id='word_1_1573' title='bbox 728 3304 816 3333; x_wconf 78' lang='lat' dir='ltr'><strong>Ponto</strong></span> <span class='ocrx_word' id='word_1_1574' title='bbox 834 3311 861 3330; x_wconf 86' lang='lat'><strong>2·</strong></span> <span class='ocrx_word' id='word_1_1575' title='bbox 884 3303 925 3329; x_wconf 84' lang='lat'><strong>¹⁶·</strong></span> <span class='ocrx_word' id='word_1_1576' title='bbox 1523 3297 1655 3333; x_wconf 65' lang='lat' dir='ltr'><strong>significat</strong></span> <span class='ocrx_word' id='word_1_1577' title='bbox 1669 3302 1770 3329; x_wconf 82' lang='lat' dir='ltr'><strong>autem,</strong></span> <span class='ocrx_word' id='word_1_1578' title='bbox 1782 3294 1853 3323; x_wconf 73' lang='lat' dir='ltr'><strong>Vota</strong></span> <span class='ocrx_word' id='word_1_1579' title='bbox 1868 3301 1941 3322; x_wconf 81' lang='lat' dir='ltr'><strong>certa</strong></span> <span class='ocrx_word' id='word_1_1580' title='bbox 1960 3293 2108 3330; x_wconf 80' lang='lat' dir='ltr'><strong>concipere</strong></span> <span class='ocrx_word' id='word_1_1581' title='bbox 2121 3298 2259 3328; x_wconf 72' lang='lat' dir='ltr'><strong>oportere,</strong></span> <span class='ocrx_word' id='word_1_1582' title='bbox 2281 3292 2306 3319; x_wconf 61' lang='grc' dir='ltr'>ἃ</span> <span class='ocrx_word' id='word_1_1583' title='bbox 2323 3290 2351 3318; x_wconf 89' lang='lat' dir='ltr'><strong>in</strong></span> <span class='ocrx_word' id='word_1_1584' title='bbox 2364 3289 2415 3321; x_wconf 76' lang='lat' dir='ltr'><strong>his.</strong></span> <span class='ocrx_word' id='word_1_1585' title='bbox 2432 3297 2491 3323; x_wconf 59' lang='lat' dir='ltr'><strong>quie</strong></span> <span class='ocrx_word' id='word_1_1586' title='bbox 2507 3286 2624 3323; x_wconf 90' lang='lat' dir='ltr'><strong>suntop-</strong></span> 
     </span>
    </p>

    <p class='ocr_par' dir='ltr' id='par_1_23' title="bbox 444 3323 2625 3379">
     <span class='ocr_line' id='line_1_88' title="bbox 444 3323 2625 3379; baseline -0.011 -5"><span class='ocrx_word' id='word_1_1587' title='bbox 444 3360 480 3364; x_wconf 92' lang='lat'><strong>—</strong></span> <span class='ocrx_word' id='word_1_1588' title='bbox 503 3344 650 3373; x_wconf 81' lang='lat' dir='ltr'><strong>&amp;nullum</strong></span> <span class='ocrx_word' id='word_1_1589' title='bbox 663 3343 751 3378; x_wconf 84' lang='lat' dir='ltr'><strong>majus</strong></span> <span class='ocrx_word' id='word_1_1590' title='bbox 771 3338 866 3370; x_wconf 84' lang='lat' dir='ltr'><strong>adorsa</strong></span> <span class='ocrx_word' id='word_1_1591' title='bbox 878 3337 963 3368; x_wconf 85' lang='lat' dir='ltr'><strong>nefas.</strong></span> <span class='ocrx_word' id='word_1_1592' title='bbox 986 3336 1058 3379; x_wconf 71' lang='lat' dir='ltr'><strong>Virg.</strong></span> <span class='ocrx_word' id='word_1_1593' title='bbox 1072 3345 1097 3373; x_wconf 85' lang='lat'><strong>7.</strong></span> <span class='ocrx_word' id='word_1_1594' title='bbox 1114 3335 1176 3365; x_wconf 83' lang='lat' dir='ltr'><strong>AEn.</strong></span> <span class='ocrx_word' id='word_1_1595' title='bbox 1195 3337 1256 3371; x_wconf 85' lang='lat'><strong>386.</strong></span> <span class='ocrx_word' id='word_1_1596' title='bbox 1522 3336 1590 3364; x_wconf 87' lang='lat' dir='ltr'><strong>tima</strong></span> <span class='ocrx_word' id='word_1_1597' title='bbox 1611 3334 1788 3372; x_wconf 84' lang='lat' dir='ltr'><strong>perseverare.</strong></span> <span class='ocrx_word' id='word_1_1598' title='bbox 1835 3331 1958 3368; x_wconf 64' lang='lat' dir='ltr'><strong>Quidam</strong></span> <span class='ocrx_word' id='word_1_1599' title='bbox 1977 3331 2142 3359; x_wconf 69' lang='lat' dir='ltr'><strong>arbitrantur</strong></span> <span class='ocrx_word' id='word_1_1600' title='bbox 2165 3329 2250 3358; x_wconf 81' lang='lat' dir='ltr'><strong>alium</strong></span> <span class='ocrx_word' id='word_1_1601' title='bbox 2275 3326 2378 3356; x_wconf 80' lang='lat' dir='ltr'><strong>subcffe</strong></span> <span class='ocrx_word' id='word_1_1602' title='bbox 2397 3325 2503 3354; x_wconf 68' lang='lat' dir='ltr'><strong>l‘enfiim</strong></span> <span class='ocrx_word' id='word_1_1603' title='bbox 2518 3346 2525 3358; x_wconf 90' lang='lat'><strong>,</strong></span> <span class='ocrx_word' id='word_1_1604' title='bbox 2550 3323 2625 3360; x_wconf 89' lang='lat' dir='ltr'><strong>quod</strong></span> 
     </span>
    </p>

    <p class='ocr_par' dir='ltr' id='par_1_24' title="bbox 368 3363 2626 3417">
     <span class='ocr_line' id='line_1_89' title="bbox 368 3363 2626 3417; baseline -0.01 -6"><span class='ocrx_word' id='word_1_1605' title='bbox 368 3381 562 3416; x_wconf 81' lang='lat' dir='ltr'><strong>Majusadorta</strong></span> <span class='ocrx_word' id='word_1_1606' title='bbox 572 3382 646 3410; x_wconf 78' lang='lat' dir='ltr'><strong>nefas</strong></span> <span class='ocrx_word' id='word_1_1607' title='bbox 661 3403 669 3417; x_wconf 80' lang='lat'><strong>,</strong></span> <span class='ocrx_word' id='word_1_1608' title='bbox 686 3382 737 3410; x_wconf 69' lang='grc' dir='ltr'>διο.</span> <span class='ocrx_word' id='word_1_1609' title='bbox 844 3375 899 3405; x_wconf 91' lang='lat' dir='ltr'><strong>Ubi</strong></span> <span class='ocrx_word' id='word_1_1610' title='bbox 909 3374 993 3411; x_wconf 80' lang='lat' dir='ltr'><strong>aliqui</strong></span> <span class='ocrx_word' id='word_1_1611' title='bbox 1007 3373 1108 3403; x_wconf 79' lang='lat' dir='ltr'><strong>Adorsa</strong></span> <span class='ocrx_word' id='word_1_1612' title='bbox 1119 3373 1225 3409; x_wconf 78' lang='lat' dir='ltr'><strong>legunt.</strong></span> <span class='ocrx_word' id='word_1_1613' title='bbox 1249 3372 1283 3414; x_wconf 41' lang='lat' dir='ltr'><strong>Q:</strong></span> <span class='ocrx_word' id='word_1_1614' title='bbox 1296 3371 1371 3400; x_wconf 84' lang='lat' dir='ltr'><strong>Curt·</strong></span> <span class='ocrx_word' id='word_1_1615' title='bbox 1383 3380 1406 3405; x_wconf 82' lang='lat'><strong>3-</strong></span> <span class='ocrx_word' id='word_1_1616' title='bbox 1523 3379 1651 3410; x_wconf 83' lang='lat' dir='ltr'><strong>oporteat</strong></span> <span class='ocrx_word' id='word_1_1617' title='bbox 1664 3381 1711 3400; x_wconf 91' lang='lat' dir='ltr'><strong>eos</strong></span> <span class='ocrx_word' id='word_1_1618' title='bbox 1728 3371 1773 3408; x_wconf 87' lang='lat' dir='ltr'><strong>qui</strong></span> <span class='ocrx_word' id='word_1_1619' title='bbox 1784 3369 1863 3400; x_wconf 84' lang='lat' dir='ltr'><strong>sacris</strong></span> <span class='ocrx_word' id='word_1_1620' title='bbox 1872 3374 2035 3405; x_wconf 78' lang='lat' dir='ltr'><strong>operantur,</strong></span> <span class='ocrx_word' id='word_1_1621' title='bbox 2048 3377 2104 3395; x_wconf 91' lang='lat' dir='ltr'><strong>non</strong></span> <span class='ocrx_word' id='word_1_1622' title='bbox 2116 3367 2204 3395; x_wconf 81' lang='lat' dir='ltr'><strong>obiter</strong></span> <span class='ocrx_word' id='word_1_1623' title='bbox 2214 3376 2244 3395; x_wconf 67' lang='lat' dir='ltr'><strong>ac</strong></span> <span class='ocrx_word' id='word_1_1624' title='bbox 2264 3364 2340 3394; x_wconf 87' lang='lat' dir='ltr'><strong>velut</strong></span> <span class='ocrx_word' id='word_1_1625' title='bbox 2359 3363 2435 3392; x_wconf 72' lang='lat' dir='ltr'><strong>aliud</strong></span> <span class='ocrx_word' id='word_1_1626' title='bbox 2447 3368 2558 3399; x_wconf 80' lang='lat' dir='ltr'><strong>agentes</strong></span> <span class='ocrx_word' id='word_1_1627' title='bbox 2571 3363 2626 3390; x_wconf 89' lang='lat' dir='ltr'><strong>hoc</strong></span> 
     </span>
    </p>

    <p class='ocr_par' dir='ltr' id='par_1_25' title="bbox 301 3399 2667 3455">
     <span class='ocr_line' id='line_1_90' title="bbox 301 3399 2667 3455; baseline -0.01 -6"><span class='ocrx_word' id='word_1_1628' title='bbox 301 3431 324 3450; x_wconf 93' lang='lat'><strong>1.</strong></span> <span class='ocrx_word' id='word_1_1629' title='bbox 336 3424 361 3449; x_wconf 88' lang='lat'><strong>6.</strong></span> <span class='ocrx_word' id='word_1_1630' title='bbox 384 3420 481 3448; x_wconf 80' lang='lat' dir='ltr'><strong>Arcem</strong></span> <span class='ocrx_word' id='word_1_1631' title='bbox 496 3428 655 3455; x_wconf 82' lang='lat' dir='ltr'><strong>oppugnare</strong></span> <span class='ocrx_word' id='word_1_1632' title='bbox 669 3419 789 3447; x_wconf 86' lang='lat' dir='ltr'><strong>adortus.</strong></span> <span class='ocrx_word' id='word_1_1633' title='bbox 826 3415 881 3445; x_wconf 85' lang='lat' dir='ltr'><strong>Sed</strong></span> <span class='ocrx_word' id='word_1_1634' title='bbox 889 3411 1057 3444; x_wconf 83' lang='lat' dir='ltr'><strong>Raderusibi</strong></span> <span class='ocrx_word' id='word_1_1635' title='bbox 1078 3410 1183 3440; x_wconf 77' lang='lat' dir='ltr'><strong>mavult</strong></span> <span class='ocrx_word' id='word_1_1636' title='bbox 1191 3410 1308 3439; x_wconf 83' lang='lat' dir='ltr'><strong>Adorlus</strong></span> <span class='ocrx_word' id='word_1_1637' title='bbox 1317 3408 1350 3437; x_wconf 82' lang='lat' dir='ltr'><strong>ab</strong></span> <span class='ocrx_word' id='word_1_1638' title='bbox 1360 3408 1412 3437; x_wconf 78' lang='lat' dir='ltr'><strong>Ad-</strong></span> <span class='ocrx_word' id='word_1_1639' title='bbox 1523 3411 1622 3445; x_wconf 52' lang='lat' dir='ltr'><strong>facere,</strong></span> <span class='ocrx_word' id='word_1_1640' title='bbox 1643 3409 1689 3438; x_wconf 89' lang='lat' dir='ltr'><strong>sed</strong></span> <span class='ocrx_word' id='word_1_1641' title='bbox 1700 3418 1800 3438; x_wconf 86' lang='lat' dir='ltr'><strong>vacuos</strong></span> <span class='ocrx_word' id='word_1_1642' title='bbox 1815 3418 1846 3437; x_wconf 83' lang='lat' dir='ltr'><strong>ac</strong></span> <span class='ocrx_word' id='word_1_1643' title='bbox 1862 3414 1934 3435; x_wconf 82' lang='lat' dir='ltr'><strong>totos</strong></span> <span class='ocrx_word' id='word_1_1644' title='bbox 1950 3407 1987 3434; x_wconf 87' lang='lat' dir='ltr'><strong>rei</strong></span> <span class='ocrx_word' id='word_1_1645' title='bbox 2003 3406 2104 3434; x_wconf 63' lang='lat' dir='ltr'><strong>divinae</strong></span> <span class='ocrx_word' id='word_1_1646' title='bbox 2125 3403 2280 3441; x_wconf 61' lang='lat' dir='ltr'><strong>operationi</strong></span> <span class='ocrx_word' id='word_1_1647' title='bbox 2299 3403 2430 3431; x_wconf 81' lang='lat' dir='ltr'><strong>intentos.</strong></span> <span class='ocrx_word' id='word_1_1648' title='bbox 2473 3399 2553 3428; x_wconf 86' lang='lat' dir='ltr'><strong>Unde</strong></span> <span class='ocrx_word' id='word_1_1649' title='bbox 2565 3421 2572 3433; x_wconf 85' lang='lat'>‚</span> <span class='ocrx_word' id='word_1_1650' title='bbox 2595 3406 2626 3427; x_wconf 84' lang='lat' dir='ltr'><strong>ut</strong></span> <span class='ocrx_word' id='word_1_1651' title='bbox 2666 3418 2667 3423; x_wconf 62' lang='lat'>,</span> 
     </span>
    </p>

    <p class='ocr_par' dir='ltr' id='par_1_26' title="bbox 298 3438 2625 3492">
     <span class='ocr_line' id='line_1_91' title="bbox 298 3438 2625 3492; baseline -0.01 -5"><span class='ocrx_word' id='word_1_1652' title='bbox 298 3458 400 3487; x_wconf 87' lang='lat' dir='ltr'><strong>ordior.</strong></span> <span class='ocrx_word' id='word_1_1653' title='bbox 414 3456 484 3484; x_wconf 86' lang='lat' dir='ltr'><strong>addc</strong></span> <span class='ocrx_word' id='word_1_1654' title='bbox 494 3456 564 3492; x_wconf 81' lang='lat' dir='ltr'><strong>Nep.</strong></span> <span class='ocrx_word' id='word_1_1655' title='bbox 577 3466 601 3490; x_wconf 86' lang='lat'><strong>9.</strong></span> <span class='ocrx_word' id='word_1_1656' title='bbox 611 3467 637 3491; x_wconf 91' lang='lat'><strong>4.</strong></span> <span class='ocrx_word' id='word_1_1657' title='bbox 647 3467 673 3491; x_wconf 87' lang='lat'><strong>4.</strong></span> <span class='ocrx_word' id='word_1_1658' title='bbox 694 3455 765 3485; x_wconf 79' lang='lat' dir='ltr'><strong>Flor.</strong></span> <span class='ocrx_word' id='word_1_1659' title='bbox 780 3463 803 3483; x_wconf 91' lang='lat'><strong>1.</strong></span> <span class='ocrx_word' id='word_1_1660' title='bbox 819 3462 886 3490; x_wconf 73' lang='lat'><strong>3-41</strong></span> <span class='ocrx_word' id='word_1_1661' title='bbox 910 3460 934 3485; x_wconf 78' lang='lat'><strong>3-</strong></span> <span class='ocrx_word' id='word_1_1662' title='bbox 952 3460 973 3478; x_wconf 89' lang='lat'><strong>1·</strong></span> <span class='ocrx_word' id='word_1_1663' title='bbox 988 3459 1029 3485; x_wconf 83' lang='lat'><strong>13.</strong></span> <span class='ocrx_word' id='word_1_1664' title='bbox 1055 3450 1116 3484; x_wconf 70' lang='lat'><strong>&amp;4</strong></span> <span class='ocrx_word' id='word_1_1665' title='bbox 1133 3458 1173 3477; x_wconf 87' lang='lat'><strong>¹2·</strong></span> <span class='ocrx_word' id='word_1_1666' title='bbox 1187 3459 1238 3490; x_wconf 64' lang='lat'><strong>44:</strong></span> <span class='ocrx_word' id='word_1_1667' title='bbox 1253 3446 1414 3489; x_wconf 60' lang='lat' dir='ltr'><strong>P31ffiV0AU-</strong></span> <span class='ocrx_word' id='word_1_1668' title='bbox 1523 3448 1684 3477; x_wconf 72' lang='lat' dir='ltr'><strong>Plutarchus</strong></span> <span class='ocrx_word' id='word_1_1669' title='bbox 1710 3447 1784 3475; x_wconf 89' lang='lat' dir='ltr'><strong>idem</strong></span> <span class='ocrx_word' id='word_1_1670' title='bbox 1803 3445 1885 3474; x_wconf 78' lang='lat' dir='ltr'><strong>tradit</strong></span> <span class='ocrx_word' id='word_1_1671' title='bbox 1903 3466 1910 3480; x_wconf 84' lang='lat'><strong>,</strong></span> <span class='ocrx_word' id='word_1_1672' title='bbox 1947 3444 2055 3483; x_wconf 70' lang='lat' dir='ltr'><strong>quoties</strong></span> <span class='ocrx_word' id='word_1_1673' title='bbox 2074 3442 2200 3480; x_wconf 78' lang='lat' dir='ltr'><strong>pontil&#39;ex</strong></span> <span class='ocrx_word' id='word_1_1674' title='bbox 2228 3441 2300 3469; x_wconf 78' lang='lat' dir='ltr'><strong>sacra</strong></span> <span class='ocrx_word' id='word_1_1675' title='bbox 2316 3438 2540 3477; x_wconf 76' lang='lat' dir='ltr'><strong>aggrediebatur,</strong></span> <span class='ocrx_word' id='word_1_1676' title='bbox 2560 3446 2625 3474; x_wconf 69' lang='lat' dir='ltr'><strong>prcc-</strong></span> 
     </span>
    </p>

    <p class='ocr_par' dir='ltr' id='par_1_27' title="bbox 298 3473 2625 3531">
     <span class='ocr_line' id='line_1_92' title="bbox 298 3473 2625 3531; baseline -0.012 -7"><span class='ocrx_word' id='word_1_1677' title='bbox 298 3495 381 3524; x_wconf 76' lang='lat' dir='ltr'><strong>l‘ellus</strong></span> <span class='ocrx_word' id='word_1_1678' title='bbox 401 3493 474 3531; x_wconf 73' lang='lat' dir='ltr'><strong>apud</strong></span> <span class='ocrx_word' id='word_1_1679' title='bbox 493 3492 617 3521; x_wconf 73' lang='lat' dir='ltr'><strong>l&#39;rlsclan.</strong></span> <span class='ocrx_word' id='word_1_1680' title='bbox 634 3498 659 3526; x_wconf 83' lang='lat'><strong>8.</strong></span> <span class='ocrx_word' id='word_1_1681' title='bbox 678 3503 705 3530; x_wconf 88' lang='lat' dir='ltr'><strong>p.</strong></span> <span class='ocrx_word' id='word_1_1682' title='bbox 724 3502 786 3530; x_wconf 85' lang='lat'><strong>791.</strong></span> <span class='ocrx_word' id='word_1_1683' title='bbox 828 3490 867 3520; x_wconf 78' lang='lat' dir='ltr'><strong>EX</strong></span> <span class='ocrx_word' id='word_1_1684' title='bbox 887 3489 929 3518; x_wconf 77' lang='lat' dir='ltr'><strong>his</strong></span> <span class='ocrx_word' id='word_1_1685' title='bbox 951 3486 1045 3516; x_wconf 79' lang='lat' dir='ltr'><strong>G&#39;dllOS</strong></span> <span class='ocrx_word' id='word_1_1686' title='bbox 1059 3486 1170 3515; x_wconf 86' lang='lat' dir='ltr'><strong>adortos</strong></span> <span class='ocrx_word' id='word_1_1687' title='bbox 1183 3495 1217 3514; x_wconf 74' lang='lat' dir='ltr'><strong>CX</strong></span> <span class='ocrx_word' id='word_1_1688' title='bbox 1232 3484 1334 3513; x_wconf 69' lang='lat' dir='ltr'><strong>ll&#39;llldliS</strong></span> <span class='ocrx_word' id='word_1_1689' title='bbox 1353 3483 1414 3521; x_wconf 80' lang='lat' dir='ltr'><strong>plu-</strong></span> <span class='ocrx_word' id='word_1_1690' title='bbox 1524 3496 1609 3514; x_wconf 74' lang='lat' dir='ltr'><strong>eones</strong></span> <span class='ocrx_word' id='word_1_1691' title='bbox 1632 3484 1804 3519; x_wconf 52' lang='lat' dir='ltr'><strong>clamabant,</strong></span> <span class='ocrx_word' id='word_1_1692' title='bbox 1824 3483 1884 3512; x_wconf 80' lang='lat' dir='ltr'><strong>Hoc</strong></span> <span class='ocrx_word' id='word_1_1693' title='bbox 1904 3491 1961 3519; x_wconf 71' lang='lat' dir='ltr'><strong>age,</strong></span> <span class='ocrx_word' id='word_1_1694' title='bbox 2012 3481 2049 3510; x_wconf 67' lang='lat' dir='ltr'><strong>Est</strong></span> <span class='ocrx_word' id='word_1_1695' title='bbox 2070 3490 2124 3509; x_wconf 68' lang='lat' dir='ltr'><strong>vox</strong></span> <span class='ocrx_word' id='word_1_1696' title='bbox 2150 3478 2309 3509; x_wconf 72' lang='lat' dir='ltr'><strong>hortabatur</strong></span> <span class='ocrx_word' id='word_1_1697' title='bbox 2323 3499 2331 3512; x_wconf 64' lang='lat'><em>‚</em></span> <span class='ocrx_word' id='word_1_1698' title='bbox 2354 3484 2385 3505; x_wconf 69' lang='lat' dir='ltr'><strong>ut</strong></span> <span class='ocrx_word' id='word_1_1699' title='bbox 2401 3476 2448 3513; x_wconf 75' lang='lat' dir='ltr'><strong>qui</strong></span> <span class='ocrx_word' id='word_1_1700' title='bbox 2476 3474 2549 3504; x_wconf 48' lang='lat' dir='ltr'><strong>sacra</strong></span> <span class='ocrx_word' id='word_1_1701' title='bbox 2569 3473 2625 3503; x_wconf 76' lang='lat' dir='ltr'><strong>adi.</strong></span> 
     </span>
    </p>

    <p class='ocr_par' dir='ltr' id='par_1_28' title="bbox 297 3518 2159 3565">
     <span class='ocr_line' id='line_1_93' title="bbox 297 3518 2159 3565; baseline -0.008 -4"><span class='ocrx_word' id='word_1_1702' title='bbox 297 3534 383 3562; x_wconf 85' lang='lat' dir='ltr'><strong>rimos</strong></span> <span class='ocrx_word' id='word_1_1703' title='bbox 402 3536 524 3560; x_wconf 81' lang='lat' dir='ltr'><strong>necatos.</strong></span> <span class='ocrx_word' id='word_1_1704' title='bbox 552 3529 639 3565; x_wconf 71' lang='lat' dir='ltr'><strong>Vulgo</strong></span> <span class='ocrx_word' id='word_1_1705' title='bbox 659 3531 741 3559; x_wconf 78' lang='lat' dir='ltr'><strong>etiam</strong></span> <span class='ocrx_word' id='word_1_1706' title='bbox 757 3528 887 3558; x_wconf 84' lang='lat' dir='ltr'><strong>tribuitur</strong></span> <span class='ocrx_word' id='word_1_1707' title='bbox 904 3526 984 3557; x_wconf 89' lang='lat' dir='ltr'><strong>Floro</strong></span> <span class='ocrx_word' id='word_1_1708' title='bbox 999 3535 1024 3554; x_wconf 90' lang='lat'><strong>2.</strong></span> <span class='ocrx_word' id='word_1_1709' title='bbox 1039 3528 1120 3560; x_wconf 84' lang='lat'><strong>⁶·46·</strong></span> <span class='ocrx_word' id='word_1_1710' title='bbox 1159 3523 1229 3552; x_wconf 89' lang='lat' dir='ltr'><strong>Cum</strong></span> <span class='ocrx_word' id='word_1_1711' title='bbox 1245 3521 1339 3551; x_wconf 88' lang='lat' dir='ltr'><strong>urbem</strong></span> <span class='ocrx_word' id='word_1_1712' title='bbox 1355 3529 1414 3550; x_wconf 80' lang='lat' dir='ltr'><strong>tan·</strong></span> <span class='ocrx_word' id='word_1_1713' title='bbox 1524 3530 1605 3558; x_wconf 87' lang='lat' dir='ltr'><strong>rent,</strong></span> <span class='ocrx_word' id='word_1_1714' title='bbox 1635 3528 1791 3552; x_wconf 87' lang='lat' dir='ltr'><strong>reverenter</strong></span> <span class='ocrx_word' id='word_1_1715' title='bbox 1813 3522 1839 3551; x_wconf 69' lang='lat' dir='ltr'><strong>S&lt;</strong></span> <span class='ocrx_word' id='word_1_1716' title='bbox 1857 3526 1961 3549; x_wconf 83' lang='lat' dir='ltr'><strong>attente</strong></span> <span class='ocrx_word' id='word_1_1717' title='bbox 1980 3519 2009 3548; x_wconf 89' lang='lat' dir='ltr'><strong>id</strong></span> <span class='ocrx_word' id='word_1_1718' title='bbox 2028 3518 2159 3548; x_wconf 75' lang='lat' dir='ltr'><strong>facerent.</strong></span> 
     </span>
    </p>

    <p class='ocr_par' dir='ltr' id='par_1_29' title="bbox 298 3559 1949 3604">
     <span class='ocr_line' id='line_1_94' title="bbox 298 3559 1949 3604; baseline -0.01 -5"><span class='ocrx_word' id='word_1_1719' title='bbox 298 3576 358 3599; x_wconf 86' lang='lat' dir='ltr'><strong>tum</strong></span> <span class='ocrx_word' id='word_1_1720' title='bbox 371 3578 428 3597; x_wconf 86' lang='lat' dir='ltr'><strong>non</strong></span> <span class='ocrx_word' id='word_1_1721' title='bbox 444 3568 567 3596; x_wconf 75' lang='lat' dir='ltr'><strong>adorram</strong></span> <span class='ocrx_word' id='word_1_1722' title='bbox 577 3567 730 3604; x_wconf 76' lang='lat' dir='ltr'><strong>reliquiss&#39;ct.</strong></span> <span class='ocrx_word' id='word_1_1723' title='bbox 769 3567 824 3596; x_wconf 86' lang='lat' dir='ltr'><strong>Sed</strong></span> <span class='ocrx_word' id='word_1_1724' title='bbox 833 3576 868 3595; x_wconf 82' lang='lat' dir='ltr'><strong>ex</strong></span> <span class='ocrx_word' id='word_1_1725' title='bbox 876 3563 1006 3595; x_wconf 84' lang='lat' dir='ltr'><strong>omnibus</strong></span> <span class='ocrx_word' id='word_1_1726' title='bbox 1017 3561 1096 3592; x_wconf 85' lang='lat' dir='ltr'><strong>MSS.</strong></span> <span class='ocrx_word' id='word_1_1727' title='bbox 1114 3561 1211 3598; x_wconf 84' lang='lat' dir='ltr'><strong>legunt</strong></span> <span class='ocrx_word' id='word_1_1728' title='bbox 1227 3562 1253 3590; x_wconf 67' lang='lat' dir='ltr'><strong>Sc</strong></span> <span class='ocrx_word' id='word_1_1729' title='bbox 1268 3559 1414 3588; x_wconf 86' lang='lat' dir='ltr'><strong>restituunt</strong></span> <span class='ocrx_word' id='word_1_1730' title='bbox 1468 3562 1490 3591; x_wconf 89' lang='lat' dir='ltr'><strong>A</strong></span> <span class='ocrx_word' id='word_1_1731' title='bbox 1502 3572 1520 3590; x_wconf 78' lang='lat' dir='ltr'>D</span> <span class='ocrx_word' id='word_1_1732' title='bbox 1530 3572 1546 3589; x_wconf 86' lang='lat' dir='ltr'><strong>o</strong></span> <span class='ocrx_word' id='word_1_1733' title='bbox 1556 3571 1571 3588; x_wconf 78' lang='lat' dir='ltr'><strong>R</strong></span> <span class='ocrx_word' id='word_1_1734' title='bbox 1582 3565 1596 3589; x_wconf 59' lang='lat' dir='ltr'><strong>a</strong></span> <span class='ocrx_word' id='word_1_1735' title='bbox 1613 3571 1626 3589; x_wconf 87' lang='lat' dir='ltr'><strong>r</strong></span> <span class='ocrx_word' id='word_1_1736' title='bbox 1636 3571 1654 3589; x_wconf 85' lang='lat' dir='ltr'><strong>u</strong></span> <span class='ocrx_word' id='word_1_1737' title='bbox 1664 3570 1692 3595; x_wconf 83' lang='lat' dir='ltr'><strong>s,</strong></span> <span class='ocrx_word' id='word_1_1738' title='bbox 1724 3559 1826 3589; x_wconf 82' lang='lat' dir='ltr'><strong>Lucan.</strong></span> <span class='ocrx_word' id='word_1_1739' title='bbox 1844 3562 1869 3587; x_wconf 88' lang='lat'><strong>6.</strong></span> <span class='ocrx_word' id='word_1_1740' title='bbox 1887 3567 1949 3593; x_wconf 78' lang='lat'><strong>24³·</strong></span> 
     </span>
    </p>

    <p class='ocr_par' dir='ltr' id='par_1_30' title="bbox 299 3592 2217 3646">
     <span class='ocr_line' id='line_1_95' title="bbox 299 3592 2217 3646; baseline -0.011 -4"><span class='ocrx_word' id='word_1_1741' title='bbox 299 3607 384 3636; x_wconf 75' lang='lat' dir='ltr'><strong>hOdie</strong></span> <span class='ocrx_word' id='word_1_1742' title='bbox 398 3605 552 3634; x_wconf 62' lang='lat' dir='ltr'><strong>Adoratam-</strong></span> <span class='ocrx_word' id='word_1_1743' title='bbox 602 3641 606 3646; x_wconf 59' lang='grc'><strong>,</strong></span> <span class='ocrx_word' id='word_1_1744' title='bbox 785 3636 790 3645; x_wconf 66' lang='grc'><em>,</em></span> <span class='ocrx_word' id='word_1_1745' title='bbox 1580 3598 1699 3635; x_wconf 79' lang='lat' dir='ltr'><strong>Magnus</strong></span> <span class='ocrx_word' id='word_1_1746' title='bbox 1719 3599 1832 3626; x_wconf 81' lang='lat' dir='ltr'><strong>adorato</strong></span> <span class='ocrx_word' id='word_1_1747' title='bbox 1851 3595 1993 3624; x_wconf 80' lang='lat' dir='ltr'><strong>submittat</strong></span> <span class='ocrx_word' id='word_1_1748' title='bbox 2017 3593 2119 3622; x_wconf 68' lang='lat' dir='ltr'><strong>Caesu&#39;e</strong></span> <span class='ocrx_word' id='word_1_1749' title='bbox 2136 3592 2217 3629; x_wconf 72' lang='lat' dir='ltr'><strong>ligna.</strong></span> 
     </span>
    </p>

    <p class='ocr_par' dir='ltr' id='par_1_31' title="bbox 262 3625 2622 3718">
     <span class='ocr_line' id='line_1_96' title="bbox 262 3625 2622 3686; baseline -0.011 -6"><span class='ocrx_word' id='word_1_1750' title='bbox 262 3645 530 3686; x_wconf 49' lang='lat' dir='ltr'><strong>Anormnnps,</strong></span> <span class='ocrx_word' id='word_1_1751' title='bbox 557 3641 616 3676; x_wconf 79' lang='lat' dir='ltr'><strong>AdJ-</strong></span> <span class='ocrx_word' id='word_1_1752' title='bbox 639 3640 867 3683; x_wconf 43' lang='lat' dir='ltr'><strong>[kmfflewffl]</strong></span> <span class='ocrx_word' id='word_1_1753' title='bbox 898 3639 1006 3681; x_wconf 68' lang='lat' dir='ltr'><strong>Author⁴</strong></span> <span class='ocrx_word' id='word_1_1754' title='bbox 1021 3637 1056 3666; x_wconf 82' lang='lat' dir='ltr'><strong>ad</strong></span> <span class='ocrx_word' id='word_1_1755' title='bbox 1076 3637 1178 3667; x_wconf 82' lang='lat' dir='ltr'><strong>Heren.</strong></span> <span class='ocrx_word' id='word_1_1756' title='bbox 1199 3645 1224 3664; x_wconf 86' lang='lat'><strong>2·</strong></span> <span class='ocrx_word' id='word_1_1757' title='bbox 1239 3643 1270 3678; x_wconf 60' lang='lat'><strong>72</strong></span> <span class='ocrx_word' id='word_1_1758' title='bbox 1298 3634 1413 3677; x_wconf 64' lang='lat' dir='ltr'><strong>Occafio</strong></span> <span class='ocrx_word' id='word_1_1759' title='bbox 1506 3636 1636 3664; x_wconf 74' lang='lat' dir='ltr'><strong>Prmlent.</strong></span> <span class='ocrx_word' id='word_1_1760' title='bbox 1661 3635 1806 3673; x_wconf 78' lang='lat' dir='ltr'><strong>Peristeph.</strong></span> <span class='ocrx_word' id='word_1_1761' title='bbox 1827 3645 1852 3668; x_wconf 80' lang='lat'><strong>4.</strong></span> <span class='ocrx_word' id='word_1_1762' title='bbox 1875 3639 1916 3667; x_wconf 85' lang='lat'><strong>38·</strong></span> <span class='ocrx_word' id='word_1_1763' title='bbox 2010 3632 2135 3660; x_wconf 56' lang='lat' dir='ltr'><strong>adm-atie</strong></span> <span class='ocrx_word' id='word_1_1764' title='bbox 2156 3631 2262 3659; x_wconf 66' lang='lat' dir='ltr'><strong>cineres</strong></span> <span class='ocrx_word' id='word_1_1765' title='bbox 2277 3626 2384 3665; x_wconf 73' lang='lat' dir='ltr'><strong>puellae.</strong></span> <span class='ocrx_word' id='word_1_1766' title='bbox 2410 3625 2482 3655; x_wconf 77' lang='lat' dir='ltr'><strong>flor.</strong></span> <span class='ocrx_word' id='word_1_1767' title='bbox 2499 3635 2524 3655; x_wconf 84' lang='lat'><strong>2.</strong></span> <span class='ocrx_word' id='word_1_1768' title='bbox 2541 3628 2622 3661; x_wconf 86' lang='lat'><strong>6.4⁶.</strong></span> 
     </span>
     <span class='ocr_line' id='line_1_97' title="bbox 300 3669 2102 3718; baseline -0.008 -8"><span class='ocrx_word' id='word_1_1769' title='bbox 300 3688 428 3718; x_wconf 73' lang='lat' dir='ltr'><strong>quaeritur</strong></span> <span class='ocrx_word' id='word_1_1770' title='bbox 440 3702 448 3714; x_wconf 83' lang='lat'><strong>,</strong></span> <span class='ocrx_word' id='word_1_1771' title='bbox 470 3680 606 3708; x_wconf 82' lang='lat' dir='ltr'><strong>idoneane</strong></span> <span class='ocrx_word' id='word_1_1772' title='bbox 627 3678 687 3707; x_wconf 73' lang='lat' dir='ltr'><strong>satis</strong></span> <span class='ocrx_word' id='word_1_1773' title='bbox 701 3678 783 3706; x_wconf 83' lang='lat' dir='ltr'><strong>fuerit</strong></span> <span class='ocrx_word' id='word_1_1774' title='bbox 804 3678 838 3706; x_wconf 85' lang='lat' dir='ltr'><strong>ad</strong></span> <span class='ocrx_word' id='word_1_1775' title='bbox 853 3687 909 3706; x_wconf 88' lang='lat' dir='ltr'><strong>rem</strong></span> <span class='ocrx_word' id='word_1_1776' title='bbox 932 3675 1112 3706; x_wconf 83' lang='lat' dir='ltr'><strong>adoriendam</strong></span> <span class='ocrx_word' id='word_1_1777' title='bbox 1128 3696 1135 3710; x_wconf 88' lang='lat'><strong>‚</strong></span> <span class='ocrx_word' id='word_1_1778' title='bbox 1181 3683 1215 3702; x_wconf 90' lang='lat' dir='ltr'><strong>an</strong></span> <span class='ocrx_word' id='word_1_1779' title='bbox 1236 3673 1288 3701; x_wconf 81' lang='lat' dir='ltr'><strong>alia</strong></span> <span class='ocrx_word' id='word_1_1780' title='bbox 1304 3673 1412 3701; x_wconf 81' lang='lat' dir='ltr'><strong>mehor.</strong></span> <span class='ocrx_word' id='word_1_1781' title='bbox 1506 3674 1573 3702; x_wconf 77' lang='lat' dir='ltr'><strong>Stat.</strong></span> <span class='ocrx_word' id='word_1_1782' title='bbox 1592 3677 1616 3701; x_wconf 92' lang='lat'><strong>6.</strong></span> <span class='ocrx_word' id='word_1_1783' title='bbox 1637 3673 1726 3702; x_wconf 89' lang='lat' dir='ltr'><strong>Theb.</strong></span> <span class='ocrx_word' id='word_1_1784' title='bbox 1736 3677 1800 3707; x_wconf 81' lang='lat'><strong>664.</strong></span> <span class='ocrx_word' id='word_1_1785' title='bbox 1823 3671 1905 3701; x_wconf 85' lang='lat' dir='ltr'><strong>Ovid.</strong></span> <span class='ocrx_word' id='word_1_1786' title='bbox 1920 3680 1945 3706; x_wconf 92' lang='lat'><strong>9.</strong></span> <span class='ocrx_word' id='word_1_1787' title='bbox 1958 3669 2026 3699; x_wconf 81' lang='lat' dir='ltr'><strong>Met.</strong></span> <span class='ocrx_word' id='word_1_1788' title='bbox 2040 3678 2102 3704; x_wconf 78' lang='lat'><strong>350.</strong></span> 
     </span>
    </p>

    <p class='ocr_par' dir='ltr' id='par_1_32' title="bbox 262 3699 2627 3822">
     <span class='ocr_line' id='line_1_98' title="bbox 262 3699 2627 3759; baseline -0.01 -8"><span class='ocrx_word' id='word_1_1789' title='bbox 262 3719 433 3751; x_wconf 76' lang='lat' dir='ltr'><strong>ADORNO‚</strong></span> <span class='ocrx_word' id='word_1_1790' title='bbox 464 3717 628 3759; x_wconf 47' lang='grc' dir='ltr'><strong>[ἐῖιῆκοσμξῖι</strong></span> <span class='ocrx_word' id='word_1_1791' title='bbox 641 3735 655 3758; x_wconf 64' lang='lat'><strong>2⁸</strong></span> <span class='ocrx_word' id='word_1_1792' title='bbox 675 3716 872 3757; x_wconf 58' lang='grc' dir='ltr'><strong>παεαῖκόῑάζετν</strong></span> <span class='ocrx_word' id='word_1_1793' title='bbox 890 3715 904 3749; x_wconf 88' lang='grc'>]</span> <span class='ocrx_word' id='word_1_1794' title='bbox 931 3718 985 3743; x_wconf 68' lang='lat' dir='ltr'><strong>are.</strong></span> <span class='ocrx_word' id='word_1_1795' title='bbox 1021 3713 1099 3743; x_wconf 85' lang='lat' dir='ltr'><strong>Idem</strong></span> <span class='ocrx_word' id='word_1_1796' title='bbox 1126 3712 1203 3754; x_wconf 38' lang='lat' dir='ltr'><strong>quo&#39;d</strong></span> <span class='ocrx_word' id='word_1_1797' title='bbox 1219 3711 1343 3744; x_wconf 84' lang='lat' dir='ltr'><strong>Ornare,</strong></span> <span class='ocrx_word' id='word_1_1798' title='bbox 1366 3710 1415 3751; x_wconf 66' lang='lat' dir='ltr'><strong>nili</strong></span> <span class='ocrx_word' id='word_1_1799' title='bbox 1506 3711 1617 3740; x_wconf 75' lang='lat' dir='ltr'><strong>Adorati</strong></span> <span class='ocrx_word' id='word_1_1800' title='bbox 1635 3711 1754 3745; x_wconf 76' lang='lat' dir='ltr'><strong>imbres,</strong></span> <span class='ocrx_word' id='word_1_1801' title='bbox 1779 3708 1936 3747; x_wconf 75' lang='lat' dir='ltr'><strong>Sparliones</strong></span> <span class='ocrx_word' id='word_1_1802' title='bbox 1953 3717 2012 3744; x_wconf 60' lang='lat' dir='ltr'><strong>quae</strong></span> <span class='ocrx_word' id='word_1_1803' title='bbox 2031 3707 2064 3735; x_wconf 83' lang='lat' dir='ltr'><strong>ab</strong></span> <span class='ocrx_word' id='word_1_1804' title='bbox 2083 3706 2124 3734; x_wconf 89' lang='lat' dir='ltr'><strong>lm</strong></span> <span class='ocrx_word' id='word_1_1805' title='bbox 2146 3703 2297 3734; x_wconf 77' lang='lat' dir='ltr'><strong>eratoribus</strong></span> <span class='ocrx_word' id='word_1_1806' title='bbox 2321 3700 2425 3730; x_wconf 82' lang='lat' dir='ltr'><strong>fiebant</strong></span> <span class='ocrx_word' id='word_1_1807' title='bbox 2440 3701 2468 3729; x_wconf 90' lang='lat' dir='ltr'><strong>in</strong></span> <span class='ocrx_word' id='word_1_1808' title='bbox 2489 3709 2526 3737; x_wconf 91' lang='lat' dir='ltr'><strong>po</strong></span> <span class='ocrx_word' id='word_1_1809' title='bbox 2550 3699 2627 3728; x_wconf 90' lang='lat' dir='ltr'><strong>ulum</strong></span> 
     </span>
     <span class='ocr_line' id='line_1_99' title="bbox 301 3738 2624 3822; baseline -0.009 -38"><span class='ocrx_word' id='word_1_1810' title='bbox 301 3755 377 3822; x_wconf 54' lang='lat' dir='ltr'><strong>quod</strong></span> <span class='ocrx_word' id='word_1_1811' title='bbox 395 3755 557 3791; x_wconf 78' lang='lat' dir='ltr'><strong>compolitro</strong></span> <span class='ocrx_word' id='word_1_1812' title='bbox 574 3752 770 3795; x_wconf 43' lang='lat' dir='ltr'><strong>aliquid-addit</strong></span> <span class='ocrx_word' id='word_1_1813' title='bbox 782 3752 938 3794; x_wconf 72' lang='lat' dir='ltr'><strong>ycnustatis.</strong></span> <span class='ocrx_word' id='word_1_1814' title='bbox 970 3752 1026 3780; x_wconf 91' lang='lat' dir='ltr'><strong>Liv.</strong></span> <span class='ocrx_word' id='word_1_1815' title='bbox 1044 3761 1065 3780; x_wconf 91' lang='lat'><strong>1.</strong></span> <span class='ocrx_word' id='word_1_1816' title='bbox 1100 3750 1254 3780; x_wconf 80' lang='lat' dir='ltr'><strong>Flamincm</strong></span> <span class='ocrx_word' id='word_1_1817' title='bbox 1274 3748 1335 3783; x_wconf 74' lang='lat' dir='ltr'><strong>jovi</strong></span> <span class='ocrx_word' id='word_1_1818' title='bbox 1357 3747 1416 3775; x_wconf 78' lang='lat' dir='ltr'><strong>alli-</strong></span> <span class='ocrx_word' id='word_1_1819' title='bbox 1525 3759 1541 3777; x_wconf 84' lang='lat' dir='ltr'><strong>a</strong></span> <span class='ocrx_word' id='word_1_1820' title='bbox 1559 3748 1663 3777; x_wconf 69' lang='lat' dir='ltr'><strong>Seneca</strong></span> <span class='ocrx_word' id='word_1_1821' title='bbox 1683 3754 1834 3782; x_wconf 84' lang='lat' dir='ltr'><strong>vocantur,</strong></span> <span class='ocrx_word' id='word_1_1822' title='bbox 1864 3746 1940 3783; x_wconf 85' lang='lat' dir='ltr'><strong>quod</strong></span> <span class='ocrx_word' id='word_1_1823' title='bbox 1968 3744 2027 3773; x_wconf 78' lang='lat' dir='ltr'><strong>illas</strong></span> <span class='ocrx_word' id='word_1_1824' title='bbox 2052 3753 2128 3781; x_wconf 88' lang='lat' dir='ltr'><strong>popu</strong></span> <span class='ocrx_word' id='word_1_1825' title='bbox 2143 3752 2173 3771; x_wconf 91' lang='lat' dir='ltr'><strong>us</strong></span> <span class='ocrx_word' id='word_1_1826' title='bbox 2194 3742 2290 3771; x_wconf 78' lang='lat' dir='ltr'><strong>adoret</strong></span> <span class='ocrx_word' id='word_1_1827' title='bbox 2316 3739 2432 3768; x_wconf 86' lang='lat' dir='ltr'><strong>imbrem</strong></span> <span class='ocrx_word' id='word_1_1828' title='bbox 2461 3738 2527 3766; x_wconf 74' lang='lat' dir='ltr'><strong>simu</strong></span> <span class='ocrx_word' id='word_1_1829' title='bbox 2541 3744 2624 3766; x_wconf 77' lang='lat' dir='ltr'><strong>antes.</strong></span> 
     </span>
    </p>

    <p class='ocr_par' dir='ltr' id='par_1_33' title="bbox 300 3773 2627 3906">
     <span class='ocr_line' id='line_1_100' title="bbox 323 3773 2627 3834; baseline -0.009 -12"><span class='ocrx_word' id='word_1_1830' title='bbox 323 3803 389 3822; x_wconf 89' lang='lat' dir='ltr'><strong>uum</strong></span> <span class='ocrx_word' id='word_1_1831' title='bbox 409 3791 578 3834; x_wconf 68' lang='lat' dir='ltr'><strong>sacerdotem</strong></span> <span class='ocrx_word' id='word_1_1832' title='bbox 599 3796 715 3824; x_wconf 75' lang='lat' dir='ltr'><strong>crcavrt,</strong></span> <span class='ocrx_word' id='word_1_1833' title='bbox 744 3789 894 3830; x_wconf 50' lang='grc' dir='ltr'><strong>ιηίιξξηῇιμιε</strong></span> <span class='ocrx_word' id='word_1_1834' title='bbox 913 3799 977 3818; x_wconf 84' lang='lat' dir='ltr'><strong>eum</strong></span> <span class='ocrx_word' id='word_1_1835' title='bbox 997 3788 1069 3818; x_wconf 86' lang='lat' dir='ltr'><strong>veste</strong></span> <span class='ocrx_word' id='word_1_1836' title='bbox 1088 3790 1114 3817; x_wconf 72' lang='lat' dir='ltr'><strong>Sc</strong></span> <span class='ocrx_word' id='word_1_1837' title='bbox 1135 3786 1223 3816; x_wconf 90' lang='lat' dir='ltr'><strong>curuli</strong></span> <span class='ocrx_word' id='word_1_1838' title='bbox 1255 3786 1328 3822; x_wconf 84' lang='lat' dir='ltr'><strong>regia</strong></span> <span class='ocrx_word' id='word_1_1839' title='bbox 1351 3784 1415 3813; x_wconf 82' lang='lat' dir='ltr'><strong>sella</strong></span> <span class='ocrx_word' id='word_1_1840' title='bbox 1526 3786 1567 3815; x_wconf 85' lang='lat' dir='ltr'><strong>De</strong></span> <span class='ocrx_word' id='word_1_1841' title='bbox 1588 3786 1629 3819; x_wconf 77' lang='lat' dir='ltr'><strong>his</strong></span> <span class='ocrx_word' id='word_1_1842' title='bbox 1644 3787 1753 3815; x_wconf 81' lang='lat' dir='ltr'><strong>Statius.</strong></span> <span class='ocrx_word' id='word_1_1843' title='bbox 1795 3785 1826 3814; x_wconf 87' lang='lat' dir='ltr'><strong>ln</strong></span> <span class='ocrx_word' id='word_1_1844' title='bbox 1846 3784 1957 3813; x_wconf 75' lang='lat' dir='ltr'><strong>Senecae</strong></span> <span class='ocrx_word' id='word_1_1845' title='bbox 1980 3788 2073 3811; x_wconf 70' lang='lat' dir='ltr'><strong>tamen</strong></span> <span class='ocrx_word' id='word_1_1846' title='bbox 2090 3781 2170 3814; x_wconf 86' lang='lat' dir='ltr'><strong>loco,</strong></span> <span class='ocrx_word' id='word_1_1847' title='bbox 2198 3779 2337 3808; x_wconf 78' lang='lat' dir='ltr'><strong>Odoratos</strong></span> <span class='ocrx_word' id='word_1_1848' title='bbox 2351 3799 2358 3811; x_wconf 78' lang='lat'><strong>,</strong></span> <span class='ocrx_word' id='word_1_1849' title='bbox 2382 3776 2490 3804; x_wconf 85' lang='lat' dir='ltr'><strong>editum</strong></span> <span class='ocrx_word' id='word_1_1850' title='bbox 2506 3775 2559 3809; x_wconf 86' lang='lat' dir='ltr'><strong>est,</strong></span> <span class='ocrx_word' id='word_1_1851' title='bbox 2581 3773 2627 3803; x_wconf 90' lang='lat' dir='ltr'><strong>sed</strong></span> 
     </span>
     <span class='ocr_line' id='line_1_101' title="bbox 300 3813 2627 3897; baseline -0.009 -37"><span class='ocrx_word' id='word_1_1852' title='bbox 300 3831 452 3897; x_wconf 46' lang='lat' dir='ltr'><strong>adognavit.</strong></span> <span class='ocrx_word' id='word_1_1853' title='bbox 479 3829 536 3894; x_wconf 54' lang='lat' dir='ltr'><strong>Cic.</strong></span> <span class='ocrx_word' id='word_1_1854' title='bbox 559 3838 582 3857; x_wconf 87' lang='lat'><strong>1.</strong></span> <span class='ocrx_word' id='word_1_1855' title='bbox 605 3827 677 3856; x_wconf 87' lang='lat' dir='ltr'><strong>Verr.</strong></span> <span class='ocrx_word' id='word_1_1856' title='bbox 696 3832 737 3863; x_wconf 82' lang='lat'><strong>58.</strong></span> <span class='ocrx_word' id='word_1_1857' title='bbox 780 3826 839 3854; x_wconf 81' lang='lat' dir='ltr'><strong>Vidi</strong></span> <span class='ocrx_word' id='word_1_1858' title='bbox 854 3827 944 3856; x_wconf 77' lang='lat' dir='ltr'><strong>forum</strong></span> <span class='ocrx_word' id='word_1_1859' title='bbox 958 3826 1159 3862; x_wconf 81' lang='lat' dir='ltr'><strong>comitiumque</strong></span> <span class='ocrx_word' id='word_1_1860' title='bbox 1180 3825 1345 3854; x_wconf 83' lang='lat' dir='ltr'><strong>adornatum</strong></span> <span class='ocrx_word' id='word_1_1861' title='bbox 1359 3832 1416 3851; x_wconf 82' lang='lat' dir='ltr'><strong>ma-</strong></span> <span class='ocrx_word' id='word_1_1862' title='bbox 1525 3823 1845 3889; x_wconf 68' lang='lat' dir='ltr'><strong>nieriritisc,lritexilljn1at</strong></span> <span class='ocrx_word' id='word_1_1863' title='bbox 1857 3819 1980 3851; x_wconf 86' lang='lat' dir='ltr'><strong>Turneb.</strong></span> <span class='ocrx_word' id='word_1_1864' title='bbox 1994 3819 2059 3849; x_wconf 72' lang='grc' dir='ltr'>Λᾶν.</span> <span class='ocrx_word' id='word_1_1865' title='bbox 2075 3824 2128 3854; x_wconf 85' lang='lat'><strong>3.8.</strong></span> <span class='ocrx_word' id='word_1_1866' title='bbox 2141 3816 2329 3855; x_wconf 82' lang='lat' dir='ltr'><strong>quiAdoratos</strong></span> <span class='ocrx_word' id='word_1_1867' title='bbox 2343 3813 2463 3852; x_wconf 85' lang='lat' dir='ltr'><strong>reponit,</strong></span> <span class='ocrx_word' id='word_1_1868' title='bbox 2475 3813 2493 3842; x_wconf 91' lang='lat' dir='ltr'><strong>i.</strong></span> <span class='ocrx_word' id='word_1_1869' title='bbox 2503 3822 2525 3842; x_wconf 85' lang='lat' dir='ltr'><strong>e.</strong></span> <span class='ocrx_word' id='word_1_1870' title='bbox 2542 3813 2627 3850; x_wconf 77' lang='lat' dir='ltr'><strong>Opta-</strong></span> 
     </span>
     <span class='ocr_line' id='line_1_102' title="bbox 302 3867 1701 3906; baseline -0.009 -3"><span class='ocrx_word' id='word_1_1871' title='bbox 302 3877 347 3906; x_wconf 76' lang='lat' dir='ltr'><strong>gffl</strong></span> <span class='ocrx_word' id='word_1_1872' title='bbox 371 3877 404 3897; x_wconf 61' lang='lat'><strong>00</strong></span> <span class='ocrx_word' id='word_1_1873' title='bbox 418 3875 484 3894; x_wconf 68' lang='lat' dir='ltr'>orna</span> <span class='ocrx_word' id='word_1_1874' title='bbox 499 3876 524 3895; x_wconf 82' lang='lat' dir='ltr'><strong>U·</strong></span> <span class='ocrx_word' id='word_1_1875' title='bbox 1526 3867 1569 3890; x_wconf 81' lang='lat' dir='ltr'><strong>tos</strong></span> <span class='ocrx_word' id='word_1_1876' title='bbox 1588 3871 1664 3898; x_wconf 80' lang='lat' dir='ltr'><strong>popu</strong></span> <span class='ocrx_word' id='word_1_1877' title='bbox 1677 3870 1701 3890; x_wconf 92' lang='lat' dir='ltr'><strong>o.</strong></span> 
     </span>
    </p>
   </div>
   <div class='ocr_carea' id='block_1_4' title="bbox 2487 3887 2626 3917">
    <p class='ocr_par' dir='ltr' id='par_1_34' title="bbox 2487 3887 2626 3917">
     <span class='ocr_line' id='line_1_103' title="bbox 2487 3887 2626 3917; baseline -0.014 0"><span class='ocrx_word' id='word_1_1878' title='bbox 2487 3887 2626 3917; x_wconf 61' lang='lat' dir='ltr'><strong>Anoua-</strong></span> 
     </span>
    </p>
   </div>
  </div>
 </body>
</html>
