2667 4145
1260 70 1509 123 *30³stss

198 168 255 205 eui
273 174 350 206 enm
364 167 607 215 praefationem
631 172 814 214 acceptam
837 164 1038 203 referimus,
1059 159 1195 215 secutus
1211 158 1277 214 eit,
1304 158 1354 195 ob

198 229 330 254 novam
352 219 387 254 ὃς
410 217 586 255 insolitam
607 217 799 253 verborum
816 212 1114 251 construaionem
1128 236 1138 251 ,
1172 220 1209 244 in
1227 207 1281 244 his
1304 207 1356 244 su-

196 267 346 315 perioris
372 265 570 303 Germaniae
586 266 742 312 partibus
765 263 859 300 haud
887 262 964 298 sane
987 260 1153 305 cuiquam
1170 257 1202 293 se
1228 257 1359 304 proba-

197 316 295 352 verit.
323 314 435 361 Quod
451 313 645 361 cuiusmodi
660 313 701 350 fit
721 313 776 349 vel
794 324 839 348 ex
854 312 967 358 prima
985 306 1131 343 dimidia
1150 307 1276 353 pagina
1290 317 1359 341 no-

199 363 272 401 strae
289 363 453 400 editionis
478 361 631 399 curiosus
649 361 760 398 leftor
786 360 886 396 facile
902 356 1106 404 cognoscet.
1155 354 1223 392 Sed
1246 365 1357 402 quum

200 412 288 448 nihil
304 411 479 448 difficilius
500 411 559 453 fit,
587 423 693 459 quam
713 412 750 446 in
767 405 950 445 scribendo
971 406 1137 442 omnium
1157 403 1291 450 judicio
1310 403 1359 438 sa-

201 460 357 497 tisfacere
372 487 384 502 ‚
426 472 537 508 quum
572 460 643 496 fere
681 458 775 495 aliud
801 457 858 493 alii
891 454 1085 502 eloquendi
1117 464 1230 501 genus
1275 452 1357 487 arri-

201 508 298 551 deat,
323 508 495 558 multique
511 508 750 556 passim-etiam
771 503 1066 545 emendatissime,
1091 500 1360 550 castigatislime-

202 569 270 606 que
288 557 431 605 scripta,
460 569 526 605 pro
553 565 657 604 captu
677 555 830 602 ingenii,
857 555 950 590 varie
975 558 1141 599 carpant,
1169 551 1268 587 suum
1287 551 1360 586 cui-

202 619 270 653 que
290 606 333 643 de
349 619 386 643 ea
405 619 443 643 re
461 606 632 653 judicium
661 603 913 651 relinquimus;
948 599 1134 649 Quicquid
1158 599 1314 648 denique
1341 610 1359 635 a

198 655 276 692 stilo
288 656 361 691 vitii
372 655 419 692 est
432 683 441 697 ‚
467 655 504 691 id
517 655 639 691 ceteris
649 652 738 688 reae
749 652 876 689 curatis
893 650 1092 688 condonari
1105 660 1246 696 aequum
1258 655 1357 695 puto.

247 703 448 752 Priusquam
471 715 556 740 vero
572 702 616 738 de
638 713 682 738 eo
694 701 836 742 labore,
864 701 925 749 qui
947 698 1035 736 mihi
1054 697 1257 739 neceffario,
1281 697 1359 744 post

199 752 473 791 Clarissimorum
485 754 642 787 virorum
654 761 751 787 curas
761 778 769 792 ,
792 751 829 786 in
841 749 973 786 eodem
983 759 1092 796 opere
1100 748 1360 784 reconcinnan-

200 802 248 838 do
271 801 498 838 exantlandus
513 800 597 841 suit,
625 800 773 836 verbum
795 799 939 840 faciam,
966 796 1101 834 necesse
1118 796 1234 833 habeo
1249 794 1358 842 paulo

200 851 298 887 altius
321 856 497 897 repetere,
524 856 561 885 ut
578 850 613 886 &
633 848 719 896 quid
735 847 966 895 praestandum
985 845 1073 882 mihi
1091 845 1195 882 suerit
1215 845 1249 880 ὃς
1272 843 1359 892 quid

200 901 351 937 omnino
374 898 590 945 praestiterim
615 898 743 935 clarius
766 896 910 934 constet.
958 895 1171 940 Queruntur
1188 894 1358 930 nimirum

198 949 427 985 vehementer
448 949 491 983 in>
506 947 711 994 praefatione
738 946 792 983 sua
817 945 927 982 iidem
953 943 1136 982 Clarissimi
1161 942 1259 984 Viri,
1289 953 1357 978 nec

195 996 266 1034 fine
278 995 461 1033 stomacho
473 1023 483 1038 ‚
511 996 610 1044 quod
629 1007 710 1032 cum
731 994 792 1043 ipsi
811 995 973 1031 ultimam
988 993 1090 1039 hujus
1103 991 1271 1029 Thesauri
1286 990 1358 1027 edi-

194 1047 333 1082 tionem
359 1044 608 1092 Stephanicam
637 1043 857 1082 parisiensem
884 1042 979 1091 sequi
1011 1041 1275 1082 constituerint,
1311 1051 1357 1076 ex

194 1094 403 1141 bibliopolae
425 1101 544 1130 tamen
562 1094 737 1131 obstinato
757 1091 905 1129 consilio
919 1091 1118 1128 editionem
1130 1091 1250 1138 potius
1261 1087 1356 1137 Lug-

194 1142 386 1179 dunensem
402 1143 495 1180 Anni
522 1154 623 1189 ¹573-
651 1154 669 1179 a
693 1141 862 1189 Philippo
884 1140 1056 1188 Tinghyo
1079 1146 1235 1176 curatam
1257 1138 1356 1175 exhi-

193 1193 277 1229 bere
305 1192 417 1229 coacti
448 1191 533 1233 sint,
572 1203 679 1240 quam
708 1192 856 1227 minime
884 1190 1052 1226 omnium
1078 1188 1244 1236 probent.
1300 1185 1357 1224 Est

220 1240 339 1278 uidem
354 1240 614 1287 deplorandum
632 1240 735 1286 plane
750 1251 790 1276 ac
804 1236 1059 1278 miserandum,
1086 1249 1162 1274 rem
1177 1236 1356 1273 librariam

204 1289 317 1326 aeculo
335 1289 455 1327 nostro
474 1301 549 1326 non
560 1289 749 1326 dodorum
766 1288 922 1336 judicio,
949 1286 1005 1323 sed
1015 1284 1295 1333 bibliopolarum
1306 1296 1358 1320 ar-

190 1339 320 1376 bitratu
336 1340 431 1388 regi,
468 1338 779 1387 administrarique.
835 1336 1004 1383 Quorum
1032 1335 1166 1372 multos
1187 1333 1254 1372 else
1278 1334 1356 1384 quis

190 1394 319 1437 neget,

458 1438 511 1485 qui
517 1448 610 1484 neque
618 1436 664 1479 jus
672 1448 763 1484 neque
773 1434 881 1470 bonum
889 1442 980 1483 atque
987 1445 1105 1483 aequum
1118 1433 1214 1478 stiunt
1221 1447 1234 1467 .-

239 1484 364 1527 Melius,
388 1485 479 1529 pejus,
502 1484 608 1530 profit,
631 1485 722 1527 obsit,
748 1484 794 1518 nil
804 1484 930 1525 vident,
957 1482 1013 1526 nr'fi
1024 1482 1104 1530 quod
1121 1481 1227 1522 lubet?

189 1534 236 1573 At
254 1534 306 1571 illi
324 1534 355 1571 se
371 1533 469 1571 suum
489 1536 676 1582 negotium
698 1545 801 1581 agere
821 1532 963 1574 dic-unt,
991 1532 1102 1568 aliena
1122 1543 1198 1569 non
1220 1541 1354 1573 curare,

188 1584 322 1622 librum
356 1583 484 1626 alium,
513 1582 574 1620 nifi
606 1584 667 1632 qui
694 1582 759 1619 fibi
787 1594 853 1620 aera
881 1583 1070 1618 meriturus
1100 1579 1159 1623 fit,
1184 1582 1222 1617 in
1245 1591 1356 1629 quem

188 1633 346 1681 sumptus
366 1638 536 1680 erogent,
558 1644 636 1670 non
656 1643 819 1681 quaerere.
871 1630 1041 1668 Ceterum
1063 1630 1178 1672 utilis,
1206 1628 1353 1671 inutilis,

188 1681 394 1719 emendatus
412 1693 456 1718 an
475 1681 685 1724 mendosus,
712 1680 810 1718 albus
829 1679 984 1728 denique
999 1686 1136 1716 *an-ater
1148 1678 1208 1721 fit,
1235 1678 1272 1714 id
1288 1689 1356 1725 po·

187 1731 294 1779 pulus
313 1730 462 1773 viderit,
490 1742 535 1767 ex
546 1732 646 1777 cujus
656 1731 857 1778 opinione,
882 1729 1181 1778 aestimationeque
1196 1739 1251 1765 res
1263 1727 1355 1776 spes-

188 1792 258 1830 que
282 1781 427 1817 omnisi
456 1780 573 1817 sorum
593 1779 748 1827 suspensa
766 1779 822 1816 est.

235 1828 291 1867 Est
307 1835 424 1866 autem
472 1827 686 1876 ugdunenfis
704 1828 763 1865 illa
783 1828 892 1865 editio
915 1827 1075 1876 primum
1098 1832 1264 1873 tempore
1288 1836 1355 1874 po-

184 1879 327 1920 sterior,
358 1878 457 1926 quod
477 1877 590 1915 solum
612 1876 706 1926 apud
724 1877 918 1926 >plerosque
941 1878 1106 1914 maximae
1132 1875 1235 1912 instar
1250 1887 1354 1912 corn-

185 1927 426 1965 mendationis
439 1927 508 1964 est:
533 1926 591 1965 Est
611 1927 734 1964 eadem
758 1927 856 1964 mole
878 1926 1067 1975 grandior,
1095 1927 1142 1961 ita
1157 1931 1197 1961 ut
1220 1925 1256 1961 &
1275 1924 1353 1961 utili

184 1977 409 2014 incremento
428 1977 561 2013 auffilior
586 1981 770 2025 appareat,
800 1987 873 2024 quo
904 1975 995 2012 nihil
1024 1974 1068 2011 ad
1087 1973 1291 2011 illiciendos
1316 1974 1352 2010 Sc

185 2025 414 2063 attrahendos
434 2032 634 2074 emptores,
662 2025 908 2074 lucellumque
926 2023 1122 2061 venditoris
1142 2033 1353 2059 accommo-

185 2075 299 2113 datius
316 2075 372 2112 est.
424 2074 493 2112 Sed
511 2074 708 2120 cujusmodi
727 2074 786 2111 illa
807 2085 928 2111 revera
947 2072 1005 2115 sit,
1032 2084 1052 2110 a
1071 2084 1148 2122 quo
1168 2073 1352 2120 principi-o

184 2124 361 2173 profesta,
386 2124 482 2161 unde
512 2125 733 2161 incrementa
765 2124 920 2171 ceperit,
945 2123 982 2159 &c
1004 2128 1144 2159 tantum
1168 2122 1350 2169 corporis,

184 2180 225 2212 ut
242 2175 290 2210 ita
312 2173 451 2215 dicam,
478 2173 620 2216 fecerit,
648 2185 714 2221 age
740 2173 849 2220 paulo
880 2173 1073 2208 accuratius
1105 2169 1349 2217 dispiciamus,

184 2229 226 2260 ut
253 2222 435 2306 aliquanto
466 2222 625 2270 plenius,
660 2233 767 2271 quam
805 2234 849 2258 ex
874 2219 1094 2258 Londinensi
1125 2220 1351 2266 praefatione,

184 2282 308 2320 cogno
325 2278 380 2308 cat
401 2270 534 2313 letior,
561 2270 656 2308 unde
674 2278 770 2308 tanta
794 2270 910 2307 moles
933 2269 1026 2306 istius
1049 2268 1173 2307 Lexici
1199 2267 1353 2306 conflata

182 2320 233 2358 fit.
284 2319 383 2358 Basm
406 2321 441 2357 &
466 2319 559 2367 quasi
585 2319 858 2357 fundamentum
877 2320 972 2367 ejus,
999 2319 1056 2355 cui
1086 2317 1168 2354 dein
1195 2317 1350 2365 reliqua,

184 2370 282 2406 velut
300 2370 397 2406 navis
420 2371 544 2406 carinae
569 2369 697 2411 latera,
725 2375 858 2406 attexta
882 2369 1042 2409 fuerunt,
1073 2367 1230 2410 Tbefiwrus
1265 2369 1298 2401 L.
1316 2369 1350 2400 L.

183 2418 299 2461 Roberti
313 2417 471 2462 Stephani,
493 2417 541 2453 ed.
554 2418 686 2463 ficundae
707 2419 792 2452 Armi
818 2422 920 2462 1536.
948 2423 987 2454 ut
1013 2415 1161 2464 ipsemet
1182 2421 1354 2464 typogra-

184 2468 277 2516 phus
292 2468 329 2504 in
348 2467 551 2515 praefatione
570 2467 626 2504 sua
640 2467 791 2508 indicat,
819 2465 935 2503 efficit.
985 2465 1159 2511 Quamvis
1173 2466 1271 2501 enim
1280 2467 1352 2512 jam

183 2525 261 2554 tum
271 2518 372 2553 tertia
382 2516 503 2558 editio,
516 2515 610 2553 Anni
623 2527 754 2563 nempe
774 2526 875 2562 1543.
893 2515 1050 2556 exstaret,
1063 2521 1192 2554 tamen,
1204 2513 1302 2562 quod
1314 2515 1352 2550 in

182 2566 311 2614 prioris
322 2565 414 2601 illius
428 2566 624 2614 marginem
641 2566 711 2613 jam
721 2576 824 2601 nova:
833 2565 1120 2612 editioniaquam
1158 2562 1353 2611 arabat‚hy-

183 2615 437 2662 len&copiam
447 2625 594 2650 omnem
605 2613 699 2650 suam
707 2613 936 2662 congesserat,
949 2625 1038 2654 eam,
1060 2573 1154 2662 quali
1165 2612 1348 2660 ignorans,

184 2663 322 2702 silentio
340 2662 571 2699 diffimulavit.
597 2663 667 2700 Sed
687 2675 731 2699 ne
744 2662 838 2700 hanc
855 2662 1022 2712 quidem,
1047 2661 1235 2698 secundam
1252 2672 1352 2697 nem-

185 2725 232 2760 pe
262 2711 512 2760 Stephanicam
545 2711 762 2754 editionem,
795 2711 1025 2760 Tinghyum‚
1053 2711 1227 2757 integram
1253 2709 1352 2746 exhi-

186 2761 313 2803 buisse,
341 2760 366 2797 fi
390 2762 517 2808 quibus
538 2762 654 2797 otium
674 2761 721 2797 est
739 2767 926 2809 utramque
947 2759 1144 2796 editionem
1165 2758 1353 2795 conferen-

188 2811 243 2853 di,
271 2809 372 2847 facile
391 2809 670 2857 deprehendent.
721 2808 809 2847 Non
832 2811 927 2846 enim
946 2809 1125 2845 contraxit
1138 2807 1253 2844 modo
1273 2819 1353 2855 per-

188 2871 309 2909 peram
330 2859 365 2896 &
384 2859 559 2895 mutilavit
575 2859 746 2906 plurima,
773 2870 899 2895 verum
920 2860 1026 2894 etiam
1054 2868 1129 2894 non
1152 2868 1263 2904 pauca
1277 2884 1287 2898 ,
1315 2857 1352 2893 &

188 2910 337 2945 minime
354 2907 498 2958 quidem
519 2907 740 2955 supervacua,
767 2914 806 2944 ut
819 2908 907 2944 infra
924 2907 1231 2948 demonstrabitur,
1261 2907 1353 2942 omi-

188 2956 236 2996 fit.
287 2956 332 2994 At
357 2958 447 2993 bene
468 2956 588 2993 multis
602 2956 768 2994 videlicet
785 2955 1056 2997 acceffionibus,
1081 2954 1106 2991 fi
1128 2955 1213 3004 quid
1229 2957 1266 2991 in
1278 2955 1352 2991 hoc

190 3004 310 3042 damni
326 3005 452 3042 fafftum
473 3005 537 3048 ests,
564 3007 617 3042 uti
640 3006 785 3055 quidem
802 3006 985 3053 praedicat‚
1015 3004 1153 3041 abunde
1179 3015 1352 3052 compen-

191 3054 283 3091 savit.
310 3053 384 3101 Age
403 3054 600 3101 cu‘jusmodi
618 3054 671 3091 hae
695 3053 778 3097 sint,
805 3055 954 3103 propius
974 3054 1165 3090 videamus.
1192 3052 1351 3090 Primum

193 3102 333 3146 Theodosii
355 3103 483 3138 Trebellii
500 3106 735 3148 Promptuarium
747 3127 755 3140 ,
775 3104 878 3152 quod
898 3102 1004 3140 Anno
1022 3112 1123 3148 1545.
1143 3112 1188 3138 ex
1206 3101 1348 3148 Stepha-

192 3163 242 3188 no
261 3153 348 3188 item
371 3152 567 3200 compilato
579 3151 800 3200 potiffimum
818 3151 1026 3193 conflatum,
1042 3150 1178 3188 Basileae
1194 3150 1349 3198 prodiit,

192 3207 265 3237 tam
286 3200 368 3237 scite
388 3201 613 3248 compilavit,
640 3209 681 3238 ut
703 3213 747 3238 ne
767 3213 874 3238 unam
904 3201 1050 3250 quidem
1074 3199 1238 3237 voculam
1267 3210 1352 3247 prae-

194 3248 319 3286 teriilse
337 3249 506 3287 videatur.
556 3250 712 3299 Apparet
737 3252 834 3287 enim
855 3250 914 3288 hic
933 3251 1088 3298 primum
1103 3276 1113 3290 ‚
1149 3248 1266 3284 nescio
1288 3260 1353 3285 un-

195 3298 238 3335 de
252 3297 436 3345 descripta,
465 3298 508 3334 de
521 3297 789 3337 Elementorum
802 3325 813 3341 ,
838 3299 896 3336 seu
915 3297 1125 3336 Litterarum
1137 3295 1352 3345 singularum

195 3348 231 3384 vi
261 3347 297 3383 δε
322 3347 381 3383 usu
411 3346 584 3389 tractatio,
610 3348 811 3386 leviusculis
836 3355 957 3385 tamen
983 3345 1192 3396 quibusdam
1212 3345 1352 3391 adjettis

194 3395 344 3433 auctior:
370 3395 524 3443 Apparet
542 3395 719 3434 Notarum
736 3398 831 3434 Vett.
850 3407 895 3434 ex
912 3396 1043 3432 Valerii
1056 3395 1161 3432 Probi
1186 3395 1229 3431 de
1244 3393 1354 3430 Litte-

194 3446 240 3481 ris
254 3446 405 3492 antiquis
419 3445 609 3491 opusculo,
637 3446 848 3483 declaratio:
883 3446 1039 3494 Apparet
1056 3446 1139 3481 item
1154 3442 1354 3481 Rhetorum

195 3493 422 3541 Tropologia
439 3493 795 3543 &Schematologia,
821 3506 971 3544 quaeque
990 3494 1055 3530 alia
1066 3492 1265 3530 Trebellius
1280 3492 1352 3534 ille,

197 3541 265 3578 five
280 3541 483 3583 Trebellio,
509 3544 609 3588 cujus
642 3543 711 3591 ipsa
741 3545 846 3581 verba
868 3546 905 3580 in
931 3542 1134 3591 praefatione
1159 3541 1355 3585 Anglicana

197 3590 417 3627 adducuntur
430 3617 439 3631 ,
467 3590 530 3626 sese
550 3593 585 3627 in
606 3590 854 3639 promptuario
874 3593 934 3629 suo
957 3589 1148 3628 exhibuisse
1165 3589 1354 3637 magnifice

197 3639 378 3724 ploriatur.
428 3639 581 3686 Apparet
602 3642 725 3687 ingens
753 3639 905 3689 denique
923 3637 1176 3688 Epithetorum
1194 3639 1228 3674 ὃς
1251 3638 1356 3675 Phra-

212 3699 285 3725 1um
312 3689 459 3735 sartago.
508 3687 550 3724 ln
577 3699 644 3736 qua
675 3690 916 3731 corradenda,
942 3688 1232 3736 disponendaquc
1265 3686 1354 3723 adeo

198 3747 302 3784 parce
325 3736 437 3771 homo
454 3748 552 3772 meus
565 3736 758 3779 (telettum,
782 3739 1022 3794 judiciumque
1033 3737 1210 3778 adhibuit,
1232 3743 1355 3772 utnon

200 3786 325 3831 injuria
349 3784 578 3825 dubitavens‚
606 3797 726 3822 annon
744 3787 855 3822 i'orsan
870 3814 880 3828 ,
936 3789 1028 3823 olitis
1056 3795 1135 3822 aute
1155 3786 1188 3821 sc
1213 3783 1355 3820 cluilicis

202 3833 417 3873 autloribus,
444 3840 646 3881 temereque
662 3837 808 3881 apertis,
835 3846 880 3870 ex
910 3836 1059 3881 ingulis,
1087 3834 1185 3882 quod
1200 3835 1356 3880 primum

202 3883 294 3919 sorte
319 3881 382 3929 ipfi
413 3883 570 3918 occurrit
599 3890 808 3931 excerptum
828 3885 992 3929 protinus
1013 3885 1050 3919 in
1069 3884 1234 3920 codicem
1257 3881 1358 3918 suum

1410 155 1579 193 retulerit.
1629 154 1798 192 Ceterum
1817 163 1930 201 quum
1953 149 2078 187 eadem
2107 149 2226 186 omnis
2247 143 2369 194 copia,
2395 148 2477 184 cuni
2496 155 2576 195 per-

1413 207 1511 242 tenui
1532 203 1745 244 acceffione‚
1772 202 1881 239 veluti
1901 199 2001 249 quod
2020 198 2143 236 Graeca
2166 197 2409 244 interpretatio
2432 196 2575 244 singulis

1414 254 1626 290 dictionibus
1645 252 1784 294 addita,
1812 251 2066 297 austorumque
2096 248 2185 284 locis
2214 259 2287 282 non
2313 245 2395 282 libri
2419 251 2575 287 tanturn,

1413 303 1470 340 sed
1486 304 1522 339 δε
1539 300 1661 348 capitis
1674 303 1738 337 &o
1773 301 1931 340 notatio,
1961 297 2114 339 (vellem
2131 294 2349 333 &'Fideliter
2370 293 2520 340 adjicere
2537 292 2580 329 li-

1414 352 1559 396 ceret‚)
1583 350 1729 394 subietta
1752 349 1817 389 est,
1846 350 1951 385 etiam
1980 347 2016 382 in
2046 350 2113 380 Foro
2146 349 2271 387 Romam
2295 343 2422 385 exstet,
2451 340 2576 389 quod,

1415 400 1504 434 Caelio
1531 398 1658 434 Secundo
1690 401 1818 432 Curione
1839 402 2002 436 curante,
2035 396 2192 442 primum
2218 392 2282 430 Ao.
2312 399 2416 437 1561.
2441 389 2580 428 ibidem

1413 448 1646 487 Frobenianis
1661 448 1776 495 typis,
1804 446 1906 490 (non
1921 472 1931 486 ,
1958 451 1997 480 ut
2013 445 2048 479 in
2072 443 2267 489 Anglicana
2286 441 2493 489 praefatione
2517 449 2578 476 ex-

1415 498 1498 540 stat,
1524 503 1626 542 1576.
1654 507 1768 545 quum
1783 494 1910 532 Caelius
1924 495 1992 539 jam
2015 494 2052 528 in
2067 490 2187 540 Elysiis
2206 492 2341 538 campis
2361 489 2479 531 effet,)
2493 499 2580 536 pro-

1417 547 1504 583 diit:
1562 546 1686 590 Quum
1711 543 1836 580 eadem
1861 541 1974 580 rursus
2000 541 2036 577 &
2073 542 2109 577 in
2142 542 2259 575 AErario
2293 541 2407 574 Latina
2437 540 2582 584 Lingua,

1415 595 1516 644 quod
1535 595 1692 630 NJzoliano
1713 593 1856 636 Thestzuro
1872 589 2033 626 Ludovicus
2053 591 2157 624 Lucius
2169 590 2226 625 Ao.
2252 595 2357 633 1613.
2384 598 2451 636 pro
2474 594 2582 623 tomo

1414 645 1526 681 altero
1542 643 1735 688 subjunxit,
1764 641 1822 677 illa
1835 648 1974 681 tamen,
1998 649 2107 687 quam
2127 637 2224 679 dixi,
2252 636 2296 675 de
2305 635 2448 674 Litteris
2471 636 2507 672 &
2525 646 2582 671 ea-

1414 706 1494 730 rum
1523 694 1619 729 notis
1645 690 1811 728 subtracta
1833 689 2056 729 tractatione,
2092 692 2273 728 occurrat,
2311 691 2458 734 apparet
2492 695 2577 726 eos,

1415 744 1476 791 qui
1501 742 1562 778 tal-i
1581 742 1686 789 copia
1710 739 1945 780 deledtantur,
1970 736 2142 773 illibatam
2171 747 2249 772 eam
2272 736 2310 772 in
2339 734 2412 771 hoc
2432 732 2581 781 Lugdu-

1416 790 1511 828 nensr
1524 792 1638 837 prius,
1667 792 1736 835 jam
1747 784 2060 825 veroLondinenfi
2071 784 2436 822 Lexicoinventuros.
2465 780 2582 827 Quod

1414 843 1461 877 ita
1478 840 1562 881 elle,
1590 839 1724 876 collato
1747 839 1874 886 quovis
1905 838 1940 872 in
1967 835 2021 871 his
2048 846 2095 871 1v
2117 832 2258 871 Lexicis
2291 831 2490 873 vocabulo,
2519 842 2582 868 co*

1411 889 1582 939 gnoscere
1600 894 1812 936 promptum
1830 885 1886 923 est.
1936 884 2017 923 Esto
2043 896 2071 921 e.
2094 895 2129 931 g.
2150 881 2256 919 dictio
2273 880 2376 918 Axis.
2427 879 2496 917 Sed
2516 879 2586 918 alia

1413 941 1539 986 ingens
1566 936 1710 974 accessio
1741 937 1788 973 est
1818 937 1856 971 in
1886 931 2076 980 Lugdunenfi
2107 931 2266 975 Thefizuro,
2294 941 2372 979 quae
2400 941 2517 978 neque
2539 930 2580 967 in

1411 989 1630 1031 Promptuario,
1664 997 1780 1033 neque
1799 985 1836 1020 in
1854 989 1923 1018 Foro
1945 987 1992 1020 Ro,
2020 993 2137 1030 neque
2158 982 2196 1017 in
2214 983 2329 1014 AErario
2348 978 2412 1015 illo
2431 989 2580 1026 compa«

1413 1043 1490 1079 ret,
1519 1036 1562 1074 de
1585 1047 1654 1083 qua
1673 1036 1793 1082 paucis
1820 1034 1951 1080 accipe.
1999 1029 2159 1068 PrImum
2185 1029 2233 1066 est
2259 1029 2385 1076 ingens
2409 1038 2580 1065 numerus

1414 1087 1605 1122 nominum
1626 1085 1857 1131 propriorum
1870 1110 1879 1124 ,
1908 1082 2035 1130 quibus
2055 1078 2326 1126 Geographica,
2353 1076 2528 1114 Historica
2543 1077 2583 1114 δε

1409 1133 1664 1183 MythologICa
1686 1134 1925 1170 continentur.
1975 1130 2066 1176 Q1ae
2088 1128 2205 1166 editor
2225 1126 2371 1176 quidem
2391 1127 2513 1163 omnia
2533 1136 2582 1163 ex

1412 1183 1491 1232 ipsis
1515 1183 1672 1219 sontibus
1697 1181 1873 1222 derivata,
1909 1180 1943 1216 h.
1962 1192 1990 1216 e.
2020 1190 2065 1215 ex
2090 1178 2242 1226 antiquis
2265 1175 2494 1224 scriptoribus
2522 1186 2584 1212 ex-

1412 1239 1533 1280 cerpta
1552 1232 1661 1278 jadiat.
1713 1230 1782 1268 Sed
1802 1241 1873 1278 ego
1893 1229 2047 1266 multum
2063 1239 2103 1264 ac
2122 1227 2209 1275 saepe
2228 1224 2451 1263 conferendo
2471 1224 2584 1262 didici

1412 1283 1536 1319 omnia
1548 1280 1591 1317 ad
1612 1280 1761 1317 verbum
1780 1279 1951 1326 descripta
1967 1277 2033 1314 esse
2047 1288 2092 1314 ex
2104 1276 2282 1311 Dz‘ffionurio
2298 1276 2460 1320 Historico,
2481 1272 2586 1322 quod

1438 1330 1575 1371 uidam,
1603 1329 1708 1371 falso,
1737 1330 1892 1376 opinor,
1921 1327 2027 1361 Corolo
2051 1325 2210 1369 Stephano,
2238 1323 2390 1361 Roberti
2407 1323 2502 1360 fratri
2521 1333 2585 1360 au·

1445 1382 1499 1417 ori
1513 1379 1732 1420 adscribunt,
1760 1377 1862 1427 quod
1881 1375 1969 1413 olim
1987 1373 2141 1416 Parisiis,
2167 1372 2298 1410 deinde
2318 1373 2424 1407 auc‘iius
2447 1371 2486 1413 (β’
2503 1371 2586 1407 locu-

1407 1429 1526 1473 pletius,
1552 1435 1591 1465 ut
1609 1428 1730 1465 titulus
1750 1426 1908 1476 praefert,
1936 1425 2057 1473 saepius
2083 1424 2165 1461 alibi
2192 1419 2338 1471 prodiit.
2388 1419 2483 1459 Utor
2507 1420 2583 1458 edi-

1407 1480 1511 1515 tione
1531 1477 1728 1515 Genevenfi
1746 1477 1840 1514 Anni
1869 1486 1973 1519 1590.
2024 1473 2067 1512 ld
2090 1483 2177 1509 vero
2193 1472 2248 1519 est
2272 1470 2424 1520 pulchre
2443 1471 2480 1508 &
2499 1470 2583 1508 dili-

1408 1534 1535 1576 genter
1554 1526 1757 1564 instrustum
1779 1523 2059 1573 turpiffimorum
2078 1533 2241 1560 errorum
2266 1521 2583 1558 armamentarium

1407 1576 1617 1626 quoddam,
1643 1576 1771 1625 quibus
1796 1582 1915 1611 tamen
1939 1573 1983 1610 de
2008 1573 2071 1610 suo
2095 1582 2242 1621 quoque
2262 1569 2462 1607 nonnullos
2483 1568 2582 1617 Lug-

1409 1624 1572 1663 dunensis
1595 1624 1763 1662 Thesauri
1787 1623 1979 1664 colleitor,
2004 1621 2090 1659 dum
2120 1620 2233 1657 multa
2260 1618 2349 1667 saepe
2374 1618 2467 1655 male
2492 1629 2582 1657 con-

1409 1676 1515 1713 traxit
1536 1677 1573 1711 in
1595 1673 1846 1716 describendo,
1873 1672 2018 1709 addidit.
2068 1669 2134 1708 His
2163 1668 2379 1706 accesserunt
2403 1666 2579 1715 ejusdem,

1407 1724 1465 1762 vel
1481 1723 1601 1761 fimilis
1625 1724 1826 1772 argumenti
1847 1733 1953 1771 quam
1980 1721 2136 1769 plurima
2154 1730 2200 1756 ex
2223 1718 2307 1753 Caelii
2333 1717 2487 1764 Rhodtgiui
2510 1718 2582 1752 An-

1407 1777 1563 1821 tiquarum
1581 1773 1733 1807 leffionum
1753 1770 1854 1820 spiffo
1881 1771 2068 1808 volumine
2098 1769 2134 1805 δε
2155 1766 2324 1803 Alexandri
2341 1766 2378 1801 ab
2403 1764 2581 1802 Alexandro

1407 1823 1577 1858 Genialium
1597 1821 1712 1857 dierum
1729 1821 1838 1858 libris.
1888 1819 1972 1857 Scio
1997 1820 2036 1856 in
2054 1817 2217 1856 Caelianis
2236 1815 2446 1853 lectionibus
2469 1826 2582 1865 quam

1405 1872 1561 1920 plurima
1581 1870 1668 1914 esse,
1694 1870 1885 1920 praesertim
1902 1881 1981 1919 quae
2001 1867 2045 1905 ad
2066 1867 2293 1915 Antiquitatis
2316 1866 2483 1903 notitiam
2498 1875 2580 1913 per·

1405 1923 1538 1963 tinent,
1566 1921 1686 1963 doffte,
1715 1918 1971 1968 ingenioseque
1996 1915 2253 1958 animadversa,
2288 1926 2438 1964 quaeque
2466 1913 2582 1951 lector

1407 1982 1483 2008 non
1493 1970 1577 2007 fatui
1585 1970 1693 2018 palati
1703 1969 1860 2018 appofita
1870 1967 1932 2005 fibi
1942 1979 2019 2004 non
2030 1966 2194 2006 fastidiat:
2207 1963 2277 2002 Sed
2288 1964 2413 2001 eadem
2425 1964 2501 2000 haec
2510 1974 2580 2011 po-

1406 2019 1594 2062 tissimum‚
1622 2031 1701 2056 non
1729 2016 1932 2055 alienissima
1959 2017 2079 2065 potius
2111 2015 2279 2063 pleraque
2304 2013 2376 2050 huc
2407 2013 2581 2060 descripta

1406 2068 1524 2111 fuisse,
1550 2068 1719 2118 equidem
1742 2067 1896 2113 deierare
1916 2066 2043 2103 nolim.
2095 2063 2209 2111 Qrod
2226 2063 2270 2100 ad
2284 2061 2490 2100 Genialium
2505 2062 2581 2099 die-

1405 2130 1486 2155 rum
1505 2118 1712 2166 scriptorem
1730 2118 1875 2158 attinet,
1901 2115 1989 2163 saepe
2004 2126 2148 2152 mecum
2171 2116 2316 2150 miratus
2338 2113 2434 2153 sum,
2461 2111 2581 2149 auito-

1407 2179 1483 2204 rem
1505 2175 1576 2204 tam
1600 2166 1759 2204 securum
1783 2165 1827 2203 de
1850 2164 1981 2210 iudicio
2009 2164 2172 2205 ledoris,
2199 2174 2276 2199 non
2294 2161 2445 2198 lestores
2463 2161 2581 2198 solum

1407 2217 1443 2253 ἃ
1456 2215 1685 2253 admiratores
1698 2244 1707 2257 ,
1734 2227 1861 2252 verum
1876 2214 1980 2251 etiam
2001 2213 2317 2252 Commentatores
2327 2236 2338 2253 ,
2358 2211 2580 2259 eosdemque

1406 2276 1484 2302 non
1503 2265 1547 2302 de
1569 2265 1652 2302 faece
1679 2264 1925 2306 eruditorum,
1953 2262 2133 2299 invenisse.
2182 2261 2378 2308 Pleraque,
2405 2272 2481 2307 quae
2498 2271 2582 2297 orn.

1406 2317 1496 2352 nino
1520 2314 1731 2362 supervacua
1755 2316 1793 2350 in
1813 2313 1885 2350 hoc
1908 2323 2018 2360 opere
2038 2311 2226 2359 leguntur,
2255 2311 2290 2346 δε
2305 2310 2364 2346 ubi
2382 2309 2518 2346 triviale
2539 2308 2581 2345 il-

1407 2364 1468 2401 lud
1493 2375 1568 2400 non
1588 2364 1712 2409 injuria
1737 2363 1904 2407 obiicias,
1936 2364 2012 2403 Dic,
2038 2374 2093 2395 cur
2112 2362 2180 2400 hic?
2206 2361 2278 2407 ejus
2307 2359 2499 2407 diligentiae
2523 2369 2581 2396 ac-

1404 2418 1509 2462 cepta
1527 2413 1720 2450 referimus.
1772 2412 1900 2458 Qualia
1922 2410 1999 2447 sunt
2014 2422 2042 2447 e.
2059 2422 2092 2458 g.
2113 2411 2245 2459 quaein
2273 2407 2488 2445 diffitionibus
2513 2407 2582 2448 CA·

1407 2468 1580 2504 trinales,
1617 2461 1845 2502 COGEONUS,
1885 2459 2106 2498 CrNosuacr
2144 2460 2181 2495 in
2220 2459 2341 2506 primo
2378 2464 2482 2495 tomo
2527 2457 2580 2496 le-

1405 2518 1559 2561 gunturg
1586 2523 1663 2559 quae
1678 2518 1798 2546 tamen
1813 2537 1822 2551 ,
1847 2521 1957 2557 quum
1978 2509 2097 2545 brevia
2108 2507 2184 2550 sint,
2208 2509 2245 2544 in
2263 2518 2457 2556 operenon
2469 2518 2579 2550 meo,

1407 2560 1559 2597 resecare
1576 2560 1619 2596 ad
1631 2561 1750 2596 vivum
1766 2571 1842 2595 non
1859 2559 1957 2594 ausus
1972 2557 2056 2595 sum.
2103 2557 2238 2605 Adagia
2253 2568 2400 2606 quoque
2417 2564 2581 2594 veterum

1405 2609 1537 2657 adjeeta
1556 2610 1696 2645 suerunt
1711 2637 1721 2650 ‚
1747 2610 1876 2656 partim
1896 2619 1940 2644 ex
1957 2607 2090 2644 eodem
2112 2606 2240 2641 Caelizino
2255 2615 2352 2650 opere,
2379 2607 2508 2654 partim
2533 2616 2581 2645 ex

1410 2658 1585 2693 Chiliadibus
1609 2661 1727 2700 Erasmi.
1781 2657 1895 2703 Quod
1924 2668 2034 2693 nemo
2065 2655 2231 2692 cordatus
2254 2655 2357 2692 facile
2388 2655 2580 2703 reprehen-

1408 2708 1519 2750 derit,
1549 2707 1662 2744 modo
1683 2719 1728 2743 ne
1752 2707 1786 2742 δι
1804 2708 1952 2743 minime
1968 2704 2154 2742 necessaria
2177 2704 2441 2754 quamplurima
2461 2716 2506 2742 ex
2525 2704 2580 2743 iis-

1408 2757 1490 2794 dem
1512 2758 1668 2793 fonti-bus
1688 2756 1759 2792 huc
1778 2755 1931 2792 derivata
1948 2754 2065 2791 essent.
2113 2753 2340 2791 Accelseruut
2354 2753 2492 2802 insuper
2513 2753 2580 2792 Hi-

1405 2807 1532 2844 storica
1556 2807 1590 2842 &
1613 2805 1864 2852 Geographica
1891 2803 2173 2853 quamplurima,
2201 2804 2237 2840 δε
2266 2804 2304 2839 in
2329 2802 2383 2840 his
2414 2803 2579 2852 quaedam.

1409 2857 1536 2897 etiam,

1409 2917 1450 2942 ac
1459 2907 1565 2952 proin
1593 2916 1612 2941 e
1626 2902 1792 2941 hocloco
1804 2901 2017 2943 alienatum,
2030 2901 2223 2946 exRaphaelis
2238 2901 2578 2939 Volaterranicommen-

1408 2958 1550 2988 tororum
1572 2952 1760 2988 Urbanorum
1782 2950 1898 2993 libris,
1926 2951 2046 2999 saepius
2061 2962 2106 2987 ne
2120 2950 2212 2987 redte
2228 2949 2374 2998 quidem
2394 2950 2576 2999 descripta.

1408 3002 1563 3041 Meliora
1583 3002 1658 3039 sunt
1679 3013 1756 3050 quae
1774 3013 1819 3038 ex
1839 3002 1960 3044 Ashonio
1978 2999 2104 3034 Pediano
2116 3025 2126 3042 ,
2154 2999 2254 3033 Budaei
2275 3000 2362 3036 item
2380 3000 2416 3037 ὃς
2437 3002 2578 3035 Munatii·

1408 3052 1712 3089 lucubrationibus
1736 3051 1845 3097 petita
1873 3049 2037 3091 fue-runt,
2071 3048 2115 3085 ad
2140 3048 2368 3096 Antiquitatis
2399 3050 2579 3097 cognitio-

1407 3113 1492 3138 nem
1506 3100 1724 3148 potissimum
1739 3098 1923 3146 i‘peiftantia
1933 3125 1943 3139 ,
1970 3097 2027 3134 sed
2041 3097 2239 3145 prolixiora
2254 3096 2450 3145 paululum,
2470 3110 2579 3147 quam

1407 3151 1444 3187 in
1461 3149 1594 3188 Latinae
1619 3149 1750 3196 linguae
1781 3146 1918 3186 Lexico
1944 3146 2169 3194 exspectares.
2220 3146 2318 3184 Alius
2344 3147 2505 3195 insuper,
2533 3158 2580 3185 ex

1409 3199 1620 3239 Medicorum,
1648 3199 1801 3246 opinor,
1820 3196 1960 3242 familia,
1986 3195 2181 3233 conductus
2201 3195 2285 3238 fuit,
2312 3197 2374 3243 qui
2402 3198 2482 3233 artis
2510 3195 2578 3234 suae

1409 3248 1583 3285 vocabula
1602 3246 1732 3283 eodem
1758 3245 1880 3282 omnia
1904 3245 2090 3282 infarciret.
2140 3245 2181 3282 ld
2198 3245 2298 3293 quod
2318 3245 2342 3281 si
2360 3245 2416 3281 vel
2440 3245 2580 3282 medio-

1409 3299 1460 3334 cri
1478 3297 1611 3343 judicio
1627 3293 1780 3336 feeiffet,
1806 3295 1956 3342 gratiam
1974 3293 2068 3342 apud
2097 3295 2169 3339 ejus
2195 3293 2387 3342 disciplinae
2410 3293 2576 3332 alumnos

1410 3348 1499 3383 inire
1516 3351 1666 3394 poterat.
1717 3343 1804 3381 Non
1821 3342 1935 3379 solum
1957 3353 2042 3379 vero
2058 3354 2132 3386 eas,
2162 3355 2239 3392 quse
2257 3343 2351 3391 apud
2371 3343 2499 3378 Plinium
2515 3355 2578 3381 ex.

1411 3395 1517 3436 stant,
1559 3395 1718 3440 stirpium
1756 3391 2028 3439 descriptiones,
2062 3391 2120 3428 sed
2159 3394 2194 3428 ἅν
2225 3393 2439 3430 morborum
2477 3404 2585 3440 paene

1412 3446 1576 3480 omnium
1595 3454 1641 3479 ex
1657 3440 1787 3478 eodem
1806 3440 1923 3478 Plinio
1947 3440 2121 3483 remedia,
2150 3448 2269 3478 totum
2293 3453 2392 3489 paene
2419 3442 2526 3476 Galeni
2541 3441 2578 3478 de

1407 3491 1528 3535 simplic.
1547 3491 1648 3527 medic.
1674 3489 1836 3527 libellum
1849 3516 1857 3531 ,
1883 3496 2000 3526 totum
2011 3501 2110 3536 paene
2123 3502 2269 3539 quoque
2287 3490 2430 3533 Ruellium
2449 3490 2484 3525 de
2498 3493 2577 3527 Nat.

1410 3544 1499 3584 Stirp.
1519 3547 1610 3576 totas
1633 3541 1719 3576 item
1743 3550 1790 3575 ex
1814 3538 1976 3582 Dioskoride
1996 3540 2031 3575 &
2054 3538 2078 3575 si
2098 3539 2163 3576 diis
2190 3540 2326 3587 placet,
2353 3550 2398 3575 ex
2422 3539 2580 3575 Mitthiolz·

1413 3600 1559 3638 quoque
1575 3591 1609 3624 in
1621 3587 1775 3625 eundem
1792 3588 2011 3621 Commentariis
2026 3588 2227 3635 plantarum
2239 3587 2493 3635 descriptiones
2504 3589 2576 3626 huc

1412 3637 1542 3674 eodem
1564 3638 1757 3673 describere
1772 3664 1781 3677 ,
1810 3634 1846 3671 id
1865 3642 1956 3677 erat,
1983 3647 2061 3673 mea
2078 3637 2223 3685 quidem
2246 3637 2435 3679 sententia,
2459 3637 2578 3675 homi-

1412 3688 1466 3722 nis
1487 3686 1582 3722 malo
1604 3686 1734 3722 morbo
1754 3684 1954 3722 laborantis,
2004 3685 2101 3722 Alius
2121 3686 2298 3735 denique,
2326 3687 2387 3734 qui
2404 3686 2578 3730 juridicum

1411 3737 1536 3769 Lexicon
1564 3737 1740 3776 Hotomam',
1777 3740 1816 3770 ut
1847 3734 1883 3768 in
1910 3744 2000 3769 voce
2032 3734 2152 3771 Aeno
2188 3735 2384 3772 indicatum
2409 3735 2476 3777 est,
2505 3735 2578 3772 huc

1412 3782 1680 3830 propemodum
1721 3789 1838 3818 totum
1881 3782 2110 3824 describeret,
2144 3784 2339 3821 conductus
2376 3785 2462 3820 item
2500 3785 2576 3821 fuit.

1412 3831 1528 3876 Quod
1551 3838 1646 3868 tanta
1667 3831 1829 3867 socordia
1845 3830 1947 3873 fecit,
1970 3837 2008 3867 ut
2025 3834 2060 3868 in
2075 3833 2281 3879 quibusdam
2299 3832 2512 3870 diffitionibus
2532 3832 2577 3871 ad

1412 3879 1612 3928 superiora,
1640 3879 1698 3916 vel
1716 3880 1804 3917 infra
1816 3879 1994 3928 sequeutia
2006 3889 2200 3928 provocet,
2226 3893 2304 3931 quae
2321 3889 2440 3920 tamen
2452 3881 2577 3919 omina

2413 3932 2573 3973 fuerunt,

1590 2867 1640 2892 uae
1655 2854 1698 2890 ad
1717 2853 1833 2891 Medii
1856 2865 1896 2890 ac
1921 2852 2080 2901 Junioris
2106 2854 2171 2889 aevi
2189 2858 2353 2900 tempora
2376 2854 2575 2900 pertinent,
2638 2852 2653 2882 f
