2600 4177
661 97 669 109 W

31 236 68 272 ,ες
78 246 96 266 >r
105 244 147 267 Π
160 247 176 267 A
186 250 201 268 L
211 247 234 268 .oe
244 249 261 268 Α
272 261 279 273 ‚
302 235 511 274 [Ἀςυπυίλαωοι]
533 237 621 268 lnsula
630 237 667 267 est
680 247 733 266 una
747 247 760 266 e
775 236 942 275 Cycladibus
956 262 964 274 ‚
985 239 1019 269 ab
1036 239 1180 276 Astypalaea

68 275 156 305 Anczei
175 284 258 305 matre
271 275 457 306 denominata.
501 278 584 304 Antea
603 277 678 304 enini
694 285 708 304 a
723 276 834 304 Caribus
849 276 968 306 habitata
980 300 987 311 ,
1009 277 1108 314 Pyrrha
1128 277 1182 313 pri-

65 323 142 342 murn
154 336 161 347 ,
183 314 285 342 deinde
299 313 383 350 Pylaea
399 335 406 345 ,
429 322 493 342 mox*
507 314 559 339 ”7in
572 310 685 348 231!anae
696 335 702 345 ,
725 313 751 341 h.
763 322 786 341 e.
810 313 929 342 Deorum
946 314 1037 344 mensa
1048 337 1054 346 ,
1075 314 1182 350 s‘uitap-

30 373 31 376 η
64 350 174 389 pellata.
199 351 264 380 Haec
275 351 370 388 Steph.
387 352 460 380 cons.
474 350 540 379 Plin.
555 351 601 379 lib.
612 361 638 385 4.
651 360 710 387 cap.
725 359 766 379 12.
783 352 808 379 δι
820 352 906 380 Strab.
920 352 965 380 lih.
983 363 1021 380 ιο.
1045 352 1181 379 Vadianus

65 394 144 426 putat
155 387 249 417 Asticla
269 388 341 425 apud
359 388 541 425 Pomponium
560 387 576 416 l.
593 397 617 416 2.
635 398 658 416 c.
673 397 698 423 7.
721 396 850 425 corrupte
872 389 924 423 leui
946 399 995 427 pro
1017 388 1180 425 Astypalaea,

66 425 228 463 astipulante
244 426 520 461 l’i'ntiiino,qiioniodo
535 427 559 454 ὁὶ
572 425 701 453 Schottus
716 425 812 454 edidit.
825 426 940 455 Ovida.
954 427 989 456 de
1001 427 1062 455 Arte
1073 428 1179 459 Ani.82.

146 463 247 492 Dextra
259 462 415 499 Lehynrhos
424 469 481 492 erat
491 485 498 495 .
520 463 644 498 silvisque
658 462 785 492 umbrosa
797 463 941 502 Pachynne
950 487 958 499 ,

184 500 334 536 Ciiirftaque
351 501 456 538 piscosis
474 501 620 537 Astypfflaea
636 500 719 528 vadis.

66 537 223 574 Astypalaea,
238 538 359 567 Coorum
373 538 424 567 suit
435 538 500 566 urbs
520 539 678 574 antiquitus.
700 537 785 566 strab.
797 537 894 574 lib.14.
914 538 944 567 V.
958 539 1052 577 Steph.
1071 538 1117 575 qui
1127 543 1183 567 tres

69 575 178 612 insuper
189 583 321 604 memorat
338 575 506 612 Astypalaeas.

31 610 72 643 As
88 622 101 641 ι·
112 622 128 641 Υ
139 622 152 640 Ρ
162 623 179 640 A
190 624 205 640 L
214 623 226 641 ε
237 624 243 640 ι
256 624 271 641 c
281 623 292 641 s
302 634 309 647 ,
332 613 552 649 [awannam]
574 613 633 648 Adj.
653 612 697 641 sex
707 611 880 648 syllabarum.
903 613 986 643 Ovid.
998 622 1023 651 7.
1036 614 1103 643 Met.
1118 615 1182 649 461.

147 649 220 679 Hinc
234 649 366 688 Anaphen
380 650 426 679 sibi
436 651 527 688 jungit
539 673 546 683 ,
571 652 597 680 Sc
613 650 763 686 Astypaleia
773 660 864 686 regna.

32 687 179 752 Λετῖἷᾼ
189 699 204 716 L
214 699 237 716 με
247 698 280 717 ic
291 699 308 717 υ
318 698 330 717 s
342 710 349 724 ,
372 689 430 724 Adj.
456 688 582 718 alterum.
627 687 696 716 Plin.
717 687 735 717 l.
749 697 791 724 30.
809 697 831 716 c.
848 692 873 717 ⁶.
888 690 913 718 &
930 698 971 723 ¹4-
1002 687 1185 726 Astypalae'i'cae

35 738 38 741 ·
68 734 196 754 coeieae.

33 763 74 793 As
84 771 150 790 ‘rm’
160 772 177 790 A
190 773 205 790 r.
214 773 236 791 ‚te
246 772 259 797 iz
269 772 287 790 N
296 772 308 791 s
318 772 330 791 ii
340 773 352 791 s
363 785 370 798 ‚
392 761 612 799 [Ἀςνπαλκιῶ]
633 761 730 800 Populi
739 784 747 796 ‚
769 762 804 791 de
820 761 919 799 quibus
933 762 967 792 sic
978 763 1063 792 Strab.
1078 762 1125 792 lib.
1141 771 1183 795 η.

71 798 378 838 Astypalreensesitaque
392 801 439 838 qui
450 800 600 830 Rhoeteum
618 807 784 833 tenuerunt,
807 801 888 837 primi
899 800 1037 838 oppidum
1055 801 1132 836 juxta
1146 800 1186 828 Si-

42 857 43 860 =
69 844 210 866 moenteni
221 838 374 867 condidere
385 860 392 874 ‚
415 839 489 875 quod
501 847 576 867 nunc
586 837 700 867 Polisma
711 838 870 867 nominatur
885 860 892 874 ‚
913 840 942 868 in
963 839 1026 868 loco
1037 848 1093 868 non
1105 837 1186 867 valde

70 875 189 904 idoneo:
211 883 378 913 quapropter
390 877 447 906 cito
458 877 580 906 eversum
590 876 636 905 est.
669 875 798 905 Haecille.

31 913 74 944 'As
88 922 172 946 rra,
197 913 227 941 V.
250 924 287 942 As
301 924 376 943 rua.

33 951 73 982 As
82 959 100 978 ἰ·
110 960 127 978 Y
139 960 153 978 a
163 961 181 978 A
193 973 200 983 ,
223 949 356 986 [Amy]
378 951 462 981 Vicus
473 952 525 980 fuit
534 952 563 980 in
575 951 688 988 regione
703 949 840 986 Troiana,
865 952 891 980 ἃ
902 950 980 981 lucus
988 949 1071 990 ipsius
1081 950 1185 980 Dianae.

67 987 155 1017 Strab.
170 987 216 1017 lib.
233 998 272 1023 ¹3-
297 990 438 1026 proximus
450 989 619 1026 Adramyttio
633 1010 639 1023 ,
662 996 691 1017 ut
706 989 838 1018 aitidem.

70 1025 168 1055 Fuit&
177 1025 240 1055 urbs
254 1027 395 1056 Phoenices
408 1028 480 1056 circa
490 1027 621 1056 Rhodum
632 1049 640 1060 ,
661 1026 689 1054 in
701 1036 753 1062 qua
766 1026 907 1055 colebatur
921 1026 1046 1056 Minerva
1058 1026 1166 1064 Astyris.

70 1062 147 1092 Est&
157 1063 270 1093 Boeotiae
281 1065 314 1092 ad
328 1064 437 1094 Potnias
447 1086 454 1099 ,
480 1073 511 1093 ut
522 1064 629 1093 Charax
641 1064 733 1093 scribit
743 1065 771 1093 in
781 1064 913 1093 secundo.

71 1100 114 1130 Est
124 1102 150 1130 Sc
159 1102 234 1138 regio
245 1102 328 1132 ltaliae
339 1124 346 1136 ,
368 1103 445 1136 cuius
460 1102 562 1138 gentile
576 1102 728 1139 Astyrenus.
768 1101 843 1131 Hinc

34 1137 208 1170 Asa-isaia}
221 1150 238 1168 A
261 1140 349 1170 Diana
361 1162 368 1175 ,
390 1142 519 1176 [Ἀςνςενη
538 1140 674 1175 ”Αρπμες]
699 1139 868 1177 Nuncupata
889 1139 942 1168 fuit
959 1139 992 1168 ab
1015 1139 1107 1177 Astyra
1124 1138 1187 1167 vico

69 1176 99 1206 in
107 1176 219 1213 regione
229 1176 368 1213 Trojana.
390 1178 514 1207 utStrab.
530 1178 622 1216 placet
640 1177 688 1206 lib.
702 1186 742 1214 13.
783 1177 940 1215 Stephanus
963 1184 1057 1206 tamen
1078 1176 1188 1206 videtur

0 1226 2 1244 ι
43 1246 46 1247 ⁷
68 1213 104 1258 ab
120 1214 308 1282 Mizyiiocimhae
321 1215 477 1246 deducere:
490 1217 525 1246 ,ἃ
544 1215 701 1246 Minervam
720 1214 840 1253 Astyrida
853 1238 861 1251 ,
881 1225 897 1245 a
912 1215 1060 1244 Phoeniciae
1075 1214 1188 1244 civitate

45 1277 48 1283 .
70 1261 142 1282 circa
195 1262 212 1282 o
235 1263 290 1283 um.

4 1075 11 1178 „aare

462 1309 489 1343 A
587 1309 607 1344 S
705 1308 738 1343 U

0 1369 4 1389 τ
36 1361 238 1400 Αενιετυε,
257 1366 508 1396 ΑενκετιΝυΜ
520 1366 649 1404 Lignum,
667 1367 724 1396 V.A
737 1376 870 1397 snasro
882 1377 912 1403 s,
935 1376 1186 1397 Asai-ismarum.

0 1410 3 1438 ξ
38 1400 79 1431 As
89 1411 131 1430 un
141 1411 160 1429 A
170 1423 178 1435 ,
199 1403 347 1440 [undem]
368 1405 515 1443 Oppidum
531 1406 568 1434 est
581 1406 708 1443 proxime
725 1404 871 1435 Philiscum
881 1427 889 1437 ,
910 1406 945 1434 ad
966 1406 1132 1443 Euphratem
1143 1427 1151 1441 ,
1173 1414 1189 1434 a

75 1448 128 1476 quo
139 1439 292 1470 Seleuciam
306 1442 403 1472 decem
414 1444 522 1472 dierum
533 1443 570 1472 est
580 1444 726 1480 navigatio.
751 1443 819 1472 Plin.
833 1442 880 1471 lib.
894 1454 917 1477 ς.
930 1453 991 1481 cap.
1002 1447 1047 1473 26.

0 1500 7 1521 ‚¹
38 1476 125 1512 Asos
137 1499 144 1512 ‚
166 1476 280 1513 [⁰Acr&
292 1480 456 1518 Stephano]
477 1481 529 1510 sive
549 1482 604 1517 (ut
617 1482 692 1519 apud
707 1480 825 1510 Plinium
835 1480 959 1518 legitur)
980 1480 1061 1510 Asum
1071 1502 1080 1516 ,
1101 1480 1191 1518 Oppi-

74 1514 141 1544 dum
151 1516 190 1545 est
199 1515 286 1546 Cretae
296 1518 389 1548 insulae
400 1518 634 1549 mediterraneum
643 1541 651 1556 ‚
674 1520 710 1549 de
722 1529 776 1557 quo
787 1518 856 1549 Plin.
868 1519 915 1548 lib.
928 1530 954 1555 4.
970 1528 1030 1557 cap.
1047 1528 1088 1548 12.

494 1575 520 1604 A
595 1571 616 1606 S
701 1571 733 1606 Y

39 1626 107 1658 ΔΗ
116 1636 133 1657 c
142 1637 162 1657 H
172 1639 181 1657 r
190 1639 202 1658 s
214 1650 222 1664 ,
243 1626 386 1667 [Ἀσυχές]
406 1631 600 1669 AEgyptiorum
610 1640 658 1661 rex
666 1632 727 1670 post
741 1631 917 1669 Mycerinum
929 1654 937 1667 ‚
962 1632 1041 1668 cujus
1058 1642 1128 1671 opus
1138 1633 1191 1662 fuit

44 1698 46 1701 .
75 1663 322 1734 lateritiafiyramis
333 1669 408 1706 apud
417 1670 574 1707 Memphim
586 1691 595 1705 ,
615 1678 646 1699 ut
655 1670 764 1699 testatur
773 1670 877 1699 Herod.
887 1670 936 1699 lib.
952 1680 978 1699 2.

37 1701 58 1733 Δ
66 1712 78 1733 s
87 1706 106 1733 {⁷
114 1715 130 1732 L
140 1714 159 1733 A
167 1726 175 1740 ‚
223 1706 288 1735 erba
300 1707 337 1735 est
344 1717 396 1744 qua
407 1706 455 1736 sibi
466 1717 567 1744 pecora
579 1708 726 1736 medentur
735 1730 743 1742 ‚
763 1707 895 1745 siquando
905 1708 1087 1745 anagallidem
1101 1707 1192 1737 foemi-

40 1769 42 1772 ,
74 1750 138 1808 3³¹:ssss
151 1743 342 1809 ilngprudenter
356 1745 529 1782 gustaverint.
569 1744 767 1775 LatiniFerum
778 1745 891 1776 oculum
903 1745 1052 1784 appellant.
1086 1747 1191 1775 Author

107 1789 141 1808 in.
167 1790 172 1809 i
198 1785 308 1812 .26.ca
333 1793 396 1812 .1.

37 1815 59 1852 11
66 1826 79 1847 s
88 1820 107 1846 ἴ(
115 1829 131 1846 1.
141 1828 160 1847 A
168 1792 493 1859 s‚[·A0122aei']Pr³0prium
502 1821 569 1850 vatis
580 1821 725 1857 cujusdam
735 1830 840 1850 nomen
850 1821 1000 1859 apudVirg.
1013 1821 1189 1860 10.}En.175.

6 1859 9 1868 ’
55 1865 57 1867 ’
147 1856 258 1887 Tertius
267 1857 314 1887 ille
325 1858 471 1888 hominum
482 1881 490 1895 ,
512 1859 663 1896 divumque
676 1860 810 1896 interpres
822 1859 927 1897 Asylas,

150 1895 201 1924 Cui
212 1897 352 1933 pecudum
361 1896 450 1932 fibrae,
474 1897 538 1926 coeli
548 1898 593 1926 cui
607 1898 690 1926 sidera
705 1904 804 1934 parent
814 1919 822 1932 ,

148 1932 183 1962 Et
195 1933 298 1971 linguae
312 1934 455 1964 volucrum
466 1957 474 1969 ‚
496 1936 522 1964 ἃ
533 1934 641 1972 praesagi
654 1934 778 1964 fulminis
789 1936 875 1972 ignes.

39 1969 184 2005 Asinum.
196 1971 311 2008 [binum]
317 1972 402 2002 Locus
412 1973 606 2010 resugii,quem
618 1972 722 2002 violare
731 1972 1193 2010 nefas.Servius,PostquamHercu-

6 2010 11 2014 “
74 2007 113 2038 les
124 2010 271 2046 migravite
281 2011 487 2048 terrismepotes
497 2012 555 2046 ejus
566 2012 695 2041 timentes
707 2011 818 2040 insidias
828 2021 923 2040 corum
935 2021 1003 2048 quos
1011 2020 1076 2041 avus
1089 2012 1192 2041 afflixe-

74 2052 133 2082 rat,
154 2047 266 2076 Athenis
276 2048 321 2077 sibi
332 2049 413 2086 primi
425 2048 528 2086 asylum
539 2071 547 2083 ,
563 2048 617 2078 hoc
626 2049 664 2078 est
674 2048 810 2087 templum
818 2049 1019 2084 misericordiae‚
1039 2049 1193 2079 collocave-

75 2091 154 2119 runt,
175 2085 251 2115 unde
259 2086 351 2115 nullus
360 2086 449 2123 posset
461 2086 581 2121 abduci,
603 2087 677 2124 quod
690 2089 773 2117 etiam
785 2087 886 2117 Statius
905 2087 991 2117 dicit:
1016 2093 1065 2122 ut,
1087 2087 1195 2117 Hercu-

77 2170 108 2190 ro
117 2161 289 2199 postulante,
311 2158 390 2199 quod'
399 2163 421 2192 is
454 2163 530 2200 phesi
546 2162 573 2192 se
585 2163 744 2200 quaestorem
759 2164 786 2192 vi
796 2163 969 2200 prohibitum
988 2163 1041 2192 effe
1057 2163 1168 2193 dicebat
1183 2185 1191 2199 ‚

21 2228 23 2238 Ι
77 2200 224 2235 quominus
237 2210 252 2228 e
263 2200 327 2229 sano
344 2200 438 2229 Diana!
455 2199 560 2229 servum
578 2200 673 2234 surim,
695 2201 742 2238 qui
761 2202 790 2230 in
807 2201 876 2230 illud
893 2200 996 2238 asylum
1011 2200 1192 2238 confugisset,

20 2251 23 2272 !
76 2236 236 2272 abduceret,
249 2237 366 2267 Pericles
377 2238 516 2276 Ephefius,
528 2240 580 2268 διε.
603 2238 699 2268 Strabo
712 2238 759 2268 lib.
772 2250 795 2274 5.
813 2239 848 2268 de
859 2239 1005 2268 Collatinis
1015 2261 1023 2273 ,
1046 2240 1194 2269 Antemna-

21 2274 23 2279 '
76 2274 166 2309 tibus,
187 2275 366 2305 Fidenatibus
377 2298 384 2310 ‚
406 2278 432 2306 ἃ
446 2276 663 2311 Laviniensibus,
677 2277 744 2306 Orta
755 2277 915 2313 igiturinter
925 2286 972 2306 eos
980 2276 1114 2306 seditione
1124 2299 1132 2311 ,
1151 2278 1194 2306 in-

77 2319 118 2342 ter
137 2313 297 2343 aedificanda
317 2315 420 2344 moenia
432 2336 439 2350 ‚
462 2314 581 2344 Remum
597 2314 720 2344 occisum
738 2315 817 2344 fuiffe
832 2315 955 2344 traditur.
996 2315 1067 2344 Urbe
1088 2315 1193 2345 deinde

78 2351 191 2380 condita
203 2373 210 2387 ,
233 2351 367 2381 Romulus
377 2352 506 2382 mortales
516 2362 655 2382 convenas
668 2362 795 2390 aggregat
805 2376 812 2388 ‚
828 2353 935 2382 sacrum
947 2353 1088 2390 quendam
1099 2353 1194 2382 locum

67 2389 203 2426 <aperiens
213 2411 220 2424 ,
247 2390 319 2419 inter
330 2390 431 2419 collem
445 2392 471 2420 &
480 2390 659 2428 Capitolium,
673 2401 727 2427 quo
737 2391 925 2429 perfugientes
935 2391 1071 2420 finitimos
1083 2391 1194 2420 civitate

78 2426 196 2456 donatos
225 2427 354 2465 designat.
394 2428 452 2458 Liv.
467 2437 509 2464 35.
525 2438 568 2464 51.
598 2428 751 2466 Templum
779 2429 817 2458 est
842 2429 977 2466 Apollinis
1007 2428 1119 2459 Delium
1143 2430 1196 2458 im-

78 2464 187 2494 minens
197 2466 283 2495 mari:
306 2467 429 2504 quinque
442 2466 528 2496 millia
545 2466 670 2504 passuum
685 2477 700 2496 a
716 2467 842 2504 Tanagra
857 2467 949 2501 abest,
974 2467 1066 2496 minus
1078 2473 1196 2504 quatuor

73 2502 196 2540 ‚millium
207 2504 273 2533 inde
284 2505 312 2533 in
326 2505 454 2542 proxima
465 2504 577 2534 Euboeae
588 2504 625 2534 est
634 2505 701 2533 mari
713 2505 850 2540 trajectus.
893 2504 945 2534 Ubi
960 2506 986 2534 δι
1002 2505 1030 2533 in
1044 2505 1107 2534 fano
1117 2505 1195 2535 luco-

76 2550 131 2578 que
141 2563 149 2576 ,
169 2551 201 2571 ea
212 2541 345 2579 religione
357 2544 383 2572 ἃ
392 2553 425 2572 eo
434 2543 494 2578 jure
504 2542 595 2572 saneto
605 2553 659 2579 quo
670 2542 733 2572 sunt
742 2542 847 2580 templa
858 2565 866 2576 ‚
888 2552 947 2579 quae
959 2542 1029 2580 asyla
1045 2543 1134 2572 Graeci
1148 2553 1196 2581 ap-

79 2578 200 2617 pellant:
222 2581 247 2609 &
258 2581 384 2610 nondum
395 2581 554 2610 autiudic‘to
564 2580 637 2609 bello
647 2602 654 2615 ,
677 2587 723 2610 aut
737 2581 775 2610 ita
789 2580 932 2610 commisso
944 2603 952 2616 ,
975 2589 1005 2610 ut
1020 2581 1126 2611 strietos
1140 2581 1197 2618 gla-

56 2638 57 2642 ,
79 2616 139 2646 dios
151 2639 158 2652 ,
173 2623 219 2646 aut
227 2617 388 2655 sanguinem
397 2618 511 2656 usquam
519 2619 623 2648 faftum
635 2618 787 2648 audissent:
812 2629 896 2656 quum
908 2628 956 2656 per
964 2628 1096 2656 magnum
1106 2621 1196 2649 otium

79 2655 179 2685 milites
190 2677 197 2690 ‚
219 2656 265 2685 alii
277 2657 311 2685 ad
320 2656 508 2695 speetaculum
517 2656 617 2694 templi
627 2656 738 2694 lucique
751 2656 818 2686 versi
834 2679 841 2692 ,
862 2656 909 2685 alii
923 2657 956 2692 ,in
970 2656 1063 2686 littore
1075 2658 1195 2687 inermes

77 2696 258 2731 vagarentur,
281 2695 331 2724 &e
357 2695 428 2733 Virg.
441 2701 466 2730 8.
483 2695 545 2725 AEn.
558 2705 621 2731 342.

156 2731 230 2760 Hinc
240 2731 335 2761 lucum
346 2733 488 2771 ingentem
498 2755 506 2767 ,
528 2743 611 2770 quem
625 2732 761 2762 Romulus
777 2742 840 2762 acer
853 2732 957 2771 asylum
1066 2732 1194 2763 Rettulit.

78 2767 169 2805 Asylus
180 2791 188 2804 ‚
209 2770 302 2799 Statua
312 2771 347 2799 ad
357 2780 439 2808 quam
447 2771 675 2808 confugientibus
685 2771 729 2806 jus
740 2778 798 2800 erat
807 2770 897 2808 asyliae
905 2793 913 2806 ,
932 2768 1069 2807 ejusmodi
1081 2771 1197 2801 statuam

97 2806 188 2836 scribit
198 2807 371 2838 Philostratus
380 2808 459 2838 fuiffe
470 2808 584 2838 Tiberii.
621 2808 746 2838 ssudaeus.
1082 2825 1089 2827 >

77 2843 147 2882 Asyli
154 2845 198 2889 jus
203 2845 320 2912 girmare.
356 2847 445 2877 Tacit.
457 2858 484 2884 4.
502 2848 570 2876 Anii.
587 2857 628 2883 14.
645 2856 667 2876 x.
693 2846 834 2876 Vetustum
845 2846 910 2885 asyli
920 2849 963 2884 jus
975 2868 983 2882 ‚
1004 2853 1035 2876 ut
1043 2846 1196 2877 firmaretur

96 2889 198 2919 petenti
222 2894 261 2913 us.

28 2952 30 2955 ,
80 2919 204 2958 Asylum,
226 2923 424 2952 intemeratum
435 2921 531 2952 Latine
541 2922 658 2958 dicitur,
680 2922 756 2960 quod
773 2921 852 2952 locus
868 2921 935 2952 esset
953 2932 968 2952 a
982 2932 1036 2960 quo
1047 2924 1190 2953 neminem

97 2960 207 2996 pervim
221 2961 364 2990 extrahere
374 2960 483 2990 licebat.
606 2962 608 2964 ’

45 2995 85 3031 As
93 3006 111 3025 r
119 3008 135 3025 L
146 3007 155 3025 ι
166 3019 175 3032 ,
197 2997 327 3027 dicuntur
338 3008 353 3027 a
365 2999 465 3028 Graecis
474 2998 610 3028 Homines
625 3009 640 3028 a
651 2998 784 3027 violentia
793 2997 863 3034 tuti,
886 3004 916 3027 ut
932 2997 996 3027 sunt
1015 2997 1176 3028 sacrosanc‘ti
1187 3021 1196 3035 ‚

25 3052 27 3055 -
64 3048 79 3071 b?
97 3044 146 3064 uos
155 3035 289 3073 attingere
302 3036 357 3065 sine
369 3036 479 3075 piaculo
489 3036 636 3071 nonlicet,
657 3046 710 3065 nec
746 3036 916 3065 rehendere:
938 3034 1030 3073 quales
1043 3043 1120 3065 erant
1134 3037 1197 3066 Tri-

19 3107 22 3110 ⁴
99 3073 146 3102 uni
155 3073 247 3111 plebis
256 3075 330 3112 apud
342 3074 492 3104 Romanos.
514 3073 686 3104 Dicebantur
697 3047 767 3112 Asyli
777 3076 803 3104 Sc
818 3073 1030 3103 Caduceatores.
1067 3074 1195 3104 Budaeus.

16 3116 27 3137 r
47 3108 86 3140 As
95 3120 111 3139 i(
120 3121 153 3139 tr
164 3121 183 3140 A
194 3133 202 3146 ‚
224 3112 358 3148 [ἀσυλία]
377 3112 411 3142 ab
424 3112 502 3150 Asylo
510 3112 583 3141 dicta
593 3135 601 3147 ,
623 3112 725 3141 dicitur
741 3121 791 3150 pro
804 3111 843 3141 Eo
854 3112 914 3148 jure
925 3111 1059 3141 libertatis
1070 3114 1096 3141 δι
1106 3113 1198 3141 veniae

81 3148 155 3185 quod
163 3150 223 3186 quis
231 3150 305 3187 apud
314 3160 372 3180 aras
384 3150 560 3188 consequitur
569 3173 577 3185 ‚
598 3160 680 3187 quam
692 3150 902 3179 immunitatem
917 3149 1037 3179 ecclesiae
1054 3149 1138 3186 vulgo
1151 3160 1197 3179 vo-

82 3192 152 3215 cant.
191 3186 291 3216 AEdem
311 3188 396 3225 igitur
413 3187 512 3226 asylarn
525 3210 533 3222 ,
555 3187 600 3218 vel
619 3188 670 3222 (ut
689 3188 777 3217 Graeci
791 3187 966 3224 loquuntur)
987 3187 1082 3224 asylon
1102 3188 1196 3218 dicere

54 3232 56 3234 ’
83 3223 236 3259 poss'umus:
260 3227 284 3255 6.-
298 3225 472 3256 limulacrum
480 3225 588 3263 asylon,
611 3226 640 3255 id
650 3226 706 3261 est,
724 3226 753 3254 in
783 3235 835 3258 ua,
854 3225 898 3255 vel
909 3225 944 3255 ad
955 3225 1031 3262 quod
1042 3226 1086 3262 jus
1096 3225 1197 3264 estasy-

17 3295 23 3297 „
81 3261 123 3291 liae
133 3263 365 3301 confugientibus.
408 3263 523 3293 Budaeus
533 3264 561 3293 in
573 3265 671 3293 Annot.
687 3236 835 3301 prioribus.

16 3306 24 3328 ’.·
47 3297 68 3329 Δ
76 3308 88 3329 s
96 3309 143 3329 ΥΜ
153 3310 168 3328 a
178 3301 194 3330 ὄ
203 3312 217 3329 ι.
227 3311 246 3329 υ
255 3312 266 3330 s
276 3323 283 3335 ,
305 3301 363 3337 Adi.
388 3297 583 3338 [ἀσύιιζολῶυ]
605 3301 660 3338 Qui
670 3301 801 3330 immunis
810 3301 867 3330 abit
877 3310 892 3330 e
903 3300 1043 3330 convivio.
1059 3301 1085 3329 h.
1095 3310 1120 3330 e.
1129 3301 1197 3330 Non

59 3364 61 3367 .
80 3337 215 3375 persoluta
233 3338 369 3376 symbola,
391 3349 475 3377 quam
485 3338 592 3369 Gallice
610 3340 670 3376 escot
683 3338 766 3376 vulgo
784 3339 901 3373 dicunt,
923 3338 966 3367 vel
982 3346 1088 3376 partem
1103 3340 1198 3368 convi-

22 3378 30 3411 ᾗ
72 3374 128 3414 'vii
157 3376 222 3406 Ter.
236 3377 345 3406 Phorm.
357 3387 416 3407 2.2.
431 3387 475 3411 25.
516 3377 596 3407 Tene
614 3375 786 3414 asymbolum
800 3376 895 3405 venire
909 3377 1024 3406 unc‘tum
1041 3384 1123 3413 atque
1139 3376 1198 3406 lau-

22 3415 39 3425 ³'
81 3413 300 3449 tumebalness,
321 3417 373 3445 otc.
412 3414 465 3444 Ubi
484 3414 609 3444 Donatus
621 3437 629 3451 ,
651 3415 713 3444 Hoc
732 3424 836 3443 nomen
853 3414 958 3443 constat
976 3415 1048 3443 inter
1067 3414 1198 3452 parasitos

83 3451 228 3482 confletum
244 3461 325 3490 atque
340 3453 524 3490 compositum
544 3452 616 3482 effe:
638 3459 734 3482 contra
747 3452 818 3482 illud
837 3452 868 3480 in
888 3452 1009 3487 Andria,
1030 3452 1198 3489 Symbolum

24 3490 33 3526 ξ
83 3487 159 3518 dedit
171 3512 178 3524 ‚
200 3492 329 3520 coenavit.
372 3491 403 3520 V.
424 3490 546 3520 Gellium
556 3490 604 3520 lib.
614 3494 640 3519 6.
653 3500 713 3528 cap.
728 3499 769 3526 13.
786 3499 917 3519 sYMsoLA
930 3491 956 3519 &
971 3499 1133 3519 sniaowm.
1146 3490 1164 3519 s.
1176 3490 1196 3519 l.

34 3524 298 3563 Amantiam,
320 3528 373 3558 [ive
387 3529 675 3563 ΑεΥΝΤῐ-ιὲτοΝ,
698 3523 866 3564 [dudm-m]
887 3527 1198 3565 Figuraorationis‚qua

24 3582 29 3589 .
83 3561 171 3594 Poetae
185 3567 211 3595 ἃ
224 3566 355 3596 Oratores
373 3575 575 3603 nonnunquam
589 3573 713 3596 utuntur.
753 3565 850 3594 Latine
862 3565 917 3594 dici
929 3565 1019 3602 potest
1029 3565 1199 3603 Incompofi-

26 3612 29 3626 :
81 3606 149 3632 tum.
185 3603 335 3634 Diomedes
348 3602 396 3634 lib.
410 3613 436 3633 2.
457 3603 614 3641 Asyndeton
625 3603 663 3633 est
672 3613 758 3641 quum
769 3603 860 3640 aliqua
871 3603 1053 3640 incomposite
1063 3605 1089 3633 &
1097 3603 1201 3641 simpli-

42 3662 43 3677 3
81 3640 150 3674 citer
158 3642 350 3678 proferuntur:
372 3648 403 3671 ut
414 3663 422 3676 ,
444 3641 530 3676 Veni,
546 3641 604 3671 vidi
618 3664 625 3676 ‚
647 3642 710 3671 vici.
751 3641 819 3671 Haec
827 3640 862 3669 ab
873 3641 933 3670 aliis
943 3640 1075 3677 Dialyton
1086 3641 1197 3672 dicitur.

83 3677 169 3714 lulius
177 3678 351 3715 Rufinianus,
369 3679 541 3716 Asyntheton
552 3679 591 3708 est
599 3701 607 3713 ,
627 3679 671 3708 vel
682 3678 809 3716 dialyton
818 3700 825 3713 ,
847 3688 933 3715 quum
948 3679 1036 3707 oratio
1048 3678 1123 3708 nulla
1132 3689 1200 3708 con-

83 3715 225 3785 {Endtione
234 3727 380 3752 connexa,
400 3717 577 3747 velutsolutae
584 3717 727 3747 sententiae
736 3716 861 3754 regulam
869 3716 970 3746 servat:
993 3722 1042 3752 ut,
1065 3716 1137 3755 Virg.
1153 3727 1197 3747 10.

73 3774 78 3783 .
116 3763 143 3783 n.
188 3766 214 3783 0.

77 3782 81 3786 ⁴
154 3764 339 3828 3(Ξοηῇίιεὶυηε,
368 3793 468 3837 paratim
490 3791 566 3830 galea
586 3792 742 3831 clypeoque
761 3790 902 3822 resultant.
982 3790 1078 3822 Latine
1097 3793 1200 3822 dicitur

19 3843 32 3861 J
68 3825 227 3860 2Difl'01utio
236 3830 281 3858 vel
295 3830 475 3860 inconnexio.
513 3830 683 3868 Asyntheton
692 3838 785 3860 autem
794 3829 880 3858 modo
892 3837 941 3866 per
953 3827 1056 3863 singula
1068 3831 1150 3860 verba
1161 3830 1199 3860 fit.

0 3885 2 3905 3
36 3879 37 3882 ¹
76 3865 145 3902 ITer.
156 3867 274 3906 Adelph.
288 3878 311 3902 3.
324 3878 404 3903 424.
433 3867 560 3898 Persuasit
573 3878 646 3904 nox,
667 3877 762 3902 amor,
786 3868 899 3901 vinum,
919 3866 1112 3898 adolescentia.
1145 3868 1201 3898 Ubi

0 3933 1 3942 ἵ
85 3899 207 3935 Donatus
217 3928 225 3942 ,
248 3905 314 3934 Haec
325 3905 480 3935 inferuntur
490 3903 622 3933 ἀσυνὲἳως
633 3928 642 3940 ,
662 3916 693 3935 ut
708 3904 795 3935 multa
805 3904 960 3933 videantur.
981 3905 1072 3935 Modo
1082 3916 1131 3944 per
1140 3906 1202 3944 plu-

32 3951 34 3958 ’
85 3942 215 3977 ηγεώει,
237 3944 263 3972 &
284 3952 333 3980 per
348 3953 381 3972 ea
395 3953 455 3981 quae
467 3943 556 3973 Graeci
569 3950 669 3973 vocant
680 3944 759 3971 κῶλα.
781 3942 846 3972 Ter.
855 3942 965 3971 Phorm.
986 3953 1008 3973 ι.
1019 3953 1043 3975 2.
1055 3949 1100 3981 ες.
1141 3945 1202 3975 Pes.

86 3979 296 4052 suasivthomilni,
318 3976 688 4020 factumest,vventumest,
708 3981 865 4017 vincimur,
886 3979 976 4012 duxit..

167 4028 220 4049 or..
254 4040 261 4047 .
929 4025 934 4031 ·

75 2121 133 2152 leos
142 2122 214 2152 fama
223 2123 260 2152 est
269 2124 392 2154 fundasse
403 2134 437 2153 ne
460 2131 527 2154 otes.
551 2124 610 2154 Cic.
624 2134 646 2161 3-
658 2125 732 2154 Verr.
746 2131 790 2158 8<-
826 2125 922 2162 Nuper
933 2124 973 2154 M.
987 2125 1098 2155 Aurelio
1110 2125 1201 2155 Scau-²

1677 160 1701 197 Α
1795 160 1825 198 Τ
2318 176 2384 214 283

1274 239 1348 269 Male
1362 234 1530 284 Asyntlieton
1544 264 1552 277 ,
1567 240 1696 276 ἆσύιθεῗεν,
1714 254 1762 281 per
1773 249 1783 271 θ
1796 245 1874 275 scribi
1888 244 1979 275 innuit
1988 246 2021 276 H.
2035 246 2072 276 St.
2090 247 2223 286 siquidem
2236 253 2275 282 adv
2289 252 2390 284 Donati

1294 277 1386 307 locuni
1399 281 1537 316 adscripsit
1551 290 1557 309 ε
1590 282 1668 317 Atqui
1684 282 1730 310 hic
1741 292 1797 311 non
1811 282 1991 315 el'ta'trvv91'w5
2002 306 2009 317 ,
2032 284 2078 314 sed
2096 287 2240 318 ἁτυνδὶτωτ.
2281 293 2387 327 [Coris.

1295 323 1307 342 1¹
1317 325 1333 341 o
1344 328 1357 343 ι.
1368 326 1385 358 {⁷
1396 321 1418 345 Σ
1428 327 1445 345 v
1458 328 1475 345 N
1487 328 1504 345 o
1514 328 1526 345 r,
1538 328 1556 346 Τ
1566 327 1581 345 o
1594 328 1622 351 ni,
1645 320 1719 356 quod
1731 321 1789 355 ejus
1802 321 1968 350 contrarium
1979 320 2016 350 est
2026 322 2151 353 Schema.
2184 326 2311 357 Ceterum
2324 330 2389 359 alte-

1292 361 1353 396 rurn
1365 355 1418 382 sine
1432 354 1519 384 dubio
1538 366 1552 384 a
1564 355 1673 385 deret-iu
1685 357 1850 394 copulativae
1867 359 2024 395 particulae,
2045 370 2104 397 qua:
2123 362 2224 392 Grrecis
2245 361 2390 398 ov‘vcirfago·

1295 389 1396 433 dicitur
1408 413 1415 425 ,
1437 392 1552 421 alterum
1568 393 1600 421 ab
1610 395 1733 426 ciusdem
1749 395 1919 425 abundantia
1941 406 2045 426 nomen
2066 398 2182 429 invenit.
2225 401 2254 430 V.
2276 405 2393 434 omnino

1296 427 1407 456 Fabium
1424 428 1440 458 l.
1456 439 1481 463 9.
1495 439 1519 458 c.
1534 439 1557 463 3.
1571 439 1597 466 p.
1613 436 1675 467 813.
1698 432 1788 462 Burin.

1240 463 1258 491 A
1268 474 1280 493 s
1289 473 1307 492 r
1319 474 1330 492 s
1347 475 1359 492 r
1370 475 1386 492 A
1399 475 1417 493 *r
1427 476 1443 508 o
1453 476 1471 508 ry
1483 488 1490 500 ‚
1512 467 1672 503 [doeemur]
1693 469 1872 500 lnconsistens
1882 493 1890 507 ,
1911 471 1954 500 vel
1967 481 2061 508 parum
2072 473 2119 502 sibi
2133 474 2269 506 constans.
2301 477 2397 508 Refer-

1278 509 1320 529 tur
1332 509 1403 530 intcr
1413 511 1478 531 vitia
1487 505 1619 534 orationis
1631 527 1638 539 ‚
1664 507 1749 536 simile
1759 509 1785 537 ei
1799 509 1873 545 quod
1889 509 2029 546 appellant
2045 507 2201 546 ’λαώδῖμῖμοκ
2242 514 2284 544 Fit
2299 523 2392 546 autem

1277 541 1385 585 quoties
1394 540 1527 574 ejusmodi
1541 551 1581 570 res
1592 545 1757 587 proponitur
1768 568 1775 580 ,
1801 554 1831 575 ut
1839 555 1874 575 ne
1892 546 1973 584 polilt
1990 548 2104 585 quidem
2114 548 2168 579 effe
2183 552 2260 587 quod
2271 552 2392 591 fingitur.

1279 576 1411 606 Eruimus.
1455 577 1484 606 V.
1518 578 1711 619 iicnrAteph.
1727 582 1808 613 Thes.
1821 583 1907 614 Graec.

1738 658 1765 691 A
1855 659 1886 694 T

1241 725 1309 758 ΛΤ,
1330 722 1436 759 [ἀλλὰ]
1455 723 1624 760 conjunffio
1640 726 1792 759 discretiva.
1832 731 1895 761 Ter.
1913 733 1996 762 Andr.
2015 743 2038 767 ς.
2060 744 2086 769 4.
2108 741 2150 771 38.
2184 736 2218 766 At
2234 738 2302 767 mihi
2323 748 2396 769 unus

1279 760 1423 804 scrupulus
1433 763 1627 806 etiam‘restat,
1639 767 1695 806 *qui
1713 775 1758 796 nie
1774 768 1845 798 male
1860 770 1952 799 habet.
1993 772 2042 800 Ubi
2060 772 2203 810 Donatus,
2226 777 2258 804 At
2298 776 2398 807 discre-

1277 805 1368 827 tivum
1385 799 1423 827 est
1433 798 1602 836 superiorum
1618 801 1764 833 dictorum.
2268 799 2275 811 ⁷

1280 837 1330 870 At,
1353 836 1521 874 Principium
1542 838 1725 876 increpationi
1746 848 1850 879 aptum.

1301 874 1417 917 dignum
1430 875 1506 904 factis
1521 875 1633 904 initium
1644 877 1733 907 duint.
1775 880 1832 909 Cic.
1850 890 1874 918 7.

1301 911 1394 941 induit
1403 913 1496 950 priore
1507 913 1626 942 actione.

1281 949 1406 1016 Αέἰίεὸξίιέ.
1430 950 1492 1017 {zea
1499 952 1623 1018 sussicad'
1638 955 1680 987 56.
1702 952 1768 982 Non
1783 955 2019 992 cognoscebantur
2028 959 2093 990 foris
2106 982 2114 996 ,
2136 967 2163 990 at
2177 961 2253 991 domi
2266 973 2273 993 :
2295 973 2353 994 non
2364 964 2399 995 ab

1281 1026 1333 1059 At,
1356 1024 1549 1055 Differentiam
1557 1035 1647 1056 reruni
1659 1025 1675 1056 si
1697 1027 1805 1068 nificat:
1828 1036 1858 1059 ut
1867 1040 1952 1068 quum
1962 1032 2081 1064 dicimus
2093 1056 2100 1070 ,
2118 1035 2214 1074 Scipio
2225 1038 2261 1067 est
2273 1038 2389 1070 bellator

1303 1069 1330 1092 at
1340 1062 1451 1092 Marcus
1464 1063 1534 1093 Cato
1546 1070 1645 1094 orator.
1704 1068 1783 1095 estus.
2389 1062 2400 1077 ’

1282 1103 1317 1130 At
1332 1122 1339 1136 ,
1359 1100 1486 1144 Tamen,
1508 1108 1698 1132 veruntamen.
1738 1104 1802 1133 Ter.
1822 1105 1905 1134 Andr.
1921 1117 1946 1141 4·
1964 1116 1987 1137 1.
2000 1112 2044 1143 46.
2069 1109 2165 1141 Parum
2183 1112 2308 1143 successit
2324 1115 2401 1152 quod

1305 1148 1356 1175 ago
1369 1161 1376 1174 ‚
1398 1145 1426 1168 a‘t
1434 1139 1506 1168 faeio
1515 1139 1617 1169 sedulo.
1642 1140 1727 1170 Plaut.
1741 1141 1808 1171 Pers.
1824 1152 1847 1178 ς.
1860 1152 1885 1172 2.
1901 1148 1942 1173 16.

1282 1177 1334 1211 At,
1356 1176 1461 1206 utimur
1469 1177 1580 1214 quando
1590 1187 1654 1207 curn
1663 1179 1846 1209 admiratione
1862 1180 2014 1213 laudamus.
2054 1183 2117 1215 Ter.
2129 1184 2199 1216 Eun.
2215 1198 2238 1223 3.
2254 1199 2277 1223 ς.
2292 1199 2337 1224 40.
2369 1191 2403 1220 At

1302 1224 1385 1251 quem
1396 1215 1496 1244 deum!
1519 1216 1566 1281 qui
1578 1237 1586 1250 ,
1604 1217 1656 1245 Sic.
1680 1216 1737 1247 Cic.
1750 1228 1779 1260 9⁸.
1792 1217 1866 1248 Fam.
1878 1228 1922 1248 20.
1945 1220 2087 1252 Habuisses
2098 1224 2174 1253 enim
2184 1235 2241 1254 non
2251 1226 2386 1265 hospitem

1300 1252 1347 1282 sed
1357 1253 1527 1282 contuberna
1540 1262 1601 1282 em:
1623 1261 1651 1283 at
1661 1264 1743 1290 quem
1754 1257 1862 1285 Virums
1885 1267 1941 1286 non
1956 1268 2020 1288 eum
2037 1269 2120 1297 quem
2138 1268 2167 1290 tu
2187 1272 2215 1292 es
2229 1263 2325 1294 solitus
2341 1250 2402 1303 pro:

1302 1290 1420 1319 mulside
1437 1290 1582 1320 conficere.
1624 1292 1672 1321 Vel
1686 1303 1771 1330 quum
1789 1294 1978 1332 vituperamus
1989 1319 1996 1332 ,
2018 1298 2226 1335 interrogantes.
2251 1302 2326 1331 idem
2341 1304 2400 1333 Cic.

1302 1338 1355 1366 pro
1372 1328 1482 1359 Cluent.
1503 1338 1561 1364 199.
1586 1329 1646 1359 Una
1662 1338 1749 1359 mater
1769 1339 1928 1369 oppugnat,
1950 1340 1978 1363 at
1997 1344 2057 1371 quae
2070 1338 2181 1366 niater‘?
2203 1348 2284 1374 quani
2300 1349 2402 1371 CRC.1.111

1303 1366 1467 1410 crudelitate
1476 1367 1501 1396 &
1510 1366 1609 1433 seg-lerve
1619 1367 1682 1397 ferri
1690 1369 1798 1399 videtis.
1839 1369 1918 1400 idem
1931 1380 1982 1410 pro
1991 1372 2100 1403 Milone
2111 1396 2120 1410 ,
2131 1385 2178 1410 40.
2217 1377 2312 1413 itaque
2330 1387 2405 1408 ante-

1305 1411 1406 1439 vertit,
1426 1411 1455 1434 at
1464 1413 1519 1442 quo
1551 1414 1596 1434 ie.

1285 1443 1319 1472 At
1330 1464 1338 1477 ,
1361 1442 1456 1478 Quum
1467 1443 1533 1480 quid
1544 1452 1663 1473 oramus.
1699 1443 1757 1475 Cic.
1772 1455 1824 1483 pro
1834 1445 1926 1476 Domo
1936 1446 1983 1476 sua
1998 1470 2006 1484 ,
2029 1450 2062 1479 At
2082 1449 2177 1479 videte
2195 1450 2319 1481 hominis
2334 1453 2407 1483 into.

1304 1479 1446 1509 lerabilem
1461 1480 1615 1510 audaciam.

1285 1518 1339 1551 At,
1362 1518 1456 1561 Quum
1465 1518 1622 1556 simpliciter
1635 1519 1846 1558 interrogamus.
1886 1522 1944 1553 Cic.
1958 1523 1990 1552 in
1999 1522 2074 1555 Verr.
2106 1525 2140 1556 At
2153 1535 2202 1564 per
2212 1526 2279 1557 deos
2293 1528 2407 1558 inimor-

1305 1555 1374 1585 tales
1385 1556 1452 1593 quid
1466 1556 1504 1585 est
1514 1556 1589 1593 quod
1600 1556 1634 1585 de
1643 1556 1696 1586 hoc
1707 1558 1765 1588 dici
1778 1559 1880 1597 possit?

1287 1594 1338 1628 At,
1361 1594 1456 1630 Quum
1472 1594 1540 1631 quid
1557 1594 1722 1639 objicimus,
1742 1597 1887 1634 statimque
1902 1598 2055 1634 objectioni
2074 1600 2282 1640 respondemur.
2306 1603 2363 1634 Cic.
2377 1615 2405 1640 4.

1307 1631 1380 1661 Verr.
1403 1632 1436 1675 At
1448 1640 1540 1661 mores
1557 1633 1709 1674 commodi.
1732 1634 1792 1671 quis
1812 1638 2024 1667 contumacior?
2045 1639 2105 1675 quis
2120 1639 2321 1670 inhumanior?
2346 1644 2406 1678 quis

1306 1669 1471 1713 superbior?
1491 1671 1525 1699 At
1540 1669 1599 1699 haec
1618 1671 1673 1699 sine
1691 1671 1852 1709 cujusquam
1871 1674 1954 1704 malo.
1977 1677 2038 1713 quis
2053 1677 2199 1707 acerbiori>
2216 1679 2280 1716 >quis
2295 1679 2409 1709 insidio-

1309 1707 1382 1737 sior‘?
1403 1717 1463 1744 quis
1472 1707 1612 1737 crudelior
1621 1717 1742 1745 unquam
1753 1710 1825 1739 fuit-i>

1289 1746 1340 1781 At,
1358 1755 1411 1813 pro
1419 1745 1532 1789 Saltem.
1559 1745 1630 1775 Cato
1648 1746 1683 1775 de
1695 1746 1771 1777 R.R.
1792 1749 1890 1778 Sinon
1903 1750 2003 1780 eodeni
2019 1751 2076 1786 die,
2088 1752 2262 1795 atpostridie.
2285 1753 2342 1784 Cic.
2356 1765 2407 1793 pro

1308 1783 1337 1813 L.
1380 1783 1474 1827 lacco,
1496 1784 1524 1813 Si
1542 1793 1601 1827 non
1619 1786 1791 1822 propinqui.
1815 1787 1820 1792 '
1875 1794 1902 1816 at
1923 1789 2008 1818 aetatis
2022 1788 2092 1820 suae:
2112 1792 2132 1819 'll
2145 1801 2202 1820 non
2218 1793 2355 1827 hominis,
2380 1800 2409 1823 at

1309 1822 1489 1851 humanitatis
1499 1827 1637 1851 rationem
1647 1822 1766 1852 haberet.
1881 1835 1931 1862 pro
1947 1826 2047 1857 Milon.
2072 1828 2100 1857 Si
2110 1829 2178 1858 mihi
2190 1830 2258 1872 Rep.
2271 1830 2343 1860 bona
2355 1831 2409 1860 frui

1309 1869 1369 1902 non
1379 1859 1489 1888 licuerit
1503 1881 1511 1894 ,
1532 1865 1561 1888 at
1580 1859 1680 1889 carebo
1700 1861 1781 1891 mala.
1826 1873 1867 1892 10.
1881 1863 1953 1893 Fam.
1967 1875 1993 1900 9.
2015 1865 2140 1896 Nostram
2151 1866 2374 1906 suffragationem
2390 1869 2409 1898 si

1310 1907 1403 1926 minus
1412 1902 1573 1935 potentem,
1594 1903 1622 1926 at
1632 1898 1776 1935 probatam
1788 1905 1881 1930 tamen
1902 1902 2043 1937 &justam

1311 1935 1401 1965 lmino
1410 1935 1447 1964 est
1457 1935 1581 1970 Tmefis,
1603 1945 1654 1972 pro
1663 1937 1800 1966 Attamen.
1822 1938 1857 1967 H.
1871 1939 1909 1968 St.
1932 1940 1962 1970 V.
1985 1950 2053 1970 mox
2063 1941 2097 1971 At
2106 1947 2209 1972 tamen.

1291 1974 1326 2003 At
1337 1995 1344 2007 ,
1364 1982 1415 2016 pro
1425 1976 1459 2002 At
1469 1982 1543 2002 ver0.
1585 1973 1642 2002 Cio.
1661 1983 1683 2003 ι.
1700 1974 1758 2004 Off.
1771 1984 1815 2011 35.
1838 1976 1914 2006 Parta
1924 1984 2019 2008 autem
2029 1980 2147 2010 victoria
2155 1980 2334 2011 conservandi
2349 1981 2411 2012 sunt

1309 2011 1331 2040 ii
1341 2020 1387 2047 qui
1397 2020 1455 2039 non
1468 2010 1593 2040 crudeles
1604 2012 1633 2040 in
1644 2010 1718 2041 bello
1730 2022 1782 2042 nec
1792 2013 1928 2053 immanes
1938 2016 2068 2053 fuerunt,
2089 2024 2121 2048 ut
2133 2019 2251 2054 majores
2261 2019 2344 2049 nostri
2354 2020 2412 2050 Tu-

1310 2048 1438 2078 sculanos
1449 2071 1457 2084 ‚
1477 2048 1596 2085 AEquos‚
1618 2048 1730 2079 Volscos
1740 2072 1747 2085 ,
1768 2051 1915 2087 Sabinos„
1925 2048 2062 2121 Ἒέοε
2077 2056 2106 2085 in
2116 2057 2258 2087 civitatem
2272 2059 2357 2088 etiam
2367 2068 2411 2088 ac.

1311 2092 1462 2124 ceperunt:
1495 2093 1523 2115 at
1531 2086 1725 2124 Carthaginem
1738 2089 1763 2118 δι
1774 2089 1955 2120 Numantiam
1994 2093 2088 2123 nditus
2100 2093 2275 2124 'sustulerunt

1292 2125 1326 2154 At
1338 2130 1427 2159 certe,
1448 2124 1614 2162 interpositis
1623 2125 1682 2154 aliis
1691 2126 1781 2155 verbis
1792 2127 1865 2157 inter
1876 2129 1908 2158 At
1922 2130 1948 2159 δι
1964 2129 2053 2160 Certe.
2094 2131 2152 2161 Cic.
2166 2142 2216 2170 pro
2224 2132 2348 2164 Marcell.
2364 2143 2411 2167 2³-

1312 2163 1408 2200 Itaque
1421 2161 1496 2205 illam
1508 2168 1585 2205 tuam
1597 2162 1827 2200 praeclarissimam
1835 2167 1860 2195 ἃ
1870 2165 2097 2204 sapientissimam
2108 2178 2208 2200 vocem
2216 2171 2322 2200 'invitus
2337 2172 2415 2202 audi-

1307 2201 1338 2230 vi
1347 2223 1355 2235 ,
1377 2200 1447 2229 Satis
1456 2207 1484 2229 te
1497 2201 1545 2229 diu
1558 2200 1601 2229 vel
1611 2207 1714 2230 naturae
1723 2202 1818 2232 vixisse
1827 2225 1835 2238 ,
1855 2204 1900 2233 vel
1910 2205 2023 2242 gloriae3
2044 2205 2106 2237 satis
2118 2230 2126 2242 ‚
2150 2208 2168 2237 si
2180 2209 2219 2238 ita
2228 2208 2268 2238 vis
2281 2231 2289 2245 ,
2311 2217 2416 2239 naturae

1311 2237 1439 2282 fortasse:
1460 2237 1534 2266 addo
1553 2239 1638 2268 etiam
1658 2239 1699 2275 (fi
1712 2239 1826 2278 placet)
1847 2241 1960 2279 gloriae,
1982 2250 2010 2274 at
2025 2246 2101 2282 quod
2120 2247 2276 2276 maximum
2290 2247 2345 2283 est,
2369 2257 2415 2286 pa-

1310 2282 1369 2306 triae
1385 2282 1460 2305 certe
1470 2285 1576 2312 parum.

1292 2315 1326 2344 At
1339 2314 1424 2357 enim.
1465 2314 1530 2343 Ter.
1543 2314 1684 2358 Heaut34.
1698 2323 1778 2351 3.21.
1800 2316 1834 2346 At
1844 2317 1921 2347 enim
1935 2319 2002 2348 istoc
2018 2319 2088 2349 nihil
2099 2321 2137 2350 est
2155 2322 2242 2359 magis
2261 2323 2327 2361 Syre
2345 2324 2414 2353 meis

1309 2353 1416 2390 nuptiis
1427 2351 1578 2381 adversum.
1619 2351 1678 2382 Cic.
1695 2362 1744 2390 pro
1757 2353 1828 2392 Lege
1846 2355 1943 2386 Manil.
1968 2358 2000 2386 At
2011 2358 2087 2387 enirn
2105 2359 2146 2388 vir
2159 2359 2319 2391 clarissimus
2332 2360 2414 2400 Reip..

1312 2392 1339 2420 ἂ
1358 2389 1451 2419 vestris
1464 2389 1609 2419 beneficiis
1619 2390 1790 2428 amplissimis
1799 2391 1934 2430 affectus,
1957 2395 1992 2432 Q.
2012 2395 2143 2432 Catulus,
2161 2399 2213 2427 &a

1291 2428 1326 2458 At
1335 2429 1418 2457 etiam
1431 2450 1440 2462 ‚
1461 2427 1643 2471 Indignantis.
1683 2428 1748 2459 Ter.
1761 2429 1830 2459 Eun.
1844 2442 1867 2467 5.
1880 2441 1905 2469 7.
1918 2442 1958 2461 10.
1987 2433 2021 2462 At
2034 2435 2119 2464 etiam
2132 2436 2222 2472 primo
2235 2434 2367 2466 callidum
2387 2439 2415 2467 ἅ

1311 2466 1443 2533 ἓξῦετῖυιη
1461 2466 1568 2532 cLedidi
1583 2466 1738 2496 hominem..
1780 2468 1838 2498 Cic.
1860 2478 1886 2499 2.
1908 2469 2027 2510 Philipp.
2043 2475 2088 2506 86.
2119 2474 2152 2502 At
2165 2474 2250 2504 etiam
2264 2473 2415 2505 misericor-

1266 2522 1271 2523 ν
1333 2514 1388 2533 iam
1398 2510 1478 2540 capta
1499 2513 1535 2533 as.

1293 2536 1402 2585 Atiam.
1426 2540 1596 2571 Plaut.Trin.
1611 2552 1632 2577 ς.
1647 2551 1673 2572 2.
1687 2546 1732 2579 63.
1754 2543 1788 2572 At
1805 2544 1862 2580 J‘am
1879 2546 1993 2582 posthac
2016 2548 2187 2586 temperabo.
2210 2558 2265 2579 cri.
2289 2550 2376 2584 dicis.
2397 2551 2417 2582 st

1311 2581 1395 2609 facies
1403 2581 1498 2608 modo.
1519 2579 1583 2609 Ter.
1599 2580 1668 2611 And.
1682 2592 1708 2616 4.
1725 2591 1748 2610 1.
1766 2587 1805 2616 58.
1829 2582 1946 2613 Faciam.
1968 2594 1983 2613 Ρ
1993 2595 2012 2614 A
2022 2597 2052 2615 M.
2079 2594 2107 2616 at
2120 2588 2175 2623 jam
2188 2587 2242 2617 hoc
2257 2597 2327 2626 opus
2338 2588 2385 2618 est.

1293 2619 1389 2660 Atstaa
1421 2617 1486 2647 Ter.
1499 2617 1616 2655 Adelph.
1628 2628 1653 2647 2.
1670 2628 1691 2648 r.
1704 2628 1729 2656 7.
1752 2619 1828 2649 Leno
1837 2620 1964 2659 egosum.
1986 2633 2019 2653 Ε.
2040 2623 2105 2654 scio.
2129 2635 2151 2655 s.
2172 2626 2250 2655 atita
2260 2625 2416 2663 utusquam

1311 2656 1365 2685 fuit
1373 2655 1429 2684 side
1438 2655 1580 2692 quisquam
1592 2657 1707 2694 optima.

1293 2695 1327 2724 At
1338 2693 1459 2723 hercule.
1499 2693 1569 2722 Plin.
1577 2693 1625 2723 lib.
1640 2704 1680 2724 12.
1691 2704 1750 2732 cap.
1768 2705 1808 2731 14.
1832 2696 1867 2726 At
1875 2697 1989 2727 hercule
2000 2697 2171 2730 Alexandriae
2182 2701 2232 2730 ubi
2241 2701 2320 2731 thura
2334 2702 2417 2731 inter-

1315 2731 1463 2770 pollantur.
1502 2730 1560 2760 Liv.
1585 2733 1617 2761 At
1626 2732 1740 2762 hercule
1750 2733 1779 2762 in
1790 2744 1822 2764 ea
1828 2736 2012 2766 controversia
2023 2746 2082 2774 quae
2093 2739 2128 2768 de
2140 2740 2215 2777 Argis
2226 2740 2272 2768 est.

1293 2771 1328 2800 At
1340 2779 1423 2799 nunc.
1463 2769 1529 2799 Ter.
1539 2770 1611 2799 And.
1626 2780 1649 2800 1.
1665 2780 1691 2801 2.
1705 2779 1730 2807 7.
1755 2771 1909 2811 Nunquam
1921 2774 2051 2811 cuiquam
2062 2776 2184 2806 nostrum
2201 2777 2314 2806 verbum
2335 2777 2416 2811 fecit,

1312 2817 1405 2844 neque
1424 2807 1456 2836 id
1471 2816 1547 2874 laegre
1561 2808 1632 2838 tulit.
1662 2819 1686 2839 s.
1708 2814 1738 2838 at
1751 2818 1828 2840 nunc
1844 2811 1947 2842 faciet:
1967 2822 2059 2851 neque
2080 2814 2135 2850 (ut
2151 2815 2275 2854 opinor)
2294 2815 2349 2844 fine
2368 2822 2417 2845 tuo

1311 2855 1413 2883 magno
1426 2855 1470 2874 ma
1482 2855 1509 2875 o.

1294 2885 1329 2914 At
1347 2884 1499 2927 postquam.
1540 2880 1604 2913 Ter.
1625 2883 1744 2927 Adelph.
1759 2895 1822 2922 45.
1836 2896 1880 2923 55.
1921 2888 1955 2917 At
1979 2889 2125 2927 postquam
2144 2890 2174 2919 id
2193 2891 2304 2926 evenit,
2323 2891 2414 2927 cedo,

1315 2922 1444 2959 nunquid
1454 2921 1642 2959 circunspexti
1651 2923 1665 2951 ἱ)

1295 2960 1334 3027 AF
1344 2970 1394 2988 nos
1402 2960 1646 3026 6quemadmodum
1655 2960 1693 2990 est
1704 2962 1869 3000 complexus
1879 2963 1893 2992 ἱ)
1914 2963 2034 2994 Caffium
2052 2965 2101 2994 fibi
2109 2965 2225 3004 legavit,
2238 2966 2289 2995 (icc.
2307 2965 2370 2996 Cic.
2389 2969 2416 2996 6.

1336 3007 1389 3026 ain.
1421 3020 1427 3027 .

1295 3036 1328 3065 At
1340 3043 1431 3065 tamen
1445 3057 1452 3069 ,
1474 3035 1536 3064 duae
1547 3032 1685 3065 dictiones
1698 3046 1704 3066 :
1725 3037 1770 3067 vel
1780 3038 1908 3068 Attamen
1918 3040 2002 3069 unica
2012 3040 2106 3070 dic'tio.
2129 3040 2192 3070 Ter.
2202 3040 2286 3070 Andr.
2301 3051 2326 3076 ς.
2341 3050 2413 3078 3.23.

1315 3073 1372 3110 Ego
1381 3073 1504 3102 audiam!
1527 3073 1594 3110 quid
1604 3083 1657 3111 ego
1667 3075 1778 3106 audiani
1787 3076 1927 3106 Chreme?
1948 3087 1964 3106 c
1973 3086 2004 3106 H.
2026 3085 2053 3107 at
2067 3085 2159 3107 tamen
2170 3078 2244 3107 dicat
2257 3078 2319 3108 sine.
2342 3079 2375 3109 Et
2387 3090 2413 3116 4.

1276 3139 1289 3141 ψ
1317 3121 1341 3140 1.
1355 3120 1396 3145 η.
1421 3112 1454 3140 At
1469 3116 1563 3140 tamen
1584 3111 1630 3141 ubi
1644 3112 1713 3142 fides
1723 3113 1778 3149 est,
1800 3114 1819 3143 fi
1838 3124 1932 3151 roges⁷
1954 3115 2025 3144 nihil
2043 3116 2137 3153 pudet.
2174 3115 2221 3144 Pro
2233 3116 2288 3145 Sed
2302 3123 2416 3153 tamen,

1314 3148 1360 3178 vel
1371 3149 1426 3178 Sed
1437 3148 1455 3177 fi
1466 3156 1567 3178 tamen.
1608 3150 1666 3180 Cic.
1684 3160 1707 3186 3.
1726 3151 1761 3181 de
1775 3151 1832 3182 Fin.
1863 3153 1918 3182 Sed
1931 3163 2085 3190 quanquam
2105 3160 2208 3190 negent
2219 3163 2271 3183 nec
2283 3154 2395 3185 virtutes
2407 3177 2416 3190 ‚

1314 3196 1368 3215 nec
1378 3187 1444 3216 vitia
1453 3186 1583 3223 crescere,
1605 3194 1726 3218 attamen
1735 3196 1873 3227 utrunque
1885 3199 1980 3220 eorum
1994 3191 2071 3219 fundi
2085 3191 2292 3228 quodammodo
2307 3194 2332 3222 Sc
2344 3193 2416 3231 quasi

1314 3224 1422 3254 dilatari
1432 3230 1539 3262 putant.
1579 3225 1690 3263 Legitur
1702 3227 1732 3256 in
1743 3228 1906 3264 quibusdam
1917 3228 2121 3264 exemplaribus
2132 3226 2165 3258 Et
2176 3236 2277 3258 tamen.

1295 3263 1330 3292 At
1343 3268 1437 3292 tamen
1448 3285 1456 3297 ,
1476 3263 1646 3301 interpositis
1663 3264 1770 3302 aliquot
1785 3265 1964 3294 dictionibus.
1987 3266 2049 3295 Ter.
2060 3266 2131 3295 Eun.
2148 3276 2172 3302 5.
2187 3275 2212 3296 2.
2225 3270 2269 3296 26.
2310 3268 2382 3298 Nam
2397 3268 2417 3299 si

1313 3309 1366 3337 ego
1379 3301 1461 3338 digna
1471 3300 1524 3330 hac
1533 3302 1705 3331 contumelia
1714 3302 1773 3331 sum
1788 3305 1908 3332 maxime
1921 3325 1928 3338 ‚
1951 3309 1978 3332 at
1993 3310 2023 3332 tu
2042 3304 2174 3341 indignus
2193 3305 2239 3341 qui
2250 3305 2360 3336 faceres
2377 3312 2418 3336 ta-

1313 3348 1388 3368 men.
1424 3338 1484 3368 Cic.
1501 3340 1536 3368 de
1547 3339 1657 3369 Seneci.
1671 3344 1715 3376 65.
1735 3341 1770 3369 At
1777 3340 1915 3370 morositas
1925 3347 2034 3376 tamen,
2055 3342 2122 3370 &ea
2129 3350 2189 3379 quae
2197 3342 2255 3371 dixi
2270 3344 2336 3374 vitia
2347 3366 2354 3380 ,
2370 3345 2418 3374 lia.

1315 3376 1383 3405 bent
1392 3376 1497 3414 aliquid
1511 3377 1705 3407 excusationis.
1746 3377 1853 3407 Tmesis
1865 3378 1911 3407 est.
1935 3378 1963 3407 V.
1986 3378 2064 3416 supra
2081 3380 2113 3408 At
2124 3389 2173 3416 pro
2186 3380 2298 3411 Saltem.

1295 3415 1330 3443 At
1345 3424 1426 3450 vero,
1447 3424 1498 3453 pro
1509 3417 1619 3445 Autem.
1661 3416 1719 3445 Cic.
1735 3425 1757 3444 1.
1771 3416 1806 3445 de
1823 3415 1898 3445 Orat.
1921 3416 1954 3445 At
1963 3422 2028 3445 vero
2037 3415 2085 3445 filii
2096 3417 2156 3453 ejus
2174 3417 2267 3447 diserti
2279 3415 2360 3454 [Bac.

1294 3453 1329 3482 At
1339 3458 1378 3482 ut.
1418 3452 1483 3482 Ter.
1496 3452 1614 3490 Adelph.
1630 3462 1654 3482 2.
1669 3463 1749 3489 415.
1771 3453 1930 3488 Reddetur‚
1953 3463 1988 3483 ne
1999 3455 2075 3484 time.
2097 3464 2145 3484 SA.
2167 3455 2203 3486 At
2217 3462 2347 3487 ut‘omne
2357 3458 2427 3491 red„

1315 3491 1370 3520 dat.
1392 3489 1472 3520 idem
1488 3490 1588 3520 Heaut.
1602 3502 1627 3527 4.
1647 3500 1669 3519 1.
1682 3502 1707 3526 4.

1295 3529 1357 3557 Atat
1369 3550 1377 3563 ,
1398 3528 1559 3565 Inrerjectio
1582 3538 1616 3558 ex
1637 3526 1785 3566 improviso
1804 3527 1909 3564 aliquid
1924 3527 2160 3566 deprehenderitis
2173 3553 2180 3566 ,
2201 3532 2317 3562 authore
2335 3532 2419 3564 Liria-

1286 3575 1371 3595 sscro.
1412 3566 1476 3596 Ter.
1489 3566 1558 3596 And.
1572 3575 1593 3594 ι.
1607 3571 1686 3601 1-98·
1709 3566 1789 3601 Atat,
1811 3565 1866 3594 hoc
1878 3565 1948 3595 illud
1962 3566 2015 3602 est,
2036 3568 2103 3597 hinc
2118 3567 2171 3598 illae
2187 3568 2334 3608 lacrymae,
2355 3572 2416 3602 haec

1314 3603 1362 3632 illa
1374 3603 1412 3633 est
1424 3603 1625 3633 misericordia!
1959 3625 1962 3631 .

1294 3642 1375 3677 Atat,
1396 3642 1579 3676 Admirands,
1599 3640 1824 3670 Conterritiitem
1835 3641 2027 3671 &conturbati
2039 3642 2195 3679 interjectio
2205 3666 2212 3680 ‚
2228 3645 2346 3676 authore
2360 3646 2417 3676 Do-

1313 3685 1389 3709 nate.
1427 3679 1490 3708 Ter.
1504 3679 1570 3708 Euri.
1587 3688 1612 3707 2.
1628 3689 1649 3707 1.
1663 3686 1706 3707 22.
1731 3679 1806 3706 Atat!
1829 3678 1875 3707 hic
1886 3679 1999 3716 quidem
2015 3681 2199 3719 eit-parasitus
2216 3681 2329 3713 Gnatho
2345 3685 2416 3715 mili..

1314 3718 1365 3747 tis:
1387 3717 1465 3746 ducit
1475 3716 1568 3745 secum
1580 3725 1638 3745 una
1649 3716 1785 3752 virginem
1800 3715 1866 3744 huic
1877 3717 1961 3746 dono.

1295 3755 1359 3785 Atat
1368 3777 1376 3790 ‚
1388 3754 1546 3790 Interjeffio
1555 3753 1686 3791 paulatim
1699 3753 1822 3790 percepti
1834 3760 1915 3791 atque
1923 3754 2057 3785 intelieffti
2068 3756 2141 3786 mali.
2164 3756 2227 3788 Ter.
2241 3757 2308 3789 Eun.
2319 3770 2345 3796 4.
2359 3769 2411 3796 5.r.

1316 3794 1378 3822 Atat
1392 3793 1454 3820 data
1466 3791 1559 3820 hercle
1571 3790 1653 3820 verba
1661 3791 1729 3819 mihi
1742 3790 1822 3819 sunt:
1844 3793 1910 3821 vici't
1920 3793 2015 3822 vinum
2031 3795 2105 3831 quod
2120 3794 2185 3824 bibi.

1295 3831 1376 3864 Atat,
1399 3829 1583 3858 formidantis
1598 3829 1764 3863 interjectio.
1802 3828 1865 3858 Ter.
1884 3829 1956 3859 Eun.
1971 3841 1996 3866 4.
2014 3835 2038 3860 6.
2061 3838 2101 3866 18.
2136 3842 2160 3862 c.
2185 3831 2306 3864 Militem
2323 3834 2414 3864 secum

1313 3869 1383 3897 adte
1393 3874 1506 3903 quantas
1521 3866 1615 3908 copias
1624 3866 1784 3895 adducere?
1805 3873 1869 3896 atat.
1911 3876 1939 3897 T.
1961 3877 2029 3898 num
2046 3869 2241 3901 formidolosus
2253 3873 2365 3902 obsecro
2387 3882 2416 3902 es

1313 3906 1352 3935 mi
1365 3905 1449 3934 homo
1462 3904 1475 3932 ἢ
1497 3904 1584 3939 [Atat
1591 3904 1716 3938 eiusdem
1726 3904 1867 3940 particulae
1882 3906 2034 3942 geminatio
2044 3908 2082 3936 est
2093 3930 2100 3942 ,
2122 3908 2196 3938 velut
2207 3909 2289 3945 Utut,
2313 3911 2416 3947 Quam-

1314 3952 1414 3975 quam,
1435 3941 1562 3977 Jamjam‚
1577 3941 1679 3970 Ubiubi
1691 3964 1698 3975 ,
1717 3941 1848 3971 &similia
1858 3942 1949 3973 Latini
1964 3944 2095 3974 sermonis
2105 3947 2225 3983 propria.
2251 3949 2342 3985 ltaque
2353 3956 2418 3976 cum

1313 3979 1461 4019 superioris
1473 3979 1548 4010 vocis
1564 3978 1702 4018 exemplis
1714 3979 1773 4010 haec
1789 3981 1986 4048 {pnjungenda
1997 3982 2075 4019 sunt,
2097 3984 2168 4014 male
2175 3986 2293 4015 antehac
2303 3984 2416 4014 divulsa.

1824 4028 1841 4048 n
1863 4028 1880 4049 a·
2322 4026 2371 4053 AT
2382 4033 2398 4052 A
2409 4044 2418 4058 ‚

1901 844 1964 873 Ter.
1980 847 2049 876 And.
2063 859 2090 881 4.
2105 858 2127 877 1.
2141 858 2186 885 42.
2219 850 2267 886 At,
2289 851 2340 880 tibi
2357 852 2398 882 dii

1902 882 1975 913 Verr.
1989 893 2032 920 72.
2064 887 2098 914 At
2118 888 2356 923 quemadmodum
2370 889 2398 920 se
