2641 4187
517 151 671 205 PR
739 148 802 202 AE
867 148 906 200 F
973 148 1026 200 A
1094 150 1146 202 T
1213 151 1233 203 1
1303 153 1354 204 O
1425 152 1968 223 Edit.L0ndin.1735.
2387 165 2416 213 ς

514 252 673 291 Prudens
697 257 870 300 praetereo
892 252 915 289 S
928 265 941 289 1
953 265 983 290 M
994 265 1017 290 o
1030 261 1054 289 N
1065 265 1084 289 e
1097 263 1126 289 M
1151 263 1176 289 ι)
1187 265 1206 290 a

468 302 658 388 {raras
669 299 1210 387 2333?.r÷2a1511r;’0‡a11

47 383 202 418 N⁸⁵T⁰¹³
220 384 245 414 D
259 388 447 412 ¹⁰NY⁵¹⁰⁸'
469 411 600 438 eTuM
616 427 627 442 ,
665 398 790 436 reffius
823 378 1185 436 MliMMOTHREPTUM
1198 426 1208 440 ‚

49 457 230 496 teaiffime
243 462 363 492 tamen
388 451 528 490 MARc
538 460 591 485 m:
601 460 617 485 s
628 460 640 484 1
650 459 674 484 N
685 459 709 484 u
720 459 750 484 M
766 458 784 482 a
801 446 918 494 Regio
932 447 1073 496 Lepido
1084 475 1093 489 ‚
1109 447 1211 495 quod

52 506 231 555 oppidum
254 515 331 540 non
347 502 458 549 longe
479 498 572 535 abest
589 508 609 534 a
625 496 768 534 Mutina
782 523 792 537 ‚
832 494 982 534 Ordinis
1000 496 1210 535 Minorum,

54 557 117 604 qui
145 553 392 592 difflonarium
422 546 686 585 vocabulorum
719 541 938 582 biblicorum
969 546 1005 582 ὃς
1028 545 1214 592 liturgico-

52 617 134 642 rum
152 601 391 641 concinnavit.
442 596 581 635 Prodiit
601 594 674 633 hoc
702 593 869 632 Lexicon
889 594 1082 636 biblicum,
1111 593 1213 641 quod

53 653 154 690 velut
169 649 353 691 Infantulis
371 657 536 685 mammae
558 644 603 683 ad
615 644 719 681 instar
731 642 929 692 sugendum
947 642 1215 685 Mammothrepton

54 699 227 750 inscripsit
250 700 357 748 (quae
376 695 570 746 appellatIO
590 693 674 731 inde
690 694 729 730 in
743 691 937 731 Aut‘iorem
955 692 1104 736 recidit)
1131 690 1217 730 Mo-

56 757 156 800 gunt,
189 760 292 795 1470.
325 746 455 785 Venet.
478 755 580 791 1479.
607 755 642 789 4.
670 754 689 779 a
717 741 766 779 ud
788 744 863 776 Nic.
884 741 988 786 Jenfim
1007 742 1043 777 &
1061 740 1144 777 alibi
1161 738 1218 775 sae-

57 801 136 850 pius
162 797 225 845 [a]
240 825 249 833 .
298 795 474 834 Praetereo
496 803 643 843 quoque
715 798 880 828 ΕΜΜΑΜ
915 788 1216 829 GEMMARUM,

57 851 254 896 caeteraque
273 845 311 882 id
330 856 444 894 genus
456 841 683 880 vocabularia
692 868 702 883 ,
713 839 779 877 NE
789 851 804 875 s
815 850 840 876 ‘r
853 850 875 876 o
887 850 910 875 R
920 849 940 875 e
951 851 981 876 M
997 843 1084 876 item
1106 837 1144 876 D
1155 849 1167 874 1
1179 849 1220 873 o-

58 907 235 937 strum
259 892 536 934 Novarieniem,
577 888 728 929 Ordinis
754 887 881 926 itidem
908 887 1120 930 Minorum,
1157 886 1220 935 qui

58 953 220 985 vertente
240 945 423 982 literarum
445 941 589 978 fortuna
605 938 727 976 floruit
742 939 778 976 δε
792 937 948 986 eousque
966 944 1107 974 tantum
1130 937 1221 983 vigi-

59 997 165 1038 lavit,
192 1001 232 1032 ut
251 995 414 1042 priorum
433 990 570 1027 somnia
584 988 751 1037 detegere
768 987 805 1024 &
821 986 1032 1034 redarguere
1047 985 1218 1034 potuerit,

61 1045 317 1094 posterioribus
337 1049 457 1079 tamen
483 1040 521 1076 in
549 1038 714 1087 plurimis
743 1036 815 1085 ipse
844 1037 1007 1073 caecutire
1031 1035 1219 1072 videretur.

62 1093 202 1133 Prodiit
220 1095 303 1141 [ejus
341 1089 605 1129 Diffionarium
631 1085 780 1121 Ludovico
803 1085 917 1131 Sfhrtiae
934 1085 1090 1122 dicatum
1111 1082 1221 1121 Anno

66 1150 171 1190 1488.
206 1140 367 1180 recusum
392 1137 492 1176 Paris.
524 1142 627 1182 1496.
666 1134 870 1183 eodemque
891 1146 987 1172 anno
1004 1134 1134 1172 Venet.
1158 1142 1224 1181 per

63 1193 137 1228 Phil.
152 1195 288 1229 Pinzium
308 1189 558 1227 Mantuanum.
585 1184 776 1233 Argentor.
799 1183 930 1221 deinde
945 1196 1050 1230 1502.
1065 1183 1103 1221 &
1116 1193 1222 1228 1507.

62 1253 110 1280 ex
128 1240 267 1288 Johannis
286 1240 412 1274 ricuini
432 1234 648 1275 recensione.

141 1289 222 1340 Jam
237 1294 296 1325 tot
313 1298 377 1335 per
391 1285 505 1323 secula
523 1282 619 1334 quafi
635 1289 807 1321 emortuae
819 1282 856 1319 δε
874 1283 913 1318 in
934 1280 990 1318 his
1007 1279 1169 1319 sordibus
1180 1278 1229 1317 se·-

62 1337 171 1388 pultae
198 1338 405 1375 revixerunt
430 1334 540 1372 literae
558 1333 754 1371 Romanae:
783 1332 820 1368 &
846 1330 915 1368 five
940 1330 1065 1369 Graeca
1085 1330 1228 1368 summo

65 1390 184 1427 nitore
204 1384 474 1434 interpretando
502 1382 568 1431 [b]
581 1411 592 1426 ‚
617 1381 688 1420 five
709 1383 761 1420 rei
778 1380 912 1419 Latinae
930 1383 1109 1418 rationem
1130 1378 1230 1415 disci-

63 1437 164 1488 plina
187 1437 224 1473 &
250 1436 437 1484 praeceptis
467 1431 783 1473 commendando,
819 1430 935 1468 subito
952 1430 995 1467 ad
1018 1429 1231 1477 insperatam

65 1487 306 1525 maturitatem
323 1496 400 1521 non
409 1483 505 1520 lente
516 1489 575 1519 aut
585 1481 763 1531 gradatim
772 1507 782 1523 ,
809 1487 850 1518 ut
859 1491 978 1516 rerum
991 1479 1230 1516 humanarum

64 1535 231 1573 conditio
250 1534 424 1583 postulat,
451 1539 551 1569 erant
559 1530 745 1579 perduftae.
797 1533 887 1564 Hanc
895 1530 1121 1577 provinciam
1135 1527 1231 1575 opti-

66 1587 135 1623 mis
157 1585 292 1633 scriptis
316 1588 490 1621 ornarunt
510 1582 603 1618 inter
624 1587 790 1621 caeteros,
817 1579 966 1622 Erasmus,
994 1578 1091 1620 Valla,
1123 1579 1233 1620 Longo—

66 1636 120 1670 lius
134 1635 171 1672 &
188 1634 322 1671 nostras
346 1636 477 1667 Linacer.
529 1629 585 1669 Ex
601 1629 650 1663 illa
669 1628 854 1676 disciplina
867 1655 877 1669 ‚
907 1626 1001 1676 quasi
1020 1639 1066 1664 ex
1088 1624 1234 1662 officina

65 1682 271 1726 clariffm1a‚
299 1688 406 1731 atque
423 1682 563 1729 optima
591 1677 790 1717 Latinitatis
809 1677 1038 1717 instaurandae
1055 1675 1209 1725 palaestra
1220 1699 1232 1715 ,

67 1733 147 1776 vel,
171 1739 209 1770 ut
224 1744 310 1771 cum
327 1731 505 1771 Cicerone
523 1729 652 1778 loquar
663 1756 674 1771 ,
704 1732 860 1775 Tanquam
878 1739 915 1760 ex
931 1739 1002 1774 equo
1023 1726 1146 1768 Trojano
1159 1725 1235 1758 meri

67 1785 210 1828 principes
238 1786 383 1817 exierunt.
443 1778 659 1827 Huiusmodi
683 1783 784 1815 erant
808 1774 991 1814 clariffima
1012 1775 1106 1812 istius
1125 1773 1234 1811 aetatis

69 1831 230 1874 lumina,
255 1829 416 1865 Leonardus
444 1833 557 1865 Brunus
578 1830 738 1870 Aretinus,
762 1829 794 1872 J.
812 1825 971 1869 Francifiue
988 1828 1103 1871 Poggius
1117 1823 1235 1857 Floren-

69 1884 163 1922 τὶηιιε,
189 1884 239 1916 Fr.
255 1878 414 1924 Philelphus
433 1882 566 1921 Picenm,
595 1876 675 1912 VaHa
693 1900 702 1913 ,
735 1876 886 1919 Erasmus,
912 1874 1040 1921 Angelus
1057 1872 1235 1912 Politianut,

69 1929 223 1974 Marfilius
244 1932 376 1970 ficiam,
411 1930 547 1974 Georgius
571 1928 801 1971 Trapezuntim‚
823 1925 1020 1971 caeterique.
1064 1921 1237 1968 Quorum

63 1979 192 2030 laudes
209 1989 295 2028 cum
312 1978 446 2028 ubique
467 1977 717 2017 decantentur,
744 1975 782 2011 &
804 1973 932 2022 hospes
955 1972 1061 2022 plane
1076 1973 1113 2008 in
1126 1971 1237 2007 literis

68 2028 261 2070 habeatur,
302 2028 364 2077 qui
393 2038 522 2065 eorum
553 2026 699 2067 merita,
726 2024 872 2060 virtutes
900 2022 937 2059 ὃς
965 2021 1237 2070 praedicationes

33 2096 40 2099 -
72 2090 151 2116 non
173 2077 365 2119 audiverit,
391 2089 453 2114 me
479 2075 678 2112 continebo
697 2075 790 2111 intra
807 2085 848 2110 ea
865 2083 943 2123 quae
962 2071 1008 2109 de
1023 2073 1147 2107 aretino
1169 2068 1239 2107 ele-

73 2134 199 2178 ganter
217 2125 350 2175 scripsit
371 2126 475 2171 Johan.
492 2128 636 2166 Latomus,

168 2179 200 2212 Si
219 2177 284 2225 quis
297 2175 368 2211 bene
385 2187 520 2224 unquam
536 2176 654 2209 meritus
670 2174 707 2220 est
723 2171 761 2208 de
776 2170 879 2214 litem),

236 2229 266 2261 Is
284 2223 447 2260 Leonardm
462 2226 519 2260 erit

173 2274 421 2324 QifluEuantes
439 2273 542 2309 literas
563 2271 736 2318 Pelasgicas,

239 2323 391 2372 Exilioque
404 2336 496 2370 vagas

172 2373 307 2420 Jamjam
317 2373 464 2419 futuras,
485 2370 595 2417 scilicet
612 2370 748 2417 Byzantii

234 2424 352 2466 Sceptra
371 2430 517 2467 premente
535 2422 599 2455 Deo

173 2474 245 2511 Late
262 2471 395 2506 excitatis
415 2469 572 2512 Barbara,
595 2469 761 2516 Qritium

238 2523 349 2556 Primus
363 2519 405 2555 ad
417 2533 492 2554 arva
503 2530 611 2554 vocans

174 2572 297 2616 Septena
315 2569 405 2605 duxit
421 2568 502 2604 urhis
519 2567 560 2603 ad
576 2567 707 2613 palatia.-

246 2619 333 2654 Unde
338 2621 442 2664 statim
462 2617 584 2654 ltaliam

178 2667 279 2712 Mtffis
292 2678 344 2713 per
357 2680 470 2703 omnem
483 2666 618 2712 plurima
636 2662 749 2701 coloniti

245 2720 319 2752 Tam
336 2716 407 2752 hene
427 2729 506 2751 nunc
519 2714 674 2756 habitant,

177 2767 241 2805 Solo
256 2775 292 2801 ue
312 2770 468 2815 nequirent
484 2769 515 2800 in
529 2767 626 2810 patrio
645 2761 812 2809 opulentius.

242 2816 346 2857 Proin,
373 2813 542 2856 Leonarde‚
570 2822 622 2849 tuo

179 2869 287 2901 Fruere
302 2867 404 2900 merito
412 2876 483 2911 gens
498 2866 607 2898 Latina
623 2861 726 2899 literae

241 2916 326 2949 Dum
339 2913 413 2948 colet
427 2912 592 2959 Argolicas.
946 2948 969 2953 Γ
1180 2949 1183 2950 ⁷

82 2964 200 3015 Atque
220 2963 296 3000 haec
317 2963 436 3000 obiter
455 2960 551 3012 quasi
576 2959 841 3010 parentavimus
856 2951 1048 2995 clariffimis
1065 2949 1159 2991 istius
1177 2949 1246 2990 Sae-

82 3015 153 3053 culi
176 3012 347 3062 ingeniis,
374 3023 530 3061 quorum
546 3022 656 3059 opera
673 3008 805 3047 Graecae
823 3008 955 3057 pariter
967 3014 1007 3040 ac
1016 3002 1151 3042 Latinae
1160 3001 1245 3040 Mu·

82 3064 125 3102 sae
137 3091 147 3106 ,
174 3063 218 3100 ad
233 3062 421 3112 pristinum
441 3060 620 3109 fastigium
641 3065 747 3108 atque
775 3057 820 3095 ad
838 3054 927 3094 illud
943 3053 1186 3101 quodcunque
1206 3051 1247 3088 fit

84 3116 122 3151 in
139 3112 248 3151 literis
267 3112 477 3159 imperium,
505 3109 600 3159 quafi
614 3120 660 3146 ex
684 3107 906 3156 postliminio
935 3109 1034 3140 erant
1059 3108 1244 3139 revocatae.

83 3163 174 3202 Non
191 3160 274 3200 tulit
296 3172 337 3197 ea
358 3167 439 3198 aetas
456 3162 493 3196 in
514 3159 667 3209 utrisque
685 3158 795 3194 literis
815 3152 1038 3192 vindicandis
1058 3152 1094 3188 &
1115 3162 1247 3188 ornan-

84 3213 140 3250 dis
162 3208 376 3252 felicissuna,
401 3221 524 3247 earum
534 3208 617 3247 fieri
633 3206 913 3246 distrafflonem,
966 3213 1091 3238 uarum
1101 3198 1247 3237 consor-

85 3264 178 3300 tium
193 3266 382 3306 tantopere
400 3258 487 3296 aluit
505 3257 636 3306 Remp.
665 3256 868 3293 literariam.
962 3253 989 3287 is
1008 3251 1131 3299 utique
1157 3256 1248 3287 tem-

86 3310 235 3360 poribus
253 3308 384 3346 fanum
401 3308 449 3345 est
470 3315 511 3345 ut
527 3312 727 3345 revertente
747 3303 907 3344 Fortuna
931 3300 1067 3339 Graecia
1089 3298 1247 3337 Romam

87 3364 216 3398 iterum
236 3358 496 3395 demereretur:
523 3357 560 3394 δε
578 3363 618 3394 ut
631 3356 707 3394 haec
728 3366 748 3392 a
767 3365 839 3405 qua
849 3350 940 3390 olim
954 3349 1175 3396 Rerumpub.
1194 3349 1249 3384 in-

87 3411 202 3448 stituta
214 3437 226 3452 ,
251 3406 491 3457 Philosophiae
509 3406 648 3445 cultum
660 3433 670 3450 ,
703 3404 962 3442 humaniorum
973 3398 1172 3439 studiorum
1191 3409 1250 3434 or-

45 271 168 304 sinos
187 271 428 308 JANussNSts‚

45 310 450 342 mimmormnruss

126 3546 182 3584 [a]
200 3544 245 3577 De
257 3544 391 3584 scriptore
410 3540 598 3574 consulendus
621 3539 660 3571 est
682 3538 803 3578 Poffivin.
824 3538 854 3569 in
877 3538 1019 3579 Apparatu
1041 3534 1103 3565 Sac.
1124 3536 1190 3562 δίκε.
1210 3536 1252 3562 se.

89 3583 165 3620 mnsss
184 3583 316 3615 Biblioth.
337 3583 439 3613 sansta.
461 3582 583 3617 Waedding
604 3580 634 3610 in
651 3579 749 3610 Annal.
765 3577 850 3608 Fratr.
871 3575 943 3606 Min.
962 3573 1052 3611 Retser.
1073 3572 1136 3602 [nd.
1166 3570 1248 3603 MSS.

89 3622 222 3654 Biblioth.
235 3621 381 3660 Augustan.
398 3631 425 3659 p.
437 3630 482 3657 97.

128 3662 148 3676 '⁸
168 3657 230 3698 [b]
250 3660 395 3697 Postquam
411 3660 487 3688 enim
501 3661 605 3687 renatae
619 3655 708 3685 literae
732 3663 748 3684 a
776 3651 903 3682 barbarie
920 3649 1070 3679 vindicatae
1089 3646 1153 3678 sunt
1166 3669 1174 3683 ,
1195 3647 1252 3678 hoc

91 3700 112 3715 “
130 3698 334 3736 interpretandi
348 3695 470 3727 studium
483 3695 549 3725 viris
561 3694 653 3724 doffis
668 3693 754 3730 usque
763 3691 833 3721 adeo
843 3687 977 3728 placuiffe
988 3687 1088 3716 scimus
1098 3708 1106 3722 ‚
1128 3693 1159 3716 ut
1166 3692 1254 3723 quum

91 3738 113 3754 “
131 3736 239 3774 aliquid
251 3735 340 3766 essent
350 3737 380 3764 in
402 3733 544 3770 utriusque
557 3732 660 3769 linguae
673 3730 806 3761 facultate
817 3727 981 3761 consecuti,
1000 3725 1037 3754 ad
1046 3724 1254 3754 convertendos

93 3776 114 3792 ⁴*
133 3776 224 3805 statim
236 3781 346 3804 autores
355 3772 517 3802 industriam
535 3770 613 3800 suam
632 3769 793 3800 conferrent
805 3788 813 3800 .,
835 3775 889 3795 nec
905 3764 1054 3801 quicquam
1071 3762 1120 3791 fibi
1133 3763 1205 3791 inter
1222 3761 1254 3790 li-

91 3815 111 3834 ⁴·
130 3820 234 3843 teratos
247 3811 337 3841 laudis
352 3811 514 3840 viderentur
530 3808 646 3846 adepti,
667 3806 718 3835 nisi
732 3802 931 3835 transferendis
944 3801 1128 3837 Antiquorum
1148 3799 1255 3837 scriptis

92 3852 114 3867 ¹⁸
134 3851 269 3881 doctrinm
290 3848 344 3879 suae
370 3848 515 3886 specimen
541 3844 700 3876 edidissent.
712 3840 728 3856 '³
768 3847 847 3870 Huet.
863 3844 892 3868 de
912 3841 1010 3876 Optimo
1023 3848 1112 3874 genere
1133 3839 1257 3873 interpre-

86 3892 188 3963 ,0733
208 3925 280 3954 Vide
307 3923 344 3953 de
363 3933 398 3952 eo
411 3924 519 3950 Pieriam
548 3921 709 3949 Valerianum
729 3919 766 3948 de
782 3916 927 3948 Literator.
947 3913 1114 3955 infelicitate
1126 3935 1134 3947 ‚
1154 3914 1256 3940 ciacco-

89 3966 162 3992 nium
179 3964 215 3994 de
230 3961 302 3992 Vitis
318 3960 484 3991 Pontificum
497 3981 505 3995 ‚
540 3960 566 3990 ἀ
587 3958 779 3988 additamenta
797 3955 906 3983 olda-'nt
935 3952 1045 3988 Polydor.
1067 3954 1110 3993 {sar
1126 3972 1132 3977 .
1153 3950 1255 3980 Histor.

91 4002 198 4042 Anglic.
215 3999 430 4041 Episcopatibus
450 3996 660 4029 Hexefordienfi
674 3997 703 4026 in
714 3993 830 4032 stagna,
850 3991 955 4023 deinde
964 3988 1115 4021 Bathomo.
1149 3987 1257 4020 'eliensi

1263 263 1386 311 natum
1398 286 1407 298 ‚
1431 258 1569 295 Artium
1588 258 1921 306 disciplinarumque
1940 258 2105 294 omnium
2121 258 2296 293 rationem
2315 261 2419 302 atque

1265 313 1371 342 etiam
1393 306 1555 354 linguam
1576 307 1685 355 ipsam
1713 308 1872 354 accepit,
1899 308 1969 353 jani
1987 306 2103 342 cidem
2123 305 2198 342 haec
2218 305 2339 341 onmia
2360 303 2420 339 de-

1265 353 1548 409 bssssetprestitssta·
1598 356 1692 393 Nam
1719 362 1845 404 praeter
1864 354 1900 391 id
1920 353 2020 403 quod
2043 354 2157 391 Graeci
2174 353 2338 390 homines
2362 363 2421 398 pa-

1265 408 1339 437 trus
1362 402 1499 458 ledibus
1527 404 1644 450 ejeffl,
1671 404 1725 441 his
1749 405 1852 441 rebus
1869 404 1976 451 primi
1996 401 2089 451 quasi
2117 402 2255 450 signum
2274 399 2420 448 aliquod

1266 449 1428 486 sustulere
1446 478 1455 491 ‚
1479 454 1613 494 lacebat
1627 454 1664 489 id
1681 454 1753 490 fere
1773 462 1884 490 omne
1901 451 2000 501 quod
2022 453 2224 497 Saeculz'genius
2241 449 2422 485 vindican-

1268 498 1355 554 dum
1380 498 1445 553 esse
1466 499 1686 543 decreverat,
1721 504 1757 539 in
1777 501 1981 539 Graecarum
2011 500 2190 536 literarum
2207 498 2364 546 apicibus
2386 499 2422 533 ἃς

1268 547 1464 602 mvolucris
1480 548 1572 594 quali
1599 548 1771 595 sepultum
1797 551 1833 587 &
1859 550 2037 587 oblivioni
2061 548 2313 585 consecratum.
2354 545 2424 582 Sed

1270 595 1501 632 excitandum
1530 604 1604 632 erat
1626 598 1662 633 &
1686 597 1858 636 Romanis
1888 598 1997 635 literis
2025 596 2276 634 illustrandum.
2327 594 2424 630 Tum

1272 655 1359 680 vero
1394 642 1517 681 Graeca
1546 643 1679 681 Latinis
1703 647 1945 689 conserendo,
1976 646 2030 683 his
2060 646 2119 682 illa
2138 643 2425 699 interpretando.

1272 700 1510 740 utrorumque
1529 703 1642 740 porro
1668 695 1828 731 indolem
1855 698 1890 732 &
1913 703 2074 732 naturam
2096 692 2303 742 penitissune
2327 703 2428 728 accu-

1273 749 1418 789 rateque
1430 741 1687 797 efflorando,
1714 750 1832 779 totum
1851 745 1938 780 illud
1958 744 2056 793 quod
2076 746 2113 780 in
2128 742 2335 780 Graecorum
2349 752 2429 776 mo-

1274 798 1454 827 numentis
1474 790 1694 827 insumebant
1704 802 1821 838 opera:
1834 819 1843 833 ,
1871 793 1913 828 ad
1923 792 2122 831 Romanam
2137 791 2335 828 facundiam
2351 788 2429 825 red-

1276 839 1545 886 integrandam,
1581 848 1686 888 atque
1717 840 1761 876 ad
1782 840 1903 876 alteras
1933 841 2046 878 literas
2073 839 2327 889 exponendas,
2355 846 2431 874 tan-

1276 889 1360 925 dem
1379 900 1455 924 non
1472 888 1643 925 inutiliter
1655 888 1981 925 animadvertebant
1995 891 2156 926 conferri.
2185 888 2299 935 Qlod
2309 888 2352 924 ad
2363 886 2432 923 ho-

1276 938 1436 974 diernam
1455 938 1659 974 industriam
1677 937 1881 985 horumque
1903 937 2097 974 studiorum
2128 938 2330 974 felicitatem
2354 937 2432 972 atti-

1278 994 1359 1029 net,
1387 986 1564 1023 malumus
1577 986 1724 1023 honeste
1745 993 1859 1023 tacere
1881 997 1988 1034 quam
2005 997 2086 1022 cum
2105 986 2297 1033 suspicione
2316 984 2434 1022 lauda-

1280 1048 1337 1078 re,
1365 1036 1401 1072 &
1416 1038 1619 1072 orationem
1641 1035 1796 1072 nostram
1815 1035 1858 1072 ab
1875 1036 1977 1071 omni
1995 1036 2180 1071 acerbitate
2191 1034 2322 1077 abesse,
2349 1044 2435 1071 cum

1279 1084 1470 1134 gratulatio
1491 1085 1535 1122 ab
1556 1085 1836 1132 exprobratione
1858 1082 1971 1121 abeffe
1988 1095 2063 1120 non
2085 1082 2207 1130 potest.

1351 1133 1453 1171 Tulit
1480 1141 1598 1170 autem
1618 1146 1658 1170 ea
1676 1140 1755 1170 aetas
1779 1139 1904 1181 praeter
1927 1131 2190 1169 Grammaticos
2205 1132 2240 1168 &
2261 1131 2436 1180 Interpre-

1281 1190 1334 1221 tes
1361 1194 1454 1231 quos
1475 1182 1695 1220 laudavimus
1708 1210 1718 1225 ,
1745 1182 1876 1231 eosque
1893 1193 1985 1231 quos
2001 1180 2141 1218 laudare
2163 1182 2228 1217 erit
2247 1179 2435 1223 infinitum.

1281 1240 1360 1271 tum
1387 1232 1514 1269 nostrae
1533 1234 1639 1269 etiam
1663 1232 1854 1279 disciplinae
1878 1229 2170 1279 praestantiffunos
2193 1230 2287 1265 viros
2309 1228 2438 1268 Latinae

1283 1282 1469 1330 elegantiae
1503 1281 1712 1319 excolendae
1746 1282 1782 1318 ἃ
1807 1279 2056 1317 conservandae
2094 1285 2207 1315 natos.
2275 1277 2380 1325 AEgre
2400 1282 2437 1315 in

1283 1331 1504 1370 Lexicorum
1547 1329 1686 1368 classem
1713 1331 1874 1367 revocari
1905 1334 2072 1377 poterant
2096 1338 2174 1376 quae
2198 1325 2327 1373 scripsit
2348 1331 2437 1365 Laur.

1286 1382 1367 1417 Valla
1385 1380 1430 1417 de
1455 1379 1596 1428 Lingua
1621 1378 1768 1421 Latina,
1795 1378 1852 1415 vel
1869 1389 1946 1427 quae
1968 1378 2012 1414 de
2030 1376 2211 1414 Particulis
2230 1375 2357 1423 linguae
2377 1376 2441 1413 La-

1283 1432 1387 1472 tinae,
1415 1431 1574 1478 itemque
1586 1428 1631 1466 de
1647 1428 1772 1467 Modis
1786 1426 1910 1465 Latine
1928 1426 2102 1475 loquendi
2113 1418 2316 1473 composuit
2332 1426 2441 1458 Adm-

1283 1493 1334 1515 nus
1349 1479 1519 1524 Castellenfis
1532 1478 1658 1520 Italus,
1685 1476 1883 1516 Cardinalis
1904 1477 1956 1513 tit.
1981 1479 2010 1511 S.
2023 1475 2192 1520 Chryfhgoni
2217 1472 2289 1520 [c].
2344 1473 2441 1511 Vici-

1286 1532 1390 1615 ηἱοὲᾶ
1418 1539 1459 1566 ea
1489 1539 1566 1578 quae
1595 1527 1740 1564 Tortellius
1761 1526 1901 1576 aliique.
1970 1524 2030 1563 De
2057 1524 2184 1573 quibus
2204 1524 2370 1571 proxime
2391 1523 2443 1559 di-

1285 1590 1354 1616 cen
1382 1589 1455 1615 um.

1732 1656 1977 1712 “sonat-mas
1998 1656 2229 1699 Toni-att
2242 1670 2313 1696 rus
2333 1657 2445 1696 Areti-

1694 1723 1761 1749 nus
1787 1710 1851 1759 [d]
1877 1711 2050 1749 Romanae
2071 1709 2231 1748 Ecclefiae
2254 1707 2448 1746 Subdiaco-

1288 1775 1356 1801 nus
1378 1763 1439 1801 sub
1458 1760 1633 1801 Pontifice
1652 1765 1774 1808 Eugenio
1789 1768 1875 1807 4to,
1901 1759 2031 1797 deinde
2052 1760 2175 1794 Nicolao
2200 1766 2270 1804 5to.
2295 1769 2314 1794 a
2339 1756 2448 1794 Cubi-

1289 1814 1398 1855 culo,
1435 1811 1624 1854 Consiliis,
1662 1810 1698 1847 &
1717 1809 1951 1848 Bibliotheca.
2001 1806 2083 1846 Fuit
2105 1808 2166 1845 ille
2184 1810 2339 1841 Laurentii
2365 1807 2450 1840 Varia

1290 1861 1515 1900 amicissimus
1528 1886 1538 1903 ‚
1565 1860 1815 1898 Grammaticae
1831 1857 2053 1907 puriorisque
2071 1858 2268 1895 Latinitatis
2288 1855 2449 1892 laudibus
2476 1848 2480 1857 ’

1291 1915 1340 1950 ita
1361 1911 1580 1952 cumulatus,
1605 1917 1647 1946 ut
1662 1909 1743 1944 Valla
1764 1907 1993 1946 exactissimus
2019 1907 2055 1944 &
2077 1906 2148 1955 ipse
2169 1903 2452 1947 Grammaticus,

1293 1961 1389 2011 quasi
1405 1960 1544 1998 summo
1567 1959 1683 2005 judice
1706 1959 1743 1995 &
1759 1957 1905 1995 censore
1927 1957 2066 1998 usurus,
2091 1956 2203 1993 libros
2217 1955 2295 1992 suos
2307 1953 2452 2002 Elegan-

1294 2014 1422 2049 tiarum
1449 2010 1580 2057 linguae
1604 2008 1737 2046 Latinae
1764 2008 1895 2042 Tortellio
1912 2006 2126 2043 inscriberet.
2192 2008 2245 2039 Ver
2266 2005 2310 2038 ille
2329 2017 2383 2037 non
2404 2007 2452 2037 in-

1293 2061 1405 2097 datius,
1430 2066 1470 2098 ut
1489 2057 1663 2097 clarissimi
1678 2057 1758 2095 Viri
1780 2056 1896 2094 verbis
1914 2062 2007 2099 utar,
2031 2065 2085 2100 pro
2101 2052 2210 2089 viribus
2227 2065 2295 2088 cum
2321 2051 2453 2087 barbarie

1294 2122 1396 2146 manus
1417 2109 1580 2153 conseruit,
1606 2119 1726 2154 remque
1754 2105 1915 2140 literariam
1932 2117 2001 2140 cum
2016 2117 2078 2153 qua
2096 2102 2173 2138 male
2190 2101 2331 2148 agebatur
2345 2114 2455 2145 promo-

1294 2173 1366 2194 vere
1381 2158 1471 2193 lexico
1485 2170 1521 2192 ac
1539 2157 1603 2191 aliis
1617 2154 1811 2202 scriptionibus
1824 2162 1936 2189 conam
1956 2155 2001 2199 est.
2046 2148 2190 2200 Scripsit
2207 2160 2333 2199 praeter
2352 2157 2454 2187 caete-

1294 2220 1334 2246 ra
1347 2236 1357 2251 ,
1384 2206 1741 2246 Commentariorum
1762 2202 2090 2241 Grammaticorum
2109 2213 2201 2249 opus
2226 2199 2295 2236 sive
2316 2198 2454 2238 Dieno-

1295 2259 1437 2296 narium
1453 2267 1586 2294 vocum
1603 2254 1826 2295 Latinarum,
1853 2254 1890 2290 in
1904 2263 1978 2301 quo
1992 2249 2179 2299 Orthogra
2207 2250 2272 2286 hiae
2289 2252 2378 2286 ratio
2389 2261 2454 2297 po-

1296 2308 1467 2345 tissimum
1487 2305 1665 2354 speciatur.
1723 2302 1862 2341 Prodiit
1882 2301 2014 2339 Tarvis.
2046 2310 2149 2348 1477.
2179 2262 2328 2337 *llicent
2350 2305 2453 2345 1480.

1297 2354 1428 2395 Venet.
1459 2366 1562 2402 1493.
1601 2352 1691 2393 lbid.
1713 2364 1816 2398 ¹495·
1850 2349 1896 2389 Et
1922 2350 2036 2387 rursus
2060 2349 2145 2387 ibid.
2177 2357 2281 2395 1504.
2309 2347 2452 2386 Vicent.

1300 2413 1405 2452 1508.
1467 2404 1526 2443 De
1563 2414 1608 2440 eo
1634 2404 1683 2439 i-ta
1708 2405 1775 2448 Jac.
1818 2399 1892 2435 Phil.
1933 2398 2122 2446 Bergomenfis
2145 2397 2193 2435 vad
2228 2397 2319 2434 Ann.
2351 2409 2453 2442 1439.

1299 2458 1324 2474 ‘²‘
1349 2455 1507 2505 Joannes
1525 2451 1709 2490 Tortelius
1738 2451 1883 2487 natione
1903 2448 2066 2487 Aretinus
2088 2443 2246 2486 Romani
2272 2442 2456 2484 Pontificis

1300 2508 1325 2524 “
1350 2504 1596 2543 Subdiaconus
1629 2502 1667 2538 &
1701 2498 1948 2538 Cubicularius
1962 2524 1974 2541 ,
2009 2509 2054 2535 ac
2085 2496 2229 2535 Nicolai
2262 2495 2457 2544 postmodo

1300 2557 1325 2574 “
1350 2552 1534 2592 Pontificis
1553 2549 1832 2589 Contubernalis
1858 2547 1894 2584 &
1910 2544 2119 2585 Studiorum
2144 2545 2288 2583 filorum
2312 2546 2456 2582 intimus

1301 2607 1326 2623 “
1352 2615 1501 2648 comes;
1521 2602 1644 2650 graecis
1665 2598 1850 2647 latinisque
1871 2597 1982 2634 literis
1997 2608 2038 2633 ac
2056 2595 2272 2643 theologicis
2298 2606 2372 2631 non
2386 2607 2459 2630 me-

1300 2657 1325 2673 “
1351 2654 1520 2691 diocriter
1536 2649 1661 2688 dostus
1681 2648 1747 2685 hac
1764 2647 1836 2696 ipsa
1855 2644 2059 2695 tempestate
2071 2644 2214 2682 floruit:
2241 2642 2457 2692 fingulariffi-

1300 2706 1326 2722 “
1351 2713 1418 2740 mae
1434 2701 1661 2740 humanitatis
1688 2699 1723 2735 &
1741 2697 1920 2746 gravitatis
1939 2708 1980 2733 ac
2001 2696 2205 2732 reverentiae
2219 2696 2272 2730 vir
2285 2720 2295 2734 ,
2324 2694 2383 2741 qui
2403 2695 2457 2729 in-

1301 2756 1327 2772 “
1352 2759 1406 2790 ter
1426 2760 1554 2789 caetera
1573 2748 1774 2786 studiorum
1792 2746 1936 2783 suorum
1964 2751 2200 2782 monumenta
2219 2743 2263 2779 de
2285 2741 2457 2779 scribendi

1301 2806 1326 2821 “
1349 2803 1489 2839 ratione
1506 2810 1599 2847 opus
1618 2797 1824 2847 praeclarum
1838 2794 1950 2832 edidit
1961 2822 1971 2837 ,
1996 2796 2033 2831 in
2045 2792 2222 2830 dialetlica
2239 2793 2343 2828 etiam
2355 2803 2457 2828 com-

1301 2855 1327 2871 “
1352 2851 1546 2889 mentarios
1555 2845 1762 2895 composuit
1774 2873 1784 2888 ,
1809 2843 2056 2893 Athana'fiique
2075 2844 2181 2879 vitam
2196 2841 2240 2878 ad
2257 2839 2457 2888 Eugenium

1302 2904 1326 2920 “
1352 2899 1484 2949 Papam
1505 2901 1543 2936 in
1574 2897 1742 2936 Latinum
1763 2892 1936 2931 transtulit
1957 2894 1995 2930 δε
2017 2891 2220 2940 Appianum
2251 2889 2458 2926 historicum

1303 2954 1327 2969 “
1350 2950 1396 2988 ad
1421 2949 1570 2986 verbum
1594 2948 1844 2994 interpretatus
1860 2941 1908 2980 est
1924 2942 1954 2977 ''.
1998 2940 2230 2990 Epistolarum
2248 2950 2393 2988 quoque
2417 2938 2458 2974 li-

1301 3001 1408 3039 brum
1425 2997 1540 3036 edidit
1569 2996 1605 3033 &
1624 2995 1691 3033 alia
1711 2994 1833 3043 plura,
1873 2990 1898 3029 fi
1913 2990 2000 3029 fides
2021 2992 2154 3035 Gesnero,
2209 3000 2287 3025 uem
2311 2987 2457 3025 consule

1303 3057 1409 3099 atque
1419 3050 1506 3085 item
1526 3044 1721 3081 Triahemium
1733 3069 1744 3086 ,
1768 3041 1968 3129 Poqevinum‚
1997 3040 2122 3084 Voffium
2133 3001 2376 3076 deqi-Iistoricis
2391 3035 2459 3074 La..

1304 3102 1408 3140 tinis,
1435 3101 1526 3133 Corn.
1547 3108 1566 3129 a
1585 3093 1728 3140 Beughem
1749 3091 1794 3129 de
1829 3090 2036 3128 nounabulis
2057 3088 2164 3137 Typo
2192 3085 2338 3132 raphiae,
2365 3089 2397 3120 P.
2407 3088 2458 3130 so-

1303 3153 1391 3184 vium
1407 3149 1445 3185 in
1461 3143 1599 3193 Elogiis
1613 3169 1624 3186 ,
1651 3143 1892 3178 Volaterranum,
1918 3143 2003 3175 Hier.
2027 3142 2162 3184 Magium
2206 3134 2330 3172 liscell.
2350 3134 2410 3172 lib.
2423 3146 2456 3174 2.

1303 3210 1381 3248 cap.
1398 3209 1454 3243 14.
1477 3195 1598 3230 Battum
1615 3194 1655 3230 in
1673 3191 1812 3230 Lexico
1833 3188 1992 3231 Critic0‚
2018 3185 2181 3234 aliosque.

1287 1683 1372 1724 loir.
1393 1678 1657 1716 Torrentius.

1761 3288 1793 3327 A
1815 3286 2040 3337 JOHANNE
2071 3279 2371 3323 'scutetum
2409 3280 2458 3318 ob

1721 3339 1901 3376 literarum
1919 3332 2183 3372 similitudinem
2203 3332 2239 3368 &
2252 3333 2359 3368 aetatis
2373 3341 2461 3366 con-

1306 3393 1527 3444 junctionem
1537 3418 1548 3434 ,
1583 3387 1606 3439 J
1616 3400 1641 3426 υ
1651 3399 1677 3425 N
1686 3399 1698 3425 1
1706 3401 1729 3426 A
1740 3400 1765 3425 N
1775 3399 1799 3424 u
1808 3398 1840 3424 M
1863 3397 1893 3423 M
1902 3397 1925 3422 A
1935 3396 1947 3421 1
1957 3394 2021 3470 ogr
2055 3383 2200 3418 natione
2226 3379 2374 3422 Italum,
2397 3390 2460 3464 pa-

2414 3439 2461 3464 ria

1305 3318 1514 3356 JunxANUS
1532 3313 1678 3345 Mnus.

1307 3529 1344 3561 ab
1359 3529 1464 3556 ilenrico
1477 3536 1544 3564 7m0
1563 3530 1621 3556 erat
1634 3524 1762 3554 donatus.
1801 3520 1891 3557 Hujus
1906 3519 1934 3547 in
1950 3516 2041 3547 hortis
2051 3511 2149 3546 Roma:
2162 3514 2273 3553 peraeta
2289 3512 2465 3543 eratluetuo-

1307 3567 1407 3598 sissima
1424 3565 1574 3603 Tragoedia
1589 3563 1730 3590 Alexanan‘
1744 3560 1822 3590 Sexti
1834 3560 1860 3588 P.
1875 3557 1916 3587 Μ.
1934 3555 2068 3585 exhausto
2080 3562 2200 3588 veneno,
2211 3552 2287 3589 quod
2300 3552 2379 3587 cesar
2398 3550 2461 3579 Dux

1310 3606 1476 3635 Valentinus
1496 3603 1573 3641 Papae
1592 3600 1666 3630 filius
1685 3597 1823 3628 Cardinali
1841 3595 1933 3624 nostro
1955 3593 2068 3629 aliisque
2092 3591 2250 3628 Purpuratis
2271 3589 2462 3618 destinaverat.

1349 3644 1412 3680 [d]
1438 3642 1561 3672 Azetium
1581 3638 1686 3675 (vulgo
1701 3634 1831 3670 Arezza]
1851 3631 1960 3663 Tusciae
1971 3631 2110 3669 oppidum
2128 3628 2175 3657 sub
2189 3627 2250 3656 haec
2257 3635 2381 3663 tempora
2393 3625 2464 3654 mul-

1311 3682 1348 3712 tis
1374 3678 1564 3718 praeclarisque
1598 3675 1718 3713 ingeniis
1744 3679 1834 3701 ortum
1857 3671 1945 3700 dedit.
1996 3668 2167 3705 Fuitpraeter
2181 3664 2302 3694 nostrum
2323 3663 2463 3705 Leonardus

1313 3720 1476 3749 Graecorum
1492 3716 1627 3745 librorum
1644 3713 1779 3748 interpres
1798 3708 1835 3738 de
1849 3716 1905 3745 quo
1924 3706 2052 3745 proxime
2062 3704 2144 3734 verba
2155 3703 2281 3732 fecimus.
2322 3699 2463 3736 franciscus

1313 3766 1398 3795 quem
1411 3755 1544 3792 JCtorum
1558 3753 1599 3782 sui
1620 3748 1753 3786 temporis
1773 3747 1931 3783 Principem
1956 3743 2063 3773 solebat
2082 3740 2222 3779 appellare
2245 3739 2380 3774 JCtorum
2406 3746 2465 3766 non

1314 3802 1454 3824 extremus
1479 3792 1538 3828 {iaso
1564 3790 1673 3817 mainus.
1709 3785 1815 3812 enaim
1831 3783 1892 3822 post
1913 3782 2067 3809 ‚leonardum
2093 3776 2276 3809 lllustriffimae
2301 3775 2465 3805 Florentinae

1314 3833 1397 3869 Reip.
1415 3828 1621 3860 Cancellarius‚
1642 3824 1743 3854 Graecis
1760 3820 1916 3858 Latinisque
1934 3819 2020 3849 literis
2036 3816 2240 3847 celeberrimus.
2282 3818 2369 3841 Petrus
2383 3812 2465 3854 Poeta

1314 3870 1452 3907 Satyricus
1472 3869 1498 3896 ἃ
1517 3863 1670 3894 admodum
1689 3860 1814 3889 lascivus.
1864 3858 2008 3886 BenediHus
2033 3855 2148 3882 Accoltus
2175 3852 2301 3881 Aretinus
2330 3848 2467 3891 Francisct

1313 3908 1398 3938 frater
1410 3927 1417 3939 ‚
1438 3904 1510 3940 Juris
1521 3904 1589 3932 item
1605 3899 1724 3930 Romani
1738 3898 1935 3933 literarumque
1953 3893 2149 3923 humaniorum
2163 3890 2325 3927 cognitione
2339 3888 2468 3927 celebris..

1316 3946 1352 3976 Ei
1369 3943 1492 3982 plerique
1511 3941 1567 3970 fere
1581 3946 1681 3968 omnes
1692 3943 1759 3966 cuna
1772 3942 1931 3973 cognomen
1949 3940 1985 3960 ex
1995 3932 2083 3968 patria
2096 3929 2188 3966 potius
2203 3936 2286 3963 quam
2306 3934 2406 3963 genere
2419 3923 2470 3953 fibi

1317 3980 1482 4020 assumpsere
1494 4000 1505 4017 ‚
1523 3977 1639 4011 summis
1648 3975 1715 4009 viris
1726 3973 1918 4005 maximorum
1930 3977 2056 4002 errorum
2070 3966 2163 3998 ansam
2184 3964 2299 3997 dedere,
