2600 4177
416 168 441 203 B
537 169 567 205 A
664 168 686 204 S

73 249 223 287 praestantia
234 272 241 284 ,
257 249 333 288 quod
345 250 416 280 inter
429 260 516 280 nuces
526 251 714 288 principatum
726 250 852 282 obtinere
861 252 986 283 videatur
997 275 1006 289 ,
1027 252 1080 283 sive
1096 263 1111 282 a
1130 262 1171 283 re-

76 286 154 323 gibus
166 311 173 321 ,
194 289 240 322 qui
255 298 299 317 eas
308 289 390 325 primi
401 298 416 317 e
428 289 570 318 Persidein
581 289 715 318 Graeciam
726 290 936 327 transtulerunt,
949 298 980 321 ut
990 301 1047 321 non
1055 291 1171 321 obscure

76 324 168 354 innuit
184 326 250 354 Plio.
267 325 315 354 lib.
331 336 372 361 ις.
384 336 444 363 cap.
457 335 500 355 22.

10 361 12 384 ¹.
58 360 135 392 Vitis.
177 363 244 392 Plin.
267 362 314 391 lib.
333 373 373 399 ¹4·
391 373 451 401 cap.
465 373 489 392 2.
512 363 652 393 Basilicam
672 364 834 402 Dyrrichini
851 367 1010 401 celebrant,
1032 365 1172 403 Hispaniae

74 399 223 429 cocolobin
239 407 349 430 vocant.
389 400 486 430 Rarior
497 411 549 430 uva
562 423 570 436 ,
596 401 672 431 aestus
684 424 693 437 ,
715 403 877 440 Austrosque
886 404 985 434 tolerat
996 426 1004 440 ,
1027 404 1110 442 capiti
1121 403 1174 432 ini-

75 438 147 468 mica
159 460 167 473 ,
188 439 269 475 copia
281 438 360 475 larga.
384 438 522 468 Columel.
540 448 563 476 3.
580 449 605 475 9.

57 475 122 505 Uva.
143 475 235 505 Isidor.
254 486 296 513 ¹7·
311 486 334 511 5.

56 513 303 580 Balsiufuspslinuib
316 515 331 550 [
343 512 471 546 sxa-ms&
489 510 594 546 idm&
608 514 624 549 ]
645 514 691 552 qui
701 514 810 545 Ioniam
821 516 884 545 Aflae
895 516 1011 546 minoris
1029 516 1174 554 regionem

75 561 89 580 a
112 559 161 580 uit.
214 561 240 579 in
276 562 312 580 i.
345 561 395 581 ,ca
419 561 481 587 ‚29.

23 591 215 625 anrrrciz,
236 561 415 624 [amcasmfiffjl
437 589 503 618 Adv.
525 589 619 627 Regie.
642 596 691 625 ut,
712 589 825 620 Basilice
840 591 935 622 vivere
947 592 991 623 vel
1004 592 1125 626 salvere;
1148 591 1175 620 sc

21 636 39 662 ι
56 626 167 657 Basilice
183 634 302 656 ornatus.
324 627 408 656 Plaut.
423 627 499 656 Poen.
515 636 538 663 3.
556 638 577 656 i.
590 637 635 663 74.

21 674 26 700 ι
57 664 169 696 Basilice
181 664 337 695 Eleutheria
350 674 439 702 agere.
476 664 565 695 Plaut.
581 664 649 695 Pers.
659 676 687 702 4.
699 674 726 695 2.
741 674 764 695 r.
796 666 814 695 i.
828 676 852 697 e.
872 667 1044 705 Magnifice,
1065 675 1177 706 prover-

78 701 140 731 biali
152 702 238 739 figura
251 702 366 732 dicium.

55 739 280 770 Basiliceinterii.
304 740 480 778 Plaut.Epid.
495 750 516 769 1.
534 751 557 770 r.
573 751 616 776 <4-
638 741 654 769 i.
670 751 693 770 e.
717 740 913 772 Vehementer.

22 778 108 810 ani
120 788 152 807 ω
162 787 207 807 cu
218 788 238 806 M
248 800 256 813 ,
278 778 439 808 Vestimenti
452 788 547 816 genus.
570 778 656 808 Plaut.
671 778 752 816 Epid.
766 788 791 808 2.
804 789 829 809 2.
844 786 888 814 48.

23 816 313 852 BAsiticmzrus,
335 816 378 846 vel
398 816 715 861 Basnucmruus,
739 816 757 845 i.
780 827 816 846 m.
839 818 897 854 Qui
917 819 945 848 in
961 819 1071 849 basilica
1094 818 1177 848 mini-

56 854 125 884 strat.
147 852 231 883 Gloss.
244 853 302 884 Lat.
314 854 360 884 Gr.
381 853 582 888 Basiliciarius,
603 860 742 889 κριλεωως,
762 855 895 890 ἐφραῖῶη

22 891 89 924 ΒΛε
99 902 106 919 i
116 902 149 920 LI
161 902 179 919 D
189 901 212 919 ,ιε
222 913 230 925 ,
252 890 442 927 [exornemus]
464 892 562 929 Populi
577 891 639 921 sunt
654 892 774 928 Scythiae
789 892 927 931 Europzeae
938 917 945 928 ,
967 894 1074 924 Gerrho
1094 903 1176 924 amne

56 939 72 959 a
82 928 257 959 Nomadibus
267 929 374 959 discreti
384 951 392 964 ,
407 929 442 959 ab
452 929 573 959 Hercule
583 931 610 959 &
619 929 742 959 Echidna
753 931 861 966 generis
869 933 908 960 ori
931 932 1004 962 inem
1016 932 1174 962 trahentes:

13 980 14 989 i
58 967 95 997 ita
110 967 177 996 dic'ti
187 968 292 1005 aregiis
301 967 427 997 moribus
438 990 446 1003 ,
467 968 589 997 uttradit
602 967 737 1005 Pompon.
751 968 799 997 lib.
811 977 836 998 2.
853 979 876 998 1.
931 971 1029 999 eminit
1039 970 1138 999 horum
1149 970 1177 1000 &

13 1029 14 1038 .
57 1004 125 1035 Plin.
137 1005 184 1034 lib.
198 1015 225 1041 4.
237 1016 297 1044 cap.
308 1015 350 1036 12.
389 1005 419 1035 V.
441 1005 521 1044 supra
540 1014 620 1034 nasi
631 1016 647 1034 L
657 1015 698 1035 si.

12 1042 71 1076 1ΒΑ
80 1052 109 1072 si
118 1054 133 1071 1.
143 1047 182 1071 it>
193 1052 207 1072 iz
216 1053 228 1072 s
240 1066 248 1079 ,
268 1053 298 1073 ae.
321 1053 359 1073 m.
382 1040 564 1079 [Βασιλείιὴς]
585 1043 698 1072 Nomen
712 1044 856 1081 proprium
878 1045 1022 1081 cujusdam
1033 1046 1155 1075 haeretiei
1167 1067 1176 1081 ‚

56 1080 102 1119 qui
112 1087 251 1110 trecentos
265 1081 529 1119 sexagintaquinque
540 1079 629 1110 coelos
640 1079 694 1110 esse
707 1082 847 1116 credebat,
869 1092 924 1119 quo
936 1084 1046 1113 dierum
1058 1093 1177 1113 numero

55 1127 143 1149 annus
155 1119 324 1148 includitur:
347 1120 425 1155 cujus
437 1119 583 1149 sestatores
596 1118 664 1148 dieti
680 1117 742 1148 sunt
750 1119 917 1151 Basilidiani.
940 1121 972 1151 V.
995 1121 1092 1151 Euseb.
1108 1133 1135 1158 4.
1149 1127 1175 1156 8.

57 1155 127 1187 Iren.
142 1166 167 1185 2.
183 1165 226 1194 ²3·
240 1159 266 1187 &
276 1157 412 1195 Epiphan.
425 1157 495 1186 Haer.
508 1167 553 1193 ²3·

59 1193 187 1225 Basilides
197 1217 205 1229 ,
228 1205 300 1224 unus
312 1205 347 1224 ex
359 1195 527 1232 primoribus
542 1195 736 1234 IEgyptiorum
747 1218 755 1229 ,
778 1201 809 1224 ut
818 1202 908 1225 narrat
920 1195 1041 1232 Tacit.4.
1057 1196 1176 1231 Hist.82.

79 1242 95 1261 a
115 1232 192 1268 cujus
207 1234 322 1262 nomine
341 1232 516 1270 Vespafianus
537 1244 621 1263 omen
637 1234 715 1272 regni
734 1233 787 1263 sive
806 1234 917 1272 imperii
940 1235 1096 1273 auspicatus
1121 1235 1176 1264 est:

78 1270 304 1308 quandoquidem
317 1270 435 1299 Can-iza&
446 1271 547 1301 Graecis
563 1280 611 1301 rex
624 1272 671 1301 est.

20 1304 106 1340 Basi
117 1318 208 1338 ciui)
219 1319 237 1337 A
248 1331 256 1343 ,
278 1319 308 1338 ae.
328 1309 347 1338 f.
370 1305 552 1345 [Caeam-Aa]
574 1309 758 1347 Ludigenus,
784 1320 839 1347 quo
856 1320 904 1340 rex
918 1311 1031 1348 quidem
1051 1310 1127 1348 quod
1142 1310 1180 1340 sa-

12 1343 14 1350 '
57 1345 187 1376 ciendum
197 1347 235 1376 est
247 1347 391 1385 praecipit:
415 1347 461 1384 qui
471 1357 537 1376 vero
552 1347 671 1377 famulus
683 1347 754 1377 sorte
769 1348 856 1378 fastus
873 1349 910 1377 est
920 1371 927 1383 ,
950 1349 1045 1378 omnia
1062 1349 1178 1387 peragit.

55 1383 155 1414 Pollux
165 1384 212 1414 lib.
226 1395 252 1420 9.
267 1395 327 1421 cap.
340 1394 365 1420 7.
388 1384 454 1414 Non
462 1385 591 1414 absimilis
601 1385 749 1416 eratludus
760 1385 809 1415 ille
821 1387 900 1421 cujus
913 1387 1040 1416 meminit
1053 1387 1181 1416 Herodo-

57 1427 100 1452 tus
110 1422 139 1451 in
150 1422 231 1458 Clio,
253 1423 300 1460 qui
314 1422 487 1452 occasionem
502 1423 581 1453 dedit
599 1423 769 1461 agnoscendi
783 1424 864 1462 Cyri,
885 1434 973 1462 quum
990 1424 1122 1455 obscurus
1133 1434 1181 1454 an-

57 1465 100 1490 tea
110 1461 181 1490 inter
191 1461 311 1498 pastores
321 1461 411 1498 regios
422 1460 528 1490 lateret.

15 1488 42 1527 ‘B
51 1507 88 1527 iis
98 1508 107 1526 i
116 1508 169 1528 Lis
180 1521 188 1534 ,
210 1499 359 1535 [Βασιλὶς]
380 1498 483 1528 Civitas
495 1500 630 1535 Arcadiae,
652 1499 749 1537 Steph-

17 1534 135 1567 OEasii.
146 1546 174 1566 is
184 1546 201 1566 c
212 1547 230 1566 A
242 1558 251 1570 ‚
273 1547 304 1566 ae.
325 1537 345 1566 f.
369 1536 464 1566 Latine
487 1537 609 1574 Regula3
647 1538 686 1567 est
715 1537 809 1568 Herba
833 1537 887 1567 illis
913 1538 941 1567 in
968 1538 1039 1568 loeis
1065 1538 1180 1568 nascens

58 1572 106 1603 ubi
128 1574 212 1641 fqerit
233 1574 344 1613 serpens
362 1574 518 1605 basiliscus:
550 1576 610 1612 ejus
626 1576 743 1605 virtutes
781 1576 811 1606 V.
843 1577 918 1615 apud
934 1577 1015 1615 Apul.
1041 1577 1076 1607 de
1092 1577 1178 1608 Herb.

56 1620 116 1650 cap.
129 1622 147 1642 u
161 1619 181 1642 t.

17 1647 267 1685 *Basiiiscum
289 1650 306 1680 i.
324 1660 360 1680 m.

384 1651 595 1687 [exirem'ou&]
616 1651 759 1689 Serpentis
774 1661 878 1689 genus:
901 1652 992 1682 dietus
1014 1653 1026 1689 (
1041 1658 1072 1682 ut
1081 1653 1118 1682 ait
1132 1653 1182 1683 Fe-

57 1687 131 1723 stus)
153 1688 196 1718 vel
209 1690 284 1725 quod
301 1689 330 1717 in
348 1689 439 1726 capite
455 1689 660 1732 habeatlalbuni
681 1690 815 1727 quiddam
830 1690 910 1719 instar
929 1691 1114 1720 diadematis:
1135 1690 1181 1721 vel

54 1727 132 1792 {uod
145 1726 250 1764 reliqua
258 1726 415 1764 serpentum
429 1736 530 1764 genera
538 1737 596 1756 vim
607 1728 666 1764 ejus
676 1728 793 1766 fugiant.
836 1727 865 1758 V.
886 1728 955 1758 Plin.
968 1729 1016 1758 lib.
1030 1734 1056 1763 8.
1068 1739 1179 1768 cap.2i.

79 1764 154 1794 atine
169 1765 274 1794 dicitur
285 1765 415 1802 Regulus.

54 1800 99 1831 De
107 1803 194 1832 tribus
204 1802 392 1832 Basiliscorum
404 1802 551 1840 generibus
572 1803 604 1832 V.
621 1803 700 1841 Apul.
713 1803 748 1832 de
760 1803 844 1832 Herb.
857 1813 918 1842 cap.
936 1810 996 1839 128.
1010 1805 1085 1834 conf.
1098 1804 1178 1834 Voet.

76 1849 139 1907 pii.
162 1840 235 1878 Disp.
249 1840 348 1870 Theol.
366 1851 394 1879 p.
407 1849 470 1879 732.
484 1841 573 1871 Solin.
587 1851 649 1879 cap.
661 1852 707 1878 40.
721 1843 747 1872 &
759 1841 822 1871 Lev.
835 1841 931 1872 Lemn.
945 1843 980 1872 de
991 1842 1102 1873 Occult.
1116 1840 1179 1873 Na't.

14 1888 181 1947 &Asild'f‘ii
189 1888 360 1959 srzffiagnus,
394 1916 655 1961 Neo-Caesariensis
666 1939 673 1953 ,
689 1915 893 1961 ,[Βοιι-ιᾎεκῷω]
928 1917 1054 1955 Gregorii
1067 1918 1183 1963 Nysseni

55 1953 139 1984 frater
155 1964 244 1990 major
264 1962 349 1991 natu,
379 1955 552 1985 Nazianzeni
570 1955 728 1991 familiaris,
759 1965 839 1992 cujus
852 1979 860 1991 ,
893 1957 919 1985 ἅ
934 1955 976 1991 Jo.
996 1956 1182 1994 chrysostomi

56 1992 230 2030 temporibus
250 1992 352 2022 floruit.
401 1992 427 2022 Is
453 1992 579 2022 Caesareae
607 1993 806 2032 Cappadocum
833 1994 955 2032 primum
977 1993 1081 2030 leelor,
1115 2004 1182 2024 mox

0 2043 5 2056 υ
57 2029 198 2060 Diaconus
218 2032 245 2060 ἃ
262 2030 419 2068 Presbyter,
450 2031 515 2061 dein
532 2030 628 2061 telleia
647 2032 736 2070 patria
753 2032 780 2060 in
810 2032 889 2061 Ponti
907 2031 1059 2061 solitudine
1083 2032 1183 2062 Mona-

58 2067 145 2104 chus,
162 2068 308 2098 novissime
327 2068 459 2105 Eusebio,
491 2078 556 2098 cuni
579 2079 635 2107 quo
654 2070 789 2099 doetrinae
811 2069 890 2099 causa
908 2070 984 2107 prius
1003 2070 1179 2106 dissenserat,

55 2106 130 2173 vivos
144 2106 266 2174 prfiqffitum
284 2107 457 2175 agjunffjtusffi
473 2107 553 2175 Cdein
571 2114 692 2175 momffi,
702 2107 896 2175 subsffltutusfs
909 2108 1181 2176 &jutidgnBEiflCiefiae

79 2154 211 2212 isiriisuiir
221 2151 676 2221 ,usq’uiisgsicliiaenetotdssi‘iente
687 2156 766 2222 speaorsi
777 2156 866 2214 fiiis?c
889 2157 897 2175 ¹
938 2156 949 2175 r
972 2169 978 2175 ι
1011 2170 1017 2176 ¹
1055 2156 1087 2176 a]
1101 2157 1119 2176 u
1139 2156 1168 2176 m

0 2245 2 2249 .
16 2242 18 2255 ,
55 2217 166 2251 Basilius
181 2223 340 2259 Ancyranus
354 2221 451 2259 praesul
462 2243 469 2257 ,
490 2227 549 2251 arte
564 2222 700 2257 medicus,
721 2221 825 2257 scripsit
840 2228 938 2252 contra
950 2222 1128 2258 Marcellum,
1142 2223 1178 2252 de

17 2270 18 2286 i
76 2257 237 2296 virginitate
250 2259 370 2294 librum,
392 2259 564 2289 &nonnulla
573 2259 633 2289 alia.
675 2260 729 2289 Hic
747 2261 830 2289 eriam
849 2261 1005 2298 imperante
1024 2261 1183 2291 Constanti-

76 2305 130 2364 ὃς),
150 2297 179 2326 in
201 2304 279 2336 parte
296 2297 474 2327 Macedoniae
495 2308 560 2328 cum
573 2298 715 2328 Eustathio
738 2300 765 2328 &
778 2298 938 2328 Sebastiano
957 2300 1089 2338 princeps
1114 2300 1178 2330 fuit.

104 2344 190 2365 ieron.

57 2371 148 2403 Alium
158 2382 269 2411 quoque
282 2373 342 2409 eius
353 2373 475 2403 nominis
496 2373 596 2404 Suidas
607 2380 810 2404 commemorat
821 2397 828 2409 ,
850 2374 993 2413 praesulem
1012 2374 1117 2405 Ciliciae
1131 2374 1181 2405 sub

75 2411 210 2441 Anastasio
220 2412 347 2450 principe
356 2411 494 2442 floruisse:
515 2412 590 2441 houd
598 2410 749 2441 absimilem
761 2414 852 2450 primo
865 2415 890 2443 ἃ
907 2413 1106 2443 abstinentia&
1117 2415 1181 2444 vitae

75 2448 226 2479 institutis:
258 2449 442 2487 scripsisseque
454 2457 551 2479 contra
568 2450 728 2479 Archelaum
740 2452 880 2488 quendum
893 2451 1085 2489 presbyterum
1097 2452 1180 2481 Colo-

77 2486 210 2517 niensem.
251 2487 344 2517 Plures
365 2487 397 2517 V.
414 2498 458 2526 ap.
470 2488 567 2518 Fabric
587 2488 658 2517 Bibl.
671 2489 756 2518 Graec.
771 2488 831 2518 Vol,
846 2496 870 2523 8.
889 2493 970 2526 p.63.
983 2491 1008 2519 Sc
1022 2499 1084 2526 347.

18 2534 21 2559 ι
57 2520 146 2557 Basilii
156 2532 372 2555 monumentum
383 2533 441 2555 erat
452 2526 482 2555 in
493 2526 542 2555 Via
559 2526 645 2564 Appia
652 2537 740 2564 prope
752 2526 864 2560 Urbem.
875 2528 920 2561 qni
936 2527 1015 2556 locus
1030 2527 1181 2558 latrociniis

75 2562 129 2592 fuit
146 2573 278 2601 perquam
293 2564 413 2593 infamis.
454 2564 549 2594 Ascon.
559 2565 588 2593 in
600 2564 658 2594 Cic.
677 2564 738 2594 Mil.
749 2576 777 2603 p.
797 2575 860 2595 201.
876 2565 934 2595 Cic.
964 2588 970 2595 .
990 2567 1042 2595 Att.
1057 2576 1082 2601 9.
1105 2567 1181 2603 Quas

20 2608 21 2629 1
78 2599 108 2631 L.
132 2601 283 2638 Quintius,
305 2601 447 2631 familiaris
464 2612 544 2631 meus
559 2611 623 2632 cum
643 2603 742 2638 ferret,
763 2604 798 2632 ad
821 2606 930 2633 uultum
973 2604 1040 2633 asilii
1055 2604 1182 2634 vulnera-

18 2634 22 2684 J
76 2644 121 2669 tus
148 2641 175 2669 ἃ
199 2639 368 2676 despoliatus
397 2640 444 2669 est.
506 2640 584 2676 [Alii
606 2639 684 2670 Basili
703 2641 876 2671 verisimilius
897 2641 1016 2680 legunt,
1037 2643 1113 2680 quod
1129 2643 1182 2672 suit

76 2686 235 2714 cognomen
244 2678 294 2707 Ro.
329 2677 359 2707 V.
383 2677 448 2707 dict.
466 2677 522 2716 seq.

18 2733 20 2736 -
58 2712 318 2783 Bssfflisssibflugm
338 2716 411 2745 inter
426 2715 596 2754 Euphratem
620 2718 647 2747 &
674 2716 783 2755 Tigrim
806 2718 914 2753 fluens,
947 2718 1026 2754 cujus
1051 2719 1181 2749 meminit

97 2760 136 2782 tra
159 2776 165 2783 .
190 2764 197 2782 i
220 2763 251 2784 ,ι
277 2777 283 2783 .

25 2787 71 2820 ΒΛ
81 2793 112 2820 si‘
120 2802 136 2820 1.
144 2801 163 2820 u
172 2801 184 2821 s
195 2813 203 2827 ,
232 2792 388 2828 [ndo-im&]
401 2791 489 2830 Cogn.
500 2791 582 2821 Rom.
594 2791 731 2822 Minutius
740 2791 852 2828 Basilus,
867 2803 940 2823 unus
955 2803 989 2823 ex
1001 2794 1181 2825 interfeeiori.

59 2828 111 2859 bus
120 2828 228 2859 Caesaris
236 2830 350 2868 ponitur
358 2830 392 2859 ab
403 2831 529 2868 Appiano
539 2830 668 2868 Emphyl.
679 2840 704 2859 2.
714 2839 783 2862 extr.
806 2831 854 2861 ubi
865 2832 998 2871 scriptum
1011 2832 1134 2863 Basilius.

4 2895 7 2897 ,
60 2866 129 2897 Item
138 2866 206 2896 alter
216 2867 269 2897 fuit
281 2868 367 2897 Pii-ata
379 2869 498 2897 infamis.
521 2867 623 2898 Lucan.
639 2880 665 2902 4.
680 2872 743 2903 ⁴46·

12 2911 16 2914 ‘
137 2905 172 2934 Et
180 2905 298 2935 Basilum
306 2906 401 2935 videre
411 2906 513 2935 ducem
524 2928 532 2941 ‚
555 2915 629 2935 nova
637 2906 708 2936 furta
721 2917 769 2944 per
780 2917 882 2945 aequor.

59 2940 161 2973 Orator
169 2944 229 2979 ejus
239 2945 361 2973 nominis
372 2945 447 2981 apud
457 2944 556 2980 Juven.
569 2954 594 2981 7.
604 2944 658 2974 Sat.
677 2948 735 2979 146.

60 2979 158 3011 Praetor
166 2981 301 3018 ejusdem.
322 2982 402 3012 Idem
417 2992 459 3012 ιο.
470 2983 525 3012 Sat.
538 2991 602 3012 222.
627 2983 701 3012 cons.
715 2983 781 3013 diet.
794 2982 914 3021 praeced.

27 3015 139 3049 Basia
149 3029 170 3048 N
179 3030 189 3048 1
198 3041 206 3055 ,
228 3019 379 3056 [numini]
404 3020 501 3059 Populi
512 3020 632 3056 Arabiae,
655 3022 751 3059 steph.

24 3053 151 3112 θΒΑειο,
171 3067 208 3087 as.
250 3057 282 3087 V.
304 3067 456 3088 ssAsmM.

26 3090 148 3130 Bisis,
162 3095 193 3124 is.
216 3094 234 3124 f.
256 3094 368 3132 [ζήσας]
388 3095 608 3126 Sustentaculum
619 3096 769 3126 &inferior
779 3095 920 3126 columnae
933 3105 1012 3133 parS,
1034 3096 1181 3136 sicutEpi-

60 3130 167 3170 stylium
177 3132 308 3171 superior.
339 3133 439 3163 Perott.
453 3134 510 3163 Cic.
525 3145 548 3169 ς.
558 3133 642 3164 Tusc.
656 3138 700 3170 65.
727 3135 913 3164 iinimadverti
931 3135 1109 3165 columellam
1122 3146 1181 3166 non

59 3169 178 3200 multum
189 3181 205 3200 e
216 3172 308 3201 dumis
317 3172 489 3201 eminentem
501 3194 509 3204 .
531 3173 560 3201 in
574 3182 627 3209 qua
644 3173 732 3202 inerat
742 3172 852 3210 sphaerae
867 3172 951 3209 figura
966 3174 991 3201 δε
1003 3173 1131 3210 cylindri.
1153 3176 1181 3204 δι

83 3231 89 3237 .
120 3232 126 3238 .
150 3210 192 3238 Ad
201 3209 341 3239 adversam
353 3209 436 3239 basim
447 3210 609 3240 accessimus
622 3232 630 3245 ,
651 3212 804 3248 apparebat
818 3209 988 3248 epigramma
998 3212 1051 3240 stc.

48 3217 139 3276 §uses
149 3247 300 3282 strueliles,
321 3247 383 3277 sunt
398 3248 474 3277 velut
491 3249 654 3278 Sediinenta
672 3249 881 3283 columnarum⁷
903 3258 960 3277 non
980 3248 1067 3278 solido
1086 3248 1179 3287 lapide

64 3286 67 3295 ¹
78 3284 144 3314 caesa
156 3307 164 3319 ,
185 3284 232 3315 sed
242 3295 326 3322 opere
336 3287 518 3317 caementitio.
530 3286 686 3316 lateritiove
696 3293 889 3322 coagmentata
903 3296 910 3315 :
931 3286 1032 3323 quibus
1040 3286 1180 3317 columnae

48 3350 51 3351 .
79 3320 199 3353 ἔεζιίτριων
211 3345 219 3358 ,
241 3323 268 3352 id
279 3324 317 3353 est
327 3325 471 3359 nituntur,
493 3324 556 3362 ipsae
568 3324 680 3361 quidem
691 3323 779 3353 solido
798 3324 890 3361 lapide
904 3324 1070 3354 constantes.
1101 3325 1181 3355 Pom-

78 3360 339 3428 {missffiff‘lsoenfi
357 3361 459 3392 Statuae
468 3364 555 3393 affixae
569 3362 675 3392 basibus
686 3363 864 3392 structilibus.
887 3362 1014 3391 Budaeus.
1046 3363 1076 3393 V.
1095 3365 1180 3394 etiam

101 3408 144 3428 eir.
178 3405 208 3428 iti
224 3409 247 3428 c.
285 3409 289 3411 ·

48 3431 148 3472 'Basis,
168 3447 219 3475 pro
234 3436 427 3467 Fundamento
448 3439 473 3468 8<
492 3438 556 3468 sede
568 3438 684 3474 alicujus
699 3438 756 3467 rei:
779 3444 811 3467 iit
823 3460 830 3471 .
852 3437 923 3467 Basis
940 3438 1040 3467 staruae.
1082 3438 1140 3468 Cic.
1153 3450 1180 3476 4.

79 3473 152 3504 Verr.
172 3478 231 3504 160.
274 3475 311 3505 Hi
322 3483 415 3505 tamen
427 3476 501 3506 istius
512 3484 632 3506 evertere
651 3477 766 3506 st.ituam
785 3486 843 3505 non
863 3475 1042 3506 dubitarunt:
1066 3486 1119 3514 qua
1134 3477 1181 3507 ab-

79 3510 131 3541 lata
142 3534 150 3548 ,
170 3512 384 3543 basintamenin
398 3514 459 3543 foro
473 3524 585 3544 manere
597 3514 754 3544 voluerunt.

60 3547 130 3579 Basis
140 3551 257 3588 proipsa
270 3551 407 3581 Columna
420 3553 530 3581 videtur
541 3553 623 3582 etiam
641 3553 741 3590 accipi.
782 3551 848 3582 Plin.
862 3551 910 3581 lib.
924 3561 967 3590 ¹7-
983 3561 1044 3590 cap.
1057 3561 1103 3589 25.
1139 3553 1181 3583 Si-

80 3588 139 3618 mili
149 3592 234 3618 modo
243 3589 381 3619 Trallibus
394 3590 486 3628 palma
497 3592 525 3619 in
536 3590 589 3619 basi
600 3590 710 3620 Caesaiis
722 3591 870 3619 (institoris.

60 3623 132 3656 Basis
156 3628 182 3656 δι
206 3627 299 3656 statua.
341 3627 399 3657 Cic.
419 3639 444 3664 9.
474 3628 594 3666 Philipp.
615 3632 657 3658 16.
697 3628 799 3665 Utique
824 3628 853 3656 C.
874 3625 979 3661 Pansa,
1019 3628 1048 3657 A.
1068 3628 1181 3659 Hircius

81 3672 172 3693 coss.
193 3665 262 3694 alter
280 3665 416 3701 ambove,
438 3666 455 3695 fi
476 3667 516 3696 eis
534 3667 691 3700 videbitur,
713 3665 901 3703 Quaestoiibus
923 3665 999 3694 urbis
1022 3666 1179 3704 imperent,

25 3726 30 3727 .
79 3708 111 3731 ut
129 3712 190 3731 earn
210 3703 283 3732 basin
297 3703 467 3741 statuamque
482 3704 657 3739 faciendam,
682 3706 707 3734 ἃ
722 3706 749 3733 in
768 3704 869 3733 Rostris
884 3703 1056 3733 statuendam
1073 3704 1177 3735 locent.

61 3738 131 3769 nasis
151 3748 346 3778 tropnaeorum.
387 3742 444 3771 Cic.
465 3743 491 3771 in
510 3742 597 3772 Pison.
611 3752 655 3777 92.
689 3742 822 3779 idemque
840 3748 871 3771 ut
888 3741 954 3770 esset
972 3742 1048 3778 quod
1077 3742 1107 3771 in
1126 3743 1181 3772 basi

81 3779 266 3815 trophaeorum
276 3779 381 3809 incidi.
401 3779 570 3817 inscribique
590 3780 695 3816 posset,
715 3782 767 3810 &c

59 3812 132 3845 'Basis
144 3816 224 3845 viilae.
264 3816 321 3846 Cic.
338 3827 360 3852 3.
376 3816 412 3854 Q.
425 3818 485 3847 frat.
504 3829 524 3848 i.
537 3828 563 3848 2.
584 3818 748 3854 Topiarium
760 3817 888 3851 laudavi,
911 3817 946 3845 ita
969 3817 1063 3847 omnia
1079 3828 1183 3848 conve-

81 3853 153 3882 stivit
168 3853 270 3883 hedera
281 3877 288 3885 .
310 3865 362 3892 qua
374 3855 448 3884 basin
458 3856 532 3885 viliae
541 3879 549 3889 ,
570 3866 622 3893 qua
634 3856 850 3885 intercolumnia
861 3854 1074 3892 ambulationis,
1093 3863 1124 3886 ut
1135 3857 1183 3887 de-

85 3892 169 3928 nique
180 3891 221 3920 illi
233 3892 337 3928 palii-ati
349 3894 495 3931 topiariam
510 3895 602 3923 facere
613 3894 769 3923 videantur.

55 3925 134 3958 *Basis
146 3929 283 3966 trianguli.
324 3931 384 3961 Cic.
396 3941 422 3960 2.
436 3932 470 3961 de
482 3933 545 3962 Nat.
558 3931 641 3961 Deor.
658 3942 719 3968 125.
742 3931 813 3961 Basis
832 3936 926 3960 autem
943 3930 1083 3968 trianguli,
1099 3942 1183 3970 quam

84 3966 206 3996 efficiunt
216 3976 310 4004 grues,
332 3970 385 3998 Sco.

65 4003 135 4035 uasis
144 4026 152 4039 ,
173 4003 287 4041 [ζοὲως]
307 4005 406 4045 Figura
420 4006 505 4037 etiam
514 4012 629 4037 vocatur
642 4007 673 4037 in
682 4006 887 4037 narrationibus
899 4028 907 4038 .
928 4015 1014 4039 Quum
1026 4008 1121 4037 omi-²:
1135 4017 1184 4046 pe=

117 4041 202 4073 Vni..
240 4042 263 4074 Ι.

1621 173 1646 208 B
1741 177 1767 211 A
1863 177 1885 213 S
2325 196 2390 231 33¹

1284 252 1420 283 detentim
1447 253 1596 289 dicuntur,
1629 255 1787 286 insinuandi
1819 259 1912 295 gratia.
1947 266 1995 293 ut.
2033 261 2100 293 Ter.
2123 264 2150 292 in
2170 263 2239 293 Eun.
2263 274 2285 294 i.
2306 274 2331 294 2.
2348 271 2394 299 28·

1285 290 1401 334 lbittum
1426 293 1504 320 matri
1527 293 1668 329 parvulam
1687 296 1808 332 puellam
1836 297 1912 325 dono
1931 300 2041 335 quidam
2065 309 2199 330 mercator
2224 302 2321 337 dedit,
2362 313 2397 332 ex

1284 331 1372 357 Attica
1394 329 1460 358 hinc
1493 329 1645 367 abreptam.
1702 332 1837 370 Etpaulo
1870 335 1939 369 iost,
1973 337 2066 366 Mater
2084 339 2128 367 ubi
2150 340 2276 375 accepit,
2308 342 2398 378 coepit

1286 366 1424 401 studiose,
1447 368 1497 396 tte.
1538 368 1673 398 Donatus.
1712 372 1817 406 [Aliud
1839 373 1863 400 el
1896 371 1965 400 Γείπς
1983 372 2118 411 finalium&
2141 376 2261 406 clausula
2283 378 2396 407 Exordii

1286 412 1330 440 ap.
1352 404 1580 439 Hermogenem,
1602 408 1638 435 de
1659 418 1711 444 qua
1734 409 1763 437 V.
1784 409 1853 437 Voss.
1871 410 1952 440 Rhet.
1968 419 2057 442 contr.

1230 437 1465 484 BasisTA-Ni,
1486 442 1574 472 Strab.
1592 443 1640 473 lib.
1654 454 1677 481 3.
1700 446 1798 484 Populi
1811 448 1873 476 sunt
1884 448 2039 486 Hispanize,
2062 452 2091 480 in
2104 452 2191 481 tradtu
2203 451 2305 482 Baetico
2319 474 2326 488 ‚
2349 453 2398 489 qui

1270 480 1295 506 &
1306 477 1406 506 Bastuli
1418 479 1556 521 dicuntur.

1231 514 1411 558 Elisium&
1433 526 1451 544 1.
1481 526 1507 545 n.
1539 518 1684 554 [Φῡ-κμκ]
1712 520 1813 551 Donat.
1840 523 1870 552 iii
1898 523 1967 555 Eun.
1991 525 2055 556 Ter.
2080 534 2102 561 3.
2124 535 2149 555 2.
2173 535 2198 562 3.
2239 527 2304 556 Tria
2335 527 2399 557 sunt

1269 552 1412 595 osculandi
1435 562 1534 589 genera
1550 577 1565 597 ³.
1579 556 1704 587 osculum
1722 558 1845 594 scilicet.
1869 561 1970 592 basium
1987 585 1995 598 ,
2017 566 2042 593 ἃ
2060 564 2200 593 suavium:
2223 565 2325 594 Oscula
2339 565 2398 593 offi-

1270 600 1376 618 ciorum
1402 589 1480 619 sunt:
1511 591 1601 627 Basia,
1626 596 1794 630 pudicorum
1824 598 1993 630 affectuum:
2034 602 2149 635 suavia,
2173 603 2321 632 libidinum
2354 602 2397 631 vel

1270 637 1406 694 ἰιξὲιοὲυηι.
1447 628 1503 657 Sed
1528 629 1587 659 haec
1614 631 1772 663 discrimina
1798 645 1898 673 parum
1929 638 2072 669 observant
2100 642 2235 671 auctores.
2275 640 2397 672 martial.

1282 675 1291 694 Ι
1314 687 1321 694 .
1354 687 1360 693 .
1378 675 1419 694 10.

1364 702 1438 731 Basia
1450 702 1568 732 dimidio
1583 707 1659 742 quod
1670 707 1718 737 das
1734 709 1801 738 mihi
1812 733 1819 744 ,
1842 711 1987 743 Posthume
2000 737 2006 747 ,
2025 714 2101 744 iabro
2111 737 2120 752 ,

1402 739 1497 769 Laudo
1508 763 1516 776 ,
1538 741 1603 784 licet
1615 744 1708 774 demas
1720 747 1785 775 liinc
1795 758 1904 786 quoque
1917 751 2075 783 dimidium.

1269 775 1411 808 Basiorum
1423 778 1510 807 multa
1525 779 1620 808 millia.
1642 781 1731 812 Catul.
1752 788 1792 814 16.
1809 796 1851 815 12.

1272 815 1444 845 Conturbare
1456 815 1536 845 basia.
1559 816 1649 847 Catul.
1666 830 1689 854 ς.
1706 830 1745 850 ii.

1270 853 1313 883 Da
1324 853 1392 881 mihi
1405 853 1474 882 basia
1486 853 1564 897 mille
1577 876 1585 887 ,
1594 893 1599 898 ι
1608 856 1711 886 deinde
1721 864 1844 890 centuni.
1867 861 1956 892 Catul.
1969 874 1992 900 ς.
2005 873 2031 902 7.

1272 890 1347 920 Basia
1361 891 1684 930 malafascinarelinguzi.
1709 895 1799 926 Catul.
1811 907 1838 933 7.
1854 909 1894 927 12.

1273 929 1379 964 Jadtare
1392 929 1472 959 basia.
1494 929 1598 973 Phaedr.
1613 942 1636 965 ς.
1648 937 1672 965 8.
1684 938 1728 967 23.
1769 935 1857 964 Manu
1871 936 2025 967 scilicetoii
2043 939 2174 976 admota,
2195 940 2260 970 dein
2273 942 2400 979 porrecta

1293 967 1328 996 ad
1340 976 1405 996 eum
1419 989 1427 1003 ,
1449 976 1532 1011 quem
1543 968 1671 999 colimus.
1714 971 1744 1000 V.
1768 972 1889 1011 interpp.
1904 975 1937 1004 ad
1949 976 2003 1005 loc.

1234 1002 1454 1048 BAsiotuM,
1472 1016 1502 1049 ἰ.
1522 1015 1550 1035 n.
1573 1006 1671 1036 dimin.
1703 1009 1782 1046 Apul.
1802 1020 1842 1040 ιο,
1865 1022 1892 1047 p.
1910 1019 1973 1048 248-
1997 1014 2098 1050 Qualia
2116 1016 2146 1044 in
2168 1015 2293 1054 lupanari
2312 1016 2402 1048 solent

1275 1042 1375 1071 basiola
1385 1044 1488 1078 μιέὶῑιῐι.
1511 1043 1619 1073 Petron.
1637 1054 1698 1083 cap.
1713 1051 1757 1078 86.
1780 1048 1890 1079 Baliolis
1901 1050 2040 1081 invadere.

1236 1078 1306 1110 BAs
1319 1091 1326 1108 i
1337 1090 1370 1115 o,
1393 1081 1520 1116 [φιλέω]
1541 1092 1595 1111 are.
1621 1082 1738 1114 Martial.
1753 1086 1799 1115 lib.
1817 1096 1842 1124 7.
1855 1097 1900 1121 94.

1275 1118 1310 1148 Et
1319 1124 1428 1153 totam,
1450 1118 1537 1155 Line,
1559 1119 1660 1150 basiare
1670 1121 1798 1154 Romam.
1820 1125 1895 1154 conf.
1914 1125 1994 1156 Idem
2014 1136 2056 1156 11.
2070 1137 2114 1164 99.

1275 1155 1380 1185 Baliare
1390 1156 1469 1186 basia.
1494 1157 1584 1187 Catul.
1601 1167 1626 1195 7.
1641 1168 1666 1194 9.

1276 1193 1366 1231 Usque
1381 1194 1415 1223 ad
1426 1194 1513 1224 millia
1524 1196 1633 1226 basiare.
1661 1197 1749 1228 Catul.
1759 1208 1803 1235 45.
1816 1209 1842 1237 3.
1863 1199 1978 1231 subaud.
1992 1201 2072 1231 Basia.

1275 1231 1344 1261 Usus
1355 1232 1393 1262 est
1402 1232 1473 1271 saepe
1487 1233 1605 1263 Martial.
1620 1234 1729 1271 passive.
1753 1244 1799 1272 ut,
1822 1238 1955 1269 Basianda
1968 1249 2027 1269 non
2040 1250 2078 1270 es.
2103 1240 2152 1271 lib.
2167 1250 2191 1271 1.
2204 1251 2248 1279 95.

1236 1266 1260 1299 Β
1271 1280 1290 1299 A
1301 1274 1355 1299 six
1366 1279 1385 1298 T
1395 1280 1413 1299 υ
1423 1280 1435 1300 s
1445 1292 1453 1305 ,
1474 1269 1570 1301 Parric.
1599 1272 1720 1303 Martial.
1733 1274 1779 1304 lib.
1797 1285 1838 1306 12.
1853 1287 1896 1313 59.

1354 1307 1430 1338 Hinc
1438 1307 1511 1338 sutor
1520 1311 1605 1339 modo
1616 1310 1690 1347 pelle
1705 1311 1812 1343 baliata.

1237 1343 1310 1375 Bas
1322 1355 1432 1375 1A'r10
1447 1369 1454 1381 ,
1476 1348 1547 1377 (mis.
1569 1348 1587 1377 fi
1611 1349 1730 1379 Martiiil.
1751 1350 1798 1380 lib.
1811 1361 1838 1388 7.
1851 1362 1897 1389 94.

1359 1383 1504 1421 Hybernas
1516 1408 1524 1420 ,
1539 1385 1607 1415 Line
1617 1409 1625 1421 ,
1648 1387 1820 1419 basiationes.
1903 1389 1983 1420 idem
1993 1400 2018 1421 2.
2031 1400 2075 1425 2³-
2089 1392 2115 1421 ἃ
2129 1391 2218 1422 Ciitul.
2232 1403 2256 1432 7⁴
2271 1404 2294 1423 r.

1237 1419 1434 1465 anriToa
1447 1445 1455 1458 ,
1476 1424 1540 1453 oris.
1560 1434 1598 1454 m.
1620 1426 1700 1462 Apud
1716 1426 1833 1457 Martial.
1850 1427 1897 1457 lib.
1916 1438 1957 1457 12.
1979 1439 2022 1464 59.
2045 1429 2142 1459 titulus
2160 1431 2212 1459 est.
2245 1433 2284 1461 De
2302 1433 2404 1471 impot-

1276 1465 1352 1527 ἓξὲξ
1371 1459 1555 1492 basiatoribus.
1596 1461 1629 1492 V.
1650 1464 1735 1493 etiam
1745 1466 1872 1501 ejusdem
1885 1467 1957 1504 epig.
1971 1477 2015 1502 99.
2027 1466 2075 1496 lib.
2092 1477 2134 1497 11.
2157 1469 2204 1497 ubi
2222 1480 2255 1499 ea
2268 1470 2309 1500 bis
2318 1473 2403 1502 uritur

1300 1506 1307 1525 i
1338 1507 1412 1528 ione.

1238 1533 1260 1564 B
1269 1545 1317 1601 ἳῗ)
1319 1545 1336 1564 0
1345 1545 1362 1565 R
1370 1546 1388 1565 ο
1398 1546 1412 1565 P
1421 1546 1435 1566 s
1444 1547 1463 1566 n
1473 1547 1493 1566 A
1503 1559 1511 1574 ‚
1534 1537 1623 1576 Regio
1633 1537 1786 1570 Medorum
1802 1542 1939 1572 Armeniae
1957 1542 2117 1573 contributa
2128 1566 2136 1580 ‚
2158 1550 2189 1573 ut
2211 1546 2294 1575 tradit
2313 1547 2401 1578 Strab.

1290 1583 1297 1601 i
1321 1596 1326 1603 .
1345 1583 1355 1602 1
1364 1584 1386 1603 1.

1239 1610 1361 1679 Bassg
1372 1622 1431 1680 ,Mae
1450 1612 1604 1680 slNomen
1621 1614 1779 1682 22⁰&er
1799 1618 1935 1652 dustum,
1957 1624 1989 1648 ut
2009 1625 2143 1657 apparet,
2166 1630 2182 1649 a
2199 1621 2270 1650 virili
2292 1622 2403 1661 Bassus,

1280 1658 1334 1686 apu
1407 1657 1493 1680 attia.
1521 1661 1544 1680 1.
1561 1657 1603 1688 38.
1664 1663 1708 1688 91.

1239 1685 1359 1716 BAssffl
1370 1710 1378 1724 ,
1403 1687 1491 1718 Locus
1503 1689 1579 1719 estin
1593 1690 1705 1728 Cotylio
1718 1698 1813 1721 monte
1828 1703 1915 1732 prope
1931 1694 2081 1731 Phigaliam
2094 1696 2122 1724 in
2136 1697 2249 1726 Arcadia
2266 1720 2274 1733 ,
2295 1699 2343 1728 ubi
2362 1709 2407 1730 ce-

1279 1723 1401 1756 lebratur
1420 1727 1544 1764 Epicurii
1566 1729 1702 1766 Apollinis
1715 1730 1862 1768 templum.
1897 1732 1926 1761 V.
1951 1742 2059 1763 spico
2071 1744 2163 1764 aius.

1240 1761 1478 1806 BAssRREus,
1499 1775 1548 1803 per
1567 1775 1601 1796 eu
1625 1767 1735 1805 diphth.
1758 1766 1946 1806 [uxosaegatk]
1968 1771 2059 1800 dictus
2080 1772 2119 1800 est
2139 1772 2280 1807 Bacchus,
2309 1770 2353 1800 xm*
2374 1776 2407 1802 τὲ

1278 1800 1365 1837 Gagai,
1387 1803 1463 1840 quod
1481 1803 1519 1832 est
1538 1802 1672 1834 Declamo
1685 1828 1692 1841 ,
1714 1806 1870 1843 vociferor,
1902 1808 1938 1836 ob
1969 1808 2164 1839 bacchantium
2195 1811 2406 1843 tumultuarium

1278 1839 1439 1883 clamorem.
1481 1841 1616 1878 Quamvis
1634 1843 1790 1873 Bfflhreum
1810 1845 1894 1882 aliqui
1918 1847 2093 1876 nominatum
2108 1848 2198 1877 velint
2216 1859 2230 1876 a
2249 1859 2349 1884 genere
2362 1861 2408 1880 ve-

1278 1877 1324 1906 stis
1338 1876 1529 1909 Baccharum:
1560 1881 1635 1910 unde
1656 1884 1682 1912 ἃ
1698 1882 1812 1912 Β.οσ1ιεε
1833 1883 1895 1920 ipsae
1914 1884 2061 1914 Baisirides
2082 1885 2162 1915 dicke
2179 1896 2193 1914 a
2212 1886 2316 1916 Balsara
2333 1890 2406 1918 veste

1279 1925 1341 1952 quae
1358 1926 1445 1953 usque
1460 1917 1495 1960 ad
1510 1917 1597 1956 pedes
1614 1919 1730 1949 demissa
1746 1921 1783 1950 est
1795 1943 1803 1956 ,
1825 1921 1898 1950 dicta
1920 1932 1934 1950 a
1955 1922 2059 1952 Bassara
2079 1923 2143 1952 loco
2160 1923 2269 1960 Lydiae.
2298 1926 2326 1955 in
2349 1937 2405 1963 quo

1279 1953 1328 1982 fit:
1358 1954 1405 1984 tali
1423 1964 1499 1984 enim
1515 1956 1631 1986 numina
1650 1958 1691 1987 uti
1709 1957 1814 1988 volunt.
1852 1959 1920 1988 Haec
1939 1960 2037 1990 Perott.
2098 1962 2151 1991 Alii
2180 1962 2304 1999 Cani—dgna
2330 1966 2408 1994 aiunt

1278 1991 1358 2060 {pisse
1377 1992 1492 2060 Crgceos
1510 1994 1645 2066 ᾳὲῐοεάευη
1658 2017 1666 2031 ,
1700 1996 1801 2033 quibus
1818 1996 1968 2027 utebantur
1996 1998 2129 2029 mulieres
2153 1999 2208 2030 illae
2227 2000 2406 2033 bacchantes.

1309 2039 1348 2060 or.
1362 2040 1386 2060 1.
1430 2040 1519 2060 arm.1
1545 2041 1608 2062 .1r.
1875 2042 1880 2047 ²

1474 2085 1549 2090 —-—
1561 2079 1618 2099 non
1633 2081 1685 2109 ego
1696 2077 1724 2101 te
1733 2094 1740 2106 ,
1763 2072 1884 2102 candide
1893 2070 2017 2104 Bassareu
2028 2096 2036 2108 ‚

1350 2143 1356 2149 .
1372 2105 1496 2137 Invitum
1507 2109 1640 2143 quatiam.
1724 2109 1755 2139 V.
1778 2112 1877 2140 Acron.
1890 2111 1919 2139 in
1931 2111 1985 2140 loc.
1999 2114 2024 2142 ἀ
2036 2111 2161 2142 Lambin.
2174 2113 2207 2142 ad
2220 2114 2248 2143 h.
2257 2112 2276 2144 l.
2291 2116 2318 2145 ἃ.
2330 2125 2403 2154 ςας.

1284 2152 1325 2178 19.
1348 2150 1416 2173 1tem
1425 2144 1553 2175 Broeckh.
1565 2146 1600 2175 ad
1612 2146 1706 2187 Tibul.
1723 2157 1746 2177 1.
1761 2154 1786 2183 8.
1797 2153 1842 2183 46.
1865 2149 1892 2179 ἀ
1908 2148 1973 2179 Lex.
1984 2150 2072 2180 Pitisc.
2089 2151 2118 2180 in
2128 2151 2260 2182 Bacchus.

1241 2178 1264 2210 B
1273 2189 1312 2210 AS
1321 2184 1358 2210 si
1367 2192 1381 2210 R
1392 2183 1430 2211 ic
1440 2192 1457 2211 u
1466 2193 1479 2212 s
1488 2204 1496 2217 ‚
1520 2184 1580 2218 Adi.
1603 2182 1806 2222 [BaetigeQu]
1828 2186 1950 2224 Propert.
1964 2197 1988 2224 3.
2003 2192 2045 2218 16.
2059 2197 2103 2226 30.

1360 2220 1488 2250 Candida
1496 2220 1594 2251 laxatis
1603 2230 1718 2252 onerato
1727 2224 1799 2253 colla
1812 2225 1951 2262 corymbis
1963 2247 1972 2259 ,

1398 2258 1500 2295 Cinget
1510 2258 1660 2290 Bassaricas
1669 2260 1757 2299 Lydia
1773 2263 1853 2291 mirra
1868 2272 1972 2293 comas.
2054 2264 2074 2293 i.
2091 2274 2115 2294 e.
2135 2264 2294 2302 BaccliicaS,
2304 2266 2359 2297 hoc
2369 2268 2407 2298 est

1279 2299 1357 2330 tuas,
1377 2295 1470 2326 scribit
1479 2297 1555 2326 enim
1566 2298 1601 2327 ad
1615 2298 1771 2335 Bacchum,
1792 2301 1839 2337 qui
1850 2300 1990 2331 Bassareus
1999 2308 2122 2332 vocatur.

1240 2331 1291 2367 BA
1302 2343 1313 2361 s
1323 2343 1335 2363 s
1344 2336 1383 2364 Ᾰε
1395 2344 1425 2364 is
1434 2357 1442 2370 ,
1468 2335 1532 2365 idis.
1565 2337 1582 2372 [
1592 2333 1743 2373 ssdwaew]
1771 2339 1861 2376 Agave
1873 2361 1881 2375 ,
1913 2338 2015 2369 Bacchi
2035 2339 2172 2372 sacerdos.
2201 2341 2269 2372 Pers.
2292 2353 2316 2373 1.
2347 2343 2403 2374 Sat.

1283 2380 1344 2402 100.

1372 2409 1407 2440 Et
1415 2417 1526 2448 raptum
1537 2412 1626 2442 vitulo
1636 2419 1720 2451 capnt
1732 2413 1856 2444 ablatura
1867 2413 1988 2452 superbo

1283 2485 1289 2492 .
1372 2448 1502 2485 Bassaris,
1522 2451 1550 2480 ἃ
1566 2451 1678 2488 lyncem
1693 2452 1799 2482 Maenas
1816 2452 1921 2483 flexura
1941 2453 2091 2492 corymbis.
2184 2455 2217 2486 V.
2239 2455 2305 2487 Lex.
2318 2456 2405 2488 Pitisc.

1280 2495 1310 2514 iri
1324 2496 1404 2516 voce.

1240 2521 1263 2553 B
1273 2534 1293 2553 A
1302 2534 1313 2553 s
1322 2534 1334 2553 s
1345 2535 1352 2553 i
1364 2529 1380 2553 x
1389 2534 1410 2553 N
1421 2535 1440 2554 u
1449 2535 1461 2554 s
1471 2547 1480 2560 ,
1500 2526 1517 2561 [
1526 2527 1674 2562 soem-ambe]
1696 2528 1782 2565 patria
1800 2528 1985 2566 Syracusanus
1995 2552 2002 2564 ‚
2025 2530 2143 2560 Romam
2161 2531 2313 2562 studiorum
2329 2534 2407 2564 causa

1278 2561 1374 2592 milsus
1385 2585 1393 2598 ,
1414 2563 1463 2592 ubi
1473 2564 1640 2594 Christianus
1649 2566 1738 2595 factus
1750 2588 1758 2601 ,
1778 2566 1942 2596 Ravennam
1955 2567 2107 2598 insedtante
2118 2576 2213 2607 patre,
2237 2571 2314 2608 sugit.
2340 2572 2408 2602 lnde

1279 2600 1428 2643 Lau-densis
1440 2602 1660 2639 praeffileleftus,
1672 2604 1777 2633 ibidem
1793 2605 1907 2634 decessit
1916 2607 2128 2643 nonagenarius,
2144 2618 2186 2644 14.
2197 2609 2314 2638 Calend.
2329 2610 2405 2640 Febr.

1277 2637 1403 2706 ἓηηειιίὗ
1421 2639 1552 2705 [limbrosii
1562 2641 1736 2679 temporibus
1746 2664 1755 2678 ,
1778 2653 1860 2680 quern
1871 2650 2053 2681 aeg-rotantem
2068 2645 2140 2674 adiit
2150 2667 2158 2682 ‚
2178 2647 2316 2684 mortique
2325 2649 2408 2678 inter-

1292 2684 1340 2705 uit.
1406 2687 1422 2706 ο
1435 2685 1514 2708 aterr.

1278 2714 1342 2744 Hoc
1353 2716 1469 2744 nomine
1478 2722 1592 2746 vocatus
1604 2717 1690 2747 etiam
1706 2718 1761 2748 fuit
1775 2718 1945 2757 turpissimus
1963 2719 2012 2749 ille
2022 2720 2174 2759 imperator
2187 2721 2269 2753 Rom.
2279 2723 2408 2762 Helioga-

1300 2751 1389 2788 balus,
1400 2754 1563 2791 priusquam
1572 2755 1722 2793 imperium
1731 2757 1852 2795 adeptus
1862 2758 1908 2787 est.
1938 2758 1967 2788 V.
1990 2758 2008 2788 s.
2030 2759 2047 2787 1.

1241 2789 1263 2821 Β
1275 2799 1293 2819 Α
1303 2800 1380 2820 ssii.
1391 2802 1400 2820 1
1410 2801 1478 2821 TAS
1490 2815 1497 2828 ‚
1519 2794 1580 2823 z’itis.
1604 2794 1621 2822 f.
1643 2793 1725 2823 Gioff.
1739 2794 1785 2824 Gr.
1800 2794 1856 2824 Lat.
1879 2797 2009 2831 mxx-im,
2030 2796 2168 2827 bassilitas.
2190 2808 2206 2828 a

1241 2828 1292 2858 BA
1302 2838 1333 2858 ss
1343 2839 1361 2858 u
1371 2840 1387 2858 L
1396 2840 1414 2858 υ
1423 2840 1435 2859 s
1447 2852 1455 2865 ,
1474 2840 1490 2860 a
1501 2852 1509 2866 ,
1532 2841 1589 2863 um.
1612 2831 1712 2862 dimin.
1734 2832 1818 2864 Gloss.
1831 2833 1888 2863 Lat.
1900 2834 1946 2864 Gr.
1957 2833 2100 2872 Bastulus,
2124 2838 2211 2871 mxi.
2231 2836 2402 2874 hmioegmndir.

1281 2866 1311 2895 V.
1335 2877 1350 2895 Β
1361 2877 1380 2896 Α
1390 2877 1402 2897 s
1412 2878 1424 2897 s
1434 2878 1452 2897 u
1465 2878 1487 2903 s,
1510 2869 1571 2905 Adj.
1585 2869 1664 2900 infra.

1238 2904 1262 2938 Β
1272 2914 1291 2933 Α
1301 2915 1312 2934 s
1321 2914 1333 2934 s
1344 2915 1401 2950 us,
1423 2906 1587 2951 Cognomen
1597 2907 1789 2946 compluribus
1796 2909 1931 2977 1{entibus
1947 2910 2081 2941 Romanis
2095 2921 2252 2941 commune.
2293 2912 2406 2944 Betilie-

1276 2952 1320 2972 nae
1329 2943 1421 2973 neseio
1431 2946 1476 2973 cui
1488 2945 1601 2975 familiae
1611 2946 1737 2976 vindicat
1750 2956 1785 2976 ex
1820 2949 1915 2977 enario
1926 2949 2042 2986 antiquo
2053 2949 2171 2979 Patinus.
2214 2952 2343 2980 Ceterum
2354 2961 2406 2980 no-

1277 2986 1322 3010 tus
1334 2981 1372 3010 est
1381 2981 1504 3012 Aufidius
1512 2983 1605 3013 Bassus
1614 2983 1760 3014 historicus
1772 3007 1780 3019 ,
1801 2987 1847 3023 qui
1861 2986 2030 3023 Quintiliani
2041 2987 2212 3025 temporibus
2224 2988 2328 3018 bellum
2339 2989 2404 3020 Ger-

1275 3019 1418 3048 manicum
1431 3020 1543 3058 scripsit.
1586 3021 1616 3051 V.
1637 3022 1760 3059 Quintil.
1773 3023 1821 3053 lib.
1836 3034 1877 3054 10.
1891 3034 1952 3062 cap.
1967 3035 1989 3054 1.

1277 3056 1379 3086 Caesius
1395 3057 1488 3088 Bassus
1506 3059 1578 3089 inter
1597 3059 1710 3097 Lyricos
1727 3061 1761 3091 ab
1780 3062 1881 3092 eodem
1902 3064 2034 3101 ponitur:
2056 3063 2092 3092 de
2114 3072 2169 3100 quo
2187 3062 2221 3093 sic
2236 3063 2328 3093 scribit
2342 3065 2404 3095 Pro.

1295 3094 1347 3124 bus
1357 3117 1365 3129 ,
1387 3096 1502 3126 Caeiium
1527 3097 1636 3128 Bassum
1660 3106 1773 3137 poetam
1795 3099 1913 3137 lyricum
1922 3122 1929 3134 ,
1958 3101 2031 3130 fama
2049 3101 2086 3130 est
2108 3101 2137 3128 in
2160 3101 2271 3138 praediis
2291 3102 2344 3132 fiiis
2363 3114 2402 3133 ar.

1294 3133 1382 3162 dente
1401 3134 1503 3164 Vesevo
1531 3138 1557 3166 δι
1583 3135 1638 3166 late
1657 3137 1821 3175 vagantibus
1851 3138 1978 3176 ignibus,
2009 3147 2073 3167 cuin
2099 3137 2164 3166 villa
2191 3138 2238 3168 sua
2270 3140 2400 3177 flagrasse.

1298 3170 1492 3207 Quintilianus
1506 3183 1618 3212 quoque
1632 3175 1658 3204 se
1668 3185 1733 3204 eum
1749 3175 1846 3205 vidisse
1860 3177 1906 3205 ait.
1948 3176 1990 3205 Ad
2006 3185 2071 3205 eum
2083 3175 2185 3206 Persius
2197 3176 2290 3207 scribit
2307 3181 2362 3209 Sat.
2373 3184 2399 3211 6.

1296 3210 1323 3238 ἃ
1336 3209 1425 3240 forsan
1437 3210 1558 3249 propert.
1573 3223 1594 3242 1.
1607 3223 1633 3248 4.
1665 3213 1695 3242 V.
1717 3213 1853 3243 Broec'kh.
1864 3215 1899 3243 ad
1909 3213 1963 3243 loc.

1275 3246 1484 3316 Gsbffsfflssassfls
1496 3272 1504 3285 ,
1526 3260 1562 3280 ex
1570 3252 1651 3287 cujus
1664 3250 1773 3289 scriptis
1783 3252 1908 3289 quaedam
1918 3251 2000 3280 affert
2010 3250 2117 3281 Gellius
2129 3260 2155 3281 2.
2167 3262 2194 3288 4.
2208 3253 2235 3282 &
2253 3262 2276 3290 3.
2287 3263 2313 3290 9.
2324 3256 2400 3286 conf.

1318 3295 1366 3314 o.
1404 3296 1442 3315 i.
1477 3295 1611 3318 at.1.22.

1270 3321 1364 3359 Julius
1383 3324 1493 3362 Bassus,
1523 3326 1643 3363 Orator,
1674 3327 1754 3364 cujus
1779 3327 1908 3357 meminit
1923 3326 2030 3357 Seneca
2054 3327 2084 3355 in
2098 3327 2175 3366 praef.
2200 3328 2247 3358 lib.
2266 3340 2291 3366 5.
2325 3331 2401 3362 Con.

1272 3368 1373 3434 Jitirriisis
1384 3400 1493 3437 Bassus,
1515 3401 1610 3432 Homo
1632 3402 1731 3439 dicax,
1756 3398 1887 3439 idemque
1907 3402 2003 3431 Asinus
2021 3402 2099 3432 albus
2111 3410 2244 3440 vocatus,
2263 3406 2334 3436 teste
2354 3407 2402 3437 Fa.

1294 3438 1341 3467 bio
1361 3442 1386 3468 6.
1402 3448 1425 3476 3.
1446 3440 1521 3470 conf.
1535 3440 1658 3471 Turneb.
1676 3446 1720 3475 28·
1733 3450 1776 3478 35.
1797 3441 1823 3470 <Sc
1836 3439 1904 3470 Voss.
1926 3440 1944 3469 1.
1966 3450 1992 3470 e.
2014 3442 2041 3470 &
2058 3441 2150 3471 Burm.
2163 3442 2328 3480 adQuintil.
2344 3445 2361 3476 1.
2373 3456 2399 3476 e.

1271 3486 1477 3545 sgieiiisqssaffus
1487 3538 1495 3552 ,
1515 3522 1598 3554 poeta
1609 3515 1714 3560 Epicus
1723 3538 1729 3550 ‚
1751 3515 1829 3550 cujus
1852 3514 1919 3544 teste
1930 3509 2060 3552 ‘Quintis
2073 3515 2123 3546 lib.
2136 3527 2180 3548 10.
2192 3528 2253 3557 cap.
2268 3530 2291 3549 1.
2317 3521 2401 3552 velie.

1292 3561 1388 3588 mens,
1411 3563 1442 3582 ac
1455 3555 1752 3591 poeticumingeniurn
1762 3554 1832 3587 suit,
1854 3553 2154 3591 necipsumsoneetute
2166 3564 2315 3588 maturum.
2333 3560 2399 3590 Prte-

1292 3591 1424 3620 veniente
1439 3591 1496 3620 scil.
1514 3592 1570 3621 fato
1584 3614 1592 3626 ,
1614 3591 1852 3628 quemadmodum
1862 3593 1889 3620 Sc
1905 3591 2010 3620 Vaierio
2025 3592 2123 3622 Flacco
2134 3595 2260 3632 contigit.

1272 3627 1366 3696 Bgffus
1376 3651 1384 3664 ‚
1400 3629 1577 3659 Cinaedorum
1588 3631 1685 3662 πφιςὴς
1696 3651 1704 3664 ,
1716 3636 1886 3658 memoratur
1894 3639 1910 3658 a
1925 3628 2048 3659 Luciano
2057 3632 2160 3661 advers.
2174 3633 2282 3663 Indo&
2294 3645 2322 3673 p.
2333 3645 2396 3672 391.

1320 3677 1380 3696 raev.
1418 3678 1437 3696 r.

1271 3703 1365 3734 Bassus
1381 3677 1450 3733 irpeni
1463 3727 1470 3739 ,
1493 3706 1519 3734 8(
1535 3703 1645 3733 Sextius
1658 3703 1761 3741 Niger,
1785 3703 1906 3734 Romani
1926 3704 2073 3743 homines,
2092 3707 2131 3737 de
2148 3709 2291 3739 medicina
2304 3710 2399 3741 Graece

1293 3742 1465 3780 scripserunt.
1493 3742 1625 3771 Volaterr.

1274 3779 1374 3809 Praeter
1384 3780 1434 3809 hos
1443 3780 1496 3808 fuit
1503 3779 1594 3808 Bassus
1606 3801 1614 3814 ,
1637 3778 1744 3817 Martyr
1752 3779 1800 3809 sub
1807 3778 1896 3810 Decio
1905 3780 1990 3811 clavis
2000 3781 2095 3812 ferreis
2102 3783 2239 3814 confixus.

1236 3816 1258 3847 Β
1268 3828 1287 3847 A
1297 3828 1329 3847 ss
1339 3828 1356 3846 u
1365 3827 1377 3847 s
1387 3839 1395 3852 ,
1417 3828 1447 3850 a,
1470 3827 1526 3846 um.
1549 3817 1609 3852 Adj.
1624 3827 1638 3845 a
1656 3814 1758 3853 ζέω-ων,
1768 3818 1940 3855 profundior.
1956 3819 2038 3849 Closs.
2052 3820 2108 3850 Lat.
2121 3821 2165 3851 Gr.
2178 3822 2270 3852 Bassus
2280 3845 2287 3857 ,
2311 3825 2399 3858 «παχῦι

1276 3855 1409 3888 haguno».
1431 3854 1523 3884 Isidor.
1546 3853 1628 3883 Glols.
1640 3853 1747 3890 Bassus,
1769 3857 1880 3893 pinguis
1890 3878 1898 3892 ⁷
1922 3856 2028 3887 obesus.
2053 3858 2082 3887 V.
2105 3859 2190 3896 Cang.
2202 3860 2284 3890 Closs.

1237 3893 1258 3922 B
1267 3903 1285 3922 A
1296 3904 1307 3922 s
1315 3903 1327 3922 s
1337 3902 1374 3921 us
1384 3914 1392 3926 ,
1414 3893 1498 3921 etiam
1509 3893 1612 3921 dicitur
1620 3892 1695 3922 lmus
1705 3893 1733 3922 in
1746 3893 1853 3923 mustea
1872 3894 1916 3924 vei
1925 3895 2094 3933 gravissimus
2104 3904 2210 3927 cantus.

1238 3931 1259 3960 B
1271 3940 1384 3964 asra,
1405 3929 1552 3968 Oppidum
1570 3931 1598 3958 in
1614 3930 1710 3966 ltalia,
1732 3940 1789 3960 non
1805 3932 1929 3970 procula
1941 3936 2135 3971 promontorio
2157 3935 2234 3973 quod
2250 3936 2339 3965 Acran
2358 3935 2399 3965 Ia-

1277 3969 1380 4005 pygian
1400 3976 1510 3998 vocant.
1532 3967 1603 3998 Plin.
1614 3968 1662 3997 lib.
1674 3978 1698 4003 3.
1713 3978 1774 4007 cap.
1790 3980 1832 3999 ii.

1237 4005 1434 4041 numm,
1455 4015 1487 4036 π.
1506 4006 1525 4037 f.
1547 4002 1661 4043 [ausari
1676 4006 1813 4076 Hesydlss
1833 4007 2401 4048 Onusjumentisimpositum,ve1]iiunm

1463 4066 1468 4070 ,
1816 4051 1829 4075 t
1848 4055 1866 4076 2
2315 4056 2402 4078 trans-
