2604 4222
220 61 288 99 184
637 51 666 86 A
761 49 801 85 Μ
898 48 922 82 Ρ

278 136 336 173 gito
356 134 501 173 praeceptis
529 134 591 162 tuis.
632 133 688 162 hoc
710 131 854 169 amplius,
884 127 1073 157 navicularum
1088 124 1190 154 habere
1212 118 1318 160 aliquid
1341 122 1371 151 in

279 183 327 201 ora
344 173 487 201 maritima.

258 210 303 242 Ne
317 210 443 246 amplius.
465 209 571 237 Lucret.
586 207 634 236 lib.
651 217 677 241 4.
694 212 756 242 872.
854 241 859 245 .

340 247 423 275 Urere
442 256 477 275 ne
494 245 575 284 possit
595 245 669 273 calor
688 242 805 280 amplius
823 241 914 269 aridus
931 245 1012 268 artus.
1176 274 1182 279 ι
1258 273 1264 279 ι
1289 272 1293 278 Ι

258 284 338 317 Ν11111
357 284 484 319 amplius.
519 284 575 311 Cic.
591 292 616 310 7.
650 282 721 309 Verr.
739 289 798 316 127.
824 278 885 307 Sese
898 277 985 315 ipsum
997 275 1044 305 abs
1060 279 1216 313 terepetit,
1237 272 1307 301 nihil
1317 281 1374 301 am-

279 322 360 360 plius.
400 322 478 351 Idem
498 331 547 358 pro
564 312 654 349 l'liinc.
671 328 711 355 17.
742 316 820 346 Nihil
834 316 898 344 dico
909 314 1036 356 amplius.
1223 349 1228 354 Π
1253 348 1258 352 -
1304 348 1309 354 ,
1355 347 1360 353 .

259 360 337 390 Nihil
351 359 468 396 amplius
479 368 568 394 quam.
593 358 648 385 Cic.
660 366 685 384 2.
699 356 733 383 de
744 355 806 383 Nat.
820 353 900 382 Deor.
916 362 958 388 33.
971 351 1080 388 Quibus
1094 356 1191 380 natura
1202 346 1375 377 nihiltribuit

279 397 407 434 amplius,
418 406 500 433 quam
510 404 538 424 ut
547 404 577 423 ea
588 394 688 422 alendo
698 400 778 428 atque
795 391 921 428 augendo
933 396 1062 419 tueretur.

261 435 386 471 Quidvis
398 433 516 470 amplius
526 434 539 461 ’ἲ
559 432 625 468 quid
635 430 803 466 insequeris?
825 429 883 457 Cic.
897 438 948 466 pro
960 427 1038 456 Rosc.
1053 429 1140 456 Amet.
1155 436 1216 462 145.
1239 424 1318 454 Idem
1329 432 1371 460 32.

279 473 356 508 Quid
375 469 456 500 vultis
467 469 583 508 amplius
596 470 609 496 ἶ)

259 510 401 546 Quidnam
412 508 529 545 amplius
543 503 833 539 detideratis.Juc1ices
843 505 856 532 ἶ)
880 503 938 532 Cic.
954 513 976 532 1.
998 503 1033 532 de
1048 502 1155 532 Invent.
1170 504 1230 530 160.
1301 537 1307 543 .

259 549 293 576 At
310 556 360 583 ego
379 545 498 583 amphus
522 545 586 573 dico
601 565 609 579 ,
631 551 676 572 tas
705 542 948 580 quandringenties
963 540 1098 578 accepiffe
1119 546 1146 570 te
1161 548 1253 576 arguo.
1275 537 1333 566 Cic.
1346 547 1372 572 4.

280 585 350 613 Verr.
372 593 387 611 2
410 606 416 612 .

258 621 382 658 Amplius
392 594 559 648 9deliberare.
590 617 655 647 Ter.
677 617 784 646 Phcrm.
797 627 912 654 2.3.17.
948 616 1005 654 Ego
1023 614 1142 654 amplius
1162 611 1374 643 deliberandum

278 658 385 688 censeo.
409 657 496 686 Verba
513 657 572 686 sunt
587 656 712 684 advocati
724 656 890 685 sententiam
901 655 1027 684 dicentis.

258 695 381 733 Amplius
396 705 445 732 pro
457 695 526 729 Plus⁷
538 694 827 731 eleganterusurpatur
839 703 845 723 z
859 693 1009 723 &eandem
1018 692 1073 721 vim
1085 690 1373 731 constructionemque

276 734 368 762 habet.
388 733 559 761 nominativo
571 732 647 761 enim
659 732 826 768 adjungitur.
849 731 913 760 Caes.
926 730 1050 767 Amplius
1061 729 1229 765 offingenta.
1246 726 1372 769 ‘Cic-pro

276 771 355 800 Rosc.
378 771 455 799 Com.
470 776 495 803 8.
516 769 642 807 Amplius
653 769 889 798 suntsexmenses.
913 768 1021 798 Ibidem
1032 774 1056 800 8.
1084 765 1209 802 Amplius
1220 771 1371 793 triennium

276 809 322 837 est.
348 807 449 844 Viginti
460 808 578 846 amplius
593 807 721 836 authores
738 807 825 836 Graeci
842 814 948 836 veteres
958 805 1115 843 prodidere.
1138 803 1204 832 l'lin.
1219 802 1236 831 l.
1250 812 1275 830 2.
1287 811 1310 830 c.
1321 810 1369 844 '45-

258 846 396 875 Genitivo.
419 845 504 874 Plaut.
518 846 580 875 cist.
597 856 650 881 5.4.
673 845 788 875 Gaudeo
795 845 845 873 tibi
855 855 916 874 inea
927 853 1010 881 opera
1019 842 1169 871 liberorum
1178 839 1231 869 effe
1241 838 1369 877 amplius.

276 894 344 921 pro.
366 883 459 912 Plures
478 883 587 913 liberos.
1020 873 1042 891 '⁹

254 921 423 951 Accusativo.
450 921 519 959 Virg.
536 921 630 951 1.]Ε11.
649 924 712 957 687.
769 936 807 940 ——-
827 920 938 948 nostem
949 927 1006 946 non
1018 916 1137 954 amplius
1150 925 1233 944 unam
1262 952 1268 958 ῃ

336 958 410 989 Falle
421 958 496 988 dolo.
537 959 594 988 Cic.
609 961 633 995 7.
653 958 727 987 Verr.
740 968 784 994 95.
818 957 874 993 Qui
885 966 970 993 quum
989 955 1107 993 amplius
1119 960 1232 982 centum
1244 961 1317 981 cives
1326 952 1372 980 ha.

276 996 353 1025 beret
362 1006 397 1025 eii
409 1002 549 1026 conventu
567 996 765 1034 Syracusarum.
822 993 908 1024 Ca‘sar
917 995 951 1022 de
959 994 987 1022 B.
1000 993 1032 1022 G.
1043 1005 1069 1028 4.
1082 1002 1124 1028 37.
1156 989 1370 1033 Ampliushoras

275 1044 391 1071 quatuor
399 1034 540 1064 fortillime
548 1041 745 1072 pugnaverunt.
769 1032 807 1062 Al.
820 1031 912 1061 Horis.
935 1031 1076 1068 Ceperunt
1084 1029 1203 1067 amplius
1217 1035 1269 1058 tria
1283 1027 1370 1056 millia

274 1072 429 1101 hominum.
464 1072 495 1101 In
506 1072 617 1109 singulis
627 1071 755 1100 subaudis
766 1071 876 1107 Quam:
899 1079 949 1106 pro
960 1067 1021 1098 Plus
1030 1077 1120 1105 quarn.

260 1109 395 1139 Ablativo.
417 1109 474 1139 Liv.
490 1109 649 1147 Pugnatum
658 1108 777 1145 amplius
789 1107 895 1136 duabus
906 1107 980 1135 horis
993 1106 1039 1135 est.

256 1147 404 1185 Aliquanto
413 1147 532 1185 amplius
542 1147 685 1185 amplexus
694 1147 753 1175 sum
769 1146 872 1175 animo.
894 1144 952 1174 Cic.
963 1156 989 1180 4.
1003 1144 1077 1174 Verr.
1259 1173 1263 1177 ,
1341 1178 1346 1184 .

254 1185 380 1223 Amplius
391 1186 525 1223 opinione
539 1184 703 1214 morabatur.
725 1184 752 1212 11.
768 1194 792 1212 e.
814 1182 926 1212 Diutius
945 1191 1025 1219 quam
1035 1181 1191 1220 putabatur.
1212 1179 1317 1209 Sallust.
1339 1181 1369 1207 in

290 1233 306 1251 u
327 1224 398 1252 urth.
413 1234 436 1252 c.
486 1246 491 1252 .

253 1223 427 1297 Jddigciorum
436 1233 555 1290 fgimula
567 1261 613 1295 est,
626 1270 690 1289 cum
702 1259 808 1292 iudices
829 1268 849 1287 A
859 1269 879 1287 M
889 1268 903 1286 P
913 1268 929 1286 L
938 1267 947 1285 1
956 1267 976 1286 u
985 1267 996 1286 s
1016 1255 1249 1294 pronunciabant,
1272 1253 1370 1292 signifi-0

273 1305 368 1327 cantes
381 1298 505 1336 Amplius
516 1300 551 1327 de
562 1309 592 1327 eu
600 1308 627 1327 re
638 1297 849 1326 deliberandum
860 1295 922 1325 esse.
946 1294 1002 1324 Cic.
1020 1296 1050 1323 in
1060 1294 1132 1323 Brut.
1149 1297 1192 1328 86.
1223 1293 1294 1322 Cum
1304 1302 1370 1321 con*-

272 1336 353 1371 sules,
366 1346 394 1365 re
403 1336 504 1369 audita,
515 1336 638 1373 Amplius
648 1335 682 1364 de
692 1334 798 1364 consilii
806 1333 939 1363 sententia
950 1331 1208 1370 pronuntiavissent.
1248 1331 1326 1360 Idem
1340 1339 1364 1365 3.

272 1373 296 1402 V
298 1383 346 1403 err.
361 1378 404 1403 26.
428 1374 529 1403 Verum
538 1381 581 1409 tut
592 1374 704 1410 opinor)
714 1372 827 1401 Glaucia
840 1374 944 1409 primus
955 1370 1018 1399 tulit
1028 1376 1059 1398 ut
1074 1369 1369 1410 comperendinaretur

272 1421 353 1441 reus:
376 1418 464 1447 antea,
472 1411 516 1440 vel
530 1411 645 1447 judicari
659 1411 749 1448 primo
758 1416 874 1447 poterat,
893 1408 936 1438 vel
948 1407 1067 1445 amplius
1078 1407 1259 1445 pronuntiari.
1294 1406 1369 1435 Hinc

273 1451 300 1479 ἅτ
311 1449 382 1478 Reus
392 1451 417 1479 cl:
429 1449 512 1478 Causa
526 1449 657 1486 Ainpliari
671 1448 780 1477 dicitur.
823 1447 851 1476 V.
873 1457 893 1475 A
902 1457 923 1475 M
931 1456 946 1474 P
954 1457 970 1474 L
981 1457 989 1473 1
1000 1456 1025 1474 o.

252 1487 333 1517 NON
362 1497 476 1515 AMPLr
488 1497 526 1516 us
547 1497 558 1516 s
571 1496 584 1515 a
622 1495 865 1520 PETtTURUM,
895 1483 1088 1521 stipulationis
1102 1481 1238 1518 formula,
1260 1480 1295 1510 de
1315 1490 1369 1518 qua

272 1524 385 1554 Brisson.
400 1524 448 1554 lib.
464 1535 486 1561 ς,
528 1524 558 1553 V.
581 1523 646 1553 Lex.
669 1522 756 1552 Pitisc.

216 1564 268 1594 AM
279 1573 292 1591 1²
302 1572 376 1592 Liss
386 1573 394 1590 1
404 1573 447 1591 Ma
459 1584 466 1597 ‚
489 1564 503 1598 [
518 1557 643 1599 ὤςόπιτοι
658 1561 673 1596 ]
694 1568 741 1596 ut,
772 1559 942 1598 Ampliffin'ie
953 1568 1045 1596 gerere
1054 1558 1183 1587 honores.
1203 1557 1231 1587 h.
1249 1567 1274 1587 e.
1297 1557 1368 1586 Cum

251 1600 358 1629 summa
375 1600 561 1638 amplitudine
572 1609 603 1628 ac
612 1599 754 1636 dignitate.
776 1598 834 1628 Cic.
844 1609 870 1633 4.
882 1598 956 1626 Verr.
975 1607 984 1625 1
994 1606 1035 1626 12.

234 1646 241 1652 ·
252 1637 423 1675 Ampliffime
433 1638 488 1667 dati
497 1637 631 1666 militibus
639 1638 704 1674 agri.
727 1636 786 1665 Cic.
800 1647 824 1672 5.
840 1635 957 1672 Philipp.
982 1645 1024 1670 54.
1065 1664 1068 1668 ,

252 1675 422 1713 Amplillime
433 1677 580 1705 decernere
591 1675 626 1703 de
637 1675 752 1711 alicujus
762 1673 846 1703 salute
857 1675 883 1703 Sc
892 1671 1151 1713 dignitateCiqpto
1160 1671 1251 1700 Domo
1260 1670 1365 1707 sua,74·.

254 1714 325 1743 Cum
339 1713 501 1750 amplissime
514 1724 545 1743 ac
556 1713 741 1742 honestissime
760 1721 796 1741 ex
806 1712 921 1741 Praetura
932 1709 1130 1747 triumphasset.
1166 1709 1225 1738 Cic.
1239 1719 1290 1746 pro
1305 1709 1369 1738 Mu-

251 1761 309 1780 ren.
328 1761 337 1779 1
363 1774 369 1780 .

213 1789 288 1855 Art?
298 1800 313 1817 L
324 1762 412 1817 111111
426 1810 434 1823 ,
455 1788 522 1818 Adv.
544 1789 559 1824 [
574 1787 656 1825 AEgz'm
671 1788 687 1825 ]
706 1798 758 1826 pro
768 1786 883 1825 Ample,
907 1796 951 1824 ap.
967 1785 1053 1815 Plaut.
1063 1786 1089 1815 Sc
1104 1785 1282 1822 antiquiores.
1333 1782 1365 1813 V.

250 1839 263 1857 1
280 1836 325 1855 on.
351 1837 392 1856 11.
408 1836 449 1862 19.

249 1864 383 1932 Airiiplljter
406 1869 544 1902 acceptus.
566 1864 584 1893 i.
602 1873 625 1893 e.
658 1863 740 1901 Cum
753 1872 855 1901 magno
872 1867 1004 1900 apparatu
1016 1862 1041 1891 Sc
1058 1860 1148 1898 copia.
1171 1859 1258 1890 Plaut.
1277 1859 1364 1889 Mero.

290 1912 321 1931 ro
336 1924 340 1930 .
353 1908 396 1936 98.

249 1940 387 1977 Anipliter
396 1949 534 1978 apponere
546 1939 574 1968 in
586 1949 665 1969 coena
675 1961 682 1974 ,
699 1938 815 1976 Coplose
827 1939 852 1968 ἃ
864 1937 1044 1967 abundanter.
1065 1935 1152 1965 Flaut.
1165 1935 1227 1965 Mil.
1242 1938 1363 1972 3.1.163.

249 1978 398 2014 Sumptum
409 1979 497 2006 facere
508 2000 515 2011 ,
536 1987 586 2015 pro
597 1977 752 2006 Maximum
761 1976 901 2014 sumptum
910 1975 1009 2004 iacere.
1032 1973 1117 2003 Plaut.
1137 1974 1223 2003 Stich.
1238 1984 1261 2009 5.
1274 1984 1300 2009 4.
1320 1983 1362 2002 10.

249 2016 383 2053 Ampliter
393 2015 565 2050 fientszrti1r1,
589 2025 638 2053 pro
650 2014 836 2044 Abundanter.
859 2013 944 2042 Plaut.
956 2012 1050 2042 Pseud.
1073 2021 1095 2040 1.
1111 2014 1209 2047 3.162.

248 2053 384 2090 Ampliter
395 2053 515 2082 mentiri.
527 2053 611 2082 Plaut.
626 2051 902 2088 Alerc.4.2.12.quod
916 2050 973 2080 Cic.
989 2050 1061 2079 dixit
1071 2049 1230 2079 Admodum
1239 2049 1359 2078 mentiri.

248 2091 384 2128 Ampliter
395 2091 475 2120 tellis.
498 2090 583 2120 Plaut.
594 2092 641 2120 Am
665 2091 693 2119 h.
706 2090 813 2127 suppos.
827 2100 852 2118 v.
870 2095 911 2125 58.
925 2088 960 2118 sc.
974 2088 1017 2117 Di.
1029 2087 1109 2116 vostr.

248 2128 558 2195 qulitcroccupatus,
570 2139 620 2167 pro
662 2128 881 2166 ccupatiffimus,
902 2126 945 2156 vel
955 2126 1079 2156 Maxime
1089 2131 1252 2163 occupatus.
1272 2123 1358 2154 Plaut.

285 2167 310 2195 'ii
325 2188 331 2194 .
347 2176 372 2196 2.
389 2175 411 2202 3.
426 2177 468 2202 54.

214 2208 441 2237 AMPLr‘ono
454 2226 461 2239 ,
487 2204 550 2232 inis.
572 2203 591 2232 f.
616 2204 819 2239 [pcsyazm'rm.
845 2200 870 2228 τὲ
888 2202 1014 2237 μεγαλεῖον
1030 2201 1045 2236 ]
1064 2200 1177 2230 denom.

247 2241 437 2279 Amplitudine
454 2242 602 2270 stadiorum
617 2240 764 2278 sexaginta.
787 2240 855 2269 Plin.
867 2239 914 2269 lib.
928 2243 953 2268 6.
966 2248 1026 2276 cap.
1041 2242 1086 2268 26.

247 2279 410 2317 Amplitudo
420 2280 550 2316 corporis.
583 2279 600 2307 i.
619 2288 642 2308 e.
667 2278 820 2308 Crallitudo
836 2277 993 2307 aelatitudo
1001 2276 1036 2306 ad
1044 2275 1257 2315 proportionem
1266 2283 1364 2313 procen

266 2318 362 2346 ritatis.
384 2317 451 2346 Plin.
464 2317 545 2354 Epist.
561 2326 620 2345 102.

248 2355 411 2393 Amplitudo
421 2355 554 2392 corporis.
564 2364 613 2391 pro
624 2353 774 2382 Altitudine
783 2353 828 2382 seu
841 2353 938 2382 statura
949 2352 1017 2382 Plin.
1030 2351 1047 2380 1.
1060 2361 1084 2387 7.
1096 2361 1119 2380 c.
1139 2355 1178 2381 16.
1190 2350 1292 2379 Orestis
1303 2359 1364 2379 cor-

264 2403 320 2431 pus
329 2392 431 2421 oraculi
438 2389 649 2428 jussiureibffum
658 2391 762 2429 septem
772 2391 929 2420 cubitorum
937 2389 1217 2425 fuisskmonumends
1227 2389 1362 2418 creditur.

268 2431 303 2460 Et
318 2430 401 2467 paulo
411 2430 480 2468 post.
499 2430 588 2459 Naevii
597 2429 727 2458 Pollionis
736 2429 950 2466 amplitudinem
958 2427 1070 2457 annales
1081 2436 1139 2456 non
1148 2427 1267 2456 tradunt.

250 2468 412 2506 Amplitudo
423 2468 533 2496 modica
544 2467 686 2496 simulacri.
708 2466 765 2496 Cic.
780 2470 804 2495 6.
819 2467 893 2496 Fam.

249 2505 411 2543 Amplitudo
419 2505 492 2535 urbis
503 2528 510 2539 ,
530 2505 595 2534 Late
603 2512 699 2542 patens
709 2505 880 2541 magnitudo.
903 2503 972 2533 Plin.
984 2502 1033 2532 lib.
1047 2507 1072 2532 6.
1085 2512 1146 2540 cap.
1161 2505 1203 2531 16.

249 2543 282 2573 In
294 2543 506 2581 amplitudinem
517 2542 679 2572 adolescere.
710 2541 779 2571 Plin.
792 2541 839 2571 lib.
855 2552 896 2571 12.
909 2551 969 2578 cap.
985 2551 1008 2570 1.
1030 2540 1156 2570 Platanos
1175 2549 1233 2568 non
1243 2538 1362 2577 potuisse

267 2581 298 2610 in
308 2581 521 2618 amplitudinem
532 2580 702 2614 adolescere,
723 2580 797 2617 apud
806 2580 932 2622 authores
941 2579 1090 2609 invenitur.
1111 2578 1161 2607 Pro
1175 2577 1299 2613 Dilataii,
1315 2586 1363 2606 ex-

268 2619 358 2653 tendi,
371 2618 490 2648 crescere
506 2619 535 2647 in
545 2618 731 2646 latitudinem.

248 2656 437 2694 Amplitudine
447 2666 533 2693 opum
542 2655 611 2684 nulli
622 2655 827 2693 provinciarum
842 2654 1024 2692 postferenda.
1046 2653 1115 2682 Plin.
1133 2652 1179 2682 lib.
1197 2662 1220 2689 3.
1237 2662 1297 2689 cap.
1314 2662 1340 2687 4.

249 2694 413 2732 Amplitudo
426 2715 433 2728 ,
447 2695 485 2722 est
499 2697 549 2729 (ut
558 2693 650 2722 scribit
659 2693 717 2722 Cic.
729 2703 754 2722 2.
774 2692 923 2722 delnvent.
938 2692 1021 2728 166.)
1042 2691 1174 2720 Potentiae
1184 2713 1191 2726 ‚
1213 2698 1260 2719 aut
1275 2690 1362 2725 maje-

268 2732 341 2761 statis
352 2754 359 2765 ,
380 2738 427 2761 aut
438 2731 589 2768 aliquarum
604 2740 694 2759 rerum
709 2739 808 2767 magna
817 2729 995 2758 abundantia.

248 2769 454 2835 Afflfflgdlness
464 2769 610 2798 bonorum.
633 2768 690 2797 Cic.
705 2779 731 2804 4.
746 2768 781 2797 de
791 2768 849 2797 Fin.
869 2767 1075 2805 Aniplitudines
1090 2766 1216 2803 quaedam
1225 2765 1362 2795 bonorum

268 2815 356 2836 excita
378 2814 465 2836 antur.

248 2845 469 2882 Amplitudinem
479 2843 554 2873 suam
563 2844 688 2873 retinere.
723 2842 781 2872 Cic.
792 2853 819 2878 4.
832 2840 905 2872 Fam.
921 2854 948 2878 4.
981 2841 1088 2871 Possum
1105 2841 1284 2877 confirmare,
1299 2842 1362 2871 te&

267 2882 375 2925 senatus
394 2884 420 2912 ἃ
437 2892 503 2920 pop.
522 2881 602 2911 Rom.
614 2881 704 2910 studio
715 2880 929 2918 amplitudinem
943 2886 1018 2909 tuam
1030 2886 1210 2909 retenturum.
1232 2880 1249 2909 i.
1267 2886 1291 2909 e.
1314 2879 1362 2909 Di-

285 2927 353 2949 nitat
371 2930 407 2949 m.

265 2930 301 2984 g‘rb
319 2930 437 2991 αξιῗψθι,
455 2957 499 2987 vel
513 2953 535 2987 Za*
560 2952 720 2989 κ’ξιωμριῖυμδν
743 2961 886 2985 verterem.
927 2954 1111 2992 Hemmingus
1128 2954 1201 2984 male
1219 2949 1244 2981 τὲ
1265 2960 1361 2993 nanga-

266 2992 411 3031 ffmffooe‘vdn
428 2994 534 3024 Libello
546 2995 580 3023 de
595 2994 666 3031 Lege
683 2993 746 3023 Nat.
762 2994 797 3023 H.
809 2994 848 3022 St.

247 3033 411 3071 Amplitudo
421 3033 515 3062 animi.
539 3032 596 3061 Cic.
608 3032 633 3061 2⁷.
647 3031 728 3061 Tusc.
745 3035 789 3067 64.
821 3031 883 3060 Hoc
895 3030 976 3067 igitur
986 3030 1035 3059 tibi
1044 3039 1181 3068 propone,
1201 3030 1362 3069 amplitudi-

268 3081 332 3099 nem
348 3071 441 3105 animi,
458 3080 540 3099 unam
554 3069 606 3098 effi:
618 3069 744 3098 oninium
760 3079 817 3098 rein
830 3068 1054 3106 pulcherrimam.

247 3108 375 3137 Honores
385 3109 410 3138 δε
425 3107 580 3145 amplitudo
589 3107 714 3142 alicujus.
734 3107 792 3135 Cic.
804 3117 829 3141 4.
853 3106 924 3134 Verr.
937 3115 997 3134 112.

248 3146 403 3175 Authoritas
415 3147 440 3175 61
457 3145 622 3183 amplitudo.
657 3145 714 3174 Cic.
728 3154 780 3182 pro
790 3143 868 3173 Rosc.
881 3145 970 3172 Amer.
985 3152 1010 3172 2.
1033 3142 1078 3172 Isti
1097 3143 1125 3172 in
1143 3143 1242 3180 quibus
1254 3143 1361 3173 sumina

268 3184 417 3212 authoritas
431 3184 468 3214 est
487 3191 569 3221 atque
587 3182 750 3221 amplitudo.

248 3221 386 3250 Nobilitas
403 3221 602 3258 &amplitudo
650 3220 728 3250 Idem
746 3219 813 3248 ibid.

247 3258 592 3296 Amplitudinemcivitatis
600 3258 766 3288 detrimento
780 3257 896 3286 afficere.
921 3255 1027 3284 Author
1036 3254 1070 3284 ad
1087 3254 1188 3284 Heren.
1201 3255 1217 3285 l.
1235 3265 1260 3285 2.
1276 3266 1318 3292 14.

248 3296 466 3333 Amplitudinem
477 3306 508 3325 ac
524 3296 640 3333 gloriani
650 3295 765 3330 alicujus
779 3294 954 3332 amplificare.
997 3292 1026 3321 V.
1048 3302 1064 3321 Α
1076 3304 1095 3321 M
1104 3302 1118 3320 1¹
1128 3304 1160 3321 L1
1173 3304 1184 3321 r
1194 3304 1202 3321 1
1213 3303 1229 3322 c
1239 3304 1265 3323 0.

248 3333 468 3370 Amplitudinem
482 3332 871 3372 nominisdareposterissuis.
894 3331 951 3359 Cic.
969 3339 1019 3367 pro
1029 3329 1139 3359 Mureti.
1157 3334 1198 3359 16.

247 3369 393 3400 Illustrabit
404 3378 479 3400 tuam
490 3371 704 3409 amplitudinem
717 3368 979 3404 hominuminjuria.
1002 3368 1059 3396 Cic.
1076 3377 1098 3396 1.
1112 3367 1182 3397 Fani.
1200 3370 1226 3398 6.

247 3408 288 3437 Ad
300 3408 431 3437 summam
446 3410 660 3446 ¹amplitudinem
673 3409 825 3447 pervenire.
848 3407 905 3436 Cic.
922 3406 950 3434 in
958 3405 1029 3434 Brut.
1048 3410 1110 3438 280.

247 3446 437 3483 Amplitudine
447 3446 550 3475 sumnia
563 3447 671 3483 dignus.
695 3446 751 3476 Cic.
765 3455 814 3483 pro
827 3445 934 3474 Muren.
953 3447 994 3472 16.

247 3483 288 3512 Ad
305 3483 517 3520 amplitudinem
530 3491 605 3513 tuam
619 3484 793 3513 'conserimus
813 3492 895 3512 omne
915 3481 1035 3510 nostrum
1048 3479 1201 3514 confilium,
1227 3480 1357 3516 studium,

266 3520 405 3555 officium.
423 3531 535 3558 operam
548 3543 555 3554 ,
574 3522 714 3556 laborem,
736 3521 918 3558 diligentiam.
949 3519 1009 3548 Cic.
1029 3517 1154 3547 io.Fani.
1174 3528 1194 3546 i.

247 3558 288 3586 Ad
299 3557 447 3587 claritatem
458 3559 725 3596 amplitudinemque
735 3560 824 3596 aptior
835 3559 872 3587 cst
880 3566 975 3586 eorum
985 3557 1050 3590 vita,
1064 3554 1142 3592 quise
1151 3555 1184 3594 ad
1198 3553 1360 3592 Rempubli-

269 3605 329 3623 cani
339 3597 406 3624 &ad
416 3605 457 3624 res
472 3606 582 3633 magnas
599 3597 722 3625 ¹erendas
737 3596 1027 3625 accommodaverunt.
1051 3593 1109 3622 Cic.
1124 3602 1147 3620 1.
1160 3591 1216 3621 Off.
1232 3602 1276 3628 70.

246 3632 383 3669 Splendor
393 3634 482 3662 omnis
493 3635 518 3663 ὁὶ
530 3644 592 3670 amp
607 3634 684 3662 itudo
699 3635 794 3663 harum
807 3643 895 3662 reruni
905 3633 1036 3665 duarum,
1056 3633 1106 3660 okc.
1129 3630 1185 3658 Cic.
1202 3640 1222 3658 1.
1240 3629 1296 3658 Off.
1312 3633 1355 3665 67.

210 3670 260 3699 AM
271 3680 283 3697 ν
294 3680 309 3711 ¹:
319 3680 325 3697 1
337 3680 371 3704 ω,
394 3671 408 3706 [
423 3669 551 3704 ,κήαι-,σω
567 3672 581 3705 ]
601 3675 654 3700 are.
678 3671 801 3709 Amplius
815 3671 939 3704 reddere,
952 3671 1065 3706 Augere.
1091 3674 1131 3702 ut,
1146 3667 1282 3705 Ampliare
1297 3673 1358 3696 atta-

246 3707 280 3736 tis
293 3707 417 3744 spatium.
442 3707 540 3736 Lucan.
552 3707 599 3737 lib.
618 3717 640 3743 3.
653 3713 714 3745 276.

316 3744 479 3778 Nunchuc,
502 3755 576 3774 nunc
595 3745 660 3774 illuc
677 3768 684 3781 ,
705 3756 756 3783 qua
772 3745 890 3774 flectitur
902 3766 910 3778 ,
932 3743 1046 3781 ampliat
1057 3742 1163 3771 orbem.

243 3781 380 3818 Ampliare
391 3782 494 3811 dotem.
516 3782 641 3816 Julianus
651 3783 704 3813 inl.
720 3784 747 3812 Si
766 3783 848 3811 servo.
864 3782 1002 3818 I).dejure
1013 3782 1069 3810 dot.
1081 3780 1288 3810 &Florentinus
1299 3778 1354 3808 1111.

261 3819 288 3847 Si
304 3818 417 3847 interl).
435 3819 470 3847 de
490 3820 551 3848 met.
566 3820 650 3849 dotal.

241 3855 358 3892 Plugam.
382 3855 449 3885 Cels.
462 3857 480 3884 li
504 3879 508 3884 .
524 3866 547 3892 7.
564 3866 622 3895 cap.
638 3868 661 3893 ς.
696 3857 862 3893 Ainplianda
873 3856 1002 3894 scalpello
1023 3855 1102 3895 plaga
1116 3855 1160 3884 est.

240 3893 319 3923 Rem.
341 3893 408 3923 Hor.
426 3901 448 3922 1’.
461 3894 547 3923 Serm.
560 3904 603 3932 32.

1847 44 1874 75 A
1965 40 2004 76 Μ
2098 42 2122 77 Ρ

1465 120 1588 150 Servitia.
1611 122 1629 149 i.
1651 131 1675 150 e.
1699 123 1801 160 Augere
1815 131 1962 152 numerum
1975 123 2122 152 servorum.
2144 122 2234 154 Tacit.
2244 133 2270 154 2.
2284 119 2351 155 His't.
2363 129 2405 161 ί78.
2543 156 2547 160 .

1399 161 1415 180 ⁸
1465 159 1556 188 Virtus
1572 158 1731 225 *amplisat-ur'.
1772 158 1900 203 ‘Quintis
1918 161 1967 190 lib.
1982 167 2007 195 8.
2040 160 2183 190 Annibalis
2205 162 2311 192 bellicis
2328 161 2455 192 laudibus
2465 160 2576 199 amplia:

1485 203 1530 225 tur
1551 204 1636 225 virtus
1674 202 1800 235 cipionis.
2067 228 2070 230 ,

1467 233 1605 272 Ampliare
1616 256 1623 268 ,
1655 234 1836 270 [v½„.g,23ffi,fig
1850 235 1865 270 ]
1885 235 2006 265 Vei-bum
2021 237 2059 265 est
2079 236 2114 265 ad
2125 236 2231 271 judicia
2246 238 2387 274 pertinens
2399 259 2407 271 ,
2427 237 2446 265 i.
2463 247 2488 266 e.
2516 246 2575 267 AM:

1487 282 1594 300 PLIUS
1615 273 1798 309 pronunciare
1811 294 1818 306 ,
1839 280 1870 301 ut
1891 272 1978 310 supra.
2019 273 2100 302 Unde

1469 308 1600 346 Ampliati
1615 310 1653 337 rei
1672 309 1750 345 sunt,
1773 310 1899 345 Quorum
1911 311 2052 340 damnatio
2063 310 2189 340 differtur
2201 334 2209 347 ,
2230 318 2277 341 aut
2294 312 2357 349 quia
2368 321 2461 341 coram
2471 311 2584 343 listendi'

1487 347 1566 375 telles
1576 347 1637 375 sunt
1647 369 1654 381 ,
1676 348 1701 376 Sc
1712 347 1839 376 cumillis
1847 350 2056 378 committendi:
2078 356 2124 377 aut
2133 349 2195 384 quia
2205 348 2332 379 nondum
2342 349 2425 387 plane
2434 348 2521 386 liquet
2530 353 2576 380 aut

1487 385 1521 413 de
1536 385 1662 418 crimine,
1681 391 1728 413 aut
1737 385 1772 414 de
1783 395 1874 422 poenae
1888 386 1982 415 modo.
2014 387 2071 415 Cic.
2088 396 2110 420 3.
2129 386 2203 415 Verr.
2219 390 2264 416 26.
2294 387 2331 416 Ut
2348 386 2450 416 etiamsi
2468 386 2513 415 lex
2521 397 2575 418 ami

1487 422 1684 459 pliandifaciat
1700 423 1870 459 potestatem.
1892 424 1996 452 Author
2010 424 2045 452 ad
2058 424 2158 453 Heren.
2169 424 2216 453 lib.
2229 436 2256 460 4.
2266 430 2310 459 48.
2335 424 2413 461 Quid
2430 424 2483 452 fuit
2500 424 2577 459 Judi.
2600 425 2604 428 “

1489 469 1551 494 ces,
1585 469 1666 496 quare
1688 461 1768 489 illum
1788 461 1929 490 hominem
1955 461 2091 490 nefarium
2113 461 2332 499 ampliat-eritis?
2374 461 2461 490 Valet.
2477 461 2525 491 lib.
2547 468 2572 497 8.

1486 497 1580 534 Scipio
1595 497 1758 527 lEmilianus
1770 498 1879 527 Cottam
1895 500 1969 535 apud
1980 499 2116 536 populum
2127 499 2262 529 accusavit
2274 510 2280 528 ε
2303 501 2381 533 cuius
2394 498 2474 528 causa
2484 500 2576 536 graviss

1487 535 1560 563 simis
1574 534 1737 564 testimoniis
1747 542 1804 565 erat
1818 536 1939 565 confoll'a
1953 559 1961 572 ,
1982 537 2081 574 septies
2091 536 2236 574 ampliata,
2251 540 2278 567 ὁὶ
2289 538 2323 566 ad
2335 538 2463 566 ultimum
2480 538 2574 567 octavo

1485 573 1593 612 judicio
1612 572 1735 602 absoluta
1755 574 1800 603 est.
1821 574 1946 604 Budaeus.
1983 574 2014 603 V.
2037 576 2063 604 &
2084 573 2140 603 Liv.
2152 584 2197 611 43.
2213 585 2238 604 2.
2256 577 2282 605 ὅ(
2296 586 2322 611 4.
2335 586 2382 611 44.
2410 576 2436 604 ἃ
2452 574 2516 604 Lex.
2535 575 2576 605 Pia

1486 610 1544 639 tisc.
1567 612 1592 639 St
1616 620 1682 639 mox
1704 610 1933 641 ἈΜΡωΑΊ-ιο.
2558 616 2569 627 ”

1467 648 1637 685 ampliatus,
1659 649 1726 677 item
1749 650 1860 679 Auctus.
1900 650 1959 679 Vet.
1983 648 2066 679 Glols.
2088 646 2237 685 ἐυξὴιᾷν’ῶ«.
2572 661 2573 667 ’

1466 686 1620 724 Ampliatus
1634 686 1732 715 honor.
1755 687 1824 716 Hirt.
1839 687 1907 716 Bell.
1920 687 1996 726 Hisp.
2016 697 2076 725 cap.
2087 696 2133 723 42.
2561 704 2575 713 κ

1466 724 1571 753 Solum.
1594 724 1693 753 Marm.
1712 725 1809 762 Ancyr.
1825 735 1853 763 p.
1873 731 1917 760 81.
2603 749 2604 763 .

1465 761 1579 791 Vulnus.
1602 761 1670 791 Cels.
1688 771 1713 798 7.
1733 773 1756 796 ς.
1770 767 1795 792 6.
2603 779 2604 808 1

1428 801 1529 843 Auri.
1539 810 1548 827 1
1558 808 1622 828 ATi
1633 809 1649 827 o
1660 822 1679 842 ,Ι
1689 800 1758 843 onis.
1781 800 1800 829 f.
1822 802 1836 836 [
1851 800 1961 832 ἐπιβολὴ
1976 801 1990 837 ]
2010 800 2093 830 Asius
2112 800 2170 838 ipse
2194 800 2362 838 ampliandi,
2384 801 2430 839 qui
2447 801 2479 830 fit
2493 801 2522 830 in
2536 801 2577 838 jin

1466 839 1550 866 dicio.
1591 837 1783 875 Ainpliationis
1800 844 1867 867 nota
1879 848 1894 867 a
1913 839 2053 874 judicibus
2068 840 2097 868 in
2114 838 2214 868 tabella
2231 839 2398 868 scribebatur
2410 839 2444 868 N.
2461 839 2490 868 L.
2516 840 2533 868 i.
2550 849 2573 870 e.

1465 876 1531 905 Non
1547 874 1644 911 liquet.
1686 876 1789 904 Author
1801 876 1931 906 Asconius
1949 877 1984 906 de
1994 877 2068 906 Praet.
2086 876 2150 905 Urb.
2166 887 2195 914 p.
2212 881 2255 913 7⁶-
2278 878 2340 906 Seri.
2362 877 2493 906 Controv.
2513 887 2535 906 1.
2548 886 2587 914 3.-

1464 912 1545 950 Apud
1560 912 1740 950 philosophos
1756 914 1794 942 est
1812 921 1944 951 tanquam
1964 914 2090 944 Extcnsio
2102 915 2233 949 termini,
2269 916 2296 944 ἃ,
2315 915 2465 952 opponitur
2481 914 2575 944 Restria

1465 951 1560 993 ctioni.
1583 950 1699 979 Tertull.
1717 951 1752 980 de
1765 951 1842 989 Bapt.
1859 962 1918 990 cap.
1935 961 1975 988 13.
1998 953 2023 982 δι’
2042 953 2077 981 de
2093 952 2199 981 Resurr.
2216 962 2276 990 cap.
2295 958 2337 988 58.
2358 953 2401 982 De
2414 952 2490 981 sensu
2501 951 2589 982 verbi·

1466 987 1602 1021 iudicialis
1623 991 1649 1018 ἃ
1666 989 1840 1019 (11111116110116
1860 991 1931 1019 inter
1947 990 2164 1027 Ampliationem
2182 991 2208 1019 Sc
2223 989 2587 1028 comperendinationem„

1464 1026 1496 1055 V.
1522 1026 1588 1055 LeX.
1609 1026 1697 1056 Pitisc.
1718 1027 1744 1056 ὃ(
1754 1026 1833 1064 supra
1844 1027 1994 1057 Diffindere
2004 1028 2098 1063 diem,
2118 1028 2148 1056 in
2168 1038 2186 1056 D
2197 1038 2206 1055 1
2216 1037 2258 1057 es.

1425 1064 1448 1094 A
1458 1075 1478 1093 M
1490 1074 1503 1092 Ρ
1515 1075 1548 1092 Li
1559 1065 1641 1093 rico
1652 1086 1659 1099 ,
1682 1066 1697 1100 [
1709 1070 1834 1100 μεφαλῠνω
1848 1066 1863 1100 ]
1883 1069 1937 1094 are.
1961 1066 2090 1103 Amplum
2100 1065 2189 1094 facere
2200 1086 2209 1100 ,
2229 1065 2317 1094 Valde
2331 1074 2446 1103 augere,
2464 1066 2490 1095 &
2504 1065 2578 1103 quali·

1463 1102 1604 1131 Dilatare:
1625 1110 1673 1137 ut,
1693 1101 1865 1140 Amplificare
1880 1103 1985 1139 aedem,
2005 1104 2049 1133 vel
2066 1103 2172 1132 urbem.
2194 1103 2251 1133 Liv.
2266 1113 2289 1132 1.
2302 1114 2347 1139 44-

1462 1142 1568 1177 Augere
1584 1141 1610 1169 &
1628 1139 1803 1178 amplificare.
1826 1141 1884 1170 Cic.
1907 1151 1930 1170 1.
1950 1142 1985 1171 de
1996 1143 2072 1172 Orat.
2089 1151 2149 1177 143.
2172 1140 2209 1170 Ea
2230 1149 2289 1178 quae
2302 1151 2352 1179 pro
2370 1140 2452 1170 nobis
2472 1126 2576 1179 essent)

1481 1176 1676 1215 amplificanda
1693 1180 1719 1208 δι
1742 1179 1886 1216 augenda:
1915 1189 2029 1219 quaeque
2046 1179 2133 1209 effent
2146 1189 2197 1217 pro
2220 1179 2392 1215 adversariis,
2413 1179 2574 1210 infirmanda

1481 1221 1563 1252 atque
1580 1215 1739 1253 frangenda.
2573 1219 2575 1222 ⁴

1460 1253 1683 1320 Ainpllitigdinem
1711 1264 1743 1283 ac
1765 1253 1880 1292 gloriam
1898 1255 2014 1291 alicujus
2036 1255 2212 1293 amplificare.

1481 1301 1526 1320 exi
1541 1314 1546 1320 .
1588 1314 1594 1320 .

1460 1329 1635 1367 Amplificare
1654 1331 1680 1359 «St
1699 1329 1845 1366 Minuere,
1866 1331 2010 1360 contraria.
2044 1330 2103 1361 Cic.
2124 1341 2150 1366 4.
2173 1330 2255 1360 Acad.
2272 1340 2296 1365 ς.
2317 1329 2420 1359 Vereor
2436 1330 2573 1362 interdum

1479 1377 1516 1433 iile
1542 1366 1640 1410 talium
1664 1367 1840 1405 personarum
1851 1391 1859 1404 ‚
1898 1378 1984 1406 quum
2004 1368 2171 1406 amplificare
2204 1368 2288 1398 velim
2300 1390 2308 1403 ,
2341 1368 2465 1397 minuam
2492 1368 2572 1407 etiam

1479 1415 1496 1442 g
1509 1415 1603 1434 oriam.
2555 1433 2563 1442 ,Ι
2572 1427 2578 1431 .

1460 1443 1662 1473 Authoritatem
1673 1443 1847 1481 amplificare.
1869 1443 1934 1473 Caes.
1951 1453 1977 1473 2.
1995 1443 2062 1473 Bell.
2083 1443 2153 1473 Gall.
2171 1453 2197 1474 2.
2218 1454 2260 1480 14.
2282 1443 2340 1474 Cic.
2364 1453 2389 1473 1.
2411 1443 2447 1473 de
2464 1439 2569 1474 Inventi

1481 1480 1585 1511 Virtute
1603 1481 1771 1519 amplificata
1787 1481 1945 1511 authoritas.

1461 1518 1568 1548 Ornare
1584 1518 1704 1556 aliquem
1715 1521 1741 1549 Sc
1758 1519 1934 1557 amplificare.
1960 1519 2018 1548 Cic.
2032 1530 2057 1554 ς.
2068 1519 2143 1549 Fam.
2161 1529 2187 1549 2.

1460 1556 1632 1594 Dignitatem
1652 1556 1827 1595 amplificare.
1850 1557 1907 1586 Cic.
1924 1567 1965 1586 11.
1984 1558 2057 1587 Fam.
2072 1568 2095 1593 5.

1460 1593 1611 1630 Dolorem,
1633 1596 1708 1632 quod
1722 1597 1748 1625 δι
1765 1595 1933 1633 Exaggerare
1944 1596 2053 1624 dicitur.
2076 1595 2134 1624 Cic.
2147 1605 2171 1624 2.
2190 1593 2271 1625 Tusc.
2285 1606 2326 1632 50.
2566 1597 2572 1604 ‘

1458 1630 1629 1699 Fsscultatem
1658 1632 1805 1663 differendi
1832 1633 2010 1671 amplificavit
2044 1633 2096 1662 tibi
2119 1634 2276 1663 Academia.
2325 1633 2384 1663 Cic.
2404 1640 2430 1663 2.
2452 1634 2488 1664 de
2507 1633 2568 1666 Na!-

1506 1680 1562 1699 eor.
1588 1674 1647 1705 168.
2594 1695 2595 1698 ,

1459 1707 1615 1738 Fortunam.
1638 1709 1657 1738 i.
1672 1719 1696 1738 e.
1717 1708 1916 1739 Conditionem
1934 1710 1960 1739 Sc
1976 1710 2038 1738 vitae
2058 1718 2152 1747 genus.
2176 1709 2234 1739 Cic.
2255 1710 2285 1738 in
2295 1709 2357 1739 Lael.
2375 1719 2416 1746 59.

1461 1745 1582 1775 Gloriam
1596 1746 1721 1782 alicujus.
1755 1746 1813 1776 Cic.
1835 1758 1861 1782 4.
1884 1747 1966 1776 Acad.
1991 1758 2013 1782 ς.

1461 1783 1561 1813 Orator
1581 1784 1732 1822 amplificat
1749 1791 1830 1822 atque
1846 1794 1924 1814 ornat
1934 1785 2054 1814 dicendo
2069 1807 2076 1819 ‚
2098 1795 2129 1814 ea
2147 1794 2206 1822 quae
2218 1784 2301 1822 vulgo
2317 1785 2475 1823 expetenda
2491 1789 2568 1824 atquc

1479 1822 1610 1851 obtabilia
1630 1823 1768 1852 videntur.
1791 1823 1849 1852 Cic.
1864 1833 1886 1852 1.
1902 1823 1936 1852 de
1948 1823 2024 1852 Orat.
2037 1832 2100 1852 221.
2592 1831 2595 1852 ῑ

1459 1859 1622 1889 Orationem
1631 1870 1793 1898 exaggerare
1803 1863 1828 1890 ἃ
1840 1860 2016 1899 amplificare.
2046 1860 2104 1890 Cic.
2121 1870 2144 1897 3·
2156 1861 2191 1890 de
2200 1860 2275 1890 Orat.
2290 1869 2351 1895 103.
2591 1875 2598 1899 s

1458 1897 1588 1927 Pretium.
1611 1898 1670 1927 Cic.
1684 1908 1733 1936 pro
1742 1899 1833 1928 Domo
1844 1898 1909 1935 sua,
1923 1908 1968 1935 23.
2008 1898 2126 1928 Gabinio
2143 1899 2233 1937 pretio
2253 1898 2422 1937 amplificato
2436 1921 2444 1935 ,
2465 1898 2568 1936 Syriam
2590 1910 2593 1923 v

1478 1936 1644 1965 nominatim
1664 1933 1771 1966 dedisti.
2559 1951 2562 1956 Α
2588 1937 2598 1966 ἶ

1459 1972 1530 2003 Rem
1554 1974 1688 2003 ornando.
1717 1974 1775 2004 Cic.
1792 1983 1818 2004 2.
1842 1974 1877 2003 de
1893 1974 1970 2004 Orat.
1989 1984 2052 2004 202.
2084 1974 2197 2004 Summa
2210 1979 2303 2003 autem
2329 1973 2388 2004 laus
2406 1974 2568 2011 eloquentiae
2589 1978 2595 2002 l:

1479 2012 1516 2040 est
1531 2034 1538 2046 ,
1560 2011 1726 2050 amplificate
1744 2021 1801 2041 rein
1820 2013 1961 2042 ornando:
1992 2012 2067 2049 quod
2083 2012 2156 2041 valet
2177 2019 2234 2040 non
2253 2011 2342 2041 solum
2362 2012 2396 2041 ad
2413 2013 2568 2049 augendum
2587 2018 2600 2049 .‘

1477 2049 1583 2087 aliquid
1602 2052 1627 2079 ἃ
1649 2049 1806 2079 tollendum
1819 2050 1900 2080 altius
1923 2050 2061 2085 dicendo,
2094 2049 2141 2080 sed
2156 2050 2241 2079 etiam
2257 2050 2293 2079 ad
2308 2050 2516 2080 extenuandum
2531 2054 2568 2079 ab
2578 2067 2596 2077 .

1479 2097 1532 2124 que
1552 2087 1749 2123 abjiciendum.
2593 2087 2597 2108 ²

1458 2123 1530 2154 Rem
1552 2125 1714 2154 familiarem
1737 2125 1911 2164 amplificare.
1933 2125 1990 2154 Cic.
2010 2136 2032 2155 1.
2051 2124 2108 2154 Off.
2123 2134 2168 2162 25.
2588 2142 2595 2155 =.

1458 2163 1558 2201 Remp.
1581 2163 1756 2201 amplificare.
1791 2164 1849 2192 Cic.
1865 2173 1890 2192 2.
1908 2164 1943 2192 de
1955 2164 2016 2193 Nat.
2027 2163 2109 2192 Deor.
2123 2168 2149 2197 8.
2198 2163 2326 2200 Quorum
2348 2163 2434 2192 exitio
2453 2159 2595 2201 intelligi,

1476 2201 1565 2239 potest
1579 2224 1586 2235 ,
1607 2211 1703 2231 eorum
1715 2201 1835 2239 imperils
1847 2201 1945 2239 Remp.
1958 2201 2161 2239 amplificatam.
2203 2200 2368 2231 Conservare
2378 2208 2458 2239 atque
2472 2200 2566 2239 ampli*
2594 2211 2596 2213 ’

1475 2239 1556 2268 ficare
1568 2239 1790 2277 Rempublicam.
1812 2238 1870 2268 Cic.
1892 2249 1942 2276 pro
1958 2239 2029 2276 Lege
2046 2239 2143 2268 Alanil.
2161 2249 2205 2275 49.
2592 2243 2594 2246 ’

1457 2277 1548 2306 Sonus
1558 2277 1748 2315 amplificatur.
1778 2277 1835 2306 Cic.
1847 2287 1871 2306 2.
1884 2278 1919 2306 de
1930 2277 1993 2306 Nat.
2007 2277 2088 2306 Deor.
2103 2287 2164 2312 144.

1456 2313 1554 2344 Verbis
1568 2336 1576 2350 ,
1599 2322 1646 2344 aut
1657 2315 1777 2344 dicendo
1788 2315 1891 2352 aliquid
1905 2315 2080 2381 amglil-icare.
2105 2314 2162 2343 Cic.
2185 2324 2208 2344 1.
2223 2314 2257 2343 de
2267 2314 2343 2344 Orat.
2361 2323 2424 2344 221.

1456 2352 1593 2381 Virtutem
1608 2353 1736 2382 laudibus
1747 2350 1922 2390 amplificare.
1968 2353 2002 2381 ic.
2017 2364 2039 2388 5.
2055 2353 2090 2381 de
2104 2352 2163 2381 Fin.
2181 2360 2224 2389 72.

1420 2390 1470 2420 AM
1481 2401 1537 2419 PL1
1548 2392 1607 2420 ric
1619 2401 1636 2419 A
1647 2401 1687 2420 NS
1701 2413 1709 2425 ‚
1733 2391 1827 2420 Partic.
1851 2390 1863 2426 [
1877 2387 2017 2426 ,ιιεγκλόνων
2033 2391 2045 2427 ]
2067 2390 2124 2419 Cic.
2140 2400 2163 2426 5.
2181 2391 2215 2419 de
2229 2390 2288 2420 Fin.
2307 2392 2352 2426 ⁴72.
2391 2389 2426 2418 Et
2439 2389 2576 2419 virtutem
2590 2420 2593 2430 )

1457 2428 1542 2465 ipsam
1558 2428 1612 2458 suis
1632 2428 1759 2458 laudibus
1774 2428 1976 2466 amplificantis.
2587 2437 2593 2447 ’

1418 2465 1440 2495 Λ
1451 2477 1471 2494 M
1482 2476 1495 2494 Ρ
1505 2476 1520 2494 L
1530 2477 1579 2494 iri
1590 2471 1633 2495 ελ
1644 2476 1689 2495 Tu
1699 2476 1710 2496 s
1722 2489 1730 2502 ,
1751 2466 1845 2496 Partic.
1869 2467 1881 2501 [
1897 2466 2081 2501 μεγιλυνθὰς]
2103 2465 2160 2495 Cic.
2181 2475 2231 2503 pro
2254 2465 2346 2494 Domo
2356 2464 2419 2499 sua,
2438 2470 2463 2499 8.
2486 2465 2507 2494 A
2519 2472 2566 2503 po-

1458 2502 1525 2541 pulo
1536 2503 1663 2533 Romano
1682 2504 1787 2542 semper
1797 2503 1940 2539 defensus,
1962 2514 2006 2533 ain
2029 2503 2161 2539 lilicatus,
2182 2511 2303 2532 ornatus.
2490 2510 2493 2512 “
2582 2510 2584 2515 “

1457 2541 1647 2609 Agrflificritus
1663 2542 1777 2571 honore.
1833 2541 1889 2571 Cic.
1908 2550 1931 2578 3.
1950 2542 1985 2571 de
2027 2541 2098 2578 egib.
2123 2551 2165 2577 32.
2203 2541 2303 2570 Gratia.

1502 2590 1516 2609 a
1541 2590 1570 2609 .1
1597 2603 1602 2609 .

1419 2592 1721 2653 AMPLir140AT10,
1743 2618 1812 2648 onis.
1831 2614 1849 2646 f.
1873 2614 2079 2653 [μεγέλωπς]
2102 2616 2195 2654 Ampla
2215 2617 2241 2646 ὃς
2265 2615 2435 2653 copiosarei
2455 2613 2591 2650 alicuju&-

1457 2655 1597 2695 dilatatio:
1620 2656 1673 2685 sive
1688 2678 1696 2690 ,
1718 2662 1748 2685 ut
1758 2655 1855 2692 vulgus
1867 2655 1952 2691 dicit,
1968 2655 2176 2692 ‘siugnientatid
2207 2658 2239 2684 ut
2252 2676 2261 2689 ,
2283 2652 2466 2691 amplificatio
2485 2661 2564 2690 pecu-
2584 2666 2587 2677 ·

1456 2694 1517 2722 nire.
1541 2694 1599 2722 Cic.
1613 2703 1638 2723 2.
1662 2694 1697 2722 d'e
1711 2693 1802 2722 Divin.
1815 2702 1856 2729 33.

1456 2731 1639 2768 Atnplificatio
1653 2732 1766 2760 honoris
1784 2733 1809 2760 Sc
1827 2730 1925 2767 gloriis.
1949 2729 2006 2759 Cic.
2024 2739 2048 2758 2.
2069 2728 2126 2758 Off.
2138 2739 2185 2764 41.

1455 2769 1642 2806 Aniplisicatio
1654 2770 1692 2798 rei
1704 2768 1850 2798 familiaris.
1873 2768 1931 2797 Cic.
1950 2779 1971 2796 i.
1987 2767 2043 2797 Off.
2057 2777 2101 2802 ας.
2535 2792 2538 2798 ,
2581 2791 2584 2796 .

1455 2807 1639 2843 Ainplilicatio
1652 2808 1725 2850 apud
1737 2807 1886 2841 Rhetores,
1908 2805 2068 2835 diciturUbi
2078 2810 2237 2840 argumenta
2247 2803 2312 2842 ipsa,
2335 2813 2399 2833 cum
2409 2803 2498 2832 verbis
2507 2808 2562 2832 tum
2580 2806 2586 2837 “,

1475 2845 1555 2873 rebus
1566 2845 1730 2882 amplillime
1748 2844 1913 2879 dilatantur,
1934 2844 1968 2872 ad
1979 2843 2052 2881 ipsos
2063 2843 2148 2879 magis
2164 2841 2325 2871 afficiendos
2336 2842 2482 2870 auditores.
2503 2839 2559 2883 Vifl.

1475 2882 1595 2918 Quintil.
1613 2882 1710 2912 diffuse
1724 2883 1758 2911 de
1771 2881 1992 2918 Amplisicatione
2007 2882 2183 2915 tractantem,
2206 2879 2254 2908 lib.
2267 2885 2292 2914 8.
2314 2889 2374 2917 cap.
2387 2890 2412 2915 4.
2431 2878 2561 2909 &Ciam

1473 2919 1563 2949 I'artit.
1582 2930 1622 2957 17.
1647 2922 1673 2950 ὃς
1690 2921 1770 2950 Auth.
1784 2919 1929 2948 adllcren.
1952 2918 2000 2948 lib.
2014 2928 2037 2954 3.
2050 2928 2092 2953 23.
2301 2948 2302 2951 Ἴ
2533 2929 2543 2938 1
2574 2928 2583 2950 ι,

1417 2957 1701 2988 ΑΜΡωΜεᾸτοῐ(
1715 2980 1722 2993 ,
1745 2958 1807 2987 aris.
1830 2967 1865 2985 m.
1890 2954 2097 2992 [μεγιλυντνῖε]
2118 2955 2175 2984 Cic.
2196 2960 2218 2991 3.
2242 2954 2322 2984 Tusc.
2340 2964 2381 2983 10.
2421 2954 2481 2983 Nec
2500 2960 2560 2982 vero
2574 2959 2581 2976 '-

1453 2995 1617 3062 Pythagforas
1636 2996 1756 3025 nominis
1773 2994 1859 3024 solum
1875 2995 2003 3024 inventor
2016 3016 2024 3030 ⁷
2044 2993 2090 3022 sed
2104 3002 2194 3021 rerum
2209 2993 2293 3022 etlam
2314 2992 2433 3030 ipsarum
2451 2988 2561 3029 amplifi·

1453 3039 1529 3062 cator
1561 3043 1608 3062 uit.
2532 3045 2536 3049 ·

1453 3071 1640 3109 Ampliticator
1659 3070 1806 3108 dignitatis.
1844 3069 1921 3098 Idem
1940 3079 1965 3098 2.
1987 3069 2062 3098 Fani.
2081 3079 2106 3104 9.

1414 3108 1552 3137 AMi2L1r
1562 3120 1570 3136 1
1581 3119 1598 3138 c
1610 3119 1628 3137 A
1640 3118 1660 3137 T
1670 3120 1683 3136 a
1694 3119 1702 3136 1
1715 3118 1740 3137 x.
1764 3108 1850 3136 Pacat.
1876 3107 1937 3136 l’an.
1961 3106 2070 3136 Theod.
2085 3116 2144 3144 cap.
2159 3111 2184 3139 8.

1413 3146 1641 3180 AMr’Lirica,
1668 3146 1733 3174 Adv.
1758 3145 1950 3180 [μεγκλάως]
2574 3170 2575 3175 .

1403 3216 1406 3217 .
1450 3183 1595 3221 Amplifice
1614 3183 1742 3212 decorata
1758 3182 1844 3211 vestis.
1868 3182 1884 3210 i.
1903 3191 1926 3211 c.
1965 3181 2113 3219 magnifice
2130 3177 2220 3210 Catul.
2236 3180 2333 3217 Argon.
2348 3182 2392 3208 62.
2406 3181 2469 3215 265.
2507 3175 2558 3207 Sed
2574 3194 2581 3203 ν

1467 3221 1507 3250 ibi
1524 3222 1609 3250 Graev.
1622 3221 1688 3258 legit
1708 3219 1865 3257 Ampliticae.

1412 3258 1434 3287 A
1445 3269 1464 3287 M
1475 3268 1489 3287 Ρ
1498 3270 1513 3287 L
1522 3270 1531 3287 1
1541 3270 1553 3287 r
1564 3270 1579 3287 L
1589 3269 1607 3287 u
1618 3269 1635 3287 u
1646 3268 1658 3287 s
1668 3281 1676 3293 ‚
1697 3268 1712 3287 a
1721 3280 1729 3293 ,
1749 3262 1806 3287 uni.
1828 3255 1913 3286 Strab.
1935 3256 2003 3286 Gall.
2024 3257 2099 3286 Hcrt.
2111 3255 2185 3293 precs.
2404 3270 2411 3273 -
2572 3290 2574 3292 .

1410 3296 1431 3325 A
1441 3306 1484 3325 MP
1495 3308 1510 3325 L
1521 3307 1528 3324 1
1540 3307 1556 3325 v
1568 3305 1612 3325 Ac
1623 3307 1640 3325 u
1652 3306 1664 3325 s
1679 3318 1687 3331 ,
1708 3306 1723 3324 a
1734 3318 1741 3330 ,
1762 3305 1818 3324 um.
1842 3295 1854 3330 [
1870 3296 2029 3322 πολυπλανὲς
2044 3295 2059 3330 [l
2091 3294 2175 3330 Quod
2187 3294 2215 3322 in
2228 3291 2349 3330 amplum
2359 3295 2477 3329 vagatur.
2499 3289 2552 3320 Cic.
2572 3293 2573 3299 ¹

1450 3342 1473 3371 3.
1485 3335 1520 3363 ad
1533 3334 1632 3364 Heren.
1648 3343 1690 3369 31.
1713 3331 2027 3370 Amplivagasimagines
2045 3332 2173 3361 reddunt.
2367 3339 2371 3345 ·

1410 3371 1555 3406 Auno,
1582 3372 1686 3400 vetuste
1714 3380 1764 3408 pro
1787 3370 1833 3398 AM
1846 3379 1928 3398 11110
1949 3369 1992 3398 vel
2020 3370 2039 3398 A
2051 3377 2241 3398 MPLIFICU.
2279 3365 2410 3396 Pacuvius
2431 3365 2573 3403 Teucr02,J

1447 3409 1500 3437 Uhi
1522 3411 1609 3447 po'e‘tae
1628 3419 1677 3446 pro
1697 3408 1742 3437 sua
1766 3414 1841 3445 parte
1861 3406 1924 3435 falsa
1945 3407 2062 3436 conficta
2082 3413 2198 3440 canant,
2231 3405 2277 3442 qul
2303 3403 2410 3433 caulam
2426 3401 2572 3432 humilem·

1448 3447 1530 3476 dictis
1554 3447 1686 3484 amplant.
1727 3446 1766 3475 Ex
1782 3445 1894 3478 Nonio,
1920 3454 1961 3473 10.
1979 3455 2020 3480 14.
2464 3477 2465 3482 ¹
2568 3442 2571 3465 ἓ

1408 3484 1651 3517 AMi‘Lus'rRa,
1693 3483 1722 3512 V.
1753 3491 1957 3511 APLUSTRF.
2536 3507 2542 3519 .-

1407 3522 1429 3550 A
1438 3532 1458 3549 M
1469 3531 1531 3550 PRO
1540 3531 1559 3550 N
1571 3543 1578 3556 ,
1612 3522 1627 3557 [
1642 3520 1737 3555 ἅμπξον
1753 3520 1765 3557 ]
1786 3520 1870 3549 Funis
1881 3519 1951 3548 inter
1968 3524 2104 3556 utrunque
2116 3515 2215 3547 bovem
2225 3515 2267 3546 vel
2277 3526 2379 3552 equum
2389 3514 2507 3544 temonis
2517 3522 2553 3542 νι-

1445 3568 1477 3587 ce
1489 3558 1631 3596 protensus
1644 3569 1650 3587 ι
1669 3558 1742 3587 funis
1755 3558 1801 3595 qui
1812 3566 1859 3594 per
1874 3557 2134 3594 jugajumentorum
2146 3555 2276 3588 trahitur.
2298 3560 2344 3582 aut
2360 3563 2414 3590 quo
2426 3552 2493 3595 trahi
2507 3550 2554 3580 fcr-

1445 3597 1502 3625 rive
1512 3596 1599 3625 solent
1609 3607 1624 3625 a
1634 3595 1766 3631 jumentis
1774 3604 1864 3624 onera.
1891 3594 2012 3623 llermol.
2024 3595 2051 3623 in
2067 3594 2132 3623 plin.
2151 3592 2198 3626 18.
2211 3591 2316 3626 c..;4.V.
2331 3592 2364 3620 Η.
2375 3592 2405 3619 St
2425 3590 2442 3618 'l
2453 3587 2550 3631 lgesGr.
2566 3624 2568 3626 .

1406 3632 1426 3661 A
1440 3644 1459 3661 M
1471 3644 1502 3662 rs
1515 3644 1532 3662 A
1542 3644 1587 3662 GA
1597 3656 1605 3668 ‚
1627 3635 1642 3669 [
1659 3632 1780 3668 tl‘pexlaaeya
1798 3631 1910 3661 Ptolem.
1928 3632 1943 3666 ]
1963 3632 2073 3661 fluvius
2088 3632 2126 3661 est
2136 3629 2308 3660 Mauritania.-
2320 3628 2494 3658 Caesarienlis.
2511 3628 2580 3683 ου’-[ι’

1443 3672 1485 3706 jus
1500 3672 1628 3700 meminit
1648 3672 1674 3701 ὃς
1689 3671 1755 3700 Ρ1111.
1768 3669 1814 3699 lib.
1830 3680 1851 3704 ς.
1865 3678 1925 3706 αφ.
1939 3679 1963 3698 2.
2163 3700 2164 3704 ,

1406 3707 1425 3735 A
1436 3718 1455 3735 M
1466 3717 1499 3736 ps
1509 3719 1525 3736 a
1536 3719 1552 3736 L
1563 3718 1571 3736 1
1581 3718 1608 3743 ε,
1631 3709 1645 3744 [
1662 3707 1788 3744 rip-lame
1803 3707 1817 3742 ]
1844 3706 1946 3735 Civitas
1958 3707 2097 3736 Sarmatia:
2109 3706 2136 3734 in
2154 3704 2217 3734 Asia.
2240 3703 2354 3733 Ptolem.

1405 3746 1519 3774 AMi’si
1533 3756 1619 3774 vani
1633 3757 1650 3775 1.
1672 3746 1752 3775 Forte
1767 3744 1915 3781 legendum
1934 3746 2173 3773 Aucaivanrr
2195 3748 2241 3771 aut
2263 3741 2478 3771 Ansinaizrr.
2495 3735 2566 3781 'Nem

1441 3792 1508 3811 rone
1526 3783 1678 3819 imperante
1701 3783 1841 3812 Friiiorum
1861 3791 1938 3818 agros
1958 3786 2146 3818 occuparunt:
2192 3779 2231 3809 Ex
2252 3780 2295 3808 his
2316 3777 2426 3808 collec‘ti
2445 3775 2547 3806 milites.
2564 3794 2569 3812 ,¹

1441 3819 1472 3848 V.
1494 3819 1639 3850 Panciroll.
1665 3821 1731 3850 Not.
1759 3820 1839 3857 Dign.
1864 3819 1934 3857 lmp.
1958 3819 2057 3848 Occid.
2079 3828 2138 3856 cap.
2161 3827 2207 3846 21¹

2264 1254 2322 1285 Cic.
2346 1255 2442 1292 Anteq.
2468 1255 2520 1284 iret
2544 1254 2573 1285 in

2367 3889 2584 3933 Autumnus,
