2604 4222
129 168 203 209 654
561 157 589 191 C
687 158 722 191 O
816 153 849 188 N

175 244 353 275 Consecratio
363 253 414 281 pro
423 239 637 279 Inauguratione
654 237 802 275 aliquando
820 234 980 272 usurpatur:
1001 235 1033 260 ut
1046 234 1122 267 patet
1143 235 1179 257 ex
1192 224 1288 256 Veteri

197 282 301 321 Lapide
311 281 425 317 Romae,
443 317 476 347 D.
496 316 531 346 D·
557 315 592 344 N·
613 313 650 343 N·
671 310 846 342 VALENTE·
870 308 901 337 v,
924 306 980 336 ET.

397 350 679 386 VALENTINIANO.
701 347 862 380 lVNIORE.
885 343 1041 374 PRIMVM.

481 391 557 420 AVG.
580 388 687 418 CONS.
710 387 753 417 Vl.
776 386 821 415 ID.
844 382 953 413 APRIL.

415 429 517 460 AQRR.
541 425 688 456 VICTOR.
711 420 921 453 AVGENTIVS.
944 419 973 447 V.
992 419 1023 448 C.

341 469 370 499 P.
388 468 415 498 P.
437 465 540 496 FILIO.
562 464 641 494 SVO.
661 459 873 492 AEMILIANO.
894 454 1097 487 CORYFONI.

404 502 579 535 OLYMPIO.
603 501 634 530 C.
657 500 684 530 P.
706 498 810 529 ANNO
831 493 1036 527 TRICESlMO

496 536 817 569 CONSECRATlONlS
843 533 940 565 SVAE.

151 583 445 613 Cossncnxron,
466 580 528 608 oris.
550 587 586 606 m.
610 576 725 606 Hieron.

152 615 550 651 Comucmrmxstcis.
572 615 590 644 f.
611 613 729 643 Tertull.
984 646 990 652 θ
1258 645 1261 648 Α

152 657 174 687 C
183 668 199 687 ο
211 667 229 686 Ν
237 667 248 686 s
258 667 271 686 a
282 666 298 685 c
308 666 324 684 r<
332 666 351 684 A
361 665 380 684 N
390 665 404 683 iz
414 662 462 689 us,
483 663 508 688 a,
528 662 585 681 um.
603 651 763 681 Eorundem
774 649 911 680 sacrorum
923 649 1068 685 particeps.
1080 639 1199 672 Tertull.
1212 639 1291 678 Apol.

189 705 247 732 cap.
261 698 302 723 16.
323 692 528 722 'Consecraneus
538 689 637 719 noster.
757 725 762 731 .
1227 716 1232 722 .
1248 716 1254 721 ἢ

188 730 362 762 Vocabulum
373 731 399 758 in
411 730 500 758 castris
511 735 648 764 repertum
658 747 665 759 ,
690 725 780 763 qualia
791 724 854 754 sunt
868 723 1086 764 Conterraneum
1098 740 1108 764 3
1130 715 1295 761 commilita-

206 779 291 799 neum
300 790 308 803 ,
326 768 498 797 militaneuni
509 788 517 800 .,
539 765 722 794 suffaraneum
733 785 741 798 ,
761 762 946 792 limitaneum.
986 759 1074 796 Jnlius
1085 754 1295 798 Capitoli-nusin

205 807 341 836 concione
353 806 471 843 quadam
480 804 624 833 Maximini
637 802 763 836 Caesaris,
784 802 813 829 in
820 800 906 829 Gord.
921 808 981 842 cap.
996 804 1089 839 143pr.
1105 794 1208 822 Sacrati
1220 799 1296 820 com-

207 844 346 873 militones
355 865 363 878 ,
384 843 491 879 inquit,
513 842 598 869 immo
615 842 699 869 etiam
719 839 774 868 mei
788 837 972 868 consecranei.
1007 834 1065 864 Alio
1078 833 1141 875 loco
1153 853 1171 875 ,'
1182 828 1296 860 Nullam

206 882 347 911 civitatem
359 890 435 917 aeque
447 879 614 908 militaneam
624 878 678 907 eise
688 878 767 906 dixit.
797 876 874 912 [Nisi
885 884 959 904 error
972 873 1020 907 est,
1040 880 1090 910 pro
1101 869 1294 900 Limitaneam,

206 919 237 947 V.
260 919 288 947 in
307 918 392 948 Gord.
407 924 467 947 tert.
482 926 541 953 cap.
554 922 599 950 28.
617 926 656 953 pr.

186 955 269 993 Quasi
280 956 384 985 diceret
395 977 402 990 ,
424 955 571 990 Participes
585 963 653 983 meae
664 953 771 982 sacratae
781 951 931 988 dignitatis.
957 947 1040 978 H.St.

150 995 458 1023 CONsi³c¹rANiius
474 1014 481 1027 ,
511 992 542 1021 V.
566 991 715 1020 Consestor
734 991 762 1020 in
784 996 1021 1023 coNsaQUOR.

149 1033 472 1065 CONsecrnaiuM,
493 1029 727 1058 CONSECTOR.
768 1027 799 1057 ln
819 1033 1048 1059 CONSRQUOR.

149 1070 386 1102 CONsucho,
408 1068 438 1097 ln
459 1076 636 1096 CONSBCO.

149 1107 413 1140 CONSECUT10,
443 1105 715 1138 C0NsiicuTus,
735 1102 767 1133 V.
790 1109 961 1136 CONSEQU
973 1109 1025 1128 013.

149 1144 437 1178 Consnn0,6nis.
462 1143 494 1172 V.
516 1151 712 1171 c0N810130.
1156 1170 1163 1177 ,

148 1182 171 1211 C
180 1191 197 1210 o
206 1184 270 1211 Nsi
279 1193 299 1209 M
309 1183 320 1209 ῑ
329 1191 348 1210 Ν
358 1191 372 1210 a
383 1191 420 1209 us
430 1203 438 1216 ‚
461 1181 521 1216 Adj.
543 1178 731 1215 [manmena]
750 1182 782 1206 ut
792 1199 800 1212 ,
818 1175 1010 1205 Consemineae
1027 1173 1114 1203 vineae
1126 1193 1134 1205 ,
1155 1177 1186 1214 in
1195 1168 1294 1207 quibus

185 1219 333 1249 acervatim
345 1218 430 1248 multa
439 1219 464 1247 &
475 1219 548 1247 varia
561 1217 664 1246 semina
677 1217 774 1245 vitium
785 1213 898 1244 confusa
916 1213 979 1242 sunt
988 1234 997 1246 ,
1018 1221 1070 1240 nec
1082 1218 1201 1248 proprus
1212 1216 1294 1251 gene-

184 1257 261 1286 ribus
271 1257 406 1285 distinsta.
446 1255 582 1285 Columel.
595 1255 642 1283 lib.
656 1263 679 1289 3.
693 1263 753 1290 cap.
765 1262 810 1282 21.
832 1252 919 1289 quue
937 1251 966 1294 in
986 1250 1074 1279 vineis
1090 1257 1147 1291 non
1159 1245 1296 1289 consemi-

186 1295 246 1324 neis
258 1294 390 1323 observari
405 1294 517 1323 difficile
528 1293 574 1321 est.
612 1291 689 1321 Idem
700 1291 747 1321 lib.
760 1300 801 1320 11.
815 1299 875 1327 cap.
892 1299 918 1318 2.
939 1288 1040 1317 Silvam
1055 1287 1071 1315 si
1092 1295 1153 1320 quis
1176 1283 1294 1326 barbari-

186 1342 246 1361 cam
255 1353 263 1367 ,
285 1332 314 1360 id
323 1332 360 1361 est
367 1331 570 1361 consemineam
580 1329 647 1358 velit
655 1329 743 1358 facere
754 1350 762 1363 ,
783 1329 857 1356 reite
868 1326 993 1356 conseret
1002 1323 1149 1363 glandibus
1158 1323 1184 1352 δι
1194 1328 1293 1351 ceteris

185 1369 343 1399 seminibus.
373 1370 400 1398 11.
415 1378 440 1398 e.
464 1368 547 1397 Variis
560 1367 688 1396 arborum
701 1365 847 1404 generibus
861 1365 1003 1394 consitam.

148 1407 173 1438 C
182 1418 199 1436 o
208 1417 227 1436 N
235 1417 246 1436 s
255 1417 269 1435 11
279 1417 299 1435 Μ
308 1418 317 1435 1
328 1416 348 1435 N
358 1410 375 1435 71
384 1418 400 1435 L
408 1417 416 1434 1
425 1415 437 1436 s
447 1428 455 1441 ,
475 1416 500 1435 e.
522 1404 694 1441 [haiim-etot]
716 1404 800 1434 Idem.
823 1401 961 1432 Columel.
974 1401 1023 1430 lib.
1040 1408 1081 1428 12.
1095 1407 1155 1436 cap.
1165 1407 1211 1440 ⁴5:
1223 1401 1293 1425 extr.

185 1445 298 1482 Propter
308 1444 382 1481 quod
393 1444 475 1473 etiam
487 1442 714 1472 conseminalium
726 1442 868 1471 vinearum
879 1450 937 1469 non
947 1446 1004 1468 tam
1015 1438 1052 1467 est
1062 1437 1172 1480 firmum
1183 1442 1292 1468 Vinum,

185 1492 266 1517 quam
278 1482 296 1511 si
306 1481 387 1519 perse
399 1481 532 1510 sincerum
544 1481 685 1510 amineum
695 1502 703 1514 ,
722 1479 764 1508 vel
777 1479 919 1516 apiarium,
938 1477 1077 1507 autetiam
1088 1475 1214 1503 fecinum
1226 1481 1293 1501 con-

184 1520 296 1549 dideris.
338 1518 540 1548 Conseminales
559 1519 655 1547 vineas
673 1515 795 1555 appellat
803 1539 811 1552 ,
834 1516 906 1552 Quae
926 1525 960 1546 ex
978 1515 1059 1544 variis
1078 1509 1250 1542 surculorum
1265 1511 1293 1538 &

183 1557 342 1595 plantarum
353 1556 497 1594 generibus
511 1555 620 1586 consitae
630 1555 692 1585 sunt
704 1577 712 1591 ‚
732 1563 832 1593 nempe
840 1555 950 1589 acidas,
970 1551 1097 1587 acerbas,
1118 1549 1215 1580 dulces
1227 1556 1294 1577 uvas

183 1595 344 1625 ferentibus.

147 1633 170 1662 C
179 1643 195 1663 o
205 1642 226 1662 N
234 1642 246 1662 s
254 1634 270 1661 ὲ
279 1642 297 1661 Ν
306 1642 320 1661 13
330 1642 342 1661 s
353 1641 369 1661 c
379 1642 396 1661 o
407 1654 416 1668 ,
436 1632 577 1667 consenui,
591 1629 730 1667 [γηράσκω]
746 1630 801 1659 ere.
814 1629 915 1659 Senem
923 1627 990 1658 fieri.
1004 1627 1089 1657 Plaut.
1099 1626 1291 1663 Capt.1.2.31.

263 1670 392 1700 Macesco
403 1691 411 1705 ,
433 1669 596 1699 consenesco
605 1689 612 1699 .
633 1670 659 1698 ἃ
677 1668 786 1698 tabesco
801 1667 891 1697 miser.
948 1666 1005 1696 Cic.
1020 1675 1046 1694 2.
1060 1664 1142 1694 Tusc.
1154 1675 1178 1700 ς.
1203 1665 1291 1706 Atque

183 1714 324 1738 oratorum
340 1709 452 1745 quidem
470 1708 529 1737 laus
542 1708 580 1736 ita
600 1707 682 1736 dusta
699 1705 733 1736 ab
752 1705 851 1735 humili
870 1705 947 1735 venit
962 1704 998 1733 ad
1015 1703 1152 1732 summum
1164 1723 1172 1737 ,
1192 1707 1291 1744 utjam

184 1746 279 1782 (quod
289 1751 384 1774 natura
396 1746 484 1775 sertin
496 1744 624 1774 omnibus
638 1745 695 1774 fere
709 1744 813 1780 rebus)
834 1742 1028 1778 consenescat,
1047 1741 1182 1777 brevique
1199 1739 1236 1770 ad
1249 1748 1291 1767 m-

182 1784 270 1813 hilum
279 1790 392 1813 ventura
401 1783 534 1812 videatur.
577 1782 614 1812 Al.
636 1781 772 1812 Senescat.

183 1821 254 1850 Cum
263 1822 431 1858 cognomine
444 1820 643 1850 consenescere.
666 1820 724 1849 Cic.
737 1829 763 1849 2.
778 1818 833 1849 Ati.
843 1825 887 1856 13.

183 1859 283 1889 Carina
291 1858 443 1888 consenuit.
465 1859 585 1896 Propert.
605 1858 652 1887 lib.
668 1867 693 1893 3.
705 1867 731 1895 7.
745 1861 788 1894 36.

261 1897 413 1926 Ventorum
425 1896 462 1925 est
471 1896 656 1933 quodcunque
664 1905 743 1933 paras
754 1917 762 1931 ‚
782 1894 858 1924 haud
871 1893 928 1924 ulla
936 1893 1028 1924 carina

314 1934 484 1970 consenuit,
504 1934 575 1963 fallit
590 1940 686 1971 portus
697 1935 723 1963 &
732 1933 790 1971 ipse
800 1933 894 1962 fidem.

181 1972 289 2002 Nemus
298 1971 452 2002 consenuit.
474 1972 569 2001 Claud.
583 1971 660 2009 Epig.
671 1981 697 2001 2.
711 1976 753 2001 16.

184 2010 214 2039 In
228 2010 309 2040 armis
321 2009 521 2040 consenescere.
543 2009 609 2039 Hor.
626 2019 649 2044 3.
670 2009 760 2039 Carni.
775 2018 799 2044 ς.
811 2013 836 2043 8.

184 2048 216 2116 {n
227 2047 601 2114 co-iilimeiitariisRhetorum.
622 2046 742 2085 Quintil.
754 2046 802 2076 lib.
816 2055 840 2084 3.
851 2055 911 2084 cap.
925 2050 953 2081 8.

199 2095 216 2114 n
225 2095 268 2114 exi
281 2095 317 2115 10.
358 2095 392 2114 iv.
443 2108 450 2115 .

183 2122 216 2152 In
227 2124 312 2161 patria
322 2094 490 2152 conseiusiiffe
496 2122 609 2161 placuit.
630 2122 714 2153 ovid.
725 2133 752 2159 4.
762 2121 841 2152 Trist.
853 2127 880 2156 8.
892 2129 934 2151 12.

184 2159 384 2189 Consenescete
391 2160 439 2189 sub
448 2162 537 2190 armis.
558 2161 613 2190 Liv.
628 2170 672 2196 32.
687 2171 710 2198 3.
722 2171 763 2198 pr.

183 2197 383 2227 Consenescere
393 2208 504 2227 maerore
515 2200 540 2227 ἃ
551 2198 688 2236 lacrymis.
712 2199 769 2228 Cic.
779 2207 829 2235 pro
837 2195 951 2233 Cluent.
964 2203 1008 2232 13.

184 2235 395 2264 Consenuerunt
404 2236 473 2265 vires
483 2242 564 2272 atque
574 2236 744 2265 defecerunt.
765 2236 824 2264 Cic.
834 2235 869 2263 de
876 2234 985 2264 Senect.
995 2242 1040 2268 29.

183 2272 268 2302 Nullo
295 2273 446 2302 adversario
469 2273 670 2303 consenescere.
708 2274 767 2303 Cic.
779 2283 805 2302 2.
817 2273 871 2302 Att.
883 2281 927 2308 23.
970 2271 998 2300 h.
1008 2281 1033 2300 e.
1059 2268 1158 2308 Populi
1175 2268 1289 2308 gratiam

201 2311 325 2339 amittere
336 2332 343 2346 ‚
365 2312 391 2340 &
403 2311 430 2339 in
441 2311 575 2340 invidiam
590 2311 710 2346 adduci,
729 2311 842 2340 nemine
853 2316 946 2339 tamen
964 2315 1153 2346 oppugnante.

145 2347 166 2376 C
177 2357 193 2376 ο
202 2358 220 2377 Ν
228 2358 240 2377 s
250 2358 263 2376 a
271 2357 291 2376 N
299 2358 319 2376 T
328 2358 342 2377 1³
350 2358 361 2377 s
370 2370 378 2384 ,
401 2348 445 2377 Dii
457 2348 582 2383 fuerunt,
604 2349 650 2385 qui
661 2370 669 2383 ,
687 2355 717 2378 ut
727 2348 864 2385 Augustin.
878 2347 927 2377 lib.
938 2357 963 2382 4.
977 2348 1012 2375 de
1022 2346 1103 2375 Civit.
1118 2346 1168 2375 Dei
1178 2354 1287 2382 cap.23.

180 2386 282 2421 scribit,
294 2386 331 2417 ¹in
341 2385 483 2415 consilium
494 2386 570 2421 Jovis
582 2386 704 2415 adhiberi
718 2386 892 2423 putabantur.
932 2384 969 2414 Hi
982 2386 1008 2414 &
1022 2385 1145 2419 Penates,
1166 2385 1192 2413 ἃ
1204 2383 1290 2413 Urba-

180 2424 208 2452 ni
219 2423 301 2452 etiam
315 2423 397 2457 diffi,
418 2423 568 2453 duodecim
581 2433 697 2453 numero
714 2425 845 2458 fuerunt,
864 2422 912 2453 sex
931 2431 1019 2451 mares
1031 2444 1040 2457 ,
1062 2423 1087 2451 &
1104 2422 1150 2451 sex
1160 2421 1288 2457 feminae,

180 2470 296 2498 quorum
309 2462 442 2498 imagines
450 2470 548 2491 auratae
558 2461 661 2491 stabant
674 2462 749 2498 apud
760 2463 851 2491 forum
862 2483 870 2496 ,
891 2466 922 2490 ut
932 2461 1014 2489 Varro
1027 2460 1065 2488 ait
1077 2460 1123 2489 lib.
1137 2469 1160 2488 1.
1170 2459 1206 2488 de
1214 2459 1245 2489 R.
1255 2460 1287 2489 R.

184 2509 207 2527 1·
226 2510 252 2533 4.
275 2498 333 2528 Hos
344 2498 447 2528 Ennius
457 2520 465 2533 ,
486 2506 516 2528 ut
527 2499 632 2537 Apulei.
646 2499 680 2528 de
689 2499 749 2529 Deo
758 2500 833 2529 Socr.
842 2509 869 2535 p.
878 2508 924 2533 42.
943 2500 972 2527 ¹&
984 2498 1110 2527 Martiam.
1128 2496 1233 2535 Capell.
1254 2498 1290 2527 de

180 2536 267 2574 Nupt.
280 2535 349 2565 Phil.
364 2545 386 2565 1.
399 2546 426 2574 p.
439 2546 480 2571 ις.
503 2537 640 2572 scribunt,
661 2537 770 2567 duobus
783 2537 900 2566 versibus
911 2536 1076 2573 complexus
1086 2536 1139 2571 est,

258 2573 332 2608 Juno
343 2594 352 2608 ,
373 2573 465 2607 Vesta,
487 2574 615 2604 Minerva
626 2596 634 2608 ,
654 2574 737 2604 Ceres
748 2597 756 2610 ,
778 2575 883 2609 Diana,
906 2574 997 2603 Venus
1009 2595 1016 2607 ,
1039 2574 1113 2603 Mars
1128 2595 1136 2607 ,

260 2611 413 2640 Mercurius
424 2633 432 2647 ,
453 2611 530 2646 ,lovis
542 2633 550 2645 ,
572 2612 719 2649 Neptunus
729 2634 737 2648 ,
757 2612 896 2641 Vulcanus
906 2634 914 2646 ,
937 2610 1042 2649 Apollo.
1101 2611 1175 2640 Didii
1195 2616 1289 2640 autem

180 2648 242 2678 sunt
252 2648 421 2683 Consentes,
465 2649 517 2678 uasi
530 2649 748 2679 Consentientes.
789 2650 830 2679 De
847 2650 997 2679 duodecim
1015 2649 1057 2678 his
1073 2649 1151 2683 deis,
1174 2659 1243 2685 quos
1259 2650 1289 2678 in

179 2686 323 2715 consilium
342 2686 424 2715 habet
461 2687 550 2724 upiter
561 2709 570 2722 ,
590 2689 701 2716 lini-icus
717 2688 821 2716 Seneca
845 2689 975 2716 meminit
986 2686 1034 2716 lib.
1050 2696 1075 2716 2.
1098 2687 1200 2723 Quaest.
1223 2687 1288 2716 Nat.

181 2733 241 2760 cap.
253 2733 296 2757 41.
319 2732 352 2752 ex
367 2723 559 2753 Hetruscorum
569 2724 722 2762 disciplina.
761 2725 815 2754 Sed
830 2726 855 2754 &
868 2725 1019 2754 duodecim
1042 2724 1110 2753 deos
1126 2724 1196 2753 alios
1217 2725 1291 2754 Con-

180 2761 268 2790 sentes
276 2761 453 2797 agricolarum
463 2762 558 2797 duces,
569 2762 653 2791 Varro
666 2770 807 2792 enumerat
817 2763 844 2791 in
857 2762 906 2792 lib.
924 2763 959 2792 de
972 2763 1004 2791 R.
1018 2761 1049 2791 R.
1062 2771 1145 2798 quern
1156 2762 1230 2792 vide.
1241 2762 1288 2793 l.c.

180 2798 308 2834 Singulos
320 2799 486 2835 singulorum
496 2799 630 2829 mensium
640 2800 731 2829 tutelae
744 2800 857 2838 praeficit
867 2800 965 2830 Manil.
976 2810 1002 2829 2.
1016 2809 1079 2835 433.
1102 2800 1142 2829 Ex
1157 2799 1211 2828 illis
1223 2810 1290 2829 con-

198 2835 278 2865 sessus
295 2836 413 2865 Deorum
431 2837 604 2873 Dearunique
615 2838 805 2878 constituitur3
830 2839 862 2868 iis
882 2845 976 2868 tamen
998 2837 1075 2873 ,Iovis
1090 2838 1268 2876 praemittitur
1280 2860 1288 2874 ,

199 2879 229 2903 ut
241 2879 317 2911 patet
332 2882 366 2903 ex
383 2874 627 2912 inscriptionibus,
652 2911 664 2941 I
704 2912 730 2941 Ο
771 2911 800 2942 Μ

619 2949 769 2980 CETERIS
803 2950 846 2980 VE

565 2987 619 3017 DIS
641 2987 787 3017 CONSEN
807 2987 902 3018 *iiivs

147 3024 168 3053 C
177 3034 192 3053 o
204 3032 263 3052 Nst
272 3032 292 3052 N
301 3031 319 3052 τ
329 3033 338 3051 1
351 3033 369 3052 Α
384 3045 391 3059 ,
415 3023 494 3053 Sacra
507 3034 566 3061 quae
581 3035 615 3054 ex
626 3025 759 3054 consensu
776 3026 926 3055 multorum
938 3024 999 3054 sunt
1007 3025 1112 3055 statuta.
1133 3025 1234 3056 Festus.

147 3063 168 3090 C
179 3071 194 3090 o
205 3071 222 3089 N
232 3070 243 3089 s
252 3071 265 3089 a
274 3070 293 3089 N
304 3070 323 3088 τ
333 3071 363 3090 ιΑ
375 3082 384 3096 ,
404 3061 505 3104 Civitas
523 3063 561 3091 est
571 3064 599 3091 in
613 3072 678 3100 agro
692 3063 807 3094 Bruttio.
828 3065 928 3093 Auctor
941 3063 979 3092 est
992 3063 1060 3093 Plin.
1072 3063 1120 3094 lib.
1135 3073 1159 3101 3.
1184 3075 1244 3103 cap.
1261 3075 1286 3101 5.

185 3098 271 3135 Vulgo
290 3099 419 3132 Cau-senza
426 3109 453 3125 m
461 3099 588 3127 Calabria.

147 3136 169 3165 C
179 3145 195 3164 o
205 3145 222 3163 N
233 3146 244 3164 s
254 3145 267 3163 ε
277 3145 295 3163 Ν
307 3145 326 3163 τ
336 3146 343 3163 1
353 3145 371 3164 N
382 3147 390 3164 1
403 3158 410 3171 ,
433 3136 497 3172 Ejus
513 3137 611 3175 oppidi
624 3137 732 3168 incolae.

147 3174 169 3203 C
179 3183 196 3201 0
206 3182 222 3215 N
234 3182 246 3202 s
257 3182 270 3201 R
278 3182 296 3200 N
305 3181 368 3201 '1¹10
379 3195 386 3207 ,
409 3173 426 3202 si
440 3195 448 3208 ‚
469 3174 527 3204 sum
538 3196 546 3209 ‚
567 3176 687 3210 [ἑμθνοὶυ
696 3197 704 3211 ,
725 3176 852 3211 συμφωὶω
861 3197 868 3211 ‚
890 3173 1030 3211 σύμφημι]
1050 3179 1099 3206 fre,
1122 3176 1288 3208 Convenim,

185 3212 241 3239 Cic.
254 3219 279 3246 7.
295 3209 366 3252 Verr.
382 3216 424 3246 38.
445 3211 544 3241 Servos
555 3234 563 3247 ‚
604 3222 654 3242 uos
678 3211 734 3251 ipse
756 3223 820 3243 cum
839 3213 955 3242 consilio
980 3213 1044 3244 belli
1064 3215 1184 3244 faciendi
1210 3215 1289 3245 causa

185 3246 342 3313 c(1›·nsenl¹s¹g³e
353 3249 485 3314 judicavit
498 3271 506 3285 ,
529 3259 576 3279 eos
584 3222 641 3280 sine
653 3250 759 3280 consilii
770 3251 922 3286 sententia,
944 3250 990 3280 sua
1002 3253 1118 3290 sponte,
1139 3254 1217 3282 omni
1228 3253 1290 3291 ssip-

198 3294 268 3313 ›1eio
290 3295 295 3312 i
318 3294 387 3314 eravi
404 3308 409 3314 .

186 3294 376 3351 Consentire&
390 3323 528 3360 Pugnare,
549 3325 692 3354 contraria.
731 3325 789 3355 Cic.
805 3334 829 3362 3.
842 3326 877 3355 de
887 3324 976 3355 Finib.
990 3336 1032 3355 ιο.
1053 3325 1134 3355 Ratio
1146 3327 1220 3356 enim
1238 3338 1289 3358 no-

206 3358 392 3388 straconsentit
407 3383 414 3395 ,
436 3362 522 3390 oratio
536 3369 647 3399 pugnat.

188 3394 456 3438 Onines‘honestates
466 3400 585 3428 civitatis
596 3422 604 3433 ,
624 3409 721 3429 omnes
733 3406 825 3430 aetates
838 3422 846 3436 ,
863 3409 962 3430 ornnes
980 3401 1093 3431 ordines
1106 3411 1161 3431 una
1176 3402 1291 3432 consen·

210 3440 278 3461 tiunt
292 3443 318 3461 in
329 3434 378 3462 hac
388 3435 473 3464 causa.
496 3437 553 3466 Cic.
590 3446 619 3465 ro
635 3438 709 3466 Sext.
726 3448 786 3473 ¹09·

190 3467 246 3512 Una
257 3472 280 3498 ὁὶ
293 3479 383 3515 mente
399 3476 560 3502 &vocecon
574 3475 670 3503 entire.
709 3474 765 3504 Cic.
781 3486 802 3505 1.
825 3475 943 3513 Philipp.
957 3485 1001 3505 21.
1021 3475 1130 3506 Omnes
1140 3478 1215 3508 enim
1233 3479 1290 3514 jam

208 3516 281 3535 cives
292 3508 325 3536 de
335 3508 451 3546 Reipub.
468 3511 553 3540 salute
566 3522 620 3540 una
633 3514 658 3540 ὅ(
669 3522 760 3541 mente
771 3515 795 3542 ὁὶ
810 3522 879 3542 voce
892 3513 1076 3543 consentiunt.

190 3542 251 3587 1an
262 3554 411 3589 orexim-nes
421 3548 456 3576 de
466 3550 583 3578 utilitate
593 3550 719 3578 amicitiae
729 3551 913 3580 consentiunt.
934 3550 991 3581 Cic.
1001 3552 1036 3580 de
1046 3552 1155 3582 Amicit.
1167 3557 1213 3587 88.

190 3580 404 3611 Consentiotibi.
427 3586 482 3613 Cic.
497 3598 523 3621 4.
544 3587 626 3615 Acad.
640 3597 682 3621 5²-

191 3616 346 3646 Consentire
357 3621 410 3648 iibi.
449 3624 506 3664 Cic.
523 3634 544 3652 1.
560 3624 617 3653 off.
635 3635 658 3658 ς.
681 3624 733 3653 Hic
747 3625 765 3654 si
777 3624 825 3654 sibi
838 3625 895 3662 ipse
905 3626 1060 3656 consentiat
1071 3649 1079 3661 ,
1101 3628 1194 3656 &non
1207 3628 1290 3658 inter.

211 3655 277 3682 dum
286 3664 384 3698 natura:
397 3658 517 3700 bonitate
530 3662 655 3690 vincatur
664 3683 672 3695 ,
692 3672 780 3698 neque
791 3664 940 3692 amicitiam
956 3664 1048 3694 colere
1063 3664 1153 3702 poffit.

189 3689 299 3720 Natuiae
310 3696 459 3723 consentire
470 3719 476 3728 ,
498 3697 558 3726 finis
574 3700 709 3728 bonorum
718 3702 754 3728 cst
764 3702 872 3730 Stoicis.
895 3701 952 3730 Cic.
964 3712 989 3730 2.
1003 3703 1039 3731 de
1052 3703 1139 3732 Finib.

189 3727 325 3771 Personis,
346 3734 530 3775 temporibus.
552 3737 620 3764 locis
629 3747 687 3773 qua.-
699 3746 848 3774 narrantur,
860 3738 1044 3770 consentiunt.
1065 3740 1123 3770 Cic.
1135 3739 1225 3770 Parui.
1245 3750 1288 3778 5²·

189 3765 333 3801 Principiis
343 3768 511 3798 consentiant
522 3776 618 3801 exitus.
644 3774 700 3802 Cic.
713 3785 753 3803 11.
766 3776 839 3805 Fam.
853 3786 876 3812 ς.

189 3802 306 3845 Senatus
316 3805 447 3845 consensit
457 3807 557 3837 belluin
569 3832 576 3841 .
596 3821 644 3847 pro
653 3813 745 3841 Scivit.
767 3813 822 3842 Liv.

189 3839 294 3869 Studiis
306 3843 420 3872 alicuius
429 3844 588 3874 consentire.
614 3849 677 3875 lior.
695 3859 715 3877 1.
728 3850 806 3887 Epist.
829 3861 868 3886 19.
886 3856 932 3886 65.

190 3878 350 3920 Consentire
361 3881 402 3906 ad.
443 3882 498 3915 Cic.
513 3892 534 3912 ς.
554 3884 602 3923 Art.
616 3890 659 3926 ⁴18.
683 3886 764 3915 Parvo
777 3889 898 3918 exercitu
910 3910 919 3924 ,
939 3888 986 3918 sed
1003 3896 1034 3919 ut
1044 3890 1123 3929 spero
1162 3891 1198 3921 ud
1208 3891 1291 3921 bene·

208 3915 358 3943 volentium
367 3926 430 3951 erga
442 3913 492 3945 no!
501 3922 696 3949 consentiente.
1134 3913 1141 3927 ’

187 3951 348 4019 Οὶιὲιιτῖιὲἕιὲίκ
360 3963 432 3982 cuin.
471 3958 526 3984 Cic.
539 3958 657 3988 iniit-ad.
678 3961 796 3997 Apparet
815 3962 889 3992 enim
907 3962 963 3999 jain
978 3975 1026 3994 cor
1042 3975 1106 3996 cum
1119 3964 1207 3997 oculis
1226 3975 1291 3996 con-

1315 2952 1325 2957 “
1380 2951 1555 2989 Signantiurn
1571 2951 1705 2982 consensu
1715 2951 1741 2981 se
1750 2952 1830 2981 tueri.

1825 138 1854 171 C
1953 136 1987 171 O
2085 135 2121 170 N

1387 219 1460 250 Cum
1472 218 1619 285 voluffiate
1631 216 1749 253 aiicujus
1762 224 1871 248 mentes
1885 224 1968 256 atque
1990 217 2132 248 sententiae
2149 218 2303 255 aliquorum
2321 218 2509 249 consentiunt.

1404 259 1465 287 Cic.
1498 267 1528 286 ro
1572 265 1647 285 uren.
1666 266 1687 284 1.

1389 296 1461 325 Cum
1471 268 1599 324 §ratione
1610 293 1702 322 vultus
1713 303 1770 322 non
1779 293 1927 323 consentit.
1968 292 2034 323 Caes.
2051 303 2074 322 1.
2089 293 2158 323 Bell.
2173 294 2254 323 Civil.
2276 304 2315 329 19.
2338 295 2434 332 Quum
2452 294 2511 324 vul-

1412 339 1456 362 tus
1466 332 1582 361 Domitii
1594 341 1658 360 cum
1670 332 1797 360 oratione
1806 341 1863 360 non
1875 330 2054 360 consentiret.

1388 372 1463 400 ‘Cum
1471 370 1564 407 aliquo
1576 369 1733 398 consentire
1743 369 1815 397 dere
1827 369 1926 406 aliqua.
1968 369 2028 398 Cic.
2041 380 2064 403 a.
2082 369 2166 398 Acad.
2184 377 2244 404 131.
2275 369 2335 399 Post
2356 369 2489 407 Epicurus
2499 390 2508 405 ‚

1411 409 1491 444 cujus
1506 408 1543 437 est
1553 406 1699 444 disciplina
1710 414 1786 436 nunc
1797 408 1905 443 notior,
1926 415 1980 436 nec
1989 413 2083 436 tamen
2092 416 2160 437 cum
2173 407 2333 445 Cyrenaicis
2350 407 2387 436 de
2397 407 2454 444 ipsa
2463 416 2511 436 vo.

1411 447 1516 482 luptate
1532 444 1718 474 consentiens.

1392 485 1495 514 Secum
1505 482 1676 517 consentire,
1695 483 1720 512 8<
1731 481 1788 511 Sibi
1799 481 1922 511 constare
1934 492 1943 517 2,
1964 480 2052 511 Idem.
2092 481 2153 511 Cic.
2161 483 2197 511 de
2207 481 2329 512 Univers.
2340 484 2366 511 6.
2386 481 2460 511 Tota
2469 481 2511 510 di.

1409 522 1507 551 'incide
1523 522 1547 550 &
1560 521 1644 557 plane
1653 526 1787 549 exornata
1798 520 1886 548 oratio
1894 519 2057 549 sibiconstet
2067 541 2075 555 ,
2096 522 2121 548 δι
2133 530 2167 549 ex
2177 521 2255 549 omni
2267 526 2343 558 parte
2352 519 2510 555 secumipsa
2574 536 2583 553 „.

1413 560 1583 592 consentiat,
1601 560 1652 587 &c.
1694 557 1752 587 Cic.
1765 567 1816 595 pro
1824 557 1935 586 Cluent.
1947 562 1993 586 60.
2014 557 2162 587 Tamenin
2173 558 2334 596 Oppianico
2343 557 2392 587 sibi
2403 557 2511 587 consta-

1413 607 1442 626 re
1453 619 1461 632 ,
1483 599 1508 626 3:
1518 595 1703 633 superioribus
1716 594 1872 624 consentire
1883 595 1997 631 judiciis
2007 594 2174 624 debuerunt.

1392 635 1556 664 Consentire
1568 635 1612 663 de.
1636 633 1693 662 Cic.
1707 633 1742 662 de
1756 633 1864 662 Amicit.
1878 638 1923 666 88.
1945 633 2005 662 Una
2014 633 2052 662 est
2062 633 2138 662 enim
2152 632 2275 662 amicitia
2284 633 2313 662 in
2324 633 2405 664 rebus
2415 632 2511 662 huma.

1412 674 1454 702 nis
1464 695 1471 707 ,
1494 673 1528 701 de
1538 673 1617 708 cujus
1628 672 1748 700 utilitate
1757 680 1856 700 omnes
1866 680 1924 700 uno
1934 680 1981 700 ore
1992 670 2178 700 consentiunt.

1396 711 1439 740 De
1451 710 1580 739 laudibus
1590 709 1848 745 alicujusomnium
1857 709 1930 738 fama
1941 708 2087 738 consentit.
2110 708 2168 738 Cic.
2178 708 2214 738 de
2223 708 2332 739 Sene&
2348 711 2375 738 6.

1390 748 1436 779 'De
1447 749 1538 783 aliquo
1550 747 1655 782 aliquid
1668 747 1833 777 consentire.
1856 747 1914 776 Cic.
1929 757 1954 775 2.
1969 747 2004 775 de
2013 746 2104 776 Finib.
2120 758 2129 775 1
2139 756 2180 782 17.
2561 748 2578 783 ,Ι

1391 787 1438 816 Eis
1449 796 1508 823 quae
1516 786 1551 814 de
1561 785 1646 815 Fabio
1658 784 1834 824 Caninioque
1843 786 1902 814 3613
1912 784 2017 820 scribis,
2028 784 2109 814 valde
2119 784 2305 814 consentiunt.
2315 783 2372 814 Cic.
2383 792 2409 821 7.
2420 784 2470 813 Att.
2483 789 2509 819 3.
2567 788 2581 822 Δ,ᾗ

1389 825 1423 855 {n
1437 834 1501 854 eum
1512 832 1609 852 omnes
1625 823 1696 852 illud
1712 824 1891 853 consentiunt
1906 823 2040 860 elogium.
2078 822 2141 852 Cic.
2154 823 2190 852 de
2199 823 2310 852 Sene&
2323 826 2369 852 62.
2397 822 2513 859 Quanta
2555 839 2574 858 -,

1409 864 1439 892 in
1453 861 1536 891 Atilio
1548 861 1675 891 Calatino
1685 862 1699 889 ἶ)
1719 862 1749 890 in
1760 871 1842 898 quem
1853 861 1924 892 illud
1937 861 2061 898 elogium
2072 861 2187 890 unicum
2198 860 2323 898 plurimae
2336 860 2515 889 consentiunt
2568 879 2575 891 1

1409 908 1507 938 gentes
1519 922 1526 934 ,
1548 899 1648 937 Populi
1657 899 1820 936 primarium
1831 899 1911 928 fuisse
1919 899 2020 928 virum.
2060 899 2142 934 [Sed
2150 899 2292 928 emendati
2302 898 2385 927 codd.
2396 898 2456 935 post
2465 901 2513 926 vo·
2569 902 2581 931 ⁹.

1408 947 1471 967 cem
1484 938 1506 967 U
1516 938 1613 1005 nicfufm
1629 937 1810 975 distinguunt,
1824 945 1855 966 ut
1863 937 1918 975 seq.
1930 937 1982 966 sint
1990 936 2048 974 ipsa
2062 936 2147 975 elogii
2159 937 2252 972 verba,
2266 938 2292 966 δι
2304 935 2381 966 verbi
2391 935 2514 965 constru-
2571 933 2586 969 (ξι

1409 977 1465 1005 ctio
1476 986 1540 1005 cum
1565 985 1581 1004 ri
1598 998 1603 1004 .
2567 982 2582 1007 2:

1387 1014 1464 1045 {nter
1474 1013 1500 1043 se
1510 1013 1689 1042 consentiunt
1697 1017 1798 1050 partes.
1839 1013 1898 1043 Cic.
1912 1021 1936 1042 1.
1951 1012 2010 1042 Off.
2025 1023 2049 1048 ς.
2082 1013 2117 1042 Et
2136 1012 2257 1043 delectat
2268 1012 2324 1042 hoc
2335 1010 2396 1050 ipso
2407 1032 2416 1048 ,
2435 1009 2512 1048 quod
2559 1020 2562 1026 ¹
2576 1018 2582 1034 ¹-

1408 1054 1481 1081 inter
1491 1051 1517 1081 se
1528 1061 1627 1081 omnes
1638 1057 1729 1089 partes
1739 1057 1804 1081 curn
1819 1051 1942 1087 quodam
1954 1050 2050 1088 lepore
2062 1051 2250 1080 consentiunt.
2360 1074 2367 1075 .
2592 1079 2595 1082 ,

1388 1090 1553 1120 Consentire
1567 1096 1667 1126 magna
1685 1089 1893 1128 conspiratione
1904 1090 2015 1118 amoris.
2055 1089 2115 1118 Cic.
2132 1098 2155 1118 1.
2172 1089 2208 1118 de
2219 1085 2307 1118 Finib.
2322 1091 2368 1123 65.
2398 1088 2432 1116 At
2443 1096 2510 1116 vero
2571 1084 2594 1123 ἲς

1407 1128 1544 1166 Epicurus
1554 1137 1608 1157 una
1620 1128 1649 1156 in
1661 1127 1747 1156 domo
1757 1149 1765 1162 ,
1787 1129 1814 1157 &
1825 1137 1857 1156 ea
1868 1127 1982 1164 quidem
1999 1127 2110 1163 angusta
2120 1149 2129 1161 ,
2150 1136 2235 1164 quam
2244 1135 2358 1163 magnos
2369 1147 2377 1161 ,
2398 1132 2513 1161 quanta-

1410 1176 1464 1203 que
1476 1166 1576 1195 amoris
1586 1165 1791 1201 conspiratione
1806 1165 2013 1194 consentientes
2030 1165 2122 1195 tenuit
2133 1166 2287 1194 amicorum
2302 1173 2396 1201 greges
2404 1164 2418 1192 ἶ)

1389 1205 1496 1234 Astrum
1508 1203 1630 1233 nostrum
1640 1202 1779 1232 consentit
1789 1203 1947 1233 incredibili
1958 1203 2054 1232 modo.
2094 1203 2163 1232 Hor.
2176 1212 2202 1232 2.
2219 1202 2309 1232 Carni.
2323 1211 2365 1237 17.
2377 1210 2422 1231 22.
2454 1200 2512 1230 Ho-

1409 1242 1541 1280 roscopos
1551 1241 1613 1271 suos
1629 1241 1728 1270 similes
1737 1240 1808 1276 esse,
1831 1242 1939 1272 &inter
1952 1241 1978 1270 se
1990 1241 2081 1270 asserit
2094 1241 2257 1270 convenire.
2288 1241 2399 1274 Acron.

1389 1280 1545 1310 Consentio
1555 1302 1563 1314 ‚
1584 1289 1648 1309 curn
1663 1278 1811 1309 infinitivo.
1852 1279 1911 1309 Cic.
1923 1289 1946 1308 1.
1969 1279 2004 1308 de
2025 1279 2097 1316 Lege
2117 1281 2179 1317 Agr.
2197 1288 2239 1314 1ς.
2271 1278 2301 1308 Si
2322 1276 2512 1307 consenserint

1407 1317 1568 1356 possessores
1580 1327 1638 1346 nori
1649 1317 1771 1347 vendere
1779 1339 1787 1353 ,
1807 1317 1875 1353 quid
1888 1318 2012 1347 futurum
2022 1317 2081 1347 est?

1389 1356 1540 1392 Consenti,
1561 1355 1779 1393 inlmperativo.
1819 1355 1878 1386 Cic.
1894 1359 1937 1386 16.
1950 1356 2004 1385 Ate.
2020 1365 2063 1391 15.
2085 1361 2155 1385 extr.
2179 1353 2353 1385 Consentiiu
2361 1353 2413 1383 hac
2425 1362 2511 1389 cura,

1409 1394 1457 1424 ubi
1473 1394 1532 1423 sum
1547 1416 1554 1429 ‚
1575 1401 1605 1423 ut
1616 1402 1660 1422 me
1671 1393 1833 1431 expediam.

1387 1432 1561 1462 Consensum
1573 1432 1620 1461 est.
1658 1431 1778 1468 Quintil.
1795 1432 1844 1461 lib.
1854 1441 1880 1467 9.
1894 1441 1957 1469 cap.
1972 1440 1997 1461 1.
2028 1431 2105 1462 Inter
2128 1430 2266 1470 plurimos
2277 1452 2286 1467 ,
2307 1429 2384 1468 quod
2407 1429 2508 1465 sciam,

1408 1470 1570 1500 consensum
1580 1471 1618 1499 e‘st
1631 1491 1639 1505 ,
1661 1469 1729 1499 duas
1740 1469 1795 1499 effe
1805 1470 1865 1506 ejus
1875 1478 1975 1508 partes.

1350 1508 1642 1542 CoNsieriist,
1665 1507 1761 1537 Partic.
1783 1508 1931 1543 [ὀμςνιῶν]
1951 1508 2012 1537 Cic.
2023 1516 2050 1537 2.
2074 1507 2109 1537 de
2136 1507 2228 1538 Divin.
2252 1516 2314 1542 1¹⁹·
2345 1505 2510 1536 Animorum
2570 1515 2574 1545 ξ
2602 1511 2604 1514 “

1388 1546 1622 1576 consentientium
1633 1546 1816 1575 multitudine
1824 1545 1999 1583 completum
2009 1545 2063 1575 effe
2073 1546 2221 1575 mundum.
2571 1548 2574 1555 ¹

1387 1585 1559 1629 Auctoritate
1581 1584 1733 1614 hominurn
1758 1583 1952 1614 consentiente
1985 1584 2114 1614 contenti
2136 1583 2230 1614 simus.
2268 1583 2329 1613 Cic.
2351 1591 2374 1613 1.
2403 1582 2439 1612 de
2456 1581 2508 1612 Di-

1403 1633 1461 1652 vin.
1476 1629 1523 1659 84.

1381 1661 1489 1690 'Civitas
1501 1662 1530 1690 in
1540 1660 1689 1690 retinenda
1700 1658 1827 1690 libertate
1839 1660 2026 1691 consentiens.
2049 1659 2108 1689 Cic.
2122 1670 2165 1695 ις.
2179 1659 2255 1690 Fam.
2266 1662 2295 1689 6.

1386 1699 1598 1767 Cssagmgntatio
1611 1706 1717 1728 naturae
1733 1699 1768 1728 ad
1783 1699 2008 1729 incolumitatem
2030 1698 2132 1728 mundi
2150 1697 2336 1728 consentiens.
2357 1695 2420 1727 Cic.
2430 1705 2457 1727 2.
2472 1696 2508 1728 de
2558 1731 2572 1738 ,7
2602 1727 2604 1738 Α,

1434 1744 1470 1766 at.
1510 1747 1565 1766 eor.
1579 1747 1639 1771 119.
2556 1737 2560 1752 ¹
2602 1755 2604 1767 .

1385 1774 1523 1843 Cssgnatio
1534 1784 1626 1804 rerum
1634 1773 1813 1804 consentiens
1824 1796 1832 1811 ‚
1853 1775 2016 1814 conspirans
2030 1797 2039 1811 ‚
2059 1776 2231 1805 continuata.
2256 1773 2317 1804 Cic.
2334 1782 2360 1803 2.
2386 1773 2423 1802 de
2442 1772 2506 1803 Nat.

1433 1823 1490 1843 eor.
1507 1824 1549 1849 19·

1380 1851 1538 1881 Consilium
1550 1851 1612 1881 vitae
1622 1850 1799 1881 consentiens
1810 1853 1837 1881 ez
1851 1861 1931 1890 paene
1946 1850 2117 1890 conspirans.
2140 1849 2199 1880 Cic.
2213 1860 2237 1885 ς.
2251 1848 2333 1880 Tusc.
2346 1858 2392 1886 72.

1385 1890 1576 1926 Conjunstum
1587 1889 1692 1927 aliquid
1703 1891 1729 1920 &
1740 1889 1917 1920 consentiens
1925 1889 2034 1919 habent
2044 1889 2136 1919 stellae.
2158 1889 2218 1918 Cic.
2232 1897 2258 1918 2.
2269 1888 2307 1917 de
2318 1887 2410 1917 Divin.
2422 1892 2468 1923 89.

1384 1927 1468 1957 Fama
1477 1927 1653 1958 consentiens
1664 1927 1699 1957 de
1710 1927 1813 1965 aliquo.
1855 1928 1914 1958 Cic.
1926 1929 1962 1957 de
1971 1929 2081 1958 Senect.
2097 1931 2142 1956 61.
2164 1927 2231 1964 Jure
2239 1927 2322 1965 igitur
2331 1926 2420 1964 gravis
2431 1947 2439 1962 ,
2460 1932 2508 1955 cu-

1402 1966 1447 2001 jus
1459 1966 1494 1995 de
1505 1965 1634 1995 laudibus
1643 1967 1770 1995 omnium
1780 1964 1852 1995 ‘esset
1862 1966 1935 1995 fama
1949 1965 2136 1996 consentiens.

1385 2003 1481 2034 motus
1489 2014 1553 2033 cum
1563 2003 1654 2033 verbis
1665 2003 1860 2041 sententiisque
1874 2004 2059 2034 consentiens.
2083 2003 2142 2033 Cic.
2162 2002 2198 2033 de
2207 2002 2279 2033 Clar.
2294 2002 2373 2032 Orat.
2386 2011 2450 2038 141.

1385 2042 1514 2071 Sensibus
1523 2048 1579 2071 tam
1590 2041 1659 2070 mihi
1670 2042 1909 2071 consentientibus
1919 2050 2003 2071 nemo
2012 2042 2050 2071 est
2062 2042 2092 2071 in
2110 2042 2198 2071 terris.
2221 2041 2281 2070 Cic.
2291 2051 2319 2076 4.
2336 2042 2391 2070 Att.
2406 2043 2450 2070 16.

1387 2079 1449 2109 Vita
1459 2079 1634 2110 consentiens
1644 2079 1847 2117 virtutibusque
1862 2080 2042 2118 respondens.
2064 2080 2122 2110 Cic.
2136 2089 2161 2112 ς.
2174 2079 2210 2108 de
2221 2078 2310 2108 Finib.

1349 2116 1592 2153 Comenses,
1613 2127 1646 2153 a,
1668 2127 1724 2147 uri-i.
1743 2117 1840 2148 Partic.
1861 2118 2067 2154 [ὸωλυγηθεὶς]
2096 2116 2166 2147 Gell.
2179 2117 2229 2146 lib.
2246 2127 2287 2150 ις.
2305 2126 2366 2154 cap.
2379 2118 2424 2153 26.
2445 2115 2504 2160 Syl·

1387 2156 1518 2193 logismus
1528 2156 1565 2185 est
1576 2157 1674 2190 orati0,
1690 2156 1780 2193 inqua
1790 2156 1927 2186 consensis
1942 2155 2107 2193 quibusdam
2122 2158 2149 2185 Sc
2161 2154 2295 2184 concessis
2308 2176 2316 2188 ,
2338 2153 2414 2183 aliud
2429 2153 2506 2190 quid,
2533 2168 2536 2169 ν
2551 2155 2564 2165 ·”

1387 2203 1471 2231 quam
1481 2204 1541 2230 quae
1551 2193 1677 2223 concessa
1688 2194 1766 2229 sunt,
1788 2204 1839 2232 per
1850 2204 1882 2223 ea
1893 2204 1952 2231 quae
1963 2193 2090 2223 concessa
2100 2193 2173 2228 sunt,
2185 2193 2336 2222 neceffario
2348 2190 2506 2221 conficitur.
2560 2205 2565 2213 ι

1348 2229 1393 2261 Cc
1406 2241 1445 2261 Ns
1455 2241 1470 2260 R
1479 2241 1501 2260 N
1511 2242 1523 2261 s
1533 2241 1551 2260 υ
1560 2241 1572 2260 s
1582 2253 1590 2266 ,
1612 2233 1653 2261 us.
1674 2238 1714 2261 m.
1737 2230 1881 2268 [binium]
1904 2232 1961 2262 Cic.
1975 2241 1998 2268 3.
2011 2232 2046 2261 de
2058 2231 2122 2261 Na't.
2135 2231 2217 2260 Deor.
2227 2236 2272 2266 28.
2293 2230 2389 2268 Itaque
2398 2229 2447 2259 iiia
2455 2229 2506 2258 mi·
2564 2245 2569 2261 ,

1384 2269 1413 2298 hi
1426 2269 1552 2307 placebat
1562 2270 1649 2298 oratio
1661 2270 1696 2299 de
1708 2270 1905 2300 convenientia
1919 2269 2108 2307 consensuque
2117 2276 2230 2299 naturae.

1383 2307 1538 2338 Consensus
1547 2309 1573 2337 ὅ(
1584 2307 1724 2337 diffensus.
1744 2308 1846 2337 Claud.
1857 2308 1892 2337 de
1901 2307 1968 2338 Bell.
1980 2307 2055 2338 Gild.
2068 2316 2132 2345 301.

1655 2361 1694 2367 —-
1703 2345 1836 2375 diffensus
1846 2346 1961 2376 acerbus
1972 2368 1980 2382 ,

1472 2382 1508 2412 Et
1519 2384 1625 2420 gravior
1638 2383 1785 2413 consensus
1795 2390 1860 2414 erat.

1382 2420 1542 2451 Concentus
1553 2429 1634 2459 atque
1646 2421 1801 2451 consensus.
1842 2422 1901 2452 Cic.
1912 2431 1939 2452 2.
1952 2422 1988 2452 de
2000 2420 2094 2452 Divin.
2109 2430 2153 2458 34..
2181 2421 2245 2459 Qua
2254 2429 2290 2450 ex
2300 2419 2506 2456 conjunctione

1401 2467 1506 2525 113111ἱί11
1521 2481 1529 2493 ,
1551 2460 1661 2496 &quasi
1675 2468 1816 2490 concentu
1829 2481 1837 2496 ‚
1859 2467 1942 2498 atque
1958 2459 2091 2490 consensu
2104 2482 2112 2495 ,
2134 2469 2216 2497 quam
2236 2457 2401 2493 σνμπιέθειαα
2419 2456 2507 2487 Graeci
2554 2487 2555 2490 Ἴ

1381 2499 1673 2602 Βῧοξξίῐὲῗέὧῗηῦῆυε
1683 2536 1797 2573 quidam
1808 2536 1937 2566 omnium
1949 2535 2020 2573 quali
2027 2534 2180 2565 ‘consensus
2199 2533 2416 2571 concentusque.
2444 2532 2503 2562 Cic.
2556 2523 2564 2574 *¹
2578 2547 2580 2554 ·

1403 2583 1428 2607 ³.
1459 2582 1474 2602 e
1516 2580 1563 2602 rat.
1576 2583 1620 2603 21.
2555 2599 2562 2608 .‚

1382 2610 1442 2641 ffivi
1453 2610 1609 2641 consensus.
1651 2611 1721 2641 Plin.
1733 2611 1782 2641 lib.
1801 2621 1844 2648 14.
1862 2620 1923 2650 cap.
1939 2614 1965 2640 6.
1976 2618 2046 2641 extr.
2070 2610 2127 2640 Sed
2142 2610 2177 2639 de
2187 2610 2287 2648 quibus
2298 2607 2444 2639 consensus
2456 2607 2507 2637 aevi
2552 2608 2561 2636 Γ

1400 2648 1601 2685 judicaverint,
1622 2649 1762 2679 haecsunt.
2553 2671 2558 2677 ‹

1381 2686 1615 2752 Conltrahentium
1634 2687 1792 2717 consensus.
1831 2686 1908 2717 Paul.
1926 2687 1955 2716 iri
1975 2686 1994 2717 l.
2013 2686 2146 2725 obligatio
2166 2685 2299 2717 mandati.
2322 2684 2357 2715 D.
2381 2683 2505 2714 mandat.
2557 2704 2559 2706 ψ

1400 2728 1436 2753 ve
1456 2730 1545 2754 contr.

1381 2761 1546 2792 Mortalium
1558 2762 1743 2792 consensusin
1756 2772 1799 2792 ec.
1826 2762 1956 2792 Plin.lib.
1970 2772 1996 2791 2.
2019 2771 2080 2800 cap.
2092 2771 2118 2790 2.

1382 2800 1520 2829 Omnium
1534 2800 1697 2835 consensus,
1718 2808 1823 2836 naturae
1834 2811 1888 2830 vox
1902 2801 1947 2830 est.
1970 2800 2028 2829 Cic.
2044 2810 2066 2829 1.
2083 2798 2163 2830 Tusc.
2178 2808 2222 2835 35.

1380 2838 1524 2867 (ἂι-1111111111
1533 2838 1654 2868 divulsus
1670 2838 1826 2868 consensus.
1849 2838 1908 2868 Cic.
1921 2840 1956 2868 de
1970 2837 2062 2876 Arusp.
2077 2837 2157 2875 Resp.
2172 2842 2217 2866 60.
2463 2853 2465 2857 .
2560 2858 2564 2863 .

1383 2875 1521 2943 oanium
1538 2877 1670 2906 ordinum
1692 2876 1840 2906 consensus
1855 2898 1864 2912 ‚
1885 2877 2032 2914 gratiarum
2049 2876 2144 2911 actio,
2166 2873 2376 2913 gratulatioque.
2408 2872 2502 2910 Cic.3.
2543 2892 2545 2894 ·

1423 2923 1476 2943 am.
1492 2922 1516 2949 3.

1856 2951 1975 2989 Quintil.
1987 2951 2034 2980 lib.
2048 2962 2070 2987 5.
2084 2961 2145 2987 cap.
2159 2960 2184 2985 7.

1381 2988 1521 3019 Virtutum
1531 2990 1699 3028 conspiratio
1713 2990 1921 3023 consensusque.
1944 2990 2003 3019 Cic.
2016 2999 2040 3018 2.
2057 2989 2092 3019 de
2104 2988 2193 3019 Finib.
2206 2990 2251 3018 66.

1382 3027 1502 3064 Magnus
1518 3029 1590 3057 inter
1598 3028 1715 3065 aliquos.
1739 3028 1797 3057 Cic.
1811 3039 1837 3064 4.
1854 3028 1971 3065 Philipp.
1988 3037 2029 3056 12.
2552 3044 2555 3057 ,‹
2580 3036 2583 3043 ¹

1381 3065 1492 3131 Ncpdps.
1514 3065 1578 3132 [slllp.
1594 3066 1613 3096 1.
1627 3077 1653 3101 4.
1674 3066 1707 3096 D.
1724 3066 1759 3095 de
1767 3065 1884 3104 sponsal.
1906 3065 2012 3096 Sufficit
2022 3065 2115 3095 nudus
2130 3062 2278 3094 consensus
2290 3062 2326 3093 ad
2336 3061 2503 3093 constituen-
2598 3091 2604 3098 ,

1423 3113 1437 3132 a
1460 3113 1516 3141 pori
1531 3114 1545 3132 a
1558 3113 1591 3133 ia.
2560 3111 2563 3118 ¹
2600 3110 2604 3117 ¹

1381 3139 1454 3170 Pius.
1477 3141 1575 3171 Senec.
1597 3141 1695 3171 Odiav.
1714 3146 1740 3175 8.

1381 3178 1520 3207 Omnium
1530 3179 1663 3208 consensu
1675 3179 1709 3208 ad
1720 3185 1784 3208 eum
1797 3178 1919 3208 defertur
1931 3178 2090 3217 imperium.
2111 3177 2177 3207 Caes.
2190 3185 2216 3213 7.
2231 3175 2296 3206 Bell.
2312 3175 2382 3205 Gall.
2396 3186 2424 3212 4.

1383 3215 1446 3245 Uno
1460 3216 1592 3246 consensu
1604 3218 1697 3253 iuncta
1711 3219 1734 3246 Sc
1748 3218 1896 3246 continens
1907 3223 2013 3246 natura.
2036 3217 2093 3246 Cic.
2109 3225 2135 3245 2.
2148 3215 2183 3245 de
2195 3215 2288 3244 Divin.
2301 3223 2344 3251 33.

1382 3253 1541 3283 Defendere
1551 3255 1656 3291 aliquid
1667 3254 1810 3284 consensu.
1834 3254 1956 3291 Quintil.
1969 3254 2018 3283 lib.
2034 3263 2056 3284 1.
2074 3263 2135 3291 cap.
2152 3264 2176 3289 ς.

1384 3291 1542 3328 ΟοωρΙεέὶῐ
1553 3292 1666 3322 alterius
1676 3292 1849 3321 consensum.
1894 3292 1923 3321 V.
1947 3301 1965 3321 e
1973 3302 1989 3320 o
2000 3303 2020 3321 Μ
2028 3301 2042 3320 i>
2051 3303 2066 3320 L
2075 3301 2089 3321 s
2098 3301 2115 3320 c
2126 3301 2146 3319 T
2155 3301 2172 3320 o
2181 3300 2207 3320 11.

1384 3329 1488 3358 Meruit
1499 3331 1625 3359 omnium
1635 3329 1806 3359 consensum.
1830 3329 1950 3366 Quintil.
1965 3329 2013 3358 lib.
2030 3341 2053 3364 ς.
2071 3339 2132 3367 cap.
2148 3339 2171 3358 1.

1384 3366 1496 3396 Vertere
1509 3368 1718 3397 inconsensum.
1742 3368 1831 3397 Tacit.
1845 3368 1881 3396 de
1892 3368 1985 3397 Germ.
1996 3367 2100 3397 Morib.
2116 3376 2157 3403 31.

1383 3404 1555 3439 Consensus.
1579 3416 1631 3443 pro
1641 3405 1812 3443 sympathia.
1855 3405 1886 3435 V.
1909 3414 2032 3434 snam
2042 3414 2060 3434 *r
2070 3413 2091 3434 11
2101 3415 2111 3434 1
2122 3414 2152 3434 Α.
2183 3403 2258 3433 cons.
2280 3401 2361 3440 supra
2376 3400 2504 3430 Concen·

1403 3449 1446 3471 tus
1461 3450 1543 3480 atque
1558 3442 1720 3472 Consensus.

1346 3485 1369 3515 c
1379 3490 1396 3508 o
1408 3490 1426 3508 N
1436 3489 1448 3509 s
1458 3489 1500 3509 ΒΝ
1511 3490 1522 3509 s
1532 3491 1539 3509 i
1551 3491 1568 3510 o
1577 3503 1584 3515 ,
1605 3481 1676 3510 onis.
1698 3481 1719 3510 f.
1741 3476 1922 3516 [σύμώρςισ-ις,
1944 3478 2072 3513 ονμφωύι
2082 3501 2091 3514 ,
2119 3474 2260 3512 &mn-du]
2280 3476 2338 3506 Cic.
2352 3475 2387 3504 de
2403 3475 2504 3505 Reditu

1380 3517 1429 3546 suo
1441 3518 1475 3546 ad
1488 3518 1567 3555 Quir.
1580 3525 1621 3552 18.
1644 3518 1735 3548 Tanta
1746 3517 1926 3547 consensione
1942 3517 2033 3546 Italiae.
2074 3517 2153 3548 ldem
2171 3527 2194 3546 1.
2207 3515 2281 3545 Fam.
2297 3525 2322 3550 9.
2344 3513 2441 3552 Populi
2459 3520 2503 3543 ve-

1382 3565 1413 3584 ro
1426 3556 1506 3584 Rom.
1518 3556 1657 3592 totiusque
1667 3556 1752 3586 ltaliae
1764 3557 1832 3584 mira
1843 3555 1992 3584 consensio.

1381 3593 1531 3623 Civitatum
1543 3601 1637 3631 aperta
1646 3593 1799 3623 consensio.
1823 3592 1914 3622 Tacit.
1929 3602 1952 3636 ς..
1967 3595 2035 3622 Ann.
2049 3600 2094 3628 43.
2427 3624 2434 3631 ι
2546 3595 2550 3611 '¹
2598 3622 2599 3633 γ

1381 3631 1518 3697 Ofiqjum
1529 3633 1655 3668 gentium
1667 3630 1810 3661 consensio
1824 3631 1854 3659 in
1866 3638 1945 3660 omni
1959 3640 1988 3659 re
2001 3630 2047 3659 lex
2067 3635 2171 3658 naturae
2190 3626 2315 3666 putanda
2334 3625 2380 3655 est.
2402 3624 2461 3655 Cic.
2477 3631 2500 3653 1.
2542 3624 2548 3645 l
2598 3636 2599 3646 ¹

1430 3678 1446 3697 u
1462 3678 1485 3697 c.
1520 3680 1546 3698 0.

1382 3678 1591 3743 Magistrzltuum
1608 3704 1751 3736 consensio
1765 3706 1801 3735 de
1817 3702 1964 3743 aliquibus.
1987 3705 2044 3734 Cic.
2057 3703 2118 3732 Post
2126 3702 2205 3731 redit.
2217 3702 2252 3730 ad
2267 3702 2359 3731 Senat.
2372 3705 2415 3734 38.

1381 3743 1493 3773 Naturae
1504 3745 1654 3774 consensio.
1694 3743 1752 3774 Cic.
1768 3753 1792 3779 3.
1804 3744 1840 3773 de
1853 3744 1929 3774 Orat.
1945 3752 1987 3779 5³-
2012 3741 2116 3772 Omnia
2126 3739 2186 3770 haec
2196 3750 2255 3777 quae
2268 3739 2346 3776 snpra
2358 3740 2382 3769 ἃ
2391 3735 2499 3780 subter,

1402 3789 1488 3847 11111υὲ1
1499 3781 1553 3811 esse
1564 3804 1571 3815 ,
1595 3784 1621 3812 6<
1631 3792 1685 3811 una
1695 3782 1723 3811 vi
1732 3786 1815 3819 atque
1827 3792 1882 3811 una
1895 3779 2074 3810 consensione
2086 3785 2190 3807 naturae
2207 3778 2351 3807 constricta
2365 3775 2418 3805 esse
2429 3780 2502 3804 vete-

1402 3829 1444 3848 l'eS
1476 3826 1597 3848 ixerunt.

1383 3854 1580 3923 Uiiiisrlersogim
1593 3867 1645 3887 nec
1653 3857 1805 3887 voluntatis
1813 3866 1866 3886 nec
1875 3856 2008 3886 sermonis
2019 3853 2228 3885 consensionem
2241 3851 2374 3888 majorem
2382 3856 2501 3888 unquam

1403 3895 1442 3923 fui
1467 3904 1490 3923 e.
1537 3897 1571 3924 ic.
1587 3905 1611 3924 2.
1631 3899 1683 3925 Att.

1383 3930 1564 3962 voluntatum
1575 3954 1584 3969 ,
1605 3933 1777 3968 studiorum,
1797 3931 1997 3963 sententiarum
2011 3929 2116 3959 summa
2130 3927 2281 3960 consensio.
2303 3925 2360 3958 Cic.
2378 3924 2414 3954 de
2431 3922 2502 3953 Aini-

1404 3977 1453 3999 cit.
1471 3980 1495 4005 ς.
2417 3996 2505 4028 Fastae
