2600 4177
485 97 514 132 C
612 97 649 131 AE
744 98 775 132 D

112 187 260 213 querneam
281 177 389 207 caedito.
431 177 496 214 Quo
519 176 581 206 loco
598 178 746 207 Turnebus
756 201 764 213 ,
788 180 852 209 Adv.
875 189 915 215 14.
937 191 961 210 2.
997 182 1054 219 Ego
1067 204 1075 218 ,
1097 183 1187 219 inquit
1197 207 1204 219 ‚

113 216 222 244 Cadere
235 216 498 244 frondemexistimo
516 215 569 244 effe
588 216 725 249 Colligere
748 227 807 246 eam
822 241 829 251 ,
852 219 925 254 quod
946 229 1030 254 quum
1050 222 1204 255 faciebant,

111 262 172 281 eam
184 253 358 286 stringebant,
380 254 406 281 ἂ
417 253 580 281 ferramento
591 253 752 290 plerumque
765 256 841 285 velut
855 256 1024 285 deradebant
1034 268 1069 287 ex
1081 259 1187 288 arbore.

93 290 208 325 ,lantiam
228 291 332 318 caedere
345 289 422 318 saxis.
449 290 506 318 Cic.
525 299 547 323 3.
571 291 643 319 Verr.
657 295 700 324 69.

93 327 217 357 marmor
227 328 341 360 caedere,
356 327 496 356 Excidere.
510 328 633 364 Papin.in
647 328 858 365 l.Divortio.§.Si
870 330 910 358 vir
920 331 947 359 in
963 330 1099 361 sundo.D.
1109 333 1206 362 Soluto

111 365 301 397 matrimonio,
323 364 350 392 Si
364 365 404 392 vir
416 365 443 392 in
458 365 544 393 fundo
555 366 677 393 mulieris
690 366 775 394 dotali
787 366 950 403 lapicidinas
961 378 1125 399 marmoreas
1136 372 1209 399 inve-

112 402 192 435 nerit,
209 402 363 430 &fundum
375 401 578 430 fructuosiorem
589 403 698 437 fecerit,
721 413 838 432 marmor
849 406 922 440 quod
936 406 1044 442 caesum,
1060 418 1151 445 neque
1161 418 1209 437 ex-

113 445 249 476 portatum
261 459 268 471 ,
290 440 326 467 est
341 439 429 467 mariti
442 449 447 467 :
471 440 628 477 &impensa
645 450 701 469 non
714 441 751 469 est
761 442 785 470 ei
798 442 958 479 prcestanda.

93 474 191 511 Pugnis
205 477 317 504 caedere.
342 476 423 505 Plaut.
441 476 521 506 Cure.
539 487 560 506 1.
577 486 599 512 3.
612 488 657 512 43.

94 513 205 543 Caedere
224 513 330 547 femur,
352 516 468 550 pectus,
496 515 635 549 frontem,
666 515 736 544 mire
758 516 791 544 ad
818 517 954 553 pullatum
975 518 1109 549 circulum
1129 520 1204 549 facit.

113 550 231 586 Quintil.
244 550 290 579 lib.
305 561 329 579 2.
344 561 403 587 cap.
420 561 459 581 12.
483 552 501 581 i.
515 562 539 581 e.
563 553 650 582 Manu
665 559 818 590 percutere.

94 587 176 619 Mens
186 586 293 617 conscia
304 588 356 617 diri
367 589 431 617 faeti
441 611 448 623 ,
471 591 554 619 caedit
564 591 707 619 hominem
719 590 831 620 verbere
842 590 931 622 surdo.
972 593 1006 623 V.
1028 604 1040 624 s
1051 604 1068 623 u
1079 604 1096 623 R
1106 604 1124 622 ia
1135 603 1151 622 u
1160 603 1181 624 s.

93 625 218 656 Pluteum
236 626 350 655 caedere.
375 626 440 655 Pers.
455 637 477 656 1.
490 629 543 656 Sat.
562 631 620 656 106.

186 663 245 692 Nec
257 663 380 700 pluteum
392 664 474 692 caedir
484 685 492 698 ,
514 675 566 694 nec
579 665 719 694 demorsos
728 664 796 702 sapit
811 677 926 705 ungues.

93 697 229 738 Populum
241 701 310 730 saxis
320 702 432 730 caedere.
456 702 521 731 Hor.
535 713 559 732 2.
577 704 664 732 Serm.
677 712 701 739 ῃ.
719 709 778 736 128.

251 755 286 759 ψ
296 739 433 776 populum
445 739 461 768 li
472 741 576 769 caedere
588 741 656 769 saxis
749 741 879 778 Incipias.

92 773 223 811 Caedere,
242 785 294 813 pro
305 777 445 807 Excidere.
470 785 500 806 ut
515 800 523 812 ‚
545 778 658 807 Caederc
668 778 785 808 arbores.
809 780 867 809 Cic,
879 790 905 810 2.
923 780 958 810 de
970 781 1061 811 D1vin.
1077 790 1121 819 33.

96 813 350 843 Comamarboruni
359 815 428 843 falce
440 816 555 845 credere.
577 816 670 845 Tibul.
685 815 733 845 lib.
751 827 773 846 1.
788 823 813 851 8.
826 827 870 854 34.

184 849 237 880 Hic
250 852 365 880 viridem
377 853 444 881 dura
457 853 561 882 caedere
570 854 640 883 falce
654 863 774 884 comam.

92 886 171 926 Lapis
182 889 330 919 caedendus
342 889 440 927 aliquis
451 912 459 925 ,
481 892 506 920 &
516 891 695 929 asportandus
710 892 762 924 fuit
771 893 908 923 machina.
931 893 990 924 Cic.
1008 903 1032 931 3.
1051 894 1125 924 Verr.
1140 903 1201 932 147.

92 925 205 956 Montes
217 927 331 957 caedere.
355 927 421 957 Plin.
435 928 482 957 lib.
495 931 537 964 36.
554 939 614 967 cap.
634 939 657 959 1.

92 963 212 993 Robora.
235 964 318 993 Ovid.
332 970 357 998 8.
375 965 442 995 Met.
454 970 517 1002 769.

89 1001 124 1031 Sa
145 1001 227 1031 inam.
267 1002 352 1032 Plaut.
364 1003 443 1032 Most.
459 1014 519 1033 1.1.
535 1008 577 1033 62.
611 1003 670 1033 Este
683 1025 690 1039 ‚
721 1004 844 1035 effercite
862 1016 910 1036 vos
923 1029 931 1041 ,
953 1006 1074 1043 saginam
1097 1006 1204 1036 caedite.

137 1039 298 1068 tFrondem
311 1061 318 1074 ,
340 1041 378 1069 ita
396 1051 445 1078 per
464 1041 672 1071 translationem
690 1042 818 1080 Saginam
838 1045 943 1074 caedere
955 1067 963 1081 ‚
983 1055 1033 1083 pro
1057 1044 1203 1082 Colligere.

110 1075 266 1106 Turnebus.
284 1088 310 1107 u.
322 1077 339 1107 [2
357 1079 411 1107 Sed
432 1078 462 1108 V.
475 1079 583 1109 Salmas.
597 1080 631 1108 ad
644 1079 696 1109 loc.

89 1112 185 1144 Silvas.
224 1113 288 1144 Caes.
302 1124 325 1152 3.
342 1116 410 1146 Bell.
421 1116 491 1146 Gall.
503 1126 547 1154 29.
570 1117 694 1155 Reliquis
709 1118 841 1157 deinceps
856 1120 954 1150 diebus
967 1119 1053 1150 Caesar
1065 1119 1143 1150 silvas
1153 1129 1205 1150 cae-

110 1153 175 1181 dere
185 1152 308 1182 instituit.

91 1190 197 1220 Vineta.
219 1190 285 1220 Hor.
299 1201 324 1221 2.
337 1191 419 1229 Epist.
434 1202 457 1222 1.
470 1201 533 1222 220.

91 1227 222 1264 Caedere,
245 1229 391 1259 Occidere.
431 1230 488 1260 Cic.
504 1240 527 1266 3.
548 1230 667 1268 Philipp.
683 1240 726 1267 31.
766 1231 855 1262 Caedit
881 1242 976 1271 greges
996 1239 1203 1270 armentorum,

107 1264 261 1303 reliquique
270 1269 377 1305 pecoris
389 1268 576 1305 quodcunque
584 1271 679 1298 nactus
691 1270 737 1299 est.
830 1280 832 1283 ·

89 1303 231 1334 Exercitus
243 1305 324 1334 caesus
336 1307 361 1335 Sc
371 1306 453 1335 fusus.
476 1306 534 1335 Cic.
553 1316 594 1341 14.
609 1307 726 1345 Philipp.
743 1318 765 1336 1.

14 1366 15 1375 ,
89 1341 201 1371 Caedere
216 1342 342 1372 bidentes
353 1365 360 1378 ,
382 1343 529 1373 Immolare
539 1365 547 1379 ‚
568 1355 618 1382 per
630 1345 833 1383 metaphoram.
856 1347 927 1385 Virg.
942 1357 966 1384 5.
984 1346 1046 1378 AEn.
1056 1349 1102 1383 96.

51 1387 56 1391 ·
86 1379 206 1409 Hostias.
229 1380 286 1410 Cic.
301 1391 351 1419 pro
363 1380 474 1411 Cluent.
494 1391 555 1418 194.

90 1416 226 1446 ¹Uic'timas.
249 1418 305 1448 Liv.
320 1425 344 1453 8.

89 1454 163 1485 Caedi
176 1456 288 1486 testibus
302 1478 309 1491 ‚
331 1467 380 1494 pro
392 1456 486 1494 Urgeri
499 1458 631 1495 &premi
669 1458 727 1488 Cic.
744 1468 767 1495 3.
787 1460 822 1496 Q.
833 1460 893 1490 frat.
908 1469 932 1496 3.
969 1461 1035 1497 Quo
1050 1460 1163 1497 quidem
1174 1460 1204 1490 in

105 1493 213 1529 judicio
223 1494 288 1523 odio
300 1496 434 1531 premit-ur
444 1496 569 1524 omnium
581 1506 724 1533 generum.
745 1501 866 1527 maxime
883 1498 994 1528 testibus
1004 1499 1122 1528 caeditur
1132 1520 1139 1533 ‚
1160 1508 1205 1527 ac-

108 1529 277 1561 cusatoribus
298 1532 475 1569 frigidissimis
497 1533 592 1563 utitur.
614 1532 641 1563 h.
657 1544 681 1564 e.
704 1534 827 1565 Testium
842 1537 1004 1566 austeritate
1016 1537 1200 1566 convincitur.

89 1568 200 1599 Caedere
211 1591 218 1604 ,
240 1580 291 1607 pro
307 1570 484 1600 consumere.
507 1571 593 1600 Lucil.
611 1572 659 1601 lib.
673 1581 716 1610 30.

166 1606 241 1637 Lana
254 1618 323 1646 opus
334 1618 417 1637 omne
430 1610 518 1646 perit,
540 1609 648 1646 squalor
657 1632 665 1646 ‚
684 1611 766 1641 tineae
776 1611 870 1640 omnia
881 1612 1001 1642 caedunt.
1025 1612 1145 1641 Nonius.

87 1643 202 1682 Pignora
213 1646 281 1675 caedi
293 1668 302 1682 ,
325 1646 370 1675 lex
380 1653 458 1676 vetus
468 1647 559 1683 dixit,
576 1657 626 1685 pro
643 1648 683 1678 Ita
693 1650 774 1686 capi,
798 1656 829 1678 ut
841 1651 969 1679 auctione
983 1649 1166 1679 distrahantur
1176 1650 1204 1679 δε

104 1682 309 1715 consumantur.
332 1684 391 1713 Cic.
405 1693 429 1721 3.
442 1685 477 1714 de
488 1685 564 1715 Orat.
577 1696 604 1722 4.
636 1685 667 1715 V.
688 1687 772 1716 etiam
787 1687 874 1717 Pitisc.
889 1687 953 1717 Lex.

86 1718 201 1751 Credere
211 1721 348 1751 sermones
361 1744 368 1757 ‚
390 1732 441 1759 pro
454 1722 597 1760 Colloqui3
620 1723 656 1753 de
668 1724 778 1754 duobus
792 1731 840 1755 aut
856 1724 980 1763 pluribus
997 1725 1204 1769 sermocinanti-

107 1758 157 1788 bus
173 1760 245 1789 inter
261 1760 287 1790 se
304 1760 414 1789 videtur
430 1760 580 1790 dicendum
593 1783 601 1797 ‚
621 1763 698 1798 quod
718 1762 782 1792 Ter.
804 1763 904 1792 Heaut.
919 1773 944 1793 2.
957 1773 982 1793 2.
1001 1774 1024 1793 1.
1045 1763 1204 1793 Graecanica

106 1797 194 1834 phrasi
205 1798 287 1828 dixit.
328 1797 415 1827 Graeci
430 1799 504 1827 enim
517 1795 607 1830 ’w'w‘lm
624 1800 720 1834 ῥημριπι
736 1811 785 1838 pro
798 1801 931 1831 Disserere
943 1802 1050 1830 dicunt.

51 1833 153 1902 Cifisu
163 1845 175 1864 s
186 1856 194 1871 ‚
215 1845 248 1872 a,
270 1845 326 1865 um.
349 1837 554 1872 [κευμμένῶυ]
575 1837 670 1867 Partic.
683 1838 801 1869 aCaedo.
824 1846 872 1875 ut,
893 1839 972 1870 Caesis
988 1839 1086 1877 copiis.
1099 1838 1157 1868 Cic.
1167 1838 1203 1868 ad

110 1878 162 1902 rut.
178 1882 219 1902 ιο.

16 1924 37 1935 .‚
87 1910 202 1940 Arbores
211 1910 296 1940 'caesae.
319 1911 387 1941 Plin.
402 1910 449 1942 lib.
466 1916 507 1942 16.
522 1923 583 1952 cap.
601 1923 643 1944 12.

87 1947 217 1978 Heliades
227 1949 299 1978 caesae
311 1951 432 1987 pectora.
454 1950 538 1982 Ovid.
553 1962 578 1982 2.
594 1952 665 1982 Met.
684 1960 747 1989 341.

86 1985 210 2015 victimis
226 1987 306 2016 caesis.
330 1987 388 2017 Cic.
408 1998 430 2018 1.
447 1989 500 2019 Att.
1053 2012 1056 2015 ,

84 2021 160 2053 Inter
169 2023 236 2054 caesa
248 2027 273 2054 <Sc
284 2027 425 2062 porrecta:
448 2027 589 2065 Adagium.
607 2026 664 2056 Cic.
678 2039 703 2063 ς.
716 2028 816 2062 Δεῖ-18.
838 2027 873 2058 Et
884 2029 981 2065 multa,
999 2029 1087 2059 immo
1099 2028 1205 2072 omnia,

104 2071 222 2099 quorum
233 2065 366 2095 κεφάλοαον
376 2086 384 2099 ,
405 2066 519 2102 nequid,
542 2066 613 2094 inter
627 2066 693 2095 caesa
710 2067 735 2096 &
747 2069 882 2103 porrecta,
892 2074 923 2096 ut
932 2069 1024 2103 aiunt,
1045 2067 1137 2096 oneris
1154 2076 1205 2110 mi-

104 2099 133 2129 hi
143 2100 260 2129 addatur
271 2123 279 2135 ,
301 2107 348 2130 aut
357 2103 500 2140 temporis.
543 2103 659 2133 Videtur
670 2104 818 2141 significare
830 2105 1045 2135 Cunctationem
1055 2127 1064 2140 ‚
1086 2106 1112 2135 ἃ
1129 2114 1204 2133 ancr-

103 2138 192 2176 pitem
212 2137 430 2176 haefitationem‚
446 2151 495 2170 *ac
516 2140 593 2170 velut
612 2141 790 2171 intervallum
811 2142 881 2172 illud
911 2144 983 2172 inter
1010 2143 1203 2172 omittendum

103 2176 178 2213 quod
190 2184 315 2214 coeptum
329 2178 384 2213 est,
407 2180 433 2208 Sc
452 2179 645 2216 incipiendum
665 2180 742 2217 quod
758 2181 855 2210 novari
871 2188 990 2218 oportet.
1030 2180 1108 2210 Plura
1127 2181 1203 2218 apud

103 2213 203 2243 Erasm.
215 2214 244 2242 in
256 2214 437 2245 Chiliadibus.
478 2216 577 2246 Paulus
592 2218 736 2247 Manutius
747 2219 783 2248 fic
792 2221 918 2256 exponit.
941 2219 1015 2249 Inter
1027 2218 1093 2248 caesa
1105 2220 1130 2248 &
1140 2228 1204 2256 por-

103 2253 176 2281 rec‘ta
187 2274 195 2286 ‚
218 2252 248 2281 In
259 2252 316 2290 ipso
327 2253 444 2283 articulo
454 2254 581 2284 discessus
591 2256 662 2285 mei:
685 2255 793 2294 sumpta
809 2257 990 2287 fimilitudine
1010 2267 1025 2285 a
1043 2256 1181 2286 sacrificiis
1191 2278 1201 2291 ,

122 2299 187 2318 uum
198 2289 269 2319 inter
280 2290 347 2321 caesa
362 2299 425 2321 exta
439 2293 464 2322 ἀ
474 2294 600 2330 porrecta
612 2292 708 2323 sinistri
719 2295 784 2330 quid
797 2296 950 2331 accideret,
972 2304 1008 2325 ne
1022 2294 1094 2323 litari
1103 2294 1202 2332 poffet,

102 2299 149 2356 sed
160 2328 300 2357 instaurari
310 2328 472 2359 sacrificium
484 2330 591 2360 necesse
604 2330 679 2361 esset.
719 2331 870 2362 Verebatur
881 2333 980 2363 Cicero
990 2355 998 2368 ,
1019 2342 1056 2362 ne
1069 2343 1123 2370 quo
1132 2341 1204 2362 tem-

101 2374 168 2432 ἔρξε
180 2365 340 2432 giscessurus
350 2366 434 2404 esset,
455 2377 490 2398 eo
500 2375 627 2407 tempore
646 2368 784 2406 eiusmodi
802 2371 869 2408 quid
881 2371 1038 2406 accideret,
1059 2380 1095 2400 ne
1112 2368 1203 2409 posset

124 2414 132 2432 i
146 2413 178 2432 ce
201 2414 256 2433 ere.

82 2439 153 2470 Ruta
164 2441 231 2471 czesa
250 2443 278 2471 in
293 2442 503 2473 venditionibus
520 2444 714 2482 appellantur,
736 2445 806 2482 Quae
822 2446 981 2476 venditores
1002 2446 1138 2476 domuum
1155 2451 1203 2476 aut

101 2478 252 2509 fundorum
264 2481 393 2518 excipere
406 2480 514 2517 solent,
537 2492 652 2520 quaeque
666 2489 737 2513 terra
751 2490 799 2513 aut
817 2494 903 2522 opere
921 2484 1035 2515 struffili
1048 2484 1202 2514 teritoriove

101 2526 158 2545 nori
168 2518 357 2547 continentur.
398 2518 455 2548 Cic.
469 2519 570 2558 Topic.
581 2527 649 2550 extr.
673 2521 744 2551 Cum
758 2524 831 2551 aedes
840 2523 995 2553 fundumve
1013 2522 1201 2557 vendiderint,

100 2555 167 2584 rutis
181 2555 253 2585 caesis
263 2556 398 2593 receptis,
420 2558 577 2587 concedant
592 2566 687 2588 tamen
707 2559 812 2597 aliquid
824 2562 965 2598 emptori,
987 2561 1062 2598 quod
1082 2561 1202 2589 ornandi

101 2592 179 2622 causa
197 2600 262 2631 apte
278 2595 303 2623 Sc
322 2595 386 2623 loco
399 2595 517 2633 positum
532 2596 586 2626 esse
600 2597 735 2627 videatur.
779 2598 810 2627 V.
837 2599 973 2637 Pompon.
996 2599 1013 2628 l.
1026 2601 1070 2628 66.
1087 2598 1148 2636 Dig.
1165 2598 1201 2628 de

99 2630 223 2660 contrah.
239 2632 391 2670 emptione.
414 2631 481 2662 Fest.
502 2634 607 2663 &infra
619 2635 648 2663 in.
666 2645 682 2663 R
693 2645 747 2664 uo.

47 2665 179 2697 ciosum
191 2691 198 2704 ,
218 2670 236 2699 i.
252 2680 279 2699 n.
302 2670 441 2706 [κάμωσι]
461 2671 651 2702 Βίῑίἰηέὶίοηίε
674 2680 758 2709 nota,
787 2673 861 2712 apud
881 2674 963 2705 Mart.
987 2671 1094 2712 Capell.
1111 2673 1160 2704 lib.
1175 2684 1199 2709 ς.

20 2732 22 2735 .
105 2728 111 2736 .
125 2716 135 2735 1
179 2729 185 2736 .
1058 2732 1064 2737 ν

49 2715 183 2779 ΟΕειἹοζ,
204 2744 274 2774 onis.
299 2744 317 2774 f.
342 2745 470 2781 [τμνῒσις]
492 2746 568 2776 idem
580 2748 656 2784 quod
666 2748 771 2778 Incisio.
812 2747 950 2779 Columel.
970 2749 1018 2780 lib.
1032 2759 1058 2786 4.
1079 2759 1139 2788 cap.
1155 2759 1199 2786 33.

82 2781 116 2811 Et
124 2782 183 2820 post
194 2783 417 2819 quinquennium
429 2783 494 2813 caesa
505 2806 514 2819 ‚
537 2795 614 2814 more
625 2785 711 2816 salicti
724 2793 861 2816 recreatur
870 2810 879 2823 ,
901 2796 982 2826 atque
994 2790 1023 2817 in
1039 2787 1133 2826 palum
1146 2788 1201 2817 for-

82 2828 153 2850 mata
163 2820 220 2850 fere
230 2820 315 2858 usque
329 2822 359 2850 in
369 2822 481 2851 alteram
498 2823 643 2853 caesionem
660 2832 803 2862 perennat.

46 2855 171 2888 effisos.
183 2880 191 2893 ‚
213 2858 276 2888 oris.
300 2869 337 2889 m.
359 2860 474 2890 Hieron.
489 2858 570 2899 Epist.
586 2871 648 2898 103.
666 2872 727 2900 cap.
738 2866 765 2892 6.
794 2863 869 2893 conf.
883 2863 941 2893 Val.
973 2863 1092 2894 Probum
1105 2865 1200 2896 Gram-

81 2901 145 2925 mat.
183 2918 189 2924 .
210 2902 289 2931 1458.

47 2906 211 2969 ΟΞεῦΒΡΑ,
233 2944 263 2964 ae.
286 2934 304 2964 f.
327 2935 467 2971 [τμιῖκφ]
488 2935 624 2972 Incisura,
644 2937 731 2967 caefio.
760 2937 828 2967 Plin.
841 2937 889 2968 lib.
903 2948 1018 2978 recap.
1029 2950 1074 2976 43.
1097 2941 1141 2971 Est
1155 2941 1198 2972 his

82 2978 173 3001 autem
184 2970 271 3007 major
282 2972 315 3001 ad
326 2972 483 3004 firmitatem
496 2974 574 3004 causa
590 2975 760 3012 tempestivae
780 2975 887 3006 caesurae
898 2998 906 3013 ‚
929 2987 1012 3015 quam
1033 2979 1197 3010 immaturae.

82 3007 189 3040 Lucret.
200 3009 248 3039 lib.
261 3021 286 3047 4.
300 3014 332 3047 65
341 3021 363 3040 1.

392 3065 430 3069 —
441 3051 466 3080 ἃ
476 3051 627 3087 generatim

169 3085 278 3115 Extima
294 3086 481 3116 membrorum
494 3089 599 3118 circum
610 3086 709 3118 caesura
721 3095 841 3119 coercet.
928 3089 976 3120 Alii
986 3090 1082 3129 legunt
1093 3092 1198 3124 Textu-

78 3129 117 3152 ta.
155 3123 212 3153 Sed
234 3123 263 3153 V.
283 3134 300 3153 c
309 3135 317 3153 i
327 3135 340 3153 ii
350 3134 368 3154 c
377 3135 395 3154 υ
403 3136 423 3154 ri
433 3135 450 3154 c
458 3136 482 3154 AE
490 3136 502 3155 s
513 3136 531 3154 υ
540 3136 556 3155 a
565 3137 594 3156 A.
635 3127 675 3156 Ita
684 3128 760 3156 enim
769 3127 920 3165 legendum
930 3129 968 3158 est
978 3139 1032 3159 una
1045 3140 1122 3160 voce.

80 3159 328 3197 Caesura,'[⁷zffc¹i]
347 3163 531 3199 moratione,
552 3164 718 3194 aCaedenda
727 3175 815 3195 voce:
838 3176 898 3202 quae
917 3167 1047 3196 definitur
1059 3190 1067 3204 ,
1090 3169 1197 3199 Decora

51 3213 58 3224 ι
97 3200 254 3228 terminatio
264 3209 365 3229 vocum
375 3221 384 3236 ‚
406 3200 435 3230 in
446 3202 539 3230 medio
551 3202 677 3232 versuum
687 3210 799 3232 notata:
823 3211 853 3232 ut
872 3205 982 3240 quando
991 3206 1051 3243 post
1062 3206 1132 3236 duos
1144 3208 1197 3244 pri-

99 3245 158 3266 mos
168 3237 253 3274 pedes
264 3237 394 3275 superans
402 3238 651 3276 syllabainvenitur
661 3262 669 3275 ‚
690 3251 751 3278 quae
763 3241 915 3284 dielipnem
927 3244 1065 3273 terminet.
1108 3244 1196 3274 Caesu.

97 3281 127 3303 ra
137 3275 175 3304 est
185 3284 245 3311 quae
258 3275 487 3306 penthemimeris
508 3277 628 3307 dicitur:
650 3284 699 3314 ut,
721 3280 800 3308 Arma
816 3289 959 3317 virumque
978 3290 1057 3311 cano.
1098 3282 1196 3319 Quum

102 3312 204 3341 veroid
216 3313 275 3350 post
285 3320 338 3342 tres
349 3315 435 3351 pedes
442 3314 473 3344 fit
485 3336 493 3350 ‚
515 3314 620 3345 Caesura
627 3317 665 3345 est
676 3316 932 3355 Hephthemimeris
944 3327 950 3347 ε
968 3325 998 3347 ut
1007 3340 1015 3353 ‚
1037 3320 1116 3350 Arma
1126 3341 1135 3356 ‚
1155 3321 1195 3350 vi-

97 3359 213 3388 rumque
224 3361 295 3380 cano
304 3372 312 3386 .,
333 3352 432 3387 Trojae.
455 3352 509 3397 Hic
518 3354 593 3383 enim
602 3354 692 3384 versus
702 3363 846 3391 utramque
859 3355 989 3385 caesuram
999 3357 1090 3386 habet.

35 3383 219 3421 ,Casum-r
229 3399 238 3417 1
248 3400 269 3418 M
281 3411 289 3424 ‚
313 3391 378 3419 Λᾶν.
402 3391 492 3426 [κατα
512 3393 658 3427 mamam]
679 3392 827 3421 Succincle
839 3415 846 3427 ‚
868 3393 1005 3428 breviter,
1025 3405 1075 3432 per
1088 3396 1194 3427 caesurae

35 3435 36 3439 ¹
79 3432 235 3493 comgnata.fi
265 3427 398 3457 Sidonius
410 3438 436 3464 4.
458 3426 576 3466 Epist.3.
597 3428 671 3459 Tota
680 3429 727 3460 illa
738 3430 823 3460 dictio
835 3430 871 3460 sic
880 3430 1031 3462 caesuratim
1043 3432 1193 3472 succincta,

98 3473 133 3492 uo
188 3474 217 3493 ro
241 3475 317 3494 uens.

43 3472 185 3537 Csssiml?
205 3502 271 3532 Adv.
293 3499 426 3539 [τμιίιῖὶτν]
447 3504 580 3540 significat
592 3504 742 3535 Caedendo.
784 3504 861 3535 Valla
881 3505 932 3535 lib.
949 3509 975 3536 6.
1007 3507 1121 3544 Caestm,
1144 3519 1194 3547 per

78 3537 221 3569 incisiones
234 3540 328 3577 gladii.
368 3540 424 3570 Liv.
437 3551 462 3578 7.
477 3542 543 3571 Bell.
556 3542 621 3572 Pun.
644 3543 768 3579 Projecsto
789 3543 857 3573 laeva
875 3543 952 3573 scuto
971 3545 1000 3574 in
1018 3546 1194 3578 advenientis

75 3584 150 3605 arma
159 3577 256 3613 hostis,
283 3589 387 3608 vanum
401 3580 489 3608 caesim
501 3590 564 3610 cum
574 3581 681 3618 ingenti
695 3581 785 3611 sonitu
797 3581 890 3610 ensem
904 3582 1015 3616 dejecit.

76 3612 170 3643 caefim
181 3625 213 3645 ac
222 3617 358 3653 punctim.
397 3616 455 3648 Liv.
471 3627 515 3647 22.
527 3622 573 3654 46.
597 3619 719 3657 Hispano
731 3620 860 3657 punctim
873 3620 960 3657 magis
971 3642 979 3656 ‚
1001 3630 1084 3658 quam
1103 3622 1192 3653 caesim

94 3651 196 3682 assueto
205 3660 298 3690 petere
309 3654 425 3684 hostem.

74 3687 170 3719 Caefirn
182 3692 288 3728 operari
297 3692 325 3720 in
338 3693 426 3721 vinea.
467 3692 604 3723 Columel.
617 3693 664 3723 lib.
677 3705 704 3730 4.
714 3705 774 3733 cap.
785 3702 829 3729 ας.
851 3694 942 3730 Major
950 3701 1044 3726 autem
1053 3706 1115 3734 pars
1127 3708 1193 3736 ope.

94 3726 129 3756 tis
138 3728 166 3756 in
178 3730 287 3758 vineam
298 3730 404 3759 ductim
415 3731 508 3768 potius
524 3753 531 3765 ,
555 3741 637 3768 quam
649 3732 737 3762 caesim
749 3732 877 3762 facienda
888 3732 934 3761 est.
974 3733 1008 3762 Et
1018 3735 1101 3771 paulo
1118 3737 1187 3774 post,

92 3761 194 3795 Tutior
204 3765 286 3803 igitur
297 3768 322 3797 Sc
333 3767 428 3796 utilior
439 3768 548 3805 putatio
561 3769 598 3798 est
611 3780 671 3806 qua:
682 3770 767 3800 ductu
778 3770 866 3804 falcis,
887 3778 946 3799 non
965 3771 1020 3801 ictu
1032 3773 1189 3804 conficitur.

75 3799 169 3832 Caefim
180 3804 281 3834 dicere.
321 3804 339 3835 i.
353 3815 377 3835 e.
402 3806 451 3835 Per
462 3804 522 3835 cola
531 3808 556 3836 ἃ
565 3816 713 3837 commata.
753 3808 811 3837 Cic.
828 3807 858 3836 in
868 3807 1014 3843 Orat.225.
1038 3810 1064 3839 O
1075 3811 1191 3842 callidos

92 3838 218 3870 homines
230 3863 238 3876 ‚
259 3842 276 3871 ό
293 3852 350 3872 rem
364 3844 550 3880 excogitatam
561 3867 570 3880 ‚
591 3846 608 3873 ὁ
623 3845 735 3883 ingenia
746 3845 898 3875 metuenda
913 3847 918 3874 !
944 3846 1123 3878 Membratim
1143 3851 1192 3879 ad-

93 3876 165 3913 huc,
188 3879 290 3908 deinde
307 3881 395 3910 caesim
410 3882 540 3911 diximus.
578 3882 679 3913 Rursus
699 3884 893 3917 membratim,
916 3883 1012 3914 Testes
1031 3886 1096 3916 date
1112 3886 1191 3917 volun

93 3921 174 3983 ωιῧεὸ
204 3916 287 3985 PaIulo
306 3925 371 3949 ante
391 3918 489 3951 Cicero
507 3919 618 3952 incisim
636 3921 753 3952 dixerat.
792 3920 962 3958 Quintilian.
982 3922 1030 3954 lib.
1042 3934 1067 3960 9-
1088 3934 1149 3964 cap.
1161 3937 1188 3963 4.

76 3983 85 3991 ς
185 3964 209 3984 1..
247 3976 253 3983 .

1660 105 1688 140 C
1788 108 1825 143 AE
1941 112 1973 145 D
2349 128 2417 165 587

1319 194 1345 221 p.
1363 188 1426 218 8653.
1439 185 1530 215 Burni.
1554 185 1720 230 Ubicunque
1732 189 1833 218 acriter
1855 191 1908 233 erit
1927 193 1953 221 δε
1972 193 2121 232 instanter,
2149 201 2366 237 pugnaciterque
2380 202 2423 231 di-

1318 224 1439 251 cendum
1452 245 1460 257 ,
1483 224 1676 259 membratim,
1699 225 1843 263 caefimque
1856 229 1988 259 dicemus.

1264 257 1343 287 Cffio
1357 270 1407 295 rs,
1431 262 1460 289 is.
1485 262 1502 289 f.
1527 263 1649 296 [ΦόνΘ,
1673 261 1847 299 ὰνῶοκτασέσι,
1871 268 1977 301 ectayo']
1999 269 2091 298 Festus
2104 293 2111 304 ‚
2135 271 2245 302 Caedem
2264 282 2363 311 putant
2382 286 2418 305 ex

1302 297 1483 331 Graecodici,
1505 299 1581 333 quod
1593 299 1666 335 apud
1688 300 1749 329 illos
1771 302 1857 329 dcam
1879 303 2185 339 significatinterticere.
2210 310 2286 340 Valla
2305 314 2332 340 in
2349 314 2420 343 Rau.

1301 334 1377 363 dens.
1401 336 1513 370 Cirdes,
1539 336 1799 373 Morsnonsatalis,
1821 340 1867 368 sed
1877 341 1965 375 ferm.
1987 345 2139 381 autligno.
2162 354 2208 376 aut
2220 347 2284 378 saxo
2298 374 2304 383 ,
2329 350 2419 379 simili-

1300 371 1403 407 busque
1416 372 1507 407 illata,
1531 374 1679 410 praesertim
1699 376 1843 412 occidere,
1865 385 1911 407 aut
1929 379 2010 409 ferire
2023 404 2030 414 ,
2055 391 2102 411 aut
2122 393 2265 420 percutere
2286 389 2417 419 volentis.

1300 409 1368 437 Inde
1381 410 1499 439 dicimus
1509 411 1627 447 aliquem
1638 413 1800 443 commisisse
1811 415 1915 445 casdem
1929 439 1937 451 ‚
1958 419 1984 447 ἃ
1998 419 2067 447 Milo
2082 421 2117 449 de
2132 423 2207 451 erede
2221 425 2359 454 accusatus
2372 426 2418 456 est.

1298 445 1368 474 Plin.
1385 446 1430 475 lib.
1446 457 1557 484 14.cnp.
1577 458 1617 482 13.
1641 449 1806 480 Invenimus
1825 454 1897 482 inter
1916 456 2063 493 exempla,
2087 458 2191 495 anarii
2212 461 2334 491 Mecenfi
2353 474 2421 492 uxo.

1299 493 1377 526 rem..
1398 485 1473 520 quod
1486 486 1580 514 vinum
1598 486 1705 528 bibisset
1718 498 1733 517 e
1744 489 1820 518 dolio
1834 513 1842 525 ‚
1865 492 2036 523 intersectum
2051 496 2120 525 fuste
2135 506 2149 525 a
2162 499 2276 535 marito,
2299 510 2419 538 eumque

1300 521 1383 548 credis
1401 530 1416 549 a
1427 521 1547 550 Romulo
1562 523 1725 554 absolutum.

1300 557 1409 586 Occilio
1425 561 1450 587 ἃ
1466 559 1564 602 caedeS.
1607 561 1664 590 Cic.
1677 573 1726 599 pro
1738 563 1838 595 Caecin.
1851 576 1896 602 4¹·
1925 567 1970 598 Tu
1985 568 2042 598 vim
2051 570 2166 608 negabis
2185 573 2240 602 esse
2259 573 2377 611 factam,
2398 576 2419 606 fi

1320 595 1411 623 caedes
1423 598 1448 625 Sc
1464 598 1563 625 occisio
1575 598 1644 627 factu
1656 609 1711 627 nnn
1725 603 1775 630 crit
1785 603 1798 629 ἶ)

1298 632 1382 661 Amor
1392 634 1485 662 ccedis.
1510 634 1594 663 Ovid.
1612 645 1653 671 13.
1668 637 1736 667 Met.
1749 643 1812 675 768.

1298 669 1393 707 Imago
1406 671 1497 700 caedis.
1520 671 1602 700 Ovid.
1618 679 1643 705 8.
1658 674 1725 704 Met.
1742 686 1802 712 507.

1527 723 1565 729 —-
1575 711 1661 739 modo
1679 713 1791 743 vulnera
1802 715 1915 746 fratrum

1393 746 1462 774 Ante
1475 746 1571 775 oculos
1584 747 1651 776 mihi
1665 748 1726 778 sunt
1737 772 1745 785 ,
1768 754 1792 780 &
1804 758 1886 783 tantae
1896 756 1979 785 caedis
1989 756 2090 795 imago.

1299 782 1474 812 Avidillimus
1486 784 1578 812 caedis.
1600 784 1682 814 Ovid.
1699 797 1720 816 1.
1736 789 1804 818 Met.
1822 796 1881 820 161.

1298 819 1447 849 Instrut‘lus
1459 821 1493 848 ad
1504 822 1621 851 caedem.
1663 823 1693 852 V.
1716 835 1753 853 iN
1762 836 1773 854 s
1785 836 1803 854 ·r
1814 837 1828 855 R
1839 839 1856 856 u
1867 839 1893 858 0.

1297 856 1416 886 Molitor
1427 858 1520 888 caedis.
1541 859 1632 888 Tacit.
1648 869 1658 888 ι
1667 870 1688 889 1.
1703 862 1771 892 Ann.
1784 873 1828 899 29.
1861 866 1894 895 Et
1908 869 2037 906 Appianae
2047 872 2130 901 caedis
2142 874 2254 904 molitor
2266 875 2412 909 Narcissus.

1297 895 1403 924 Acerba
1415 897 1513 925 credes.
1532 897 1598 926 Stat.
1611 901 1636 926 6.
1651 897 1741 929 Theb.
1757 906 1817 937 146.

1298 932 1384 963 Acris.
1408 934 1492 963 Ovid.
1507 944 1546 963 11.
1566 935 1635 964 Met.
1644 946 1709 970 402.

1491 972 1581 1001 —sed
1595 974 1670 1002 enim
1685 975 1852 1007 irrevocatus
1863 978 1896 1008 ab
1909 981 1963 1010 acri

1297 1007 1429 1037 Cruenta.
1454 1008 1554 1039 Lucan.
1572 1011 1620 1039 lib.
1632 1021 1656 1047 7.
1671 1017 1737 1049 827.

1298 1045 1373 1075 Dira.
1397 1046 1481 1076 Ovid.
1497 1057 1519 1083 3.
1536 1047 1605 1077 Met.
1619 1052 1682 1084 625.

1390 1083 1529 1119 Exilium,
1551 1086 1608 1115 dira
1620 1097 1734 1124 poenam
1743 1098 1794 1126 pro
1813 1091 1906 1127 caede,
1924 1091 2029 1125 luebat.

1297 1119 1374 1151 Feta.
1396 1122 1460 1151 Sen.
1473 1122 1571 1152 Octav.
1587 1133 1651 1161 47²-

1389 1159 1539 1189 Pulchrum
1549 1163 1673 1192 eminere
1683 1163 1722 1192 est
1732 1164 1803 1194 inter
1813 1165 1929 1197 illustres
1936 1170 2008 1199 viros
2016 1192 2026 1206 ,

1389 1197 1542 1228 Consulere
1554 1201 1665 1237 patriae,
1686 1212 1799 1241 parcere
1813 1204 1940 1242 afflictis,
1964 1206 2023 1237 fera

1391 1235 1476 1265 Caede
1489 1237 1632 1267 abstinere.

1295 1269 1400 1303 Feralis
1419 1274 1517 1303 caedes.
1543 1275 1639 1306 Claud.
1652 1277 1688 1305 de
1698 1276 1766 1308 Bell.
1780 1278 1854 1309 Gild.

1298 1310 1424 1341 FurialiS.
1449 1312 1532 1341 Ovid.
1546 1317 1572 1342 6.
1587 1314 1654 1343 Met.
1667 1318 1731 1352 ⁶57·

1390 1350 1468 1379 Sicut
1478 1357 1535 1380 erat
1545 1350 1637 1388 sparsis
1648 1352 1737 1382 furiali
1746 1354 1824 1384 caede
1839 1355 1949 1394 capillis

1297 1385 1424 1416 Hostilis.
1447 1389 1509 1417 Seri.
1524 1390 1552 1417 in
1561 1389 1644 1419 Herc.
1660 1390 1711 1420 fur.
1726 1401 1768 1421 11.

1297 1424 1395 1462 Impia.
1419 1425 1486 1456 Hor.
1500 1435 1524 1463 3.
1539 1427 1629 1457 Carm.
1645 1438 1690 1464 24.
1701 1433 1744 1459 26.
2373 1463 2376 1466 ,

1295 1463 1495 1500 Indigniffimae
1504 1465 1596 1494 caedes
1606 1467 1632 1495 &
1642 1467 1781 1497 maximae.
1823 1467 1880 1498 Cic.
1896 1479 1946 1507 pro
1957 1468 2034 1501 Rosc.
2050 1472 2140 1504 Amet.
2155 1483 2198 1505 n.
2227 1474 2326 1514 Quum
2345 1481 2416 1512 into..

1316 1510 1361 1530 rea
1372 1501 1461 1531 caedes
1473 1502 1668 1539 indigniffimae
1680 1506 1861 1543 maximaeque
1872 1507 1951 1537 factae
1963 1509 2023 1539 sint.

1296 1538 1467 1569 Inexhausta.
1491 1540 1558 1570 Stat.
1573 1551 1615 1570 10.
1628 1542 1718 1571 Theb.
1728 1547 1792 1573 261.

1295 1576 1443 1606 Lethifera.
1464 1577 1562 1608 Claud.
1576 1579 1656 1610 Cons.
1668 1580 1747 1610 Prob.
1766 1583 1792 1611 δι
1804 1580 1902 1620 Olybr.
1915 1592 1975 1620 119.

1295 1614 1450 1645 manifesta.
1491 1616 1523 1645 In
1549 1627 1799 1649 MANrrEsTUS.

1296 1652 1460 1683 Miserrima.
1484 1653 1557 1692 Virg.
1575 1665 1616 1685 11.
1634 1655 1696 1686 AEn.
1710 1662 1775 1693 885.

1297 1689 1433 1720 Nefanda.
1454 1691 1538 1722 Ovid.
1552 1702 1594 1728 15.
1608 1693 1677 1723 Met.
1695 1703 1754 1731 174.

1295 1727 1462 1773 Notabilior.
1474 1767 1489 1796 f
1503 1730 1594 1773 Tacit.
1609 1740 1633 1768 3.
1647 1732 1769 1769 Hist.25.
1793 1732 1833 1763 Eo
1842 1732 1993 1765 notabilior
2005 1735 2095 1766 caedes
2104 1735 2174 1774 fuit,
2197 1738 2261 1778 quia
2280 1740 2352 1772 filius
2370 1753 2420 1782 pa.-

1318 1772 1388 1796 trem
1399 1775 1472 1797 mter
1486 1774 1550 1798 eclt.

1295 1803 1444 1834 Profunda.
1469 1806 1536 1836 Stat.
1549 1816 1592 1837 10.
1603 1806 1696 1837 Theb.
1708 1813 1773 1845 832.

1295 1842 1380 1872 Saeva.
1403 1843 1488 1873 Ovid.
1504 1854 1528 1873 1.
1547 1846 1617 1875 Met.
1634 1849 1696 1875 161.

1294 1880 1463 1918 Sanguinea.
1487 1882 1572 1912 Ovid.
1589 1892 1631 1919 13.
1646 1883 1715 1913 Met.
1730 1888 1775 1920 85.

1297 1918 1383 1948 Vasta.
1405 1920 1469 1948 Sen.
1482 1920 1513 1949 in
1520 1920 1630 1950 Troade
1640 1943 1648 1957 ‚
1669 1925 1695 1951 6.

1297 1957 1477 1986 Accumulare
1488 1958 1593 1988 caedem
1605 1959 1689 1989 caede.
1711 1958 1821 1989 Lucret.
1830 1958 1917 1998 lib.3.
1929 1970 1974 1998 71.

1298 1994 1446 2024 Ardescere
1456 1996 1542 2025 eaede.
1569 1996 1653 2027 Ovid.
1676 2007 1718 2027 12.
1736 1997 1807 2027 Met.
1821 2007 1886 2034 240.

1298 2032 1463 2062 Conducere
1474 2033 1595 2071 aliquem
1607 2035 1641 2065 ad
1650 2035 1756 2065 caedem
1767 2035 1934 2066 faciendam.
1954 2036 2015 2069 Cic.
2029 2038 2069 2069 vcle
2079 2038 2205 2073 Provinc.
2217 2042 2298 2074 cons.
2311 2054 2337 2080 9.

1297 2070 1481 2101 Committere
1491 2072 1606 2102 caedem.
1628 2073 1713 2103 Ovid.
1730 2083 1770 2108 14.
1783 2073 1868 2111 Epist.
1879 2084 1923 2111 59.

1297 2106 1442 2138 Deterrere
1453 2109 1586 2139 caedibus.
1610 2110 1675 2141 Hor.
1688 2111 1723 2141 de
1733 2111 1796 2141 Arte
1810 2112 1884 2142 Poet.
1899 2122 1961 2149 392.

1297 2146 1386 2175 Edere
1397 2148 1510 2177 caedem.
1533 2148 1592 2177 Liv.
1606 2159 1631 2183 5.

1297 2183 1411 2251 Eflffere
1430 2185 1527 2215 caedes.
1569 2185 1627 2216 Cic.
1640 2196 1691 2225 pro
1702 2186 1803 2217 Milon.
1835 2187 2064 2227 magistratuum.
2084 2191 2311 2233 privatorumque
2329 2197 2424 2228 caeden

1316 2231 1331 2251 e
1355 2229 1456 2252 ecerat.

1296 2259 1397 2290 Facere
1409 2261 1522 2291 caedem.
1565 2261 1625 2292 Cic.
1637 2272 1688 2300 pro
1697 2262 1799 2293 Milon.
1812 2272 1857 2300 29.
1891 2264 1988 2302 Quum
2004 2266 2053 2295 hic
2071 2267 2213 2299 insidiator
2224 2271 2271 2308 qui
2286 2272 2337 2301 iter
2349 2272 2424 2303 illud

1316 2298 1351 2327 ad
1361 2299 1467 2328 caedem
1478 2299 1635 2330 faciendam
1643 2300 1814 2339 apparasset‚
1834 2312 1900 2332 cum
1914 2313 2001 2333 uxore
2020 2305 2179 2337 veheretur.
2211 2309 2286 2340 conf.
2310 2310 2423 2341 Condu-

1297 2336 1606 2419 Ἑὲἓὲῗὲἒέἓεῆῗωρἰο.
1620 2376 1650 2405 in
1659 2375 1732 2420 ῌτυῒ».
1746 2382 1790 2412 85.
1813 2376 1887 2407 Nam
1898 2388 1984 2416 quum
1998 2380 2029 2409 in
2039 2380 2105 2412 silva
2119 2382 2176 2413 Sila
2185 2383 2257 2414 faeta
2271 2385 2362 2416 caedes
2382 2386 2423 2416 ess

1317 2411 1357 2442 set
1367 2434 1375 2448 ,
1395 2420 1512 2450 notique
1528 2413 1657 2443 hommes
1666 2415 1815 2444 interfecti.
1969 2430 1971 2433 ·

1294 2445 1433 2481 Festinare
1445 2452 1543 2481 caedes.
1567 2451 1658 2481 Tacit.
1672 2462 1714 2488 14.
1732 2454 1802 2484 Ann.
1818 2462 1861 2491 33.

1296 2487 1398 2518 Furere
1409 2490 1493 2519 caede.
1514 2489 1587 2527 Virg.
1603 2499 1630 2519 2.
1647 2489 1707 2520 AEn.
1727 2501 1789 2526 500.
1941 2527 1944 2529 ¹

1411 2543 1448 2547 —-
1456 2527 1514 2556 vidi
1526 2528 1583 2565 ipse
1592 2528 1734 2557 surentem
1834 2527 1918 2559 Caede
1926 2529 2158 2570 Neoptolemum.

1296 2563 1447 2594 Instaurare
1460 2566 1574 2595 caedem.
1618 2566 1647 2595 V.
1670 2577 1678 2594 1
1689 2576 1710 2595 N
1718 2577 1730 2596 s
1740 2577 1760 2595 τ
1768 2577 1788 2596 A
1796 2577 1815 2596 u
1824 2577 1840 2596 R
1848 2577 1876 2597 o.

1295 2601 1338 2631 Ire
1351 2602 1379 2630 in
1391 2603 1488 2632 caedes.
1529 2603 1619 2633 Tacit.
1641 2613 1682 2640 13.
1696 2605 1765 2634 Arm.
1779 2615 1804 2635 2.
1826 2605 1975 2644 Ibaturque
1989 2607 2019 2637 in
2028 2609 2119 2639 caedes
2129 2632 2138 2647 ,
2152 2610 2206 2641 ᾱσ,

1295 2639 1392 2668 Laetari
1403 2641 1478 2670 caede
1488 2640 1614 2678 aliqu'uS.
1635 2641 1710 2672 Suet.
1722 2643 1750 2671 in
1762 2642 1841 2681 Vesp.
1852 2652 1913 2682 cap.
1927 2654 1971 2681 ις.

1295 2674 1441 2707 madefieri
1453 2679 1538 2709 caede.
1562 2679 1647 2709 Ovid.
1662 2690 1703 2716 15.
1721 2679 1791 2711 Met.
1804 2687 1869 2718 824.

1294 2715 1412 2745 Madere
1422 2717 1508 2747 caede.
1531 2717 1617 2747 Ovid.
1631 2727 1653 2747 1.
1668 2718 1737 2748 Met.
1751 2729 1812 2756 149.

1292 2753 1395 2783 Occidi
1406 2754 1490 2784 caede.
1532 2755 1590 2785 Cic.
1600 2765 1652 2793 pro
1664 2756 1765 2786 Milon.
1783 2766 1824 2786 12.
1847 2757 1960 2788 Caedem
1972 2781 1980 2793 ,
2001 2769 2055 2797 qua
2069 2758 2101 2791 Ῥ.
2112 2760 2227 2792 Clodius
2242 2761 2347 2794 occisus
2358 2765 2426 2802 est..

1311 2791 1444 2821 Senatum
1457 2793 1589 2828 jiidicaffe
1601 2800 1699 2824 contra
1709 2792 1917 2833 Rempub.«effe
1931 2797 2041 2827 factam.

1291 2827 1438 2859 Ostentare
1449 2831 1564 2861 caedem.
1606 2831 1664 2861 Cic.
1678 2843 1705 2868 4.
1723 2833 1797 2863 Fam.
1811 2843 1854 2869 14.
1877 2834 1962 2871 Quod
1972 2836 2010 2865 est
2022 2834 2134 2867 difficile
2144 2838 2173 2867 in
2184 2838 2318 2875 ejusmodi
2327 2839 2417 2878 bello,

1312 2868 1392 2904 cujus
1405 2869 1495 2898 exitus
1504 2879 1538 2898 ex
1549 2869 1633 2899 altera
1643 2877 1720 2908 parte
1731 2872 1839 2901 caedem
1850 2872 1988 2909 ostentat,
2008 2884 2045 2904 ex
2060 2875 2144 2906 altera
2154 2876 2322 2908 servitutem.

1291 2905 1410 2936 Patrare.
1431 2906 1521 2936 Tacit.
1535 2917 1560 2937 2.
1576 2908 1644 2937 Ann.
1657 2917 1702 2945 39.

1290 2941 1429 2973 Perimere
1440 2945 1515 2974 caede
1525 2955 1588 2975 una.
1613 2944 1686 2984 Virg.
1700 2954 1725 2982 9.
1739 2947 1800 2978 AEn.
1813 2954 1879 2985 4⁷53.

1289 2980 1448 3019 Perpetrare
1459 2983 1573 3013 caedem.
1613 2983 1648 3013 In
1668 2995 1682 3013 P
1692 2995 1706 3014 Β
1714 2995 1730 3014 R
1740 2995 1755 3014 P
1765 2996 1778 3014 n
1788 2995 1807 3014 Τ
1816 2996 1833 3015 R
1841 2996 1868 3016 o.

1291 3018 1423 3055 Quaerere
1434 3021 1549 3050 caedem.
1592 3020 1650 3052 Cic.
1665 3032 1707 3052 12.
1720 3023 1794 3053 Fam.
1807 3033 1833 3054 2.
1856 3024 2055 3055 Caedemenim
2067 3026 2202 3064 gladiator
2213 3028 2320 3065 quaetit.

1289 3056 1402 3095 Spectat
1411 3068 1453 3087 res
1467 3059 1502 3087 ad
1515 3059 1629 3089 caedem.
1670 3060 1728 3090 Cic.
1741 3072 1765 3102 5.
1781 3063 1834 3092 Att.
1847 3068 1889 3097 18.
1912 3062 1987 3094 Mihi
1998 3065 2088 3094 resad
2097 3065 2203 3096 caedem
2215 3088 2223 3101 ‚
2245 3068 2343 3097 &eam
2351 3067 2415 3105 qul.

1310 3095 1376 3124 dem
1385 3097 1572 3134 propinquam
1581 3097 1702 3135 fpestare
1713 3100 1832 3130 videtur.

1288 3132 1417 3163 Sternere
1427 3135 1503 3164 caede
1511 3135 1592 3164 viros.
1618 3135 1689 3174 Virg.
1704 3147 1746 3166 10.
1760 3137 1821 3167 IEn.
1837 3147 1899 3174 119.

1288 3171 1422 3201 Suscitare
1434 3173 1548 3203 caedem.
1573 3173 1643 3211 Virg.
1657 3184 1698 3204 12.
1714 3175 1775 3205 AEn.
1786 3181 1850 3211 498.

1286 3207 1397 3246 Tepere
1408 3219 1423 3238 a
1435 3211 1520 3240 caede.
1548 3211 1633 3241 Ovid.
1645 3223 1671 3247 4.
1683 3211 1753 3242 Met.
1767 3218 1800 3242 16
1821 3236 1828 3243 .

1287 3246 1388 3277 Vivere
1400 3248 1429 3277 in
1441 3249 1534 3284 caede,
1555 3256 1638 3286 atque
1648 3259 1683 3279 ex
1691 3252 1776 3280 caede.
1823 3251 1857 3280 ic.
1874 3261 1924 3288 pro
1935 3250 2013 3282 Rosc.
2025 3253 2172 3289 Amet-78.

1284 3283 1383 3315 Caedes
1395 3307 1403 3320 ‚
1426 3296 1477 3324 pro
1486 3287 1635 3324 Sanguine.
1658 3288 1741 3318 Ovid.
1755 3300 1780 3324 4.
1798 3289 1942 3331 Met-125.

1367 3323 1480 3353 Arborei
1492 3324 1575 3354 foetus
1586 3325 1729 3363 aspergine
1741 3327 1825 3355 caedis
1839 3348 1847 3361 ‚
1868 3336 1898 3354 in
1908 3332 1993 3355 atram

1363 3359 1514 3392 Vertuntur
1529 3363 1638 3393 faciem.
1723 3364 1740 3392 i.
1755 3374 1778 3393 e.
1801 3364 1948 3400 Sanguinis
1959 3363 2121 3401 aspersione.

1284 3394 1377 3429 Locus
1387 3400 1483 3438 tepida
1495 3401 1571 3430 caede
1582 3411 1688 3431 recens.
1712 3401 1783 3438 Virg.
1793 3412 1818 3436 9.
1832 3402 1925 3437 AEn.>4
1946 3406 1971 3430 6.
2202 3437 2204 3439 ‚
2288 3440 2291 3442 q

1480 3439 1677 3476 ——tepidaque
1686 3447 1827 3468 recentem
1946 3439 2005 3468 aede
2017 3438 2127 3469 *locum*
2209 3442 2229 3472 i.
2239 3448 2266 3473 e.
2295 3439 2408 3483 Tepido

1302 3473 1444 3511 sanguine.
1485 3476 1644 3505 Imitatione
1655 3477 1747 3506 Graeca
1756 3477 1858 3506 factum
1870 3476 1923 3511 est,
1945 3477 2019 3513 apud
2036 3487 2106 3514 quos
2117 3480 2196 3509 visi&
2207 3502 2216 3516 ‚
2238 3484 2313 3519 quod
2327 3494 2409 3514 voca-

1303 3512 1401 3542 bulum
1413 3513 1519 3543 caedem
1531 3515 1663 3551 significat
1673 3536 1681 3549 ‚
1703 3515 1810 3550 sanguis
1820 3523 1931 3551 quoque
1941 3515 2051 3545 dicitur.
2092 3515 2250 3549 Turnebus.
2288 3521 2329 3552 Al.
2353 3522 2409 3552 Te-

1299 3550 1455 3587 pidumque
1467 3552 1581 3581 recenti.
1606 3552 1636 3581 V.
1658 3552 1732 3581 Serv.
1746 3554 1771 3580 ὁὶ
1782 3551 1850 3580 Pier.

2056 983 2149 1015 Caede.

2029 1357 2164 1391 Prosiluit.

1893 1861 1931 1869 -—·-
1940 1846 2072 1887 saevaeque
2084 1850 2236 1883 avidissima
2244 1855 2337 1886 caedis.

1280 3586 1361 3625 Ligni
1371 3596 1452 3626 atque
1463 3589 1604 3618 frondium
1613 3590 1717 3618 caedem
1728 3590 1816 3618 facere
1826 3611 1833 3625 ,
1856 3589 1928 3618 dixit
1940 3589 2046 3619 Gellius
2061 3601 2102 3628 19.
2117 3600 2160 3622 12.
2182 3593 2266 3631 ‘Quia
2277 3595 2353 3634 ligna
2365 3598 2407 3628 di.

1302 3634 1404 3655 cuntur
1419 3627 1487 3655 caedi
1501 3637 1516 3656 a
1530 3627 1664 3656 Cicerone
1675 3629 1701 3656 ἃ
1715 3627 1784 3655 aliis.
1807 3627 1855 3656 ubi
1873 3627 1994 3657 Grono'v.
2018 3628 2049 3658 V.

1243 3663 1268 3692 C
1277 3674 1301 3692 ie
1309 3674 1328 3692 D
1338 3674 1352 3692 r
1361 3673 1379 3692 c
1388 3674 1406 3692 υ
1417 3675 1433 3693 L
1443 3673 1461 3691 Α
1472 3686 1481 3699 ‚
1503 3675 1534 3693 ιε.
1556 3665 1574 3694 f.
1595 3664 1678 3693 Parva
1690 3664 1787 3693 credes.
1811 3664 1920 3694 Cathol.
2188 3680 2191 3681 ⁷

1245 3700 1328 3730 Cffln
1338 3712 1355 3729 u
1368 3712 1385 3730 u
1396 3712 1407 3730 s
1419 3723 1426 3736 ‚
1449 3712 1478 3737 a,
1501 3712 1556 3731 um.
1580 3702 1639 3737 Adj.
1663 3702 1816 3737 [memor]
1837 3710 1868 3731 ut
1879 3724 1886 3737 ‚
1921 3703 2023 3733 Caedua
2032 3704 2096 3735 silva
2107 3727 2116 3741 ‚
2146 3707 2217 3744 Quae
2236 3709 2354 3740 haberat
2374 3712 2404 3741 im

1734 3699 1745 3705 Λ
1775 3698 1779 3707 ι

1282 3747 1346 3768 eum
1358 3738 1435 3768 usum
1448 3761 1455 3773 ‚
1478 3746 1506 3767 ut
1519 3740 1631 3768 materia
1642 3742 1763 3768 ccedatur
1776 3749 1811 3768 ex
1822 3749 1863 3769 ea.
1896 3737 1963 3770 Plin.
1977 3741 2025 3771 lib.
2043 3748 2084 3780 1¹3.
2098 3753 2158 3782 cap.
2169 3757 2196 3781 4.
2220 3746 2330 3778 Caeduae
2342 3749 2406 3787 apat-

1280 3786 1387 3805 marum
1401 3776 1479 3805 silvae.
1501 3776 1639 3806 Columel.
1651 3776 1699 3805 lib.
1713 3786 1737 3812 3.
1757 3786 1817 3814 cap.
1831 3787 1854 3814 3.

1280 3815 1399 3844 Arbores
1410 3814 1520 3842 oreduae.
1564 3814 1731 3851 Papinianus
1750 3815 1777 3843 in
1793 3816 1810 3844 l.
1833 3815 1967 3845 Divortio.
1989 3817 2011 3854 §.
2035 3818 2063 3847 Si
2080 3819 2210 3850 fundum.
2246 3822 2279 3851 D.
2301 3824 2402 3854 'Soluto

1299 3852 1479 3881 matrimonio
1489 3873 1497 3885 ‚
1520 3851 1588 3880 Puto
1598 3860 1691 3881 autem
1703 3852 1719 3880 si
1733 3852 1842 3883 arbores
1857 3854 1961 3884 caeduae
1972 3854 2085 3886 suerunt
2095 3879 2103 3893 ,
2123 3858 2169 3888 vel
2179 3861 2340 3898 grem'ules,
2361 3863 2404 3892 di.

1299 3891 1325 3922 ci
1334 3895 1444 3926 oportet
1455 3910 1463 3922 ,
1484 3889 1513 3916 in
1522 3889 1642 3918 fructum
1652 3890 1759 3919 cedere.

1280 3927 1354 3958 Silva
1364 3926 1472 3963 caedua,
1495 3936 1555 3963 quae
1565 3927 1690 3966 dicatur,
1711 3929 1795 3995 doce&
1808 3928 1907 3960 Paulus
1917 3930 1946 3960 in
1957 3929 1975 3961 l.
1996 3930 2071 3962 Silva
2079 3933 2184 3965 caedua,
2208 3935 2241 3966 D.
2255 3937 2290 3967 de
2301 3936 2404 3967 Verbo-

1804 3976 1842 3997 cc
1861 3976 1879 3996 τι
2343 3985 2405 4005 rum
