2641 4187
31 1643 37 1674 ἐ

30 1680 38 1691 0

504 141 532 176 A
628 141 652 175 B
748 141 769 176 S

82 228 153 264 quaii
166 237 180 256 a
190 227 256 256 sono
269 226 389 256 alienum
399 246 407 259 ,
427 222 472 252 vel
484 221 550 251 sono
565 221 730 256 absurdum,
761 228 792 251 ut
803 221 863 251 vox
877 221 977 252 absona
988 244 996 258 ,
1017 221 1196 260 Repugnnns,

81 268 108 296 ὑὶ
120 265 190 293 male
202 264 378 294 conveniens.

81 303 236 337 Absonuin,
263 301 327 330 Sine
340 299 415 327 sono.
451 297 507 326 Cic.
525 307 546 326 1.
564 296 598 325 (le
614 296 690 339 Orat.
709 304 768 330 115.
815 290 868 325 S'cd
888 295 949 326 sunt
966 297 1078 334 quidam
1098 303 1144 326 aut
1162 297 1199 325 111

100 340 193 375 lingua
210 338 380 371 hzeli'tantesz,
407 341 454 364 aut
464 335 501 363 ita
513 342 580 363 voce
591 333 683 362 absoni
695 355 702 366 ,
724 341 771 362 aut
783 334 819 362 ita
833 334 909 362 vultu
925 342 1059 371 motuque
1076 335 1198 371 corporis·

100 378 164 407 vasti
177 382 257 413 :itque
272 375 385 411 agrestes
398 395 405 408 ,
431 379 462 401 ut
480 372 561 400 etiam
578 370 593 399 11
612 371 729 402 itizeniis
745 377 826 408 atque
841 378 896 400 arte
911 372 1037 406 valeant,
1058 378 1151 400 tamen
1171 372 1199 399 in

102 421 240 444 oratorum
254 420 399 441 numerum
411 410 504 439 venire
519 418 574 437 non
587 408 696 446 pollint.
730 407 850 437 Nonius.
888 410 1001 445 [Immo
1020 409 1095 438 Voce
1106 408 1199 438 absoni

102 452 165 482 sunt
177 447 326 481 κφκέὼωνοι,
346 458 414 477 voce
426 447 546 479 insuavi,
569 447 735 483 ingrataque.

52 506 54 509 v
84 490 194 520 Clamor
208 487 343 519 absonus,
363 485 500 515 Dillbnus.
531 483 650 520 Quintil.

84 527 203 558 Tectum
213 524 354 554 absonum.
388 523 494 551 Lucret.
509 521 556 550 lib.
569 533 594 555 4.
615 531 675 555 520.

85 563 153 594 Vox.
177 563 234 592 Cic.
249 560 294 590 lib.
308 571 330 595 3.
348 560 383 589 de
394 561 469 589 Oi·.1t.
484 565 526 595 38.
563 558 624 587 Vox
636 567 712 587 extra
721 557 836 587 modum
848 557 948 588 absona
959 564 1042 596 atque
1053 556 1177 588 absurda.

85 602 191 633 Absona
204 600 320 629 fortunis
333 599 412 627 dieta.
444 597 510 626 Hor.
529 597 555 624 in
574 598 633 625 Arte
649 596 722 625 Poet.
738 605 798 624 112.

164 639 190 668 Si
203 637 320 667 dicentis
331 642 411 665 erunt
421 635 537 664 fortunis
547 634 646 663 absona
657 634 738 662 dicei.
789 632 818 661 ld
829 634 876 665 est.
890 633 985 662 Parum
995 632 1198 662 convenientia.

85 674 225 709 Absonus',
255 684 304 713 per
324 673 530 711 metaphoram,
562 682 611 709 pro
631 671 762 705 Alienus,
792 671 843 700 sive
863 671 1003 700 disserens.
1044 670 1100 700 Liv.
1118 679 1141 707 7.
1166 668 1201 698 ab

105 713 177 744 Urbe
186 736 194 749 ,
215 714 275 742 Nec
286 711 377 740 absoni
389 722 404 740 a
416 720 485 739 voce
497 716 588 739 motus
598 716 683 738 erunt.

86 751 223 782 Absonuin
242 750 323 783 111161,
343 749 370 778 id
384 749 438 782 est,
460 748 723 787 lr'ideigepugnans,
745 745 866 774 alienum
881 756 896 774 a
912 746 983 779 fide,
1012 746 1126 775 minime
1146 753 1204 773 cre-

105 789 237 819 dendum.
251 787 306 816 Liv.
315 797 335 815 1.
348 786 382 816 ab
391 786 464 815 Urbe
479 796 518 820 ις.
537 785 664 817 0110111111
675 783 744 812 nihil
753 783 885 812 absonum
897 783 958 812 fidei
970 784 1070 812 divinae
1079 782 1201 819 originis.

0 853 5 861 .
51 829 205 861 Ansom..
229 825 294 854 Adv.
318 825 396 862 Apul.
412 823 488 861 Apol.
503 817 604 860 pf‘i76.
643 820 748 850 Absone
759 820 905 850 &indocte
917 823 1103 859 pronuntiare.
1129 818 1200 849 Gell.

92 875 132 900 15.
151 874 195 900 25.
232 862 353 892 Absurde
370 869 451 899 utque
466 861 566 890 absone
582 860 692 897 tingere.

51 903 113 934 Ass
122 905 139 932 ὁ
150 911 169 931 N
178 907 195 928 0
205 923 213 936 ,
234 904 287 930 are.
312 900 479 929 Discordare.
507 897 614 927 Caithol.

88 939 245 971 Absonans,
267 938 295 967 id
312 939 366 973 est,
394 937 525 967 Absonus.
561 934 658 971 Jullin.
679 934 763 963 instit.
783 942 808 964 2.
828 939 848 962 t.
862 944 905 969 25.

105 978 211 1007 ratione
225 975 418 1005 codicillorum
428 973 500 1003 usus.

51 1017 95 1048 AB
104 1025 115 1045 s
124 1025 141 1044 o
150 1025 169 1044 N
178 1025 197 1043 A
205 1023 226 1043 N
236 1024 254 1042 'r
262 1025 270 1042 1
278 1024 297 1042 A
307 1036 315 1049 ,
336 1014 354 1042 f.
376 1011 574 1047 Discordantia.
602 1007 709 1038 Cathol.

51 1055 95 1085 AB
104 1063 140 1082 so
149 1063 164 1081 R
173 1063 188 1081 s
197 1062 211 1081 F.
220 1062 236 1081 0
246 1074 254 1087 ,
277 1051 303 1080 ui
318 1053 343 1081 ἃ
358 1049 395 1088 psi
406 1073 413 1086 ,
434 1055 512 1087 ptum
523 1071 530 1083 ,
553 1045 668 1083 [ῥοιβδῖω
678 1066 686 1077 ,
707 1041 824 1077 mbo-rivas
834 1067 840 1076 ‚
858 1044 1025 1083 ἁμφιχαένω]
1046 1049 1100 1076 Ere.
1123 1045 1207 1083 Quasi

87 1090 225 1120 sorbendo
236 1089 384 1119 absumere.
420 1087 530 1124 Proprie
541 1085 642 1114 dicitur
655 1083 689 1113 de
702 1083 782 1112 rebus
794 1083 913 1120 liquidis.
946 1084 1014 1114 Plin.
1029 1095 1052 1121 9.
1071 1094 1113 1121 35.
1154 1084 1208 1113 De-

88 1130 206 1158 tractum
216 1128 350 1156 unionem
360 1125 450 1154 mersit
461 1134 491 1153 ac
502 1123 531 1152 11(
542 1124 680 1152 uesaCtum
695 1120 842 1150 absorbuit.
872 1122 951 1151 ldem
964 1122 1012 1151 lib.
1029 1132 1070 1151 11.
1088 1131 1147 1159 cap.
1162 1131 1204 1157 35.

90 1167 210 1197 Araneus
225 1173 338 1194 omnem
355 1162 500 1192 humorem
515 1134 662 1190 absorbens
672 1180 680 1195 ,
702 1159 858 1188 ariditatem
871 1159 992 1197 ampliat.
1033 1159 1208 1189 Transfertur

74 1223 75 1227 =
90 1213 201 1242 quoque
214 1203 249 1232 ad
261 1201 320 1231 alia.
352 1200 455 1230 Lucan.
470 1199 517 1228 lib.
530 1210 555 1234 4.
570 1208 595 1227 v.
609 1204 652 1233 98.

166 1241 227 1277 Jam
238 1238 354 1273 tumuli,
375 1237 514 1275 collesque
526 1236 613 1265 latent
625 1246 631 1265 2
654 1235 709 1271 jam
720 1235 835 1264 flumina
846 1236 945 1264 cunt-”ta

166 1277 301 1308 Condidit
315 1286 369 1305 una
383 1275 461 1313 palus
470 1297 478 1311 ,
499 1274 625 1311 vastaque
637 1274 768 1310 voragine
779 1272 886 1301 mersit:

164 1314 301 1352 Absorpsit
309 1314 420 1352 penitus
431 1323 512 1351 rupes
522 1334 530 1347 ,
553 1322 585 1341 ac
598 1313 670 1340 tecta
680 1311 800 1340 ferarum

164 1353 282 1383 Detulit.
377 1352 435 1380 Cic.
450 1352 476 1379 in
494 1351 650 1383 Brutongz.
690 1348 746 1378 Sed
763 1348 838 1377 hunc
849 1357 960 1386 quoque
978 1349 1118 1379 absorbuit
1132 1348 1209 1378 aestus

89 1389 202 1430 quidam
216 1400 273 1419 non
284 1389 399 1419 insolitus
413 1387 633 1418 adolescentibus
649 1385 750 1424 gloriae.

53 1430 282 1463 ABSORPTUS,
306 1427 384 1465 Vulg.
406 1427 521 1464 Interpr.
537 1427 619 1455 Num.
638 1435 677 1453 11.
695 1434 719 1453 2.
746 1434 768 1453 1.
783 1423 845 1452 Cor.
862 1431 902 1459 ις.
922 1434 963 1458 ς4.
1203 1457 1204 1460 ¹

53 1469 97 1499 AB
105 1477 117 1497 s
125 1477 142 1496 o
152 1477 167 1496 R
175 1477 190 1495 P
199 1476 217 1495 r
225 1477 234 1494 1
242 1476 259 1495 o
267 1488 275 1500 ,
293 1465 311 1495 f.
336 1465 397 1494 Vox
405 1464 464 1494 haec
473 1465 543 1494 forte
553 1462 719 1492 restituenda
730 1462 776 1497 est,
792 1462 905 1490 Sueton.
918 1461 1021 1490 Neron.
1033 1471 1092 1500 cap.
1103 1470 1147 1498 27.
1160 1460 1211 1490 ubi

90 1505 192 1542 vulgati
208 1503 331 1533 Absortio
342 1502 447 1532 rosaria.
484 1503 603 1539 Apparet
618 1500 734 1537 intelligi
746 1509 856 1528 coenam
870 1499 917 1528 ubi
933 1500 996 1528 rosae
1010 1499 1053 1528 vel
1070 1499 1157 1538 parati
1175 1507 1210 1528 ex

91 1542 155 1572 rosis
173 1542 293 1579 liquores
309 1539 460 1570 abundant.
499 1538 576 1576 [sed
594 1549 609 1567 a
620 1537 735 1575 limplici
747 1537 777 1566 fit
788 1537 916 1566 Sorbitio.

53 1579 233 1614 Ausones,
254 1577 387 1616 [Αυψορζυκ
401 1577 414 1614 ]
442 1576 532 1607 Insula
547 1577 584 1606 est
601 1576 631 1605 in
645 1576 712 1605 inari
729 1576 886 1610 Adriatico,
915 1574 1053 1605 Liburniae
1070 1575 1209 1610 adjacens,

94 1627 159 1648 cum
171 1618 277 1656 oppido
287 1617 413 1651 eiusdem
424 1616 554 1645 nominis.
592 1612 740 1651 Utriusque
751 1613 879 1642 meminit
890 1613 1003 1642 Ptolem.

55 1656 212 1692 AssQua,
242 1655 326 1692 Praep.
346 1653 465 1683 ablativa
492 1652 589 1689 [hac.
611 1646 708 1687 neeis,
734 1647 809 1686 δῖχα]
840 1651 918 1680 Idem
932 1652 1007 1688 quod
1026 1651 1098 1680 Sine.
1137 1647 1210 1680 Nam

91 1693 158 1723 teste
170 1693 293 1723 Priscian.
306 1692 354 1721 lib.
369 1702 411 1727 14.
448 1690 556 1728 Absque
567 1692 593 1720 ἃ
602 1690 667 1719 Sine
679 1689 782 1718 habent
792 1688 964 1718 consimilem
974 1688 1210 1726 significationem,

92 1728 153 1769 qute
170 1731 208 1760 est
218 1730 358 1768 negativa:
388 1736 436 1764 ut,
457 1729 565 1766 Absque
576 1728 683 1763 injuria.
715 1726 800 1755 Plaut.
814 1726 951 1755 Menaech.
968 1738 991 1762 5.
1011 1736 1036 1764 7.
1055 1736 1097 1763 33.
1138 1726 1212 1755 Nam

92 1768 195 1806 absque
208 1776 236 1798 te
251 1769 267 1797 11
282 1767 389 1797 fuill'em
403 1767 486 1796 hodie
497 1789 504 1802 ,
526 1775 667 1803 nunquam
679 1764 713 1793 ad
726 1763 810 1793 solem
824 1764 950 1793 occasum
964 1765 1095 1794 viverem.

92 1807 201 1844 Absque
212 1813 239 1836 te
249 1806 329 1841 ellet,
347 1805 449 1842 absque
459 1815 492 1834 60
503 1805 588 1838 foret,
605 1803 650 1832 vel
659 1802 733 1832 esset.
757 1802 820 1842 Ter.
834 1802 942 1831 Phorm.
959 1813 979 1831 1.
995 1814 1021 1838 4.
1039 1812 1079 1831 11.
1101 1810 1212 1830 —nam

110 1844 214 1881 absque
222 1850 256 1873 60
268 1843 348 1878 elset,
367 1845 439 1872 reete
451 1853 502 1880 ego
513 1842 582 1871 inihi
591 1839 725 1869 vidiil'ein.
755 1837 804 1868 Pro
815 1849 849 1868 eo
861 1840 935 1876 quod
947 1840 985 1869 est
994 1862 1002 1874 ,
1022 1839 1078 1869 Nisi
1089 1848 1139 1877 per
1147 1848 1213 1867 eum

112 1882 242 1912 stetiffet:
275 1882 323 1911 nisi
342 1880 387 1910 ille
405 1880 554 1909 obstitiss‘et.
593 1879 674 1908 Idem
688 1878 756 1907 Hec.
771 1890 797 1912 4.
816 1887 840 1906 2.
863 1888 907 1912 25.
948 1878 1041 1914 Quam
1057 1877 1212 1905 fortunatus

112 1921 218 1951 caeteris
227 1919 286 1949 sum
302 1919 399 1954 rebus,
420 1919 522 1955 absque
532 1927 588 1947 una
599 1917 648 1945 hac
668 1916 745 1944 soret.
776 1916 807 1944 V.
824 1916 861 1944 ibi
874 1915 971 1944 Donat.
986 1915 1071 1944 Plaut.
1083 1913 1210 1944 Trinum.

111 1970 140 1995 4.
156 1969 178 1987 1.
195 1967 234 1994 ις.
272 1957 344 1986 Num
356 1956 457 1994 absque
468 1957 538 1985 foret
547 1963 574 1985 te
584 1977 592 1989 ,
610 1954 648 1983 sat
660 1954 714 1982 scio
726 1955 754 1982 in
765 1953 820 1983 alto
832 1953 1020 1983 distraxissent.
1041 1953 1119 1982 Idem
1128 1952 1211 1981 Bach.

112 2007 139 2063 ἒ.
156 2006 178 2032 3.
191 2002 216 2030 3.
254 1996 327 2025 Nam
344 1995 447 2032 absque
460 2001 488 2024 te
499 1994 565 2024 esset
575 2015 583 2028 ,
603 2002 655 2030 ego
669 1990 749 2020 illum
763 1992 894 2021 haberem
906 1993 1012 2021 rectum
1023 1991 1058 2020 ad
1070 1991 1214 2028 ingenium

133 2044 227 2063 onum.

94 2071 146 2102 Pro
163 2072 344 2107 Praeterquam
355 2070 494 2108 usurpavit
509 2068 595 2099 Solin.
612 2079 670 2108 cap.
687 2073 731 2105 46.
754 2066 789 2097 de
801 2068 931 2097 Phoenice
946 2066 1079 2104 loquens:
1108 2066 1216 2096 Postera

112 2116 190 2150 parte
203 2118 358 2147 purpureus
375 2108 478 2145 absque
508 2108 559 2142 (id
575 2107 631 2143 est,
659 2108 799 2144 Excepta,
827 2112 858 2135 ut
872 2105 1001 2134 Schottus
1020 2106 1216 2142 interpret.itur

113 2158 142 2186 p.
158 2153 204 2183 103
214 2157 236 2183 3.
259 2145 334 2184 Phys.
347 2146 432 2178 Cur.)
453 2143 540 2175 cauda
549 2145 577 2174 in
589 2156 642 2182 qua
658 2145 739 2175 roseis
749 2145 848 2182 pennis
860 2143 993 2172 caeruleus
1008 2141 1164 2172 inscribitur
1175 2142 1216 2170 ni-

114 2192 166 2215 tor.
196 2185 289 2222 Quem
298 2184 333 2213 ad
343 2184 396 2213 loc.
410 2184 515 2213 Camer.
527 2184 564 2212 ita
573 2206 581 2218 ,
598 2184 662 2212 Non
672 2183 733 2212 vult
742 2182 853 2212 Solinus
864 2181 934 2210 hanc
945 2181 1038 2210 alitem
1048 2181 1100 2210 effe
1112 2181 1214 2217 absque

115 2222 202 2253 cauda
211 2245 219 2258 ,
239 2223 286 2251 sed
297 2232 358 2251 eam
368 2222 421 2251 effe
432 2221 534 2259 ubique
546 2221 646 2251 coloris
660 2218 808 2259 purpurei,
829 2226 1011 2257 praeterquam
1023 2219 1051 2248 in
1062 2219 1158 2248 cauda.

57 2262 264 2292 AnsTemus
275 2282 282 2295 ,
299 2270 329 2296 a,
344 2270 402 2294 um.
425 2260 557 2296 [κομῶν]
578 2260 686 2288 Dicitur
696 2260 729 2288 ab
741 2258 909 2287 Abstinentia
919 2257 1032 2292 temeti,
1053 2257 1119 2286 teste
1130 2255 1215 2285 Fabio

96 2299 146 2329 lib.
162 2309 184 2328 1.
201 2308 260 2336 cap.
274 2306 298 2335 7.
334 2298 396 2327 Hoc
407 2298 461 2331 est,
483 2297 539 2334 Qui
552 2298 617 2326 vino
636 2297 752 2326 abstinet
767 2306 850 2332 quem
861 2295 948 2324 Graeci
962 2295 1034 2321 &aaron
1045 2315 1052 2325 ‚
1073 2293 1214 2333 Apuleius,

98 2337 224 2367 Graecum
241 2336 312 2373 quafi
333 2336 544 2373 interpretatus,
576 2335 716 2365 Invinium
735 2333 823 2364 Miles.
846 2332 893 2362 lib.
918 2343 957 2362 11.
983 2340 1011 2370 p.
1031 2337 1094 2367 286.
1123 2338 1213 2361 vocat.

97 2375 182 2404 Vetus
196 2373 279 2404 Gloff.
296 2373 465 2407 Abstemius,
493 2375 502 2399 ὸ
518 2377 550 2401 μὴ
568 2371 668 2408 μετέχων
685 2384 741 2399 ocis.
783 2371 866 2401 Ovid.
885 2381 924 2406 15.
944 2370 1011 2400 Met.
1027 2379 1088 2408 323.

183 2412 253 2441 Vina
264 2412 335 2449 fugit
344 2434 352 2446 ,
374 2412 530 2449 gaudetque
543 2411 624 2440 meris
636 2408 782 2440 abstemius
795 2409 886 2438 undis.

948 933 1087 963 Absonans
1106 943 1122 962 a
1138 932 1204 968 juris

46 2464 48 2466 ’
98 2449 169 2480 Gell.
184 2449 232 2479 lib.
247 2460 287 2479 10.
304 2459 364 2487 cap.
378 2459 423 2486 23.
463 2449 521 2485 Qui
538 2448 573 2477 de
588 2449 662 2478 victu
674 2454 756 2486 atque
773 2447 850 2477 cultu
866 2447 930 2483 Pop.
944 2445 1024 2475 Rom.
1041 2443 1214 2483 scripserunt,

56 3050 59 3066 l

115 2488 245 2517 mulieres
255 2487 352 2517 Romae
367 2495 448 2524 atque
459 2487 488 2516 in
500 2485 578 2515 Latio
590 2493 698 2515 aetatem
710 2485 852 2516 abstemias
866 2483 956 2521 egiffe.
996 2483 1059 2513 Hoc
1075 2484 1113 2513 est
1122 2506 1129 2518 ,
1149 2485 1216 2513 vino

116 2524 222 2564 semper
231 2548 239 2560 ,
264 2525 341 2562 quod
350 2525 500 2555 Temetum
511 2524 596 2562 prisca
610 2523 704 2562 lingua
714 2535 729 2554 a
751 2522 904 2562 pellabatur
913 2544 921 2556 ,
943 2520 1098 2550 abstinuisse
1108 2522 1214 2551 dicunt.
1228 2553 1233 2559 ,

751 2568 762 2591 t
777 2560 939 2591 mulieribus
954 2560 1013 2588 vini
1026 2559 1170 2589 abstemiis.

98 2600 246 2632 Prandium
260 2601 430 2630 abstemium.
473 2600 505 2629 V.
521 2600 553 2630 ln
573 2610 735 2629 vnANniu
745 2611 774 2629 M.

71 2658 73 2664 ·
100 2639 242 2670 Abstinens
253 2638 420 2683 simpliciter.
449 2636 517 2667 Hor.
530 2638 611 2676 Epist.
627 2648 648 2667 1.
669 2648 710 2667 12.
728 2647 753 2674 7.

178 2677 207 2706 Si
219 2677 289 2706 forte
303 2687 333 2706 in
345 2676 439 2706 medio
454 2676 604 2713 positorum
617 2676 763 2705 abstemius
775 2673 865 2704 herbis

98 2563 250 2594 Absteinius
260 2563 331 2592 Vini.
364 2563 431 2592 Plin.
450 2562 496 2591 lib.
510 2572 553 2591 22.
575 2572 634 2600 cap.
649 2572 693 2598 24.

946 2672 1028 2704 Vivis.

101 2713 231 2758 Sobrius,
249 2720 406 2753 temperans
416 2737 423 2751 ,
443 2713 543 2744 salibus
554 2714 707 2748 modestus,
728 2713 792 2742 felle
805 2712 882 2741 nullo
895 2712 1023 2749 perlitus,
1039 2711 1095 2740 vini
1107 2709 1218 2749 cibique
1235 2722 1238 2726 ’

121 2751 274 2782 abstemius.
290 2750 398 2782 Auson.
415 2752 601 2782 Commemor.
618 2751 725 2781 Proseis.
738 2749 874 2787 Burdigai.
891 2752 926 2779 de
938 2749 1011 2779 Attio
1022 2749 1123 2778 Patera.

102 2789 225 2829 Jejunus.
256 2790 364 2820 Dicitur
383 2796 446 2819 ante
462 2789 557 2819 horam
567 2788 718 2818 secundam
729 2787 784 2818 diei
799 2789 909 2824 jeiunus
929 2788 1020 2817 adhuc
1034 2789 1060 2817 Sc
1071 2787 1218 2816 abstemius

122 2828 309 2858 testimonium
327 2828 489 2857 vendidisse.
528 2827 608 2865 Apul.
635 2827 715 2865 Apol.
740 2837 767 2864 p.
789 2836 851 2861 311.
897 2825 928 2854 V.
952 2824 1056 2854 Paulin.
1086 2825 1167 2862 Epist.
1190 2835 1216 2862 7.

122 2864 241 2909 Videant
254 2875 318 2904 ergo
329 2867 376 2904 qui
393 2875 443 2895 nos
455 2875 513 2894 non
527 2875 609 2894 mane
619 2864 704 2901 ebrii,
724 2865 771 2894 sed
781 2864 892 2902 vespere
902 2863 990 2900 jejuni
1000 2885 1008 2898 ,
1027 2862 1080 2892 nec
1092 2863 1218 2911 lgesterno

123 2903 210 2933 inflati
220 2925 228 2939 ,
248 2903 294 2932 sed
304 2904 439 2933 hodierno
450 2903 582 2932 abstemii.

67 2943 273 2976 Assrmzco,
291 2942 331 2977 is,
352 2943 378 2972 ὅ(
396 2943 625 2976 Ass'rsizcso,
644 2950 688 2976 63,
703 2939 740 2976 fi,
759 2937 1057 2975 10111.[>ίπμέςγνυμι,
1077 2934 1218 2971 &mad-Plu,

103 2978 236 3013 λ’πῑᾱξιΐω,
256 2978 407 3016 imo-unffi]
436 2978 602 3016 Detergere,
622 2988 748 3016 purgare.
772 2977 835 3007 Ter.
855 2977 924 3006 Eun.
937 2988 963 3012 4.
985 2984 1010 3013 7.
1033 2986 1058 3011 9.
1100 2975 1158 3012 Qui
1174 2976 1221 3006 ab-

102 3017 155 3048 ster
173 3025 248 3046 erem
259 3013 382 3046 vulnera.

103 3055 143 3086 Ab
157 3063 260 3121 gergglertls
277 3053 419 3091 dolorem,
439 3065 489 3093 per
501 3052 718 3085 translationem.
753 3052 811 3082 Cic.
831 3052 905 3082 fratr.
922 3051 971 3081 lib.
991 3060 1016 3081 2.
1035 3060 1077 3080 10.
1114 3050 1221 3081 Abster-

141 3103 155 3122 e
177 3102 194 3122 0
229 3102 244 3121 0
258 3102 341 3122 016111.

139 3130 315 3168 gritudinem.
351 3129 383 3159 V.
402 3130 474 3160 Infra
492 3139 734 3159 ABSTERGENS.

103 3168 262 3200 Fastidium.
286 3167 355 3197 Plin.
369 3167 418 3197 lib.
430 3178 473 3197 20.
490 3177 550 3206 cap.
565 3178 588 3204 5.

103 3205 221 3241 Fletum.
252 3205 310 3235 Cic.
326 3216 346 3234 1.
365 3204 446 3235 Acad.
463 3215 503 3241 34.

103 3243 257 3275 Labellum.
286 3243 372 3272 Plaut.
385 3243 454 3272 Asin.
465 3253 510 3279 4¹·
531 3252 572 3280 52.

52 3318 59 3320 ,
104 3282 230 3313 Luctum.
263 3281 356 3318 Cic.3.
373 3280 453 3311 Tusc.
468 3291 512 3317 43.

48 3639 53 3652 5

105 3321 224 3351 Merum.
255 3319 311 3349 Cic.
330 3330 371 3348 11.
386 3318 459 3349 fam.
473 3328 518 3353 23.

106 3357 254 3389 molestias.
286 3358 343 3387 Cic.
361 3357 396 3386 de
412 3358 520 3386 Sene-ft.
539 3365 600 3395 cap.
614 3365 637 3387 1.
682 3375 686 3378 -

106 3396 226 3426 Succum
238 3394 314 3425 villo.
346 3395 413 3424 Plin.
432 3394 479 3423 lib.
498 3405 537 3424 12.
560 3404 618 3433 cap.
635 3403 675 3432 17.

106 3432 249 3465 Interdum
260 3433 336 3462 idem
347 3433 385 3462 est
393 3443 425 3462 ac
435 3432 454 3462 F
457 3442 568 3469 tangere
579 3433 624 3462 vel
639 3429 811 3462 Abscindere.
834 3430 868 3468 Q.
882 3426 956 3459 Curt.
971 3436 995 3463 9.
1008 3436 1033 3464 9.
1048 3429 1091 3457 16.
1120 3425 1223 3457 Collidi

110 3481 113 3490 ¹
126 3473 198 3501 inter
205 3471 232 3500 se
243 3471 351 3506 Naves,
371 3470 569 3508 abstergerique
579 3470 698 3500 invicem
714 3468 779 3499 remi
792 3474 947 3507 coeperunt.
977 3465 1008 3495 V.
1024 3465 1085 3495 lnd.
1099 3465 1223 3495 Freinsh.

128 3511 156 3540 &
174 3519 264 3539 nx-:Ts
274 3519 288 3536 R
297 3519 315 3537 c
324 3519 361 3537 si<
372 3519 385 3537 E
401 3507 478 3537 infra.
517 3508 602 3544 [Huc
611 3508 682 3538 illud
692 3508 799 3538 Horatii
808 3508 930 3546 pertinet
942 3504 960 3534 l.
978 3514 998 3532 1.
1021 3501 1076 3533 Od.
1092 3514 1133 3540 14.
1148 3513 1172 3539 3.

262 3547 365 3576 Nonne
381 3546 476 3580 vides,
496 3552 528 3575 ut

201 3583 318 3614 Nudum
334 3582 449 3619 remigio
466 3583 559 3612 latus‘?
600 3617 604 3619 q

127 3621 176 3652 ubi
190 3622 358 3660 ‘interpretes
372 3622 412 3650 nil
424 3621 561 3650 viderunt.
597 3617 732 3657 Loquitur
748 3626 839 3651 autem
854 3619 937 3657 poeta
947 3616 981 3646 de
995 3616 1057 3645 navi
1096 3616 1141 3645 cui
1156 3615 1225 3645 remi

128 3660 233 3689 abstersi
245 3660 375 3695 fuerunt,
395 3660 411 3688 i.
427 3669 449 3688 e.
466 3660 545 3695 cujus
556 3667 591 3687 ex
602 3668 660 3687 uno
674 3658 758 3687 latere
769 3667 865 3687 ornnes
876 3662 1015 3685 remorum
1028 3639 1173 3692 palmulae,
1195 3654 1225 3682 in

129 3697 263 3727 conflictu
276 3695 384 3732 navali,
413 3697 488 3734 quod
507 3696 591 3725 rostro
604 3696 709 3725 hostilis
726 3695 802 3726 navis
817 3705 893 3724 aeneo
906 3693 1070 3731 plerumque
1084 3691 1142 3721 fieri
1161 3701 1228 3721 con-

130 3735 217 3764 suevit
227 3757 234 3770 ‚
256 3735 382 3765 defractae
394 3739 475 3771 atque
486 3733 581 3773 ablatae
594 3734 714 3763 fuerunt.

112 3772 252 3808 Abstersti,
272 3783 322 3810 pro
333 3771 484 3802 Absterlisti.
510 3771 600 3801 Catul.
614 3782 658 3806 94.
676 3771 754 3809 Epig.
767 3769 802 3800 ad
812 3770 922 3805 Juvent.

76 3811 120 3842 As
129 3821 169 3878 ΞΕ
177 3821 190 3839 Ε
200 3821 214 3838 Ρ.
223 3820 241 3839 c
251 3821 264 3838 s.
273 3820 292 3839 N
301 3820 313 3839 s
325 3832 333 3845 ,
354 3809 434 3840 entis.
464 3810 559 3839 Partic.
592 3809 648 3839 Cic.
664 3808 694 3838 in
710 3810 809 3847 Topic.
829 3811 872 3842 86.
921 3803 1017 3835 Oratio
1037 3804 1228 3842 aegritudinem

113 3859 128 3878 a
169 3858 198 3878 er
217 3857 274 3877 ens.

78 3886 120 3918 An
129 3858 234 3916 31111ξ<3
243 3892 282 3914 us
292 3907 300 3919 ,
321 3895 354 3920 a,
375 3888 431 3914 u'm.
454 3882 673 3922 [ἀποψυχθεὶς]
692 3883 816 3913 Valerius
825 3905 833 3918 ‚
854 3880 979 3912 Abstersis
992 3879 1127 3917 lacrymis.

115 3923 251 3954 Abstersus
265 3931 353 3952 cruor.
385 3922 437 3952 Liv.
454 3933 476 3952 1.
493 3921 526 3951 ab
538 3921 571 3951 U.
586 3922 616 3951 C.

115 3960 234 3991 Abstersa
249 3959 343 3997 fuligo.
375 3960 432 3989 Cic.
446 3959 515 3989 Phili
525 3970 534 3988 1
557 3983 563 3988 .
578 3970 603 3989 2.
622 3970 666 3995 91.

116 3997 251 4066 Abstfirsis
261 3998 352 4065 privis
364 3999 391 4028 ἃ
405 3997 494 4027 sudor.
517 3970 582 4027 lffiv.
597 4007 621 4034 3.
642 3997 675 4027 ab
687 3996 719 4025 U.
734 3995 764 4025 C.

200 4046 251 4066 ox..
286 4056 293 4065 .

1627 146 1655 181 A
1748 147 1771 181 Β
1867 147 1887 182 S
2365 162 2408 198 17

1253 224 1314 254 Ans
1324 234 1363 253 >ri⁷
1373 236 1387 254 11
1399 236 1413 254 R
1424 235 1462 255 so
1475 250 1483 261 ‚
1503 227 1549 261 ui,
1569 227 1641 256 itum
1651 250 1658 262 ‚
1681 227 1817 263 [ψ’κώοῗίω
1827 247 1834 258 .
1854 229 1981 261 ammom
1993 246 1999 256 ‚
2022 227 2112 266 πᾶίω]
2139 240 2191 260 616.
2227 230 2266 259 Ab
2278 231 2366 267 aliqua
2380 242 2407 261 re

1288 263 1432 293 deterrere.
1475 265 1533 294 lloc
1544 265 1598 297 est,
1618 264 1736 294 Terrore
1748 266 1850 298 iniecto
1862 271 1982 294 avertere
1995 288 2001 300 ,
2025 277 2115 296 arcere
2127 291 2134 302 ,
2157 268 2308 305 prohibere.
2340 270 2404 298 Ter.

1290 300 1356 340 ΨΜ·
1376 309 1398 334 3-
1420 311 1440 329 ¹.
1463 312 1502 336 14·
1555 303 1631 344 lianc
1658 303 1785 332 simulant
1807 312 1901 340 parere
1917 324 1925 338 ,
1961 314 2015 339 quo
2034 304 2209 334 Chremetem
2234 305 2403 335 absterreiint.

1289 336 1401 366 lubuud.
1442 339 1458 366 A
1478 340 1568 367 (lunda
1586 339 1648 369 hlia.

1292 373 1440 415 Absterrere
1455 386 1469 403 11
1486 376 1580 418 velfib.
1608 377 1661 407 Liv.
1678 376 1724 407 lib.
1739 387 1763 407 2.
1787 376 1820 406 ab
1833 376 1906 405 Urbe
1916 399 1924 412 ,
1945 377 2124 408 Absterrendo
2137 380 2255 417 lingulos
2268 391 2283 410 u
2297 381 2408 410 concio-

1310 410 1390 438 nibus
1402 433 1409 443 ,
1432 413 1619 449 conciliisque.

1294 447 1312 490 A
1330 449 1454 489 pecuniis
1467 451 1608 485 capiendis
1625 452 1751 480 homines
1766 452 1919 481 absterrere.
1952 452 2008 481 Cic.
2025 452 2096 481 Verr.
2112 463 2134 482 2.
2155 465 2212 490 ¹42·

1293 482 1608 550 bii:ppliirpein-jiluleirere
1626 498 1640 516 a
1651 489 1685 517 se.
1719 489 1749 517 ld
1760 490 1797 518 est
1808 512 1816 525 ,
1838 490 1961 526 Rejicere
1972 492 1997 519 ἃ
2008 490 2163 521 excludere.
2185 492 2240 522 Cic.
2255 493 2407 532 Antequam

1330 531 1350 549 ·e
1418 532 1460 550 etti
1475 546 1480 551 .
1499 533 1521 551 2.
1536 547 1540 551 .

1295 557 1444 600 Absterrere
1455 535 1638 589 1161111016οω
1649 562 1761 592 anseres.
1785 563 1869 593 Plaut.
1882 563 1996 594 Trucul.
2009 573 2033 594 2.
2056 575 2076 594 1.
2095 576 2138 601 41.
2173 566 2209 596 Ut
2220 568 2254 596 (16
2269 568 2406 600 frumento

1313 596 1418 624 (11116163
1428 618 1435 629 ,
1457 597 1576 626 clzunore
1590 598 1733 633 absterret,
1755 600 1846 634 abierit.

1293 632 1461 675 Absterrere,
1482 634 1534 662 sine
1548 636 1744 671 pnupoiicione.
1772 631 1836 667 l’lin.
1852 638 1897 667 lib.
1911 643 1935 672 8.
1953 648 2011 676 cap.
2030 642 2069 668 16.
2113 640 2186 676 Quia
2198 643 2304 671 caeteri.
2329 651 2407 673 metu

1314 670 1406 698 iimllls
1419 680 1508 714 poenit·
1519 693 1526 705 ,
1548 671 1727 701 absterrentur
1739 675 1833 703 eadem
1847 686 1927 705 noxa.
1954 686 2002 713 pro
2018 677 2056 705 Ab
2067 677 2164 706 eadem
2177 687 2256 708 noxi.
2300 671 2305 677 ’

1294 706 1445 772 Albgerrcre
1458 708 1504 736 l1b1
1516 709 1616 745 pabula
1632 711 1731 738 amoris
1743 732 1750 745 ,
1774 712 1801 740 id
1814 714 1868 747 est,
1890 714 1909 741 A
1923 713 1947 742 se
1965 713 2096 751 repellere
2113 718 2140 745 ἃ.
2153 715 2269 753 abigere.
2300 717 2407 749 Lucret.

1325 755 1331 772 i
1355 767 1360 772 .
1382 756 1407 780 4.

1295 781 1447 811 Absterrere
1462 781 1544 811 alicui
1562 782 1672 819 aliquid.
1708 783 1815 813 Lucret.
1832 785 1877 814 lib.
1892 798 1916 821 4.

1375 820 1435 849 Nee
1452 820 1546 849 divina
1560 820 1646 849 satum
1665 822 1812 855 genitalem
1827 825 1940 853 numina
1957 827 2084 863 cuiquam

1376 858 1538 887 Absterrent.

1333 894 1434 923 61111016
1449 896 1584 924 auserunt.

1296 931 1447 997 Al-geirere
1461 934 1582 962 auctum.
1611 931 1644 962 Id
1656 933 1712 968 est,
1739 933 1877 971 lmpcdirc
1893 945 1939 964 aut
1952 943 2041 966 vetare
2060 939 2267 971 incrementum.
2302 943 2408 974 Lucret.

1328 980 1334 997 1
1358 993 1364 999 .

1298 981 1433 1051 Abltesres
1447 1014 1475 1036 te
1493 1007 1570 1036 adiri.
1606 1007 1700 1050 Cic-,L
1718 1007 1752 1036 de
1772 1007 1847 1036 Orat.
1865 1013 1923 1038 162.
1965 1010 2106 1046 Quidnam
2120 1014 2156 1042 est
2170 1015 2303 1046 obsecro?
2335 1019 2413 1056 Quid

1316 1052 1344 1073 te
1358 1046 1425 1074 adin
1438 1045 1553 1074 zibnutus
1564 1046 1577 1073 ἦ)
1601 1044 1703 1074 Melius
1718 1045 1783 1074 61161·
1794 1067 1802 1080 ,
1824 1052 1897 1075 vetus
1908 1069 1915 1081 ,
1943 1048 2072 1084 prohibes
2083 1072 2091 1085 ,
2113 1051 2247 1083 absterres.

1260 1079 1304 1110 Aa
1314 1092 1399 1111 sres
1409 1093 1425 1111 R
1435 1092 1474 1110 no
1485 1093 1496 1109 i<
1509 1103 1517 1117 ,
1539 1083 1598 1112 eris.
1621 1082 1683 1120 pasl]
1708 1083 1774 1112 Hor.
1787 1092 1810 1112 2.
1828 1085 1880 1112 siit.
1898 1095 1919 1118 ς.
1937 1089 1979 1118 83.

1374 1120 1409 1149 Ut
1429 1120 1503 1149 canis
1518 1130 1533 1148 a
1547 1121 1622 1149 corio
1637 1129 1778 1158 nunquam
1794 1121 1986 1150 absterrebitur
2003 1124 2096 1152 uncto.

1260 1156 1376 1200 AsssTs
1386 1168 1400 1186 R
1410 1168 1425 1186 R
1435 1160 1519 1200 irus
1530 1180 1542 1200 ,Ι
1560 1157 1653 1187 Partic.
1687 1158 1742 1187 Liv.
1757 1156 1804 1187 lib.
1819 1169 1842 1194 5.
1863 1159 1896 1188 ab
1908 1158 1981 1188 Urbe
1991 1182 1998 1194 ,
2020 1171 2064 1195 41.
2104 1162 2172 1192 Inde
2187 1165 2274 1195 rursus
2289 1168 2343 1205 ipsu
2353 1167 2415 1197 soli..

1297 1195 1396 1224 tudine
1413 1194 1553 1224 absterriti.

1260 1231 1447 1262 Ansrrsino
1459 1255 1467 1268 ,
1491 1233 1536 1274 ui,
1557 1239 1670 1268 entum,
1700 1228 1855 1270 [ἀπέχοκοᾳ.
1876 1234 2020 1266 capsanus,
2040 1235 2205 1272 imstsz'stm]
2234 1242 2286 1268 grc-
2316 1251 2349 1270 cx
2366 1243 2415 1272 'ms

1300 1272 1327 1313 ᾃ
1339 1270 1437 1299 Teneo
1448 1292 1456 1305 ,
1486 1270 1529 1313 bit
1543 1270 1576 1299 ab
1588 1270 1683 1313 *aliqua
1696 1281 1724 1300 re
1737 1272 1852 1300 omnino
1866 1271 1892 1300 se
1911 1271 2041 1301 cohibere
2054 1283 2060 1302 :
2092 1274 2172 1310 Quali
2190 1274 2214 1303 se
2232 1284 2323 1306 tenere
2338 1268 2369 1307 ab
2387 1292 2414 1309 re

1298 1308 1365 1337 illa:
1396 1314 1427 1337 ut
1441 1308 1562 1336 Abstinet
1578 1310 1669 1343 iusto,
1698 1308 1755 1344 Qui
1772 1309 1888 1337 omnino
1906 1319 1963 1339 non
1980 1310 2090 1339 sortitur.
2132 1312 2250 1342 Abstinet
2265 1316 2328 1343 viiio
2368 1318 2416 1345 Vc-

1298 1355 1383 1389 nere,
1412 1345 1573 1390 voluptate,
1603 1346 1660 1382 Qui
1682 1346 1790 1384 prorsus
1812 1347 1844 1375 iis
1864 1346 1944 1376 rebus
1961 1355 2019 1376 non
2040 1349 2134 1378 utitur.
2170 1350 2304 1380 Abstinuit
2321 1339 2412 1384 ebena.

1300 1384 1357 1420 Qui
1371 1394 1427 1412 non
1444 1391 1581 1418 coenavit,
1606 1386 1656 1414 &c.

1299 1421 1479 1488 Abstidoerkq'st
1490 1421 1522 1450 ab
1533 1421 1632 1451 alieno.
1661 1421 1694 1451 ld
1708 1422 1763 1456 est,
1783 1421 1909 1451 Omnino
1919 1420 1945 1451 se
1960 1421 2090 1453 cohibere
2103 1434 2117 1453 a
2131 1424 2212 1455 rebus
2224 1426 2327 1456 alienis.
2359 1428 2415 1458 Cic.

1319 1468 1345 1488 2.
1389 1468 1403 1488 e
1440 1469 1477 1488 in.

1300 1497 1397 1527 Armis.
1430 1496 1486 1526 Liv.
1501 1502 1525 1529 8.
1546 1496 1671 1526 ι1011106.

1300 1534 1384 1564 Bonis
1395 1534 1511 1573 placitis.
1538 1533 1620 1564 Ovid.
1639 1534 1719 1572 Epist.
1739 1544 1779 1570 17.
1799 1540 1842 1569 98.

1409 1572 1453 1601 Est
1469 1572 1553 1601 virtus
1572 1572 1680 1610 placitis
1702 1571 1855 1601 abstinuisse
1870 1571 1959 1601 bonis.

1301 1610 1337 1640 Se
1351 1620 1366 1639 a
1379 1617 1471 1639 cantu.
1502 1609 1569 1638 Plin.
1590 1609 1637 1639 lib.
1654 1620 1695 1639 10.
1715 1619 1775 1647 cap.
1792 1621 1846 1645 55..v

1303 1648 1400 1677 Carne.
1431 1648 1516 1677 Plaut.
1535 1647 1624 1677 Aului.
1640 1659 1666 1683 4.
1689 1657 1710 1676 1.
1734 1657 1776 1684 ις.
1814 1646 1948 1677 censione
1965 1646 2077 1677 bubula.

1303 1686 1382 1715 Cibo.
1414 1685 1479 1715 Caes.
1494 1690 1519 1719 8.
1541 1685 1607 1714 Bell.
1626 1684 1693 1714 Gall.
1708 1695 1753 1721 44.
2109 1700 2112 1703 -

1303 1723 1401 1761 Culpa.
1436 1723 1520 1752 Plaut.
1535 1723 1671 1753 Menaech.
1688 1733 1711 1758 5.
1730 1732 1754 1752 2.
1773 1727 1814 1756 18.

1303 1761 1438 1790 Comitiis.
1466 1761 1533 1790 Plin.
1550 1761 1648 1797 Paneg.

1302 1797 1386 1829 Dono
1401 1801 1427 1828 δε
1439 1799 1576 1836 pactione.
1601 1798 1669 1827 Plin.
1685 1797 1766 1836 Epist.
1785 1807 1846 1833 109.

1302 1836 1344 1866 Ab
1368 1837 1529 1866 hereditate.
1576 1836 1653 1865 Uxor
1672 1835 1705 1864 ab
1726 1836 1877 1865 hereditate
1897 1835 2033 1866 abstinuit.
2054 1836 2085 1866 in
2103 1836 2122 1868 l.
2144 1837 2237 1869 Thais.
2259 1839 2279 1877 ᾗ.
2302 1840 2419 1872 Stichus.

1322 1874 1356 1904 D.
1375 1875 1409 1903 de
1424 1875 1562 1904 fideicom.
1580 1873 1657 1903 liber.

1302 1912 1432 1950 Imperio.
1445 1912 1553 1979 CJustin.
1570 1911 1619 1941 lib.
1636 1921 1658 1940 1.

1302 1950 1414 1984 Iniuria.
1469 1951 1503 1979 ic.
1518 1959 1542 1986 3.
1561 1949 1617 1979 Off.
1631 1956 1675 1986 72.

1303 1988 1494 2018 Insectatione.
1526 1988 1638 2017 Sueton.
1656 1987 1691 2016 de
1703 1983 1773 2017 Clar.
1788 1985 1878 2017 Gram.

1303 2026 1478 2064 inspectione
1492 2035 1583 2054 rerum
1596 2025 1711 2054 suarum.
1743 2025 1811 2054 Plin.
1828 2024 1909 2063 Epist.
1923 2027 1985 2061 264.

1304 2064 1413 2101 Jurgiis.
1444 2063 1502 2093 Cic.
1520 2074 1540 2092 1.
1559 2063 1593 2092 de
1608 2063 1699 2092 Divin.
1718 2073 1777 2093 102.

1304 2101 1471 2132 Maledictis.
1503 2101 1560 2130 Cic.
1574 2111 1598 2130 2.
1621 2100 1751 2139 Philipp.

1304 2139 1385 2169 Mari.
1420 2140 1503 2168 Plaut.
1519 2139 1546 2168 in
1559 2138 1642 2168 Milit.
1656 2150 1681 2175 4.
1703 2146 1728 2176 7.
1749 2142 1794 2169 26.

1305 2177 1446 2207 Muraenis.
1478 2177 1536 2206 Cic.
1551 2177 1626 2206 Fam.
1640 2185 1664 2213 7.
1686 2184 1730 2213 27.

1304 2216 1326 2245 A
1340 2216 1444 2244 nefario
1459 2214 1568 2244 scelere.
1600 2214 1657 2244 Cic.
1670 2214 1788 2252 Philipp.
1803 2223 1828 2242 2.
1845 2221 1870 2249 ς.

1304 2253 1439 2291 Negotiis.
1472 2253 1504 2282 ld
1513 2253 1568 2287 est,
1588 2252 1674 2282 Nulla
1690 2252 1801 2290 negotia
1814 2252 1937 2282 tractare.
1969 2246 2038 2281 Cels.
2052 2250 2100 2281 lib.
2115 2260 2139 2289 3.
2157 2259 2215 2291 cap.
2229 2260 2273 2283 22.

1306 2290 1418 2320 ostreis.
1450 2290 1507 2320 Cic.
1522 2291 1596 2320 Fam.
1611 2301 1635 2327 7.
1654 2299 1697 2328 27.

1304 2327 1460 2358 Pecuniis.=
1473 2328 1530 2357 Cic.
1543 2330 1594 2358 Att.
1610 2328 1657 2357 lib.
1671 2339 1696 2365 9.
1717 2336 1776 2365 173.

1304 2366 1401 2396 Praelio
1412 2366 1456 2396 vel
1467 2376 1567 2404 pugna.
1598 2366 1656 2396 Liv.
1670 2376 1695 2395 2.
1716 2366 1749 2395 ab
1764 2364 1846 2395 Urbe.
1875 2364 1940 2393 Caes.
1958 2375 1979 2394 1.
1999 2364 2066 2394 Bell.
2081 2364 2150 2395 Gall.

1305 2404 1429 2434 Publico.
1461 2404 1550 2433 Tacit.
1568 2404 1614 2433 lib.
1630 2414 1654 2440 3.
1675 2404 1759 2442 paulo
1771 2404 1831 2441 post
1845 2402 1957 2431 initium
1967 2424 1975 2438 ,
2005 2402 2134 2432 Tiberius
2148 2409 2229 2440 atque
2244 2402 2358 2441 Augusta
2373 2414 2426 2443 pu-

1325 2443 1400 2472 blico
1417 2442 1585 2477 abstinuere,
1610 2442 1724 2471 inferius
1738 2441 1881 2477 Maiestate
1897 2439 1943 2469 sua
1961 2441 2029 2475 rati,
2060 2440 2077 2469 si
2097 2440 2187 2478 palam
2202 2441 2423 2473 lamentarentur.

1325 2480 1358 2510 Id
1372 2481 1410 2509 est
1420 2503 1428 2515 ,
1450 2480 1515 2510 Non
1529 2479 1726 2509 commiserunt
1737 2479 1763 2508 se
1776 2478 1890 2517 publico
1900 2500 1908 2514 ,
1930 2487 1988 2507 n'on
2000 2478 2164 2517 prodierunt
2174 2480 2204 2508 in
2217 2479 2369 2517 publicum.

1306 2518 1401 2548 Rebus
1413 2517 1531 2547 urbanis.
1564 2517 1648 2547 Plaut.
1665 2518 1751 2546 Calin.
1768 2528 1790 2546 1.
1810 2527 1850 2552 13.

1307 2555 1505 2586 Seditionibus.
1538 2555 1591 2585 Liv.
1610 2555 1656 2584 lib.
1672 2565 1695 2591 3.
1711 2556 1745 2585 ab
1760 2555 1792 2585 U.
1805 2555 1834 2584 C.

1308 2595 1407 2624 Taeffu.
1432 2593 1503 2631 Virg.
1519 2603 1543 2630 7.
1560 2594 1622 2623 AEn.
1635 2597 1698 2627 618.

1307 2632 1414 2662 Venere
1427 2633 1453 2661 St
1464 2631 1581 2660 Baccho.
1611 2631 1678 2661 Hor.
1691 2632 1721 2660 in
1729 2631 1792 2660 Arte
1804 2629 1879 2661 Poet.
1891 2638 1955 2666 414.

1307 2670 1412 2699 Verbis.
1441 2669 1509 2698 Plin.
1523 2669 1608 2711 Epist.y
1618 2678 1661 2706 79.

1307 2708 1388 2737 Vino.
1416 2707 1484 2737 Plin.
1504 2707 1551 2736 lib.
1564 2713 1607 2741 28.
1626 2717 1685 2745 cap.
1700 2716 1725 2743 7.

1308 2745 1429 2783 Virgine.
1457 2744 1520 2774 Ter.
1539 2745 1605 2774 Hec.
1624 2755 1646 2774 1.
1660 2756 1685 2774 2.
1702 2749 1747 2781 63.

1307 2784 1391 2813 Urbe.
1422 2783 1479 2812 Liv.
1495 2794 1517 2812 1.
1532 2783 1565 2812 ab
1578 2783 1609 2812 U.
1623 2782 1654 2812 C.
1691 2782 1765 2811 Urbe
1780 2780 1886 2816 valida,
1906 2779 1992 2809 muris
2003 2780 2029 2809 Se
2040 2779 2090 2808 situ
2103 2779 2161 2818 ipso
2171 2780 2276 2809 munita
2286 2779 2420 2810 abstinuit.

1308 2822 1407 2852 Praeter
1418 2821 1567 2850 ablativum
1577 2821 1625 2855 rei,
1640 2831 1655 2850 a
1666 2830 1719 2858 qua
1730 2820 1886 2853 abstinetur,
1897 2817 2113 2855 frequentiffime
2122 2818 2249 2854 adjicitur
2258 2817 2424 2847 accusativus

1327 2859 1458 2898 personae.
1497 2859 1533 2888 Ut
1549 2862 1588 2888 ex‘
1597 2858 1774 2896 sequentibus
1787 2856 1921 2893 exemplis
1939 2862 2059 2893 apparet.

1308 2899 1447 2928 Abstinere
1462 2907 1564 2934 aegrum
1576 2896 1638 2925 cibo
1649 2919 1657 2932 ,
1678 2896 1752 2934 apud
1765 2894 1874 2924 Celsum
1886 2894 2050 2931 frequenter.
2091 2923 2095 2926 ,

1308 2936 1431 3003 1111311136(
1440 2942 1515 3002 tptor
1526 2934 1665 3001 pppillum
1675 2934 1826 2964 hereditate
1837 2932 1928 2970 patris.
1952 2931 2045 2969 Papiri.
2057 2930 2087 2960 in
2098 2930 2115 2960 l.
2127 2937 2238 2960 tutores.
2255 2931 2274 2968 ξ.
2288 2928 2422 2960 adversus.

1356 2996 1362 3002 .
1429 2984 1455 3002 a<
1465 2973 1543 3002 11111111
1558 2995 1563 3001 .
1577 2979 1627 3002 tut.

1309 2985 1432 3042 Abstiifet
1441 3009 1467 3039 se
1484 3019 1572 3048 nepos
1583 3009 1735 3039 hereditate
1746 3008 1797 3037 avi.
1826 3006 1900 3037 Paul.
1915 3004 1975 3036 inl.
1994 3005 2011 3036 si
2031 3007 2090 3044 quis
2107 3005 2202 3037 filium,
2234 3003 2266 3035 D.
2285 3005 2320 3034 de
2331 3006 2425 3043 adqui.

1329 3049 1415 3079 tenda
1430 3048 1590 3078 hereditate.

1310 3087 1449 3117 Abstinere
1459 3093 1573 3115 manum
1583 3085 1681 3115 alieno.
1712 3083 1780 3113 Cato
1792 3083 1825 3111 de
1838 3082 1868 3112 R.
1883 3080 1916 3112 R.
1931 3091 1991 3120 cap.
2006 3091 2028 3116 ς.
2346 3114 2349 3117 .

1310 3126 1413 3156 Manus
1423 3124 1457 3154 ab
1469 3124 1572 3153 alienis.
1607 3123 1663 3152 Cic.
1684 3121 1730 3150 lib.
1749 3131 1770 3149 1.
1790 3121 1824 3149 de
1840 3121 1916 3149 Orat.
1932 3131 1990 3157 194·
2032 3119 2163 3148 Coercere
2178 3126 2274 3147 omnes
2291 3118 2426 3156 cupidita-

1330 3171 1372 3192 tes
1384 3185 1392 3198 ‚
1414 3162 1503 3191 nostrii
1520 3162 1609 3196 tueri,
1636 3159 1671 3189 ab
1682 3159 1777 3188 alienis
1788 3166 1894 3187 mentes
1904 3180 1911 3193 ,
1932 3157 2028 3187 oculos
2038 3179 2045 3191 ,
2065 3166 2160 3185 nunus
2172 3154 2312 3185 abstinere.

1310 3201 1414 3231 Manus
1429 3200 1457 3229 in
1468 3200 1582 3235 judicio.
1611 3198 1670 3228 Cic.
1685 3207 1711 3226 2.
1730 3197 1802 3225 Verr.
1842 3196 1997 3225 Abstincant
2013 3196 2039 3223 in
2054 3194 2106 3222 hnc
2119 3193 2221 3227 iudicio
2235 3202 2332 3222 manus
2342 3217 2350 3228 ,
2371 3194 2428 3222 arii-

1329 3248 1446 3276 mosque
1458 3238 1492 3267 ab
1509 3238 1562 3266 hoc
1580 3235 1680 3266 scelere
1695 3235 1807 3264 nefario.
1836 3233 1897 3263 Hoc
1916 3234 1969 3268 est,
1990 3233 2023 3262 Se
2035 3231 2186 3260 abstineant
2203 3230 2236 3260 ab
2250 3231 2304 3260 hoc
2320 3233 2426 3267 juditio

1328 3276 1544 3313 corrumpendo.
2059 3306 2066 3310 Ἴ

1309 3315 1428 3346 Manum
1440 3324 1455 3342 a
1465 3313 1490 3342 se
1503 3319 1550 3342 aut
1565 3311 1599 3341 ab
1611 3311 1664 3340 alio
1674 3333 1682 3345 ,
1707 3309 1849 3339 Interdum
1861 3308 1895 3337 ad
1906 3315 2003 3348 necem
2022 3307 2144 3334 relertur.
2174 3305 2231 3335 Cic.
2244 3317 2270 3340 4.
2287 3305 2366 3334 Tusa
2380 3313 2424 3342 79.

1330 3353 1388 3389 Qui
1398 3361 1463 3381 curn
1474 3349 1652 3380 interemisset
1668 3347 1772 3378 Clitum
1780 3346 1937 3375 familiarem
1950 3345 2027 3372 111001
2036 3365 2043 3377 ,
2067 3343 2110 3371 vix
2122 3352 2137 3371 a
2146 3342 2171 3372 se
2180 3353 2277 3372 manus
2288 3344 2424 3373 abstinuit.

1330 3391 1394 3421 Hoc
1404 3390 1458 3424 est,
1479 3389 1530 3417 Vix
1542 3388 1567 3417 se
1579 3387 1704 3416 cohibuit
1714 3386 1780 3423 quin
1791 3384 1838 3413 libi
1850 3390 1965 3411 mortem
1977 3380 2164 3410 conscisceret.
2187 3381 2263 3410 Idem
2274 3382 2303 3409 in
2311 3383 2427 3412 Antoni.

1316 3462 1320 3464 ‘
1331 3438 1380 3457 um
1390 3450 1397 3462 ,
1419 3428 1569 3463 Nunquam
1579 3425 1703 3462 profecto
1714 3434 1729 3452 a
1743 3432 1786 3451 016
1799 3421 1935 3455 sacrilegus
1944 3427 2023 3456 aitque
2034 3419 2133 3456 impias
2145 3429 2243 3448 manus
2253 3419 2404 3449 abstinebit.

1312 3466 1448 3499 Manum,
1472 3464 1526 3493 sine
1539 3463 1597 3492 ullo
1609 3462 1735 3491 ablativo.
1766 3460 1827 3488 Tei.
1845 3457 1919 3486 Adel.
1935 3467 1959 3492 5-
1976 3466 2000 3485 2.
2018 3460 2042 3485 6-

1392 3502 1458 3532 Non
1473 3511 1585 3530 inunum
1601 3500 1716 3528 abstines
1732 3496 1872 3538 mastigia?

1313 3539 1454 3571 Abstinere
1469 3550 1513 3568 me
1527 3547 1655 3571 inanum,
1675 3537 1787 3573 figuizite
1798 3534 1922 3567 (lictum,
1963 3569 1967 3573 .
2003 3570 2008 3574 ι
2206 3569 2209 3573 ,
2233 3569 2247 3573 ..

1333 3579 1422 3608 Potin’
1436 3583 1518 3606 111016
1532 3576 1663 3605 abstineas
1674 3572 1808 3602 manum?
1838 3570 1902 3598 Non
1917 3569 2037 3597 ablui-‚ile
2050 3570 2087 3597 cir
2102 3569 2170 3597 illud
2182 3569 2249 3597 Livii
2264 3570 2292 3597 in
2311 3569 2368 3605 ipso
2382 3570 2430 3598 sta.

1333 3617 1384 3646 tim
1397 3615 1582 3651 1011030116γὶ3
1596 3612 1675 3641 initio
1685 3633 1692 3645 ,
1713 3610 1773 3645 ‚lum
1788 3609 1908 3646 primuin
1921 3607 2046 3636 omnium
2059 3607 2118 3636 latis
2131 3610 2234 3635 constat
2244 3629 2251 3640 ,
2273 3608 2323 3635 etc.
2347 3615 2430 3635 omne

1334 3657 1377 3691 jus
1390 3652 1455 3683 belli
1468 3652 1544 3681 Achi'.
1553 3661 1582 3679 os
1595 3647 1754 3678 abstinuisse.
2178 3681 2181 3684 .

1315 3692 1454 3723 Abstineie
1470 3690 1561 3726 ignem
1577 3687 1609 3716 ab
1628 3686 1694 3715 cede.
1726 3684 1781 3713 Liv.
1796 3693 1819 3719 7.
1838 3682 1870 3711 ab
1883 3681 1956 3722 Urbe
1974 3691 2017 3718 27.
2058 3679 2196 3709 Sei-tumus:
2211 3680 2428 3718 compendium:

1334 3730 1385 3759 Pro
1397 3728 1533 3758 Abstinere
1545 3725 1569 3754 se
1581 3724 1614 3753 ab
1626 3724 1690 3752 aedis
1701 3721 1831 3750 incendio
1841 3743 1848 3755 ,
1871 3719 1923 3749 sive
1937 3719 1969 3748 ab
1985 3719 2042 3747 tede
2054 3718 2236 3747 incendenda.

1316 3768 1455 3798 Abstinere
1474 3763 1578 3792 bellum
1605 3762 1630 3790 δε
1649 3760 1705 3788 vim
1734 3759 1767 3787 ab
1794 3758 1895 3795 aliquo.
1936 3756 1991 3785 Liv.
2013 3755 2059 3785 lib.
2085 3762 2107 3789 8.
2135 3755 2167 3783 ab
2188 3755 2218 3784 U.
2243 3755 2433 3785 (ΗΕ-611011-

1336 3806 1488 3839 tiatuinque
1514 3798 1681 3829 Samnitibus
1700 3819 1708 3832 ,
1748 3804 1779 3825 ut
1805 3805 1902 3824 eorum
1928 3794 2097 3832 populorum
2125 3792 2225 3822 fluibus
2244 3803 2299 3821 vim
2321 3794 2434 3822 abitine-

1336 3849 1404 3872 rent.
1448 3837 1530 3868 Paulo
1541 3837 1617 3875 post,
1640 3835 1725 3864 Orare
1744 3833 1770 3863 se
1787 3833 1953 3867 Consulem,
1981 3840 2012 3860 ut
2028 3831 2132 3860 belluni
2150 3830 2182 3860 ab
2197 3832 2311 3859 innoxio
2329 3830 2434 3868 positio

1424 3886 1474 3906 eat.

1318 3880 1421 3948 igibsilrii‘:¹
1433 3910 1631 3951 praepositione.
1669 3909 1736 3940 Hor.
1750 3918 1773 3937 2.
1797 3909 1849 3937 Sat.
1866 3918 1888 3944 3.
1911 3917 1973 3936 202.
2057 3903 2231 3947 —arbstinuit
2243 3906 2299 3933 vim
2336 3941 2344 3945 ,

1398 3953 1490 3982 Uxore
1506 3952 1531 3979 ἃ
1545 3955 1636 3986 gnato.
1702 3947 1736 3977 ld
1747 3947 1803 3982 est,
1823 3946 1864 3976 Ab
1881 3955 1982 3981 uxore,
2003 3946 2055 3974 Sec.
2097 3944 2125 3971 1.
2143 3944 2267 3972 Burman.
2283 3942 2315 3971 ati
2328 3942 2434 3971 l‘eti‘on.

1340 4000 1474 4030 cap.112.
1492 3997 1519 4025 p.
1536 3997 1594 4022 519.

1596 858 1692 891 idest.
1714 858 1872 888 Liberonim
1886 864 2088 897 generationem
2102 866 2267 903 impediunt,
2282 869 2307 897 St
2319 867 2411 900 semen

1943 3540 1993 3569 pro
2002 3531 2024 3559 A
2036 3539 2089 3560 me.
2121 3530 2206 3560 P'iaut.
2219 3530 2290 3559 Rud.
2305 3541 2330 3559 2.
2342 3542 2367 3561 4.
2386 3538 2427 3560 11.

1878 4020 1901 4049 C
2293 4014 2440 4050 Abstinere,
