<?xml version="1.0" encoding="UTF-8"?>
<!DOCTYPE html PUBLIC "-//W3C//DTD XHTML 1.0 Transitional//EN"
    "http://www.w3.org/TR/xhtml1/DTD/xhtml1-transitional.dtd">
<html xmlns="http://www.w3.org/1999/xhtml" xml:lang="en" lang="en">
 <head>
  <title>
</title>
<meta http-equiv="Content-Type" content="text/html;charset=utf-8" />
  <meta name='ocr-system' content='tesseract 3.04.00' />
  <meta name='ocr-capabilities' content='ocr_page ocr_carea ocr_par ocr_line ocrx_word'/>
</head>
<body>
  <div class='ocr_page' id='page_1' title='image "./robertistephanil01esti_0574.png"; bbox 0 0 2604 4222; ppageno 0'>
   <div class='ocr_carea' id='block_1_1' title="bbox 166 108 918 162">
    <p class='ocr_par' dir='ltr' id='par_1_1' title="bbox 166 108 918 162">
     <span class='ocr_line' id='line_1_1' title="bbox 166 108 918 162; baseline -0.003 -17"><span class='ocrx_word' id='word_1_1' title='bbox 166 125 233 162; x_wconf 79' lang='lat'>500</span> <span class='ocrx_word' id='word_1_2' title='bbox 627 112 655 146; x_wconf 91' lang='lat' dir='ltr'>C</span> <span class='ocrx_word' id='word_1_3' title='bbox 751 110 788 145; x_wconf 80' lang='lat' dir='ltr'>H</span> <span class='ocrx_word' id='word_1_4' title='bbox 891 108 918 143; x_wconf 84' lang='lat' dir='ltr'>A</span> 
     </span>
    </p>
   </div>
   <div class='ocr_carea' id='block_1_2' title="bbox 198 182 1317 422">
    <p class='ocr_par' dir='ltr' id='par_1_2' title="bbox 198 182 1317 345">
     <span class='ocr_line' id='line_1_2' title="bbox 198 182 1317 234; baseline -0.012 -7"><span class='ocrx_word' id='word_1_5' title='bbox 198 196 342 234; x_wconf 75' lang='lat' dir='ltr'>Aptissima</span> <span class='ocrx_word' id='word_1_6' title='bbox 353 196 388 226; x_wconf 83' lang='lat' dir='ltr'>ad</span> <span class='ocrx_word' id='word_1_7' title='bbox 400 195 491 233; x_wconf 74' lang='lat' dir='ltr'>quiete</span> <span class='ocrx_word' id='word_1_8' title='bbox 500 193 650 223; x_wconf 80' lang='lat' dir='ltr'>vivendum</span> <span class='ocrx_word' id='word_1_9' title='bbox 666 192 792 222; x_wconf 75' lang='lat' dir='ltr'>charitas.</span> <span class='ocrx_word' id='word_1_10' title='bbox 833 189 892 219; x_wconf 85' lang='lat' dir='ltr'><strong>Cic.</strong></span> <span class='ocrx_word' id='word_1_11' title='bbox 908 197 931 217; x_wconf 87' lang='lat'>1.</span> <span class='ocrx_word' id='word_1_12' title='bbox 951 187 986 230; x_wconf 78' lang='lat' dir='ltr'>de</span> <span class='ocrx_word' id='word_1_13' title='bbox 1002 185 1062 216; x_wconf 82' lang='lat' dir='ltr'>Fin.</span> <span class='ocrx_word' id='word_1_14' title='bbox 1079 195 1121 221; x_wconf 77' lang='lat'>52.</span> <span class='ocrx_word' id='word_1_15' title='bbox 1153 182 1247 229; x_wconf 83' lang='lat' dir='ltr'>Opes,</span> <span class='ocrx_word' id='word_1_16' title='bbox 1271 184 1317 215; x_wconf 86' lang='lat' dir='ltr'>vel</span> 
     </span>
     <span class='ocr_line' id='line_1_3' title="bbox 218 228 1315 269; baseline -0.013 -5"><span class='ocrx_word' id='word_1_17' title='bbox 218 236 336 264; x_wconf 76' lang='lat' dir='ltr'>fortunae</span> <span class='ocrx_word' id='word_1_18' title='bbox 349 257 356 268; x_wconf 88' lang='lat'>,</span> <span class='ocrx_word' id='word_1_19' title='bbox 379 234 423 263; x_wconf 91' lang='lat' dir='ltr'>vel</span> <span class='ocrx_word' id='word_1_20' title='bbox 443 230 715 269; x_wconf 71' lang='lat' dir='ltr'>ingeniiliberalitati</span> <span class='ocrx_word' id='word_1_21' title='bbox 735 228 822 265; x_wconf 83' lang='lat' dir='ltr'>magis</span> <span class='ocrx_word' id='word_1_22' title='bbox 840 232 1028 268; x_wconf 69' lang='lat' dir='ltr'>conveniunt:</span> <span class='ocrx_word' id='word_1_23' title='bbox 1050 234 1103 261; x_wconf 77' lang='lat' dir='ltr'>qua</span> <span class='ocrx_word' id='word_1_24' title='bbox 1122 234 1169 260; x_wconf 85' lang='lat' dir='ltr'>qui</span> <span class='ocrx_word' id='word_1_25' title='bbox 1187 230 1315 267; x_wconf 75' lang='lat' dir='ltr'>utantur,</span> 
     </span>
     <span class='ocr_line' id='line_1_4' title="bbox 217 262 1316 302; baseline -0.012 -1"><span class='ocrx_word' id='word_1_26' title='bbox 217 272 444 302; x_wconf 76' lang='lat' dir='ltr'>benevolentiam</span> <span class='ocrx_word' id='word_1_27' title='bbox 459 271 506 299; x_wconf 86' lang='lat' dir='ltr'>libi</span> <span class='ocrx_word' id='word_1_28' title='bbox 517 268 687 302; x_wconf 86' lang='lat' dir='ltr'>conciliant,</span> <span class='ocrx_word' id='word_1_29' title='bbox 710 268 736 297; x_wconf 83' lang='lat'>&amp;</span> <span class='ocrx_word' id='word_1_30' title='bbox 753 265 852 302; x_wconf 85' lang='lat' dir='ltr'>(quod</span> <span class='ocrx_word' id='word_1_31' title='bbox 865 263 1033 301; x_wconf 84' lang='lat' dir='ltr'>aptislirnum</span> <span class='ocrx_word' id='word_1_32' title='bbox 1053 262 1092 290; x_wconf 88' lang='lat' dir='ltr'>est</span> <span class='ocrx_word' id='word_1_33' title='bbox 1109 262 1144 290; x_wconf 89' lang='lat' dir='ltr'>ad</span> <span class='ocrx_word' id='word_1_34' title='bbox 1163 268 1256 298; x_wconf 80' lang='lat' dir='ltr'>quiete</span> <span class='ocrx_word' id='word_1_35' title='bbox 1277 270 1316 289; x_wconf 92' lang='lat' dir='ltr'>vi-</span> 
     </span>
     <span class='ocr_line' id='line_1_5' title="bbox 219 310 1246 345; baseline -0.011 -6"><span class='ocrx_word' id='word_1_36' title='bbox 219 311 364 343; x_wconf 84' lang='lat' dir='ltr'>vendum)</span> <span class='ocrx_word' id='word_1_37' title='bbox 385 310 554 337; x_wconf 80' lang='lat' dir='ltr'>charitatem.</span> <span class='ocrx_word' id='word_1_38' title='bbox 856 338 862 345; x_wconf 34' lang='grc' dir='ltr'><strong><em>μ</em></strong></span> <span class='ocrx_word' id='word_1_39' title='bbox 884 338 889 344; x_wconf 34' lang='lat'>⁸</span> <span class='ocrx_word' id='word_1_40' title='bbox 1110 336 1116 342; x_wconf 24' lang='grc' dir='ltr'><strong><em>ἢ</em></strong></span> <span class='ocrx_word' id='word_1_41' title='bbox 1241 336 1246 341; x_wconf 49' lang='grc'><em>.</em></span> 
     </span>
    </p>

    <p class='ocr_par' dir='ltr' id='par_1_3' title="bbox 201 334 1315 422">
     <span class='ocr_line' id='line_1_6' title="bbox 201 334 1315 380; baseline -0.014 -2"><span class='ocrx_word' id='word_1_42' title='bbox 201 347 363 379; x_wconf 82' lang='lat' dir='ltr'>Mercedem</span> <span class='ocrx_word' id='word_1_43' title='bbox 375 346 514 375; x_wconf 83' lang='lat' dir='ltr'>charitatis</span> <span class='ocrx_word' id='word_1_44' title='bbox 526 344 645 380; x_wconf 80' lang='lat' dir='ltr'>exigere.</span> <span class='ocrx_word' id='word_1_45' title='bbox 685 341 742 370; x_wconf 90' lang='lat' dir='ltr'>Cic.</span> <span class='ocrx_word' id='word_1_46' title='bbox 755 340 791 369; x_wconf 90' lang='lat' dir='ltr'>de</span> <span class='ocrx_word' id='word_1_47' title='bbox 803 340 911 368; x_wconf 84' lang='lat' dir='ltr'>Amicit.</span> <span class='ocrx_word' id='word_1_48' title='bbox 924 342 969 380; x_wconf 75' lang='grc'>82.</span> <span class='ocrx_word' id='word_1_49' title='bbox 1000 335 1059 374; x_wconf 86' lang='lat' dir='ltr'>lpse</span> <span class='ocrx_word' id='word_1_50' title='bbox 1072 345 1147 380; x_wconf 77' lang='lat' dir='ltr'>enim</span> <span class='ocrx_word' id='word_1_51' title='bbox 1161 335 1187 364; x_wconf 86' lang='lat' dir='ltr'>se</span> <span class='ocrx_word' id='word_1_52' title='bbox 1201 334 1315 372; x_wconf 86' lang='lat' dir='ltr'>quisque</span> 
     </span>
     <span class='ocr_line' id='line_1_7' title="bbox 221 372 1315 422; baseline -0.013 -7"><span class='ocrx_word' id='word_1_53' title='bbox 221 385 328 422; x_wconf 75' lang='lat' dir='ltr'>diligit,</span> <span class='ocrx_word' id='word_1_54' title='bbox 350 394 406 413; x_wconf 90' lang='lat' dir='ltr'>non</span> <span class='ocrx_word' id='word_1_55' title='bbox 428 389 459 412; x_wconf 86' lang='lat' dir='ltr'>ut</span> <span class='ocrx_word' id='word_1_56' title='bbox 476 382 595 418; x_wconf 81' lang='lat' dir='ltr'>aliquam</span> <span class='ocrx_word' id='word_1_57' title='bbox 606 390 620 408; x_wconf 88' lang='lat' dir='ltr'>a</span> <span class='ocrx_word' id='word_1_58' title='bbox 631 378 717 416; x_wconf 84' lang='lat' dir='ltr'>seipso</span> <span class='ocrx_word' id='word_1_59' title='bbox 729 376 890 407; x_wconf 82' lang='lat' dir='ltr'>mercedem</span> <span class='ocrx_word' id='word_1_60' title='bbox 906 380 998 412; x_wconf 75' lang='lat' dir='ltr'>cingat</span> <span class='ocrx_word' id='word_1_61' title='bbox 1011 374 1150 404; x_wconf 84' lang='lat' dir='ltr'>charitatis</span> <span class='ocrx_word' id='word_1_62' title='bbox 1173 373 1225 403; x_wconf 68' lang='lat' dir='ltr'>sure</span> <span class='ocrx_word' id='word_1_63' title='bbox 1238 395 1246 409; x_wconf 85' lang='lat'>,</span> <span class='ocrx_word' id='word_1_64' title='bbox 1268 372 1315 402; x_wconf 76' lang='lat' dir='ltr'>sed</span> 
     </span>
    </p>
   </div>
   <div class='ocr_carea' id='block_1_3' title="bbox 196 415 1315 752">
    <p class='ocr_par' dir='ltr' id='par_1_4' title="bbox 196 415 1315 752">
     <span class='ocr_line' id='line_1_8' title="bbox 221 415 839 460; baseline -0.018 -8"><span class='ocrx_word' id='word_1_65' title='bbox 221 423 296 459; x_wconf 82' lang='lat' dir='ltr'>quod</span> <span class='ocrx_word' id='word_1_66' title='bbox 309 432 357 460; x_wconf 87' lang='lat' dir='ltr'>per</span> <span class='ocrx_word' id='word_1_67' title='bbox 368 421 393 450; x_wconf 91' lang='lat' dir='ltr'>se</span> <span class='ocrx_word' id='word_1_68' title='bbox 404 421 451 450; x_wconf 89' lang='lat' dir='ltr'>sibi</span> <span class='ocrx_word' id='word_1_69' title='bbox 463 419 575 457; x_wconf 89' lang='lat' dir='ltr'>quisque</span> <span class='ocrx_word' id='word_1_70' title='bbox 585 417 683 446; x_wconf 86' lang='lat' dir='ltr'>charus</span> <span class='ocrx_word' id='word_1_71' title='bbox 691 415 747 458; x_wconf 43' lang='lat' dir='ltr'>est..</span> <span class='ocrx_word' id='word_1_72' title='bbox 833 451 839 457; x_wconf 30' lang='grc' dir='ltr'>ι</span> 
     </span>
     <span class='ocr_line' id='line_1_9' title="bbox 200 452 1225 493; baseline -0.016 -3"><span class='ocrx_word' id='word_1_73' title='bbox 200 459 308 490; x_wconf 79' lang='lat' dir='ltr'>Mutuae</span> <span class='ocrx_word' id='word_1_74' title='bbox 317 459 455 488; x_wconf 86' lang='lat' dir='ltr'>charitatis</span> <span class='ocrx_word' id='word_1_75' title='bbox 467 458 574 493; x_wconf 84' lang='lat' dir='ltr'>pignus.</span> <span class='ocrx_word' id='word_1_76' title='bbox 598 452 716 490; x_wconf 84' lang='lat' dir='ltr'>Quintil.</span> <span class='ocrx_word' id='word_1_77' title='bbox 730 452 777 480; x_wconf 86' lang='lat' dir='ltr'>hb.</span> <span class='ocrx_word' id='word_1_78' title='bbox 796 460 818 480; x_wconf 93' lang='lat'>1.</span> <span class='ocrx_word' id='word_1_79' title='bbox 832 460 861 479; x_wconf 88' lang='lat' dir='ltr'>in</span> <span class='ocrx_word' id='word_1_80' title='bbox 873 458 991 488; x_wconf 88' lang='lat' dir='ltr'>prooem.</span> <span class='ocrx_word' id='word_1_81' title='bbox 1050 485 1056 492; x_wconf 50' lang='grc'><em>.</em></span> <span class='ocrx_word' id='word_1_82' title='bbox 1220 486 1225 492; x_wconf 47' lang='lat'><em>-</em></span> 
     </span>
     <span class='ocr_line' id='line_1_10' title="bbox 200 485 1315 527; baseline -0.011 0"><span class='ocrx_word' id='word_1_83' title='bbox 200 498 324 527; x_wconf 81' lang='lat' dir='ltr'>Charitas</span> <span class='ocrx_word' id='word_1_84' title='bbox 339 498 364 526; x_wconf 74' lang='lat' dir='ltr'>Sc</span> <span class='ocrx_word' id='word_1_85' title='bbox 380 495 510 524; x_wconf 88' lang='lat' dir='ltr'>amicitia.</span> <span class='ocrx_word' id='word_1_86' title='bbox 546 492 603 522; x_wconf 87' lang='lat' dir='ltr'>Cic.</span> <span class='ocrx_word' id='word_1_87' title='bbox 619 501 641 519; x_wconf 91' lang='lat'>1.</span> <span class='ocrx_word' id='word_1_88' title='bbox 654 491 689 519; x_wconf 89' lang='lat' dir='ltr'>de</span> <span class='ocrx_word' id='word_1_89' title='bbox 700 490 763 520; x_wconf 88' lang='lat' dir='ltr'>Nat.</span> <span class='ocrx_word' id='word_1_90' title='bbox 780 488 863 518; x_wconf 90' lang='lat' dir='ltr'>Deor.</span> <span class='ocrx_word' id='word_1_91' title='bbox 879 496 941 523; x_wconf 81' lang='lat'>123.</span> <span class='ocrx_word' id='word_1_92' title='bbox 972 486 1129 516; x_wconf 78' lang='lat' dir='ltr'>Hominum</span> <span class='ocrx_word' id='word_1_93' title='bbox 1152 485 1269 515; x_wconf 77' lang='lat' dir='ltr'>charitas</span> <span class='ocrx_word' id='word_1_94' title='bbox 1288 486 1315 515; x_wconf 72' lang='lat' dir='ltr'>Sc</span> 
     </span>
     <span class='ocr_line' id='line_1_11' title="bbox 219 531 1301 570; baseline -0.017 -6"><span class='ocrx_word' id='word_1_95' title='bbox 219 535 338 564; x_wconf 86' lang='lat' dir='ltr'>amicitia</span> <span class='ocrx_word' id='word_1_96' title='bbox 350 533 465 570; x_wconf 84' lang='lat' dir='ltr'>gratuita</span> <span class='ocrx_word' id='word_1_97' title='bbox 476 531 521 560; x_wconf 89' lang='lat' dir='ltr'>est.</span> <span class='ocrx_word' id='word_1_98' title='bbox 985 562 990 568; x_wconf 92' lang='lat'>.</span> <span class='ocrx_word' id='word_1_99' title='bbox 1294 561 1301 566; x_wconf 50' lang='grc'><em>.</em></span> 
     </span>
     <span class='ocr_line' id='line_1_12' title="bbox 200 561 1315 602; baseline -0.012 0"><span class='ocrx_word' id='word_1_100' title='bbox 200 572 322 602; x_wconf 80' lang='lat' dir='ltr'>Charitas</span> <span class='ocrx_word' id='word_1_101' title='bbox 332 573 450 600; x_wconf 67' lang='lat' dir='ltr'>&amp;amon</span> <span class='ocrx_word' id='word_1_102' title='bbox 490 568 549 596; x_wconf 84' lang='lat' dir='ltr'>Cic.</span> <span class='ocrx_word' id='word_1_103' title='bbox 561 567 589 595; x_wconf 90' lang='lat' dir='ltr'>in</span> <span class='ocrx_word' id='word_1_104' title='bbox 602 565 695 595; x_wconf 87' lang='lat' dir='ltr'>Partit.</span> <span class='ocrx_word' id='word_1_105' title='bbox 708 567 750 601; x_wconf 83' lang='lat'>5⁶·</span> <span class='ocrx_word' id='word_1_106' title='bbox 773 563 845 593; x_wconf 89' lang='lat' dir='ltr'>Nam</span> <span class='ocrx_word' id='word_1_107' title='bbox 856 568 903 592; x_wconf 89' lang='lat' dir='ltr'>aut</span> <span class='ocrx_word' id='word_1_108' title='bbox 917 562 1049 592; x_wconf 80' lang='lat' dir='ltr'>charitate</span> <span class='ocrx_word' id='word_1_109' title='bbox 1066 567 1213 590; x_wconf 86' lang='lat' dir='ltr'>moventur</span> <span class='ocrx_word' id='word_1_110' title='bbox 1223 561 1315 590; x_wconf 86' lang='lat' dir='ltr'>honn-</span> 
     </span>
     <span class='ocr_line' id='line_1_13' title="bbox 217 599 1312 643; baseline -0.01 -5"><span class='ocrx_word' id='word_1_111' title='bbox 217 619 266 638; x_wconf 84' lang='lat' dir='ltr'>nes</span> <span class='ocrx_word' id='word_1_112' title='bbox 279 631 286 643; x_wconf 91' lang='lat'><strong>‚</strong></span> <span class='ocrx_word' id='word_1_113' title='bbox 307 616 337 637; x_wconf 89' lang='lat' dir='ltr'>ut</span> <span class='ocrx_word' id='word_1_114' title='bbox 352 608 468 636; x_wconf 86' lang='lat' dir='ltr'>deorum</span> <span class='ocrx_word' id='word_1_115' title='bbox 481 627 489 641; x_wconf 91' lang='lat'>,</span> <span class='ocrx_word' id='word_1_116' title='bbox 509 610 540 633; x_wconf 90' lang='lat' dir='ltr'>ut</span> <span class='ocrx_word' id='word_1_117' title='bbox 555 604 649 641; x_wconf 65' lang='lat' dir='ltr'>patriae</span> <span class='ocrx_word' id='word_1_118' title='bbox 661 625 668 639; x_wconf 89' lang='lat'>‚</span> <span class='ocrx_word' id='word_1_119' title='bbox 691 608 720 631; x_wconf 90' lang='lat' dir='ltr'>ut</span> <span class='ocrx_word' id='word_1_120' title='bbox 735 607 881 639; x_wconf 89' lang='lat' dir='ltr'>parentum</span> <span class='ocrx_word' id='word_1_121' title='bbox 896 610 903 630; x_wconf 87' lang='lat'>:</span> <span class='ocrx_word' id='word_1_122' title='bbox 935 607 982 629; x_wconf 85' lang='lat' dir='ltr'>aut</span> <span class='ocrx_word' id='word_1_123' title='bbox 998 609 1110 635; x_wconf 85' lang='lat' dir='ltr'>amore,</span> <span class='ocrx_word' id='word_1_124' title='bbox 1130 607 1161 629; x_wconf 90' lang='lat' dir='ltr'>ut</span> <span class='ocrx_word' id='word_1_125' title='bbox 1179 599 1292 629; x_wconf 83' lang='lat' dir='ltr'>fratrum</span> <span class='ocrx_word' id='word_1_126' title='bbox 1303 618 1312 634; x_wconf 76' lang='lat'>,</span> 
     </span>
     <span class='ocr_line' id='line_1_14' title="bbox 216 639 1270 682; baseline -0.011 -6"><span class='ocrx_word' id='word_1_127' title='bbox 216 654 248 675; x_wconf 86' lang='lat' dir='ltr'>ut</span> <span class='ocrx_word' id='word_1_128' title='bbox 260 647 408 682; x_wconf 76' lang='lat' dir='ltr'>conjugum</span> <span class='ocrx_word' id='word_1_129' title='bbox 420 666 428 678; x_wconf 88' lang='lat'>,</span> <span class='ocrx_word' id='word_1_130' title='bbox 449 641 638 672; x_wconf 85' lang='lat' dir='ltr'>utliberorum</span> <span class='ocrx_word' id='word_1_131' title='bbox 649 662 656 676; x_wconf 83' lang='lat'><em>‚</em></span> <span class='ocrx_word' id='word_1_132' title='bbox 678 646 709 669; x_wconf 90' lang='lat' dir='ltr'>ut</span> <span class='ocrx_word' id='word_1_133' title='bbox 717 639 903 668; x_wconf 75' lang='lat' dir='ltr'>familiarium.</span> <span class='ocrx_word' id='word_1_134' title='bbox 1170 674 1176 680; x_wconf 40' lang='grc' dir='ltr'>Ι</span> <span class='ocrx_word' id='word_1_135' title='bbox 1265 674 1270 679; x_wconf 43' lang='grc' dir='ltr'>Ι</span> 
     </span>
     <span class='ocr_line' id='line_1_15' title="bbox 196 673 1312 713; baseline -0.01 0"><span class='ocrx_word' id='word_1_136' title='bbox 196 683 363 713; x_wconf 76' lang='lat' dir='ltr'>Charitatem</span> <span class='ocrx_word' id='word_1_137' title='bbox 374 684 399 711; x_wconf 74' lang='grc' dir='ltr'>δι</span> <span class='ocrx_word' id='word_1_138' title='bbox 409 679 633 710; x_wconf 73' lang='lat' dir='ltr'>benevolentiam</span> <span class='ocrx_word' id='word_1_139' title='bbox 643 676 773 707; x_wconf 79' lang='lat' dir='ltr'>adimere.</span> <span class='ocrx_word' id='word_1_140' title='bbox 813 676 872 706; x_wconf 88' lang='lat' dir='ltr'>Cic.</span> <span class='ocrx_word' id='word_1_141' title='bbox 887 685 935 713; x_wconf 82' lang='lat' dir='ltr'>pro</span> <span class='ocrx_word' id='word_1_142' title='bbox 947 675 1056 704; x_wconf 86' lang='lat' dir='ltr'>Sext.6.</span> <span class='ocrx_word' id='word_1_143' title='bbox 1079 675 1190 704; x_wconf 80' lang='lat' dir='ltr'>Ademit</span> <span class='ocrx_word' id='word_1_144' title='bbox 1211 673 1312 703; x_wconf 82' lang='lat' dir='ltr'>Albino</span> 
     </span>
     <span class='ocr_line' id='line_1_16' title="bbox 213 712 1313 752; baseline -0.009 -2"><span class='ocrx_word' id='word_1_145' title='bbox 213 721 298 750; x_wconf 89' lang='lat' dir='ltr'>soceri</span> <span class='ocrx_word' id='word_1_146' title='bbox 308 729 411 749; x_wconf 75' lang='lat' dir='ltr'>nornen</span> <span class='ocrx_word' id='word_1_147' title='bbox 429 727 502 746; x_wconf 86' lang='lat' dir='ltr'>mors</span> <span class='ocrx_word' id='word_1_148' title='bbox 516 717 578 746; x_wconf 79' lang='lat' dir='ltr'>filiae</span> <span class='ocrx_word' id='word_1_149' title='bbox 589 739 598 752; x_wconf 93' lang='lat'>,</span> <span class='ocrx_word' id='word_1_150' title='bbox 619 716 665 746; x_wconf 91' lang='lat' dir='ltr'>sed</span> <span class='ocrx_word' id='word_1_151' title='bbox 675 715 839 745; x_wconf 82' lang='lat' dir='ltr'>charitatem</span> <span class='ocrx_word' id='word_1_152' title='bbox 848 713 923 744; x_wconf 90' lang='lat' dir='ltr'>illius</span> <span class='ocrx_word' id='word_1_153' title='bbox 933 712 1143 743; x_wconf 69' lang='lat' dir='ltr'>necessitudinis</span> <span class='ocrx_word' id='word_1_154' title='bbox 1155 714 1181 742; x_wconf 71' lang='grc' dir='ltr'><strong>ἃ</strong></span> <span class='ocrx_word' id='word_1_155' title='bbox 1192 712 1313 742; x_wconf 90' lang='lat' dir='ltr'>benevo-</span> 
     </span>
    </p>
   </div>
   <div class='ocr_carea' id='block_1_4' title="bbox 191 755 1310 833">
    <p class='ocr_par' dir='ltr' id='par_1_5' title="bbox 191 755 1310 833">
     <span class='ocr_line' id='line_1_17' title="bbox 212 755 1246 793; baseline -0.012 -6"><span class='ocrx_word' id='word_1_156' title='bbox 212 758 326 787; x_wconf 75' lang='lat' dir='ltr'>lentiam</span> <span class='ocrx_word' id='word_1_157' title='bbox 337 767 392 786; x_wconf 90' lang='lat' dir='ltr'>non</span> <span class='ocrx_word' id='word_1_158' title='bbox 402 755 515 785; x_wconf 83' lang='lat' dir='ltr'>ademit.</span> <span class='ocrx_word' id='word_1_159' title='bbox 1240 787 1246 793; x_wconf 44' lang='grc'><em>·</em></span> 
     </span>
     <span class='ocr_line' id='line_1_18' title="bbox 191 787 1310 833; baseline -0.008 -8"><span class='ocrx_word' id='word_1_160' title='bbox 191 794 350 833; x_wconf 81' lang='lat' dir='ltr'>Promptior</span> <span class='ocrx_word' id='word_1_161' title='bbox 361 816 368 829; x_wconf 92' lang='lat'><em>‚</em></span> <span class='ocrx_word' id='word_1_162' title='bbox 390 793 524 823; x_wconf 76' lang='lat' dir='ltr'>charitate</span> <span class='ocrx_word' id='word_1_163' title='bbox 539 791 613 827; x_wconf 80' lang='lat' dir='ltr'>filiae,</span> <span class='ocrx_word' id='word_1_164' title='bbox 634 790 807 829; x_wconf 83' lang='lat' dir='ltr'>accipiendis</span> <span class='ocrx_word' id='word_1_165' title='bbox 817 788 944 820; x_wconf 88' lang='lat' dir='ltr'>adversus</span> <span class='ocrx_word' id='word_1_166' title='bbox 955 797 1088 827; x_wconf 83' lang='lat' dir='ltr'>generum</span> <span class='ocrx_word' id='word_1_167' title='bbox 1098 787 1310 826; x_wconf 80' lang='lat' dir='ltr'>suspicionibus.</span> 
     </span>
    </p>
   </div>
   <div class='ocr_carea' id='block_1_5' title="bbox 190 832 1309 1096">
    <p class='ocr_par' dir='ltr' id='par_1_6' title="bbox 190 832 1309 1096">
     <span class='ocr_line' id='line_1_19' title="bbox 212 832 487 866; baseline -0.007 -4"><span class='ocrx_word' id='word_1_168' title='bbox 212 833 301 862; x_wconf 82' lang='lat' dir='ltr'>Tacit.</span> <span class='ocrx_word' id='word_1_169' title='bbox 317 841 357 861; x_wconf 85' lang='lat'>12.</span> <span class='ocrx_word' id='word_1_170' title='bbox 376 832 444 861; x_wconf 87' lang='lat' dir='ltr'>Arin.</span> <span class='ocrx_word' id='word_1_171' title='bbox 460 842 487 866; x_wconf 84' lang='grc'>4.</span> 
     </span>
     <span class='ocr_line' id='line_1_20' title="bbox 191 867 1258 908; baseline -0.009 -8"><span class='ocrx_word' id='word_1_172' title='bbox 191 869 347 908; x_wconf 64' lang='grc' dir='ltr'><strong>0011111106ὶί</strong></span> <span class='ocrx_word' id='word_1_173' title='bbox 359 868 499 898; x_wconf 76' lang='lat' dir='ltr'>charitate.</span> <span class='ocrx_word' id='word_1_174' title='bbox 538 867 572 897; x_wconf 89' lang='lat' dir='ltr'>In</span> <span class='ocrx_word' id='word_1_175' title='bbox 591 876 608 896; x_wconf 91' lang='lat' dir='ltr'>c</span> <span class='ocrx_word' id='word_1_176' title='bbox 617 876 634 895; x_wconf 94' lang='lat' dir='ltr'>o</span> <span class='ocrx_word' id='word_1_177' title='bbox 644 877 663 895; x_wconf 83' lang='lat' dir='ltr'>M</span> <span class='ocrx_word' id='word_1_178' title='bbox 672 876 686 894; x_wconf 75' lang='grc' dir='ltr'>Ρ</span> <span class='ocrx_word' id='word_1_179' title='bbox 696 877 713 894; x_wconf 75' lang='grc'>1.</span> <span class='ocrx_word' id='word_1_180' title='bbox 721 875 736 894; x_wconf 81' lang='lat' dir='ltr'>ii</span> <span class='ocrx_word' id='word_1_181' title='bbox 746 876 763 895; x_wconf 87' lang='lat' dir='ltr'>c</span> <span class='ocrx_word' id='word_1_182' title='bbox 774 875 793 894; x_wconf 84' lang='lat' dir='ltr'>T</span> <span class='ocrx_word' id='word_1_183' title='bbox 802 875 818 894; x_wconf 93' lang='grc' dir='ltr'>ο</span> <span class='ocrx_word' id='word_1_184' title='bbox 827 875 854 894; x_wconf 78' lang='lat' dir='ltr'>R.</span> <span class='ocrx_word' id='word_1_185' title='bbox 1074 895 1075 898; x_wconf 14' lang='grc' dir='ltr'><strong>Ἴ</strong></span> <span class='ocrx_word' id='word_1_186' title='bbox 1251 900 1258 907; x_wconf 90' lang='lat'>.</span> 
     </span>
     <span class='ocr_line' id='line_1_21' title="bbox 190 900 1309 946; baseline -0.007 -9"><span class='ocrx_word' id='word_1_187' title='bbox 190 908 394 946; x_wconf 68' lang='lat' dir='ltr'>Complet‘titur</span> <span class='ocrx_word' id='word_1_188' title='bbox 402 907 550 935; x_wconf 77' lang='lat' dir='ltr'>charitates</span> <span class='ocrx_word' id='word_1_189' title='bbox 560 914 657 934; x_wconf 88' lang='lat' dir='ltr'>omnes</span> <span class='ocrx_word' id='word_1_190' title='bbox 669 904 795 933; x_wconf 87' lang='lat' dir='ltr'>omnium</span> <span class='ocrx_word' id='word_1_191' title='bbox 806 902 903 941; x_wconf 85' lang='lat' dir='ltr'>patria.</span> <span class='ocrx_word' id='word_1_192' title='bbox 926 901 984 932; x_wconf 88' lang='lat' dir='ltr'>Cic.</span> <span class='ocrx_word' id='word_1_193' title='bbox 999 911 1022 931; x_wconf 91' lang='grc'>1.</span> <span class='ocrx_word' id='word_1_194' title='bbox 1035 900 1091 932; x_wconf 82' lang='lat' dir='ltr'>Off.</span> <span class='ocrx_word' id='word_1_195' title='bbox 1108 911 1151 939; x_wconf 78' lang='lat'>57.</span> <span class='ocrx_word' id='word_1_196' title='bbox 1172 901 1309 931; x_wconf 89' lang='lat' dir='ltr'>Omnium</span> 
     </span>
     <span class='ocr_line' id='line_1_22' title="bbox 209 939 1305 983; baseline -0.007 -8"><span class='ocrx_word' id='word_1_197' title='bbox 209 946 372 975; x_wconf 82' lang='lat' dir='ltr'>societatum</span> <span class='ocrx_word' id='word_1_198' title='bbox 384 944 460 973; x_wconf 85' lang='lat' dir='ltr'>nulla</span> <span class='ocrx_word' id='word_1_199' title='bbox 473 943 511 972; x_wconf 88' lang='lat' dir='ltr'>est</span> <span class='ocrx_word' id='word_1_200' title='bbox 524 943 625 980; x_wconf 82' lang='lat' dir='ltr'>gratior</span> <span class='ocrx_word' id='word_1_201' title='bbox 636 964 644 977; x_wconf 89' lang='lat'>,</span> <span class='ocrx_word' id='word_1_202' title='bbox 665 942 742 970; x_wconf 89' lang='lat' dir='ltr'>nulla</span> <span class='ocrx_word' id='word_1_203' title='bbox 751 941 858 971; x_wconf 85' lang='lat' dir='ltr'>charior</span> <span class='ocrx_word' id='word_1_204' title='bbox 870 963 877 974; x_wconf 86' lang='lat'>,</span> <span class='ocrx_word' id='word_1_205' title='bbox 899 950 980 983; x_wconf 78' lang='lat' dir='ltr'>quam</span> <span class='ocrx_word' id='word_1_206' title='bbox 994 949 1026 983; x_wconf 73' lang='lat' dir='ltr'>ea</span> <span class='ocrx_word' id='word_1_207' title='bbox 1044 950 1105 976; x_wconf 63' lang='lat' dir='ltr'>quai¹</span> <span class='ocrx_word' id='word_1_208' title='bbox 1120 949 1185 969; x_wconf 90' lang='lat' dir='ltr'>cum</span> <span class='ocrx_word' id='word_1_209' title='bbox 1198 939 1305 983; x_wconf 68' lang='lat' dir='ltr'>Repub.</span> 
     </span>
     <span class='ocr_line' id='line_1_23' title="bbox 209 977 1308 1019; baseline -0.008 -6"><span class='ocrx_word' id='word_1_210' title='bbox 209 984 247 1013; x_wconf 78' lang='lat' dir='ltr'>est</span> <span class='ocrx_word' id='word_1_211' title='bbox 263 983 413 1019; x_wconf 86' lang='lat' dir='ltr'>unicuique</span> <span class='ocrx_word' id='word_1_212' title='bbox 426 982 556 1011; x_wconf 88' lang='lat' dir='ltr'>nostrum.</span> <span class='ocrx_word' id='word_1_213' title='bbox 579 981 655 1010; x_wconf 85' lang='lat' dir='ltr'>chari</span> <span class='ocrx_word' id='word_1_214' title='bbox 678 987 807 1017; x_wconf 87' lang='lat' dir='ltr'>parentes</span> <span class='ocrx_word' id='word_1_215' title='bbox 819 1001 826 1013; x_wconf 95' lang='lat'>,</span> <span class='ocrx_word' id='word_1_216' title='bbox 849 978 925 1007; x_wconf 84' lang='lat' dir='ltr'>chari</span> <span class='ocrx_word' id='word_1_217' title='bbox 943 977 1043 1012; x_wconf 84' lang='lat' dir='ltr'>liberi,</span> <span class='ocrx_word' id='word_1_218' title='bbox 1066 979 1216 1015; x_wconf 81' lang='lat' dir='ltr'>propinqui</span> <span class='ocrx_word' id='word_1_219' title='bbox 1230 981 1308 1005; x_wconf 78' lang='lat' dir='ltr'>tarni-</span> 
     </span>
     <span class='ocr_line' id='line_1_24' title="bbox 205 1016 1308 1058; baseline -0.007 -7"><span class='ocrx_word' id='word_1_220' title='bbox 205 1021 302 1051; x_wconf 85' lang='lat' dir='ltr'>liares:</span> <span class='ocrx_word' id='word_1_221' title='bbox 327 1020 372 1050; x_wconf 85' lang='lat' dir='ltr'>sed</span> <span class='ocrx_word' id='word_1_222' title='bbox 383 1029 481 1049; x_wconf 89' lang='lat' dir='ltr'>omnes</span> <span class='ocrx_word' id='word_1_223' title='bbox 492 1019 621 1048; x_wconf 78' lang='lat' dir='ltr'>omnium</span> <span class='ocrx_word' id='word_1_224' title='bbox 631 1018 776 1047; x_wconf 87' lang='lat' dir='ltr'>charitates</span> <span class='ocrx_word' id='word_1_225' title='bbox 783 1017 870 1054; x_wconf 85' lang='lat' dir='ltr'>patria</span> <span class='ocrx_word' id='word_1_226' title='bbox 882 1025 936 1044; x_wconf 89' lang='lat' dir='ltr'>una</span> <span class='ocrx_word' id='word_1_227' title='bbox 944 1016 1093 1058; x_wconf 74' lang='lat' dir='ltr'>complexa</span> <span class='ocrx_word' id='word_1_228' title='bbox 1103 1016 1141 1045; x_wconf 84' lang='lat' dir='ltr'>est</span> <span class='ocrx_word' id='word_1_229' title='bbox 1153 1037 1162 1052; x_wconf 85' lang='lat'>‚</span> <span class='ocrx_word' id='word_1_230' title='bbox 1182 1025 1234 1053; x_wconf 86' lang='lat' dir='ltr'>pro</span> <span class='ocrx_word' id='word_1_231' title='bbox 1252 1022 1308 1051; x_wconf 84' lang='lat' dir='ltr'>qua</span> 
     </span>
     <span class='ocr_line' id='line_1_25' title="bbox 207 1053 1092 1096; baseline -0.007 -8"><span class='ocrx_word' id='word_1_232' title='bbox 207 1059 267 1096; x_wconf 86' lang='lat' dir='ltr'>quis</span> <span class='ocrx_word' id='word_1_233' title='bbox 277 1059 367 1087; x_wconf 87' lang='lat' dir='ltr'>bonus</span> <span class='ocrx_word' id='word_1_234' title='bbox 378 1058 488 1086; x_wconf 86' lang='lat' dir='ltr'>dubitet</span> <span class='ocrx_word' id='word_1_235' title='bbox 501 1062 618 1086; x_wconf 89' lang='lat' dir='ltr'>mortem</span> <span class='ocrx_word' id='word_1_236' title='bbox 631 1062 764 1094; x_wconf 83' lang='lat' dir='ltr'>oppetere</span> <span class='ocrx_word' id='word_1_237' title='bbox 776 1077 784 1091; x_wconf 89' lang='lat'>,</span> <span class='ocrx_word' id='word_1_238' title='bbox 805 1054 823 1083; x_wconf 85' lang='lat' dir='ltr'>si</span> <span class='ocrx_word' id='word_1_239' title='bbox 833 1054 858 1083; x_wconf 86' lang='lat' dir='ltr'>ei</span> <span class='ocrx_word' id='word_1_240' title='bbox 870 1053 900 1082; x_wconf 91' lang='lat' dir='ltr'>sit</span> <span class='ocrx_word' id='word_1_241' title='bbox 909 1054 1092 1091; x_wconf 78' lang='lat' dir='ltr'>protuturus‘?</span> 
     </span>
    </p>
   </div>
   <div class='ocr_carea' id='block_1_6' title="bbox 186 1094 1304 1172">
    <p class='ocr_par' dir='ltr' id='par_1_7' title="bbox 186 1094 1304 1172">
     <span class='ocr_line' id='line_1_26' title="bbox 187 1094 687 1128; baseline -0.01 -2"><span class='ocrx_word' id='word_1_242' title='bbox 187 1096 353 1128; x_wconf 79' lang='lat' dir='ltr'>conciliare.</span> <span class='ocrx_word' id='word_1_243' title='bbox 375 1095 433 1125; x_wconf 77' lang='lat' dir='ltr'>Cic.</span> <span class='ocrx_word' id='word_1_244' title='bbox 444 1105 470 1125; x_wconf 91' lang='lat'>2.</span> <span class='ocrx_word' id='word_1_245' title='bbox 487 1095 523 1124; x_wconf 88' lang='lat' dir='ltr'>de</span> <span class='ocrx_word' id='word_1_246' title='bbox 534 1094 611 1123; x_wconf 83' lang='lat' dir='ltr'>Orat.</span> <span class='ocrx_word' id='word_1_247' title='bbox 623 1098 687 1122; x_wconf 81' lang='lat'>206.</span> 
     </span>
     <span class='ocr_line' id='line_1_27' title="bbox 186 1127 1304 1172; baseline -0.006 -8"><span class='ocrx_word' id='word_1_248' title='bbox 186 1134 353 1172; x_wconf 87' lang='lat' dir='ltr'>Concupere</span> <span class='ocrx_word' id='word_1_249' title='bbox 363 1134 475 1163; x_wconf 87' lang='lat' dir='ltr'>civium.</span> <span class='ocrx_word' id='word_1_250' title='bbox 516 1132 575 1161; x_wconf 87' lang='lat' dir='ltr'>Cic.</span> <span class='ocrx_word' id='word_1_251' title='bbox 589 1141 611 1161; x_wconf 92' lang='lat'>1.</span> <span class='ocrx_word' id='word_1_252' title='bbox 624 1129 744 1168; x_wconf 82' lang='lat' dir='ltr'>Philipp.</span> <span class='ocrx_word' id='word_1_253' title='bbox 756 1139 802 1165; x_wconf 82' lang='grc'>29.</span> <span class='ocrx_word' id='word_1_254' title='bbox 825 1129 917 1159; x_wconf 85' lang='lat' dir='ltr'>Credo</span> <span class='ocrx_word' id='word_1_255' title='bbox 928 1129 1002 1158; x_wconf 87' lang='lat' dir='ltr'>enim</span> <span class='ocrx_word' id='word_1_256' title='bbox 1017 1138 1066 1158; x_wconf 90' lang='lat' dir='ltr'>vos</span> <span class='ocrx_word' id='word_1_257' title='bbox 1077 1138 1175 1158; x_wconf 90' lang='lat' dir='ltr'>omnes</span> <span class='ocrx_word' id='word_1_258' title='bbox 1185 1127 1304 1162; x_wconf 84' lang='lat' dir='ltr'>nobiles,</span> 
     </span>
    </p>
   </div>
   <div class='ocr_carea' id='block_1_7' title="bbox 184 1167 1305 1355">
    <p class='ocr_par' dir='ltr' id='par_1_8' title="bbox 202 1167 1305 1319">
     <span class='ocr_line' id='line_1_28' title="bbox 203 1167 1305 1209; baseline -0.005 -8"><span class='ocrx_word' id='word_1_259' title='bbox 203 1182 305 1209; x_wconf 78' lang='lat' dir='ltr'>magna</span> <span class='ocrx_word' id='word_1_260' title='bbox 316 1172 431 1209; x_wconf 85' lang='lat' dir='ltr'>quidem</span> <span class='ocrx_word' id='word_1_261' title='bbox 449 1171 603 1208; x_wconf 65' lang='lat' dir='ltr'>spectantes</span> <span class='ocrx_word' id='word_1_262' title='bbox 615 1191 622 1203; x_wconf 92' lang='lat'>,</span> <span class='ocrx_word' id='word_1_263' title='bbox 643 1178 701 1198; x_wconf 86' lang='lat' dir='ltr'>non</span> <span class='ocrx_word' id='word_1_264' title='bbox 721 1168 888 1205; x_wconf 79' lang='lat' dir='ltr'>pecuniam,</span> <span class='ocrx_word' id='word_1_265' title='bbox 910 1174 941 1195; x_wconf 90' lang='lat' dir='ltr'>ut</span> <span class='ocrx_word' id='word_1_266' title='bbox 959 1167 1072 1203; x_wconf 76' lang='lat' dir='ltr'>quidam</span> <span class='ocrx_word' id='word_1_267' title='bbox 1095 1167 1179 1195; x_wconf 88' lang='lat' dir='ltr'>nimis</span> <span class='ocrx_word' id='word_1_268' title='bbox 1197 1167 1305 1196; x_wconf 87' lang='lat' dir='ltr'>creduli</span> 
     </span>
     <span class='ocr_line' id='line_1_29' title="bbox 205 1204 1305 1247; baseline -0.006 -8"><span class='ocrx_word' id='word_1_269' title='bbox 205 1209 374 1247; x_wconf 86' lang='lat' dir='ltr'>suspicantur</span> <span class='ocrx_word' id='word_1_270' title='bbox 385 1231 393 1244; x_wconf 81' lang='lat'>,</span> <span class='ocrx_word' id='word_1_271' title='bbox 414 1218 473 1246; x_wconf 74' lang='lat' dir='ltr'>qua:</span> <span class='ocrx_word' id='word_1_272' title='bbox 488 1208 593 1246; x_wconf 85' lang='lat' dir='ltr'>semper</span> <span class='ocrx_word' id='word_1_273' title='bbox 603 1207 636 1236; x_wconf 91' lang='lat' dir='ltr'>ab</span> <span class='ocrx_word' id='word_1_274' title='bbox 651 1205 818 1244; x_wconf 76' lang='lat' dir='ltr'>amplissimo</span> <span class='ocrx_word' id='word_1_275' title='bbox 831 1214 943 1242; x_wconf 89' lang='lat' dir='ltr'>quoque</span> <span class='ocrx_word' id='word_1_276' title='bbox 957 1204 1160 1241; x_wconf 77' lang='lat' dir='ltr'>clarissimoque</span> <span class='ocrx_word' id='word_1_277' title='bbox 1180 1212 1305 1233; x_wconf 85' lang='lat' dir='ltr'>contem-</span> 
     </span>
     <span class='ocr_line' id='line_1_30' title="bbox 202 1242 1304 1285; baseline -0.005 -8"><span class='ocrx_word' id='word_1_278' title='bbox 202 1254 252 1285; x_wconf 82' lang='lat' dir='ltr'>pta</span> <span class='ocrx_word' id='word_1_279' title='bbox 265 1248 302 1277; x_wconf 86' lang='lat' dir='ltr'>est</span> <span class='ocrx_word' id='word_1_280' title='bbox 313 1269 321 1283; x_wconf 89' lang='lat'>,</span> <span class='ocrx_word' id='word_1_281' title='bbox 342 1256 398 1275; x_wconf 91' lang='lat' dir='ltr'>non</span> <span class='ocrx_word' id='word_1_282' title='bbox 410 1256 477 1284; x_wconf 87' lang='lat' dir='ltr'>opes</span> <span class='ocrx_word' id='word_1_283' title='bbox 489 1246 625 1275; x_wconf 85' lang='lat' dir='ltr'>violentas</span> <span class='ocrx_word' id='word_1_284' title='bbox 637 1266 644 1279; x_wconf 82' lang='lat'>,</span> <span class='ocrx_word' id='word_1_285' title='bbox 665 1246 690 1274; x_wconf 85' lang='lat'>&amp;</span> <span class='ocrx_word' id='word_1_286' title='bbox 702 1243 808 1281; x_wconf 85' lang='lat' dir='ltr'>populo</span> <span class='ocrx_word' id='word_1_287' title='bbox 824 1243 950 1272; x_wconf 84' lang='lat' dir='ltr'>Romano</span> <span class='ocrx_word' id='word_1_288' title='bbox 962 1243 1080 1272; x_wconf 86' lang='lat' dir='ltr'>minime</span> <span class='ocrx_word' id='word_1_289' title='bbox 1099 1242 1243 1272; x_wconf 84' lang='lat' dir='ltr'>serendam</span> <span class='ocrx_word' id='word_1_290' title='bbox 1254 1252 1304 1280; x_wconf 85' lang='lat' dir='ltr'>po-</span> 
     </span>
     <span class='ocr_line' id='line_1_31' title="bbox 203 1280 1043 1319; baseline -0.005 -5"><span class='ocrx_word' id='word_1_291' title='bbox 203 1286 339 1314; x_wconf 86' lang='lat' dir='ltr'>tentiam:</span> <span class='ocrx_word' id='word_1_292' title='bbox 360 1284 407 1313; x_wconf 90' lang='lat' dir='ltr'>sed</span> <span class='ocrx_word' id='word_1_293' title='bbox 419 1284 582 1314; x_wconf 85' lang='lat' dir='ltr'>charitatem</span> <span class='ocrx_word' id='word_1_294' title='bbox 592 1283 694 1312; x_wconf 79' lang='lat' dir='ltr'>civiui&#39;n</span> <span class='ocrx_word' id='word_1_295' title='bbox 709 1283 734 1312; x_wconf 70' lang='grc' dir='ltr'>ὁὶ</span> <span class='ocrx_word' id='word_1_296' title='bbox 745 1281 861 1319; x_wconf 84' lang='lat' dir='ltr'>gloriam</span> <span class='ocrx_word' id='word_1_297' title='bbox 873 1280 1043 1318; x_wconf 73' lang='lat' dir='ltr'>concupisse.</span> 
     </span>
    </p>

    <p class='ocr_par' dir='ltr' id='par_1_9' title="bbox 184 1322 605 1355">
     <span class='ocr_line' id='line_1_32' title="bbox 184 1322 605 1355; baseline -0.012 -2"><span class='ocrx_word' id='word_1_298' title='bbox 184 1322 303 1353; x_wconf 78' lang='lat' dir='ltr'>Exuere.</span> <span class='ocrx_word' id='word_1_299' title='bbox 325 1322 415 1352; x_wconf 83' lang='lat' dir='ltr'>Tacit.</span> <span class='ocrx_word' id='word_1_300' title='bbox 430 1325 469 1351; x_wconf 83' lang='lat'>16.</span> <span class='ocrx_word' id='word_1_301' title='bbox 483 1323 550 1351; x_wconf 87' lang='lat' dir='ltr'>Ann.</span> <span class='ocrx_word' id='word_1_302' title='bbox 561 1324 605 1355; x_wconf 82' lang='lat'>28.</span> 
     </span>
    </p>
   </div>
   <div class='ocr_carea' id='block_1_8' title="bbox 183 1357 1304 1428">
    <p class='ocr_par' dir='ltr' id='par_1_10' title="bbox 183 1357 1304 1428">
     <span class='ocr_line' id='line_1_33' title="bbox 185 1357 837 1396; baseline -0.005 -6"><span class='ocrx_word' id='word_1_303' title='bbox 185 1360 284 1396; x_wconf 67' lang='lat' dir='ltr'>Juneta</span> <span class='ocrx_word' id='word_1_304' title='bbox 293 1361 409 1390; x_wconf 79' lang='lat' dir='ltr'>charitas</span> <span class='ocrx_word' id='word_1_305' title='bbox 419 1360 491 1389; x_wconf 88' lang='lat' dir='ltr'>inter</span> <span class='ocrx_word' id='word_1_306' title='bbox 500 1368 613 1395; x_wconf 85' lang='lat' dir='ltr'>paucos.</span> <span class='ocrx_word' id='word_1_307' title='bbox 654 1357 685 1387; x_wconf 87' lang='lat' dir='ltr'>In</span> <span class='ocrx_word' id='word_1_308' title='bbox 706 1367 717 1391; x_wconf 84' lang='lat' dir='ltr'>J</span> <span class='ocrx_word' id='word_1_309' title='bbox 727 1367 745 1385; x_wconf 74' lang='lat' dir='ltr'>u</span> <span class='ocrx_word' id='word_1_310' title='bbox 753 1366 773 1385; x_wconf 92' lang='lat' dir='ltr'>N</span> <span class='ocrx_word' id='word_1_311' title='bbox 783 1366 801 1385; x_wconf 81' lang='lat' dir='ltr'>o</span> <span class='ocrx_word' id='word_1_312' title='bbox 811 1366 837 1387; x_wconf 94' lang='lat' dir='ltr'>o.</span> 
     </span>
     <span class='ocr_line' id='line_1_34' title="bbox 183 1392 1304 1428; baseline -0.004 0"><span class='ocrx_word' id='word_1_313' title='bbox 183 1399 309 1428; x_wconf 69' lang='lat' dir='ltr'>Praestare</span> <span class='ocrx_word' id='word_1_314' title='bbox 323 1398 456 1427; x_wconf 75' lang='lat' dir='ltr'>charitate</span> <span class='ocrx_word' id='word_1_315' title='bbox 466 1397 590 1426; x_wconf 86' lang='lat' dir='ltr'>officium</span> <span class='ocrx_word' id='word_1_316' title='bbox 600 1395 692 1425; x_wconf 85' lang='lat' dir='ltr'>alicui.</span> <span class='ocrx_word' id='word_1_317' title='bbox 734 1395 792 1424; x_wconf 91' lang='lat' dir='ltr'>Cic.</span> <span class='ocrx_word' id='word_1_318' title='bbox 805 1404 846 1424; x_wconf 90' lang='grc'>12.</span> <span class='ocrx_word' id='word_1_319' title='bbox 868 1393 942 1423; x_wconf 85' lang='lat' dir='ltr'>Fam.</span> <span class='ocrx_word' id='word_1_320' title='bbox 956 1396 998 1423; x_wconf 87' lang='lat'>16.</span> <span class='ocrx_word' id='word_1_321' title='bbox 1021 1393 1072 1423; x_wconf 89' lang='lat' dir='ltr'>Cui</span> <span class='ocrx_word' id='word_1_322' title='bbox 1082 1403 1132 1424; x_wconf 87' lang='lat' dir='ltr'>nos</span> <span class='ocrx_word' id='word_1_323' title='bbox 1145 1394 1172 1424; x_wconf 65' lang='grc' dir='ltr'><strong><em>ἃ</em></strong></span> <span class='ocrx_word' id='word_1_324' title='bbox 1187 1392 1304 1424; x_wconf 57' lang='lat' dir='ltr'>charita-s</span> 
     </span>
    </p>
   </div>
   <div class='ocr_carea' id='block_1_9' title="bbox 204 1431 1091 1471">
    <p class='ocr_par' dir='ltr' id='par_1_11' title="bbox 204 1431 1091 1471">
     <span class='ocr_line' id='line_1_35' title="bbox 204 1431 1091 1471; baseline -0.003 -7"><span class='ocrx_word' id='word_1_325' title='bbox 204 1443 232 1466; x_wconf 86' lang='lat' dir='ltr'>te</span> <span class='ocrx_word' id='word_1_326' title='bbox 246 1438 272 1466; x_wconf 68' lang='lat' dir='ltr'>St</span> <span class='ocrx_word' id='word_1_327' title='bbox 282 1445 376 1465; x_wconf 84' lang='lat' dir='ltr'>amore</span> <span class='ocrx_word' id='word_1_328' title='bbox 383 1441 462 1465; x_wconf 79' lang='lat' dir='ltr'>tuum</span> <span class='ocrx_word' id='word_1_329' title='bbox 474 1435 596 1464; x_wconf 86' lang='lat' dir='ltr'>officium</span> <span class='ocrx_word' id='word_1_330' title='bbox 606 1433 778 1471; x_wconf 82' lang='lat' dir='ltr'>praestaturos</span> <span class='ocrx_word' id='word_1_331' title='bbox 787 1440 846 1462; x_wconf 89' lang='lat' dir='ltr'>non</span> <span class='ocrx_word' id='word_1_332' title='bbox 857 1431 944 1462; x_wconf 88' lang='lat' dir='ltr'>debes</span> <span class='ocrx_word' id='word_1_333' title='bbox 954 1431 1091 1462; x_wconf 87' lang='lat' dir='ltr'>dubitare.</span> 
     </span>
    </p>
   </div>
   <div class='ocr_carea' id='block_1_10' title="bbox 147 1471 1301 1547">
    <p class='ocr_par' dir='ltr' id='par_1_12' title="bbox 147 1471 1301 1547">
     <span class='ocr_line' id='line_1_36' title="bbox 184 1471 780 1510; baseline -0.008 -6"><span class='ocrx_word' id='word_1_334' title='bbox 184 1473 316 1504; x_wconf 86' lang='lat' dir='ltr'>Retinere</span> <span class='ocrx_word' id='word_1_335' title='bbox 325 1475 353 1503; x_wconf 90' lang='lat' dir='ltr'>in</span> <span class='ocrx_word' id='word_1_336' title='bbox 360 1472 476 1510; x_wconf 86' lang='lat' dir='ltr'>aliquos.</span> <span class='ocrx_word' id='word_1_337' title='bbox 497 1473 556 1502; x_wconf 89' lang='lat' dir='ltr'>Cic.</span> <span class='ocrx_word' id='word_1_338' title='bbox 569 1472 604 1501; x_wconf 90' lang='lat' dir='ltr'>de</span> <span class='ocrx_word' id='word_1_339' title='bbox 615 1471 722 1500; x_wconf 83' lang='lat' dir='ltr'>Amicit.</span> <span class='ocrx_word' id='word_1_340' title='bbox 736 1479 780 1508; x_wconf 88' lang='grc'>72.</span> 
     </span>
     <span class='ocr_line' id='line_1_37' title="bbox 147 1506 1301 1547; baseline -0.003 -5"><span class='ocrx_word' id='word_1_341' title='bbox 147 1512 171 1543; x_wconf 91' lang='lat' dir='ltr'>C</span> <span class='ocrx_word' id='word_1_342' title='bbox 180 1522 201 1541; x_wconf 80' lang='grc'>11</span> <span class='ocrx_word' id='word_1_343' title='bbox 212 1516 227 1541; x_wconf 70' lang='lat' dir='ltr'>A</span> <span class='ocrx_word' id='word_1_344' title='bbox 236 1522 252 1541; x_wconf 76' lang='lat' dir='ltr'>a</span> <span class='ocrx_word' id='word_1_345' title='bbox 261 1521 281 1541; x_wconf 82' lang='lat' dir='ltr'>ir</span> <span class='ocrx_word' id='word_1_346' title='bbox 290 1522 305 1540; x_wconf 70' lang='lat' dir='ltr'>B</span> <span class='ocrx_word' id='word_1_347' title='bbox 315 1521 332 1541; x_wconf 83' lang='lat' dir='ltr'>o</span> <span class='ocrx_word' id='word_1_348' title='bbox 342 1522 349 1540; x_wconf 92' lang='grc'>1</span> <span class='ocrx_word' id='word_1_349' title='bbox 360 1521 386 1546; x_wconf 88' lang='lat' dir='ltr'>s,</span> <span class='ocrx_word' id='word_1_350' title='bbox 407 1512 439 1540; x_wconf 90' lang='lat' dir='ltr'>is.</span> <span class='ocrx_word' id='word_1_351' title='bbox 461 1511 479 1540; x_wconf 92' lang='lat' dir='ltr'>f.</span> <span class='ocrx_word' id='word_1_352' title='bbox 502 1508 661 1547; x_wconf 55' lang='lat' dir='ltr'>[xaegutas]</span> <span class='ocrx_word' id='word_1_353' title='bbox 684 1508 772 1538; x_wconf 84' lang='lat' dir='ltr'>Locus</span> <span class='ocrx_word' id='word_1_354' title='bbox 783 1508 865 1537; x_wconf 90' lang='lat' dir='ltr'>maris</span> <span class='ocrx_word' id='word_1_355' title='bbox 875 1506 1044 1545; x_wconf 84' lang='lat' dir='ltr'>periculosus</span> <span class='ocrx_word' id='word_1_356' title='bbox 1055 1506 1145 1537; x_wconf 88' lang='lat' dir='ltr'>nautis</span> <span class='ocrx_word' id='word_1_357' title='bbox 1161 1506 1233 1537; x_wconf 89' lang='lat' dir='ltr'>inter</span> <span class='ocrx_word' id='word_1_358' title='bbox 1250 1506 1301 1538; x_wconf 70' lang='lat' dir='ltr'>Ca-</span> 
     </span>
    </p>
   </div>
   <div class='ocr_carea' id='block_1_11' title="bbox 170 1546 1303 2871">
    <p class='ocr_par' dir='ltr' id='par_1_13' title="bbox 182 1546 1303 1622">
     <span class='ocr_line' id='line_1_38' title="bbox 182 1546 1303 1584; baseline -0.004 -5"><span class='ocrx_word' id='word_1_359' title='bbox 182 1550 297 1579; x_wconf 86' lang='lat' dir='ltr'>labriam</span> <span class='ocrx_word' id='word_1_360' title='bbox 309 1551 334 1579; x_wconf 84' lang='lat'>&amp;</span> <span class='ocrx_word' id='word_1_361' title='bbox 345 1548 468 1579; x_wconf 86' lang='lat' dir='ltr'>Siciliam</span> <span class='ocrx_word' id='word_1_362' title='bbox 478 1571 486 1584; x_wconf 92' lang='lat'>,</span> <span class='ocrx_word' id='word_1_363' title='bbox 506 1548 581 1584; x_wconf 90' lang='lat' dir='ltr'>quod</span> <span class='ocrx_word' id='word_1_364' title='bbox 591 1548 743 1577; x_wconf 88' lang='lat' dir='ltr'>contrarios</span> <span class='ocrx_word' id='word_1_365' title='bbox 752 1546 888 1575; x_wconf 70' lang='lat' dir='ltr'>fluctuum</span> <span class='ocrx_word' id='word_1_366' title='bbox 900 1546 992 1575; x_wconf 86' lang='lat' dir='ltr'>cursus</span> <span class='ocrx_word' id='word_1_367' title='bbox 1000 1546 1082 1580; x_wconf 84' lang='lat' dir='ltr'>facit,</span> <span class='ocrx_word' id='word_1_368' title='bbox 1106 1547 1132 1575; x_wconf 72' lang='lat' dir='ltr'>Sc</span> <span class='ocrx_word' id='word_1_369' title='bbox 1144 1552 1220 1583; x_wconf 88' lang='lat' dir='ltr'>rapta</span> <span class='ocrx_word' id='word_1_370' title='bbox 1229 1556 1303 1583; x_wconf 70' lang='lat' dir='ltr'>qua-.-</span> 
     </span>
     <span class='ocr_line' id='line_1_39' title="bbox 202 1581 1301 1622; baseline -0.004 -5"><span class='ocrx_word' id='word_1_371' title='bbox 202 1597 237 1617; x_wconf 87' lang='lat' dir='ltr'>ue</span> <span class='ocrx_word' id='word_1_372' title='bbox 246 1587 382 1621; x_wconf 88' lang='lat' dir='ltr'>absorbet,</span> <span class='ocrx_word' id='word_1_373' title='bbox 403 1588 429 1616; x_wconf 83' lang='lat'><strong>&amp;</strong></span> <span class='ocrx_word' id='word_1_374' title='bbox 439 1586 535 1621; x_wconf 82' lang='lat' dir='ltr'>rejicit.</span> <span class='ocrx_word' id='word_1_375' title='bbox 555 1595 625 1622; x_wconf 86' lang='lat' dir='ltr'>aqua</span> <span class='ocrx_word' id='word_1_376' title='bbox 633 1585 708 1615; x_wconf 90' lang='lat' dir='ltr'>enim</span> <span class='ocrx_word' id='word_1_377' title='bbox 719 1594 797 1614; x_wconf 90' lang='lat' dir='ltr'>nunc</span> <span class='ocrx_word' id='word_1_378' title='bbox 807 1581 980 1619; x_wconf 74' lang='lat' dir='ltr'>absorbetur,</span> <span class='ocrx_word' id='word_1_379' title='bbox 1004 1584 1131 1613; x_wconf 75' lang='lat' dir='ltr'>&amp;tendit</span> <span class='ocrx_word' id='word_1_380' title='bbox 1144 1584 1174 1613; x_wconf 89' lang='lat' dir='ltr'>in</span> <span class='ocrx_word' id='word_1_381' title='bbox 1186 1584 1301 1622; x_wconf 74' lang='lat' dir='ltr'>profun-</span> 
     </span>
    </p>

    <p class='ocr_par' dir='ltr' id='par_1_14' title="bbox 182 1598 1024 1661">
     <span class='ocr_line' id='line_1_40' title="bbox 182 1598 1024 1661; baseline -0.005 -6"><span class='ocrx_word' id='word_1_382' title='bbox 182 1598 252 1656; x_wconf 65' lang='lat' dir='ltr'>dum</span> <span class='ocrx_word' id='word_1_383' title='bbox 263 1648 271 1661; x_wconf 87' lang='lat'>,</span> <span class='ocrx_word' id='word_1_384' title='bbox 293 1635 369 1655; x_wconf 89' lang='lat' dir='ltr'>nunc</span> <span class='ocrx_word' id='word_1_385' title='bbox 376 1624 499 1654; x_wconf 88' lang='lat' dir='ltr'>elevatur</span> <span class='ocrx_word' id='word_1_386' title='bbox 507 1625 536 1653; x_wconf 90' lang='lat' dir='ltr'>in</span> <span class='ocrx_word' id='word_1_387' title='bbox 546 1623 641 1653; x_wconf 89' lang='lat' dir='ltr'>altum.</span> <span class='ocrx_word' id='word_1_388' title='bbox 664 1623 749 1653; x_wconf 93' lang='lat' dir='ltr'>Ovid.</span> <span class='ocrx_word' id='word_1_389' title='bbox 760 1622 841 1652; x_wconf 84' lang='lat' dir='ltr'>Rem.</span> <span class='ocrx_word' id='word_1_390' title='bbox 853 1623 947 1652; x_wconf 85' lang='lat' dir='ltr'>Amor.</span> <span class='ocrx_word' id='word_1_391' title='bbox 959 1630 1024 1659; x_wconf 85' lang='lat'>740.</span> 
     </span>
    </p>

    <p class='ocr_par' dir='ltr' id='par_1_15' title="bbox 276 1660 850 1700">
     <span class='ocr_line' id='line_1_41' title="bbox 276 1660 850 1700; baseline -0.005 -8"><span class='ocrx_word' id='word_1_392' title='bbox 276 1663 309 1692; x_wconf 85' lang='lat' dir='ltr'>Et</span> <span class='ocrx_word' id='word_1_393' title='bbox 317 1663 405 1692; x_wconf 85' lang='lat' dir='ltr'>vomit</span> <span class='ocrx_word' id='word_1_394' title='bbox 416 1669 512 1700; x_wconf 82' lang='lat' dir='ltr'>epotas</span> <span class='ocrx_word' id='word_1_395' title='bbox 525 1662 583 1691; x_wconf 87' lang='lat' dir='ltr'>dira</span> <span class='ocrx_word' id='word_1_396' title='bbox 592 1660 747 1699; x_wconf 83' lang='lat' dir='ltr'>Charybdis</span> <span class='ocrx_word' id='word_1_397' title='bbox 759 1669 850 1697; x_wconf 90' lang='lat' dir='ltr'>aquas.</span> 
     </span>
    </p>

    <p class='ocr_par' dir='ltr' id='par_1_16' title="bbox 180 1695 1300 1811">
     <span class='ocr_line' id='line_1_42' title="bbox 180 1695 1299 1738; baseline -0.004 -7"><span class='ocrx_word' id='word_1_398' title='bbox 180 1700 307 1738; x_wconf 87' lang='lat' dir='ltr'>Fingitur</span> <span class='ocrx_word' id='word_1_399' title='bbox 316 1708 408 1730; x_wconf 86' lang='lat' dir='ltr'>autem</span> <span class='ocrx_word' id='word_1_400' title='bbox 420 1700 583 1738; x_wconf 76' lang='lat' dir='ltr'>Charybdis,</span> <span class='ocrx_word' id='word_1_401' title='bbox 601 1699 715 1728; x_wconf 85' lang='lat' dir='ltr'>Femina</span> <span class='ocrx_word' id='word_1_402' title='bbox 731 1698 912 1734; x_wconf 78' lang='lat' dir='ltr'>voracissima,</span> <span class='ocrx_word' id='word_1_403' title='bbox 931 1707 992 1734; x_wconf 75' lang='lat' dir='ltr'>quae</span> <span class='ocrx_word' id='word_1_404' title='bbox 1003 1695 1067 1735; x_wconf 81' lang='lat' dir='ltr'>quia</span> <span class='ocrx_word' id='word_1_405' title='bbox 1075 1696 1160 1727; x_wconf 86' lang='lat' dir='ltr'>boves</span> <span class='ocrx_word' id='word_1_406' title='bbox 1170 1697 1299 1728; x_wconf 78' lang='lat' dir='ltr'>Herculis</span> 
     </span>
     <span class='ocr_line' id='line_1_43' title="bbox 199 1735 1300 1776; baseline -0.004 -8"><span class='ocrx_word' id='word_1_407' title='bbox 199 1739 301 1776; x_wconf 85' lang='lat' dir='ltr'>rapuit,</span> <span class='ocrx_word' id='word_1_408' title='bbox 322 1749 337 1768; x_wconf 86' lang='lat' dir='ltr'>a</span> <span class='ocrx_word' id='word_1_409' title='bbox 350 1738 417 1774; x_wconf 88' lang='lat' dir='ltr'>Jove</span> <span class='ocrx_word' id='word_1_410' title='bbox 427 1737 573 1768; x_wconf 84' lang='lat' dir='ltr'>fulminata</span> <span class='ocrx_word' id='word_1_411' title='bbox 581 1737 628 1772; x_wconf 86' lang='lat' dir='ltr'>est,</span> <span class='ocrx_word' id='word_1_412' title='bbox 650 1738 676 1767; x_wconf 70' lang='grc' dir='ltr'>ἃ</span> <span class='ocrx_word' id='word_1_413' title='bbox 687 1737 716 1765; x_wconf 90' lang='lat' dir='ltr'>in</span> <span class='ocrx_word' id='word_1_414' title='bbox 727 1744 803 1766; x_wconf 87' lang='lat' dir='ltr'>mare</span> <span class='ocrx_word' id='word_1_415' title='bbox 813 1736 992 1773; x_wconf 82' lang='lat' dir='ltr'>praecipitata.</span> <span class='ocrx_word' id='word_1_416' title='bbox 1015 1735 1095 1765; x_wconf 87' lang='lat' dir='ltr'>Unde</span> <span class='ocrx_word' id='word_1_417' title='bbox 1105 1742 1233 1765; x_wconf 88' lang='lat' dir='ltr'>naturam</span> <span class='ocrx_word' id='word_1_418' title='bbox 1245 1737 1300 1773; x_wconf 87' lang='lat' dir='ltr'>pri-</span> 
     </span>
     <span class='ocr_line' id='line_1_44' title="bbox 199 1773 1295 1811; baseline -0.002 -5"><span class='ocrx_word' id='word_1_419' title='bbox 199 1776 409 1806; x_wconf 83' lang='lat' dir='ltr'>stinamservat:</span> <span class='ocrx_word' id='word_1_420' title='bbox 431 1785 496 1805; x_wconf 89' lang='lat' dir='ltr'>nam</span> <span class='ocrx_word' id='word_1_421' title='bbox 507 1775 598 1805; x_wconf 84' lang='lat' dir='ltr'>sorbet</span> <span class='ocrx_word' id='word_1_422' title='bbox 608 1774 741 1804; x_wconf 83' lang='lat' dir='ltr'>universa.</span> <span class='ocrx_word' id='word_1_423' title='bbox 760 1775 862 1804; x_wconf 72' lang='lat' dir='ltr'>Auctor</span> <span class='ocrx_word' id='word_1_424' title='bbox 870 1774 979 1803; x_wconf 88' lang='lat' dir='ltr'>Servius</span> <span class='ocrx_word' id='word_1_425' title='bbox 990 1773 1024 1803; x_wconf 80' lang='lat' dir='ltr'>ad</span> <span class='ocrx_word' id='word_1_426' title='bbox 1035 1773 1089 1803; x_wconf 91' lang='lat' dir='ltr'>loc.</span> <span class='ocrx_word' id='word_1_427' title='bbox 1100 1773 1295 1811; x_wconf 68' lang='lat' dir='ltr'>subjet‘tNirg.</span> 
     </span>
    </p>

    <p class='ocr_par' dir='ltr' id='par_1_17' title="bbox 179 1811 1298 2004">
     <span class='ocr_line' id='line_1_45' title="bbox 179 1811 1295 1852; baseline -0.002 -8"><span class='ocrx_word' id='word_1_428' title='bbox 179 1812 301 1844; x_wconf 89' lang='lat' dir='ltr'>Plurima</span> <span class='ocrx_word' id='word_1_429' title='bbox 310 1814 345 1844; x_wconf 89' lang='lat' dir='ltr'>de</span> <span class='ocrx_word' id='word_1_430' title='bbox 355 1813 494 1852; x_wconf 81' lang='lat' dir='ltr'>Charybdi</span> <span class='ocrx_word' id='word_1_431' title='bbox 508 1813 648 1843; x_wconf 87' lang='lat' dir='ltr'>finxerunt</span> <span class='ocrx_word' id='word_1_432' title='bbox 658 1817 749 1851; x_wconf 79' lang='lat' dir='ltr'>poetae</span> <span class='ocrx_word' id='word_1_433' title='bbox 763 1822 771 1848; x_wconf 72' lang='lat'>3</span> <span class='ocrx_word' id='word_1_434' title='bbox 794 1818 823 1841; x_wconf 93' lang='lat' dir='ltr'>ut</span> <span class='ocrx_word' id='word_1_435' title='bbox 842 1812 936 1841; x_wconf 79' lang='lat' dir='ltr'>videre</span> <span class='ocrx_word' id='word_1_436' title='bbox 956 1811 994 1841; x_wconf 88' lang='lat' dir='ltr'>est</span> <span class='ocrx_word' id='word_1_437' title='bbox 1011 1812 1087 1849; x_wconf 89' lang='lat' dir='ltr'>apud</span> <span class='ocrx_word' id='word_1_438' title='bbox 1104 1812 1177 1849; x_wconf 88' lang='lat' dir='ltr'>Virg.</span> <span class='ocrx_word' id='word_1_439' title='bbox 1191 1820 1214 1848; x_wconf 88' lang='lat'>3.</span> <span class='ocrx_word' id='word_1_440' title='bbox 1232 1812 1295 1842; x_wconf 78' lang='lat' dir='ltr'>AEn.</span> 
     </span>
     <span class='ocr_line' id='line_1_46' title="bbox 197 1849 1295 1889; baseline -0.001 -8"><span class='ocrx_word' id='word_1_441' title='bbox 197 1862 263 1889; x_wconf 81' lang='grc'><strong>419.</strong></span> <span class='ocrx_word' id='word_1_442' title='bbox 281 1852 400 1889; x_wconf 85' lang='lat' dir='ltr'>Ovid.7.</span> <span class='ocrx_word' id='word_1_443' title='bbox 417 1852 484 1881; x_wconf 86' lang='lat' dir='ltr'>Met.</span> <span class='ocrx_word' id='word_1_444' title='bbox 496 1856 541 1881; x_wconf 87' lang='lat'>62.</span> <span class='ocrx_word' id='word_1_445' title='bbox 553 1851 600 1881; x_wconf 88' lang='lat' dir='ltr'>Sil.</span> <span class='ocrx_word' id='word_1_446' title='bbox 617 1861 660 1886; x_wconf 82' lang='lat'>14.</span> <span class='ocrx_word' id='word_1_447' title='bbox 672 1861 736 1886; x_wconf 78' lang='grc' dir='ltr'><strong>4ςς.</strong></span> <span class='ocrx_word' id='word_1_448' title='bbox 757 1849 847 1880; x_wconf 86' lang='lat' dir='ltr'>Natal.</span> <span class='ocrx_word' id='word_1_449' title='bbox 872 1849 950 1879; x_wconf 90' lang='lat' dir='ltr'>Com.</span> <span class='ocrx_word' id='word_1_450' title='bbox 973 1849 1093 1886; x_wconf 87' lang='lat' dir='ltr'>Mythol.</span> <span class='ocrx_word' id='word_1_451' title='bbox 1112 1855 1138 1884; x_wconf 86' lang='lat'>8.</span> <span class='ocrx_word' id='word_1_452' title='bbox 1158 1859 1199 1879; x_wconf 89' lang='lat'>12.</span> <span class='ocrx_word' id='word_1_453' title='bbox 1225 1849 1295 1880; x_wconf 89' lang='lat' dir='ltr'>Plin.</span> 
     </span>
     <span class='ocr_line' id='line_1_47' title="bbox 197 1886 1298 1927; baseline -0.003 -8"><span class='ocrx_word' id='word_1_454' title='bbox 197 1890 247 1919; x_wconf 92' lang='lat' dir='ltr'>lib.</span> <span class='ocrx_word' id='word_1_455' title='bbox 259 1899 283 1926; x_wconf 93' lang='lat'>3.</span> <span class='ocrx_word' id='word_1_456' title='bbox 296 1892 322 1920; x_wconf 72' lang='lat' dir='ltr'>Sc</span> <span class='ocrx_word' id='word_1_457' title='bbox 338 1895 362 1924; x_wconf 82' lang='lat'>8.</span> <span class='ocrx_word' id='word_1_458' title='bbox 386 1890 417 1919; x_wconf 86' lang='lat' dir='ltr'>In</span> <span class='ocrx_word' id='word_1_459' title='bbox 427 1900 461 1919; x_wconf 86' lang='lat' dir='ltr'>eo</span> <span class='ocrx_word' id='word_1_460' title='bbox 472 1889 542 1919; x_wconf 88' lang='lat' dir='ltr'>freto</span> <span class='ocrx_word' id='word_1_461' title='bbox 552 1890 590 1919; x_wconf 78' lang='lat' dir='ltr'>es’c</span> <span class='ocrx_word' id='word_1_462' title='bbox 598 1888 729 1927; x_wconf 81' lang='lat' dir='ltr'>scopulus</span> <span class='ocrx_word' id='word_1_463' title='bbox 739 1887 827 1925; x_wconf 87' lang='lat' dir='ltr'>Scylla</span> <span class='ocrx_word' id='word_1_464' title='bbox 838 1910 845 1922; x_wconf 89' lang='lat'><strong>‚</strong></span> <span class='ocrx_word' id='word_1_465' title='bbox 866 1888 934 1916; x_wconf 90' lang='lat' dir='ltr'>item</span> <span class='ocrx_word' id='word_1_466' title='bbox 951 1886 1103 1924; x_wconf 83' lang='lat' dir='ltr'>Charybdis</span> <span class='ocrx_word' id='word_1_467' title='bbox 1113 1909 1121 1921; x_wconf 84' lang='lat'><em>‚</em></span> <span class='ocrx_word' id='word_1_468' title='bbox 1143 1897 1218 1916; x_wconf 90' lang='lat' dir='ltr'>mare</span> <span class='ocrx_word' id='word_1_469' title='bbox 1237 1897 1298 1917; x_wconf 92' lang='lat' dir='ltr'>vor-</span> 
     </span>
     <span class='ocr_line' id='line_1_48' title="bbox 197 1925 1297 1963; baseline -0.003 -6"><span class='ocrx_word' id='word_1_470' title='bbox 197 1928 325 1963; x_wconf 89' lang='lat' dir='ltr'>ticosum,</span> <span class='ocrx_word' id='word_1_471' title='bbox 346 1928 429 1957; x_wconf 88' lang='lat' dir='ltr'>ambo</span> <span class='ocrx_word' id='word_1_472' title='bbox 440 1927 511 1957; x_wconf 84' lang='lat' dir='ltr'>clara</span> <span class='ocrx_word' id='word_1_473' title='bbox 519 1927 629 1956; x_wconf 77' lang='lat' dir='ltr'>saevitia.</span> <span class='ocrx_word' id='word_1_474' title='bbox 669 1927 738 1956; x_wconf 90' lang='lat' dir='ltr'>lnde</span> <span class='ocrx_word' id='word_1_475' title='bbox 747 1927 819 1955; x_wconf 90' lang='lat' dir='ltr'>inter</span> <span class='ocrx_word' id='word_1_476' title='bbox 829 1925 950 1963; x_wconf 85' lang='lat' dir='ltr'>Scyllam</span> <span class='ocrx_word' id='word_1_477' title='bbox 962 1926 987 1954; x_wconf 64' lang='grc' dir='ltr'>δέ</span> <span class='ocrx_word' id='word_1_478' title='bbox 1000 1925 1161 1963; x_wconf 72' lang='lat' dir='ltr'>Charybdin</span> <span class='ocrx_word' id='word_1_479' title='bbox 1170 1926 1297 1963; x_wconf 75' lang='lat' dir='ltr'>navigare</span> 
     </span>
     <span class='ocr_line' id='line_1_49' title="bbox 196 1962 1295 2004; baseline -0.002 -8"><span class='ocrx_word' id='word_1_480' title='bbox 196 1967 304 1996; x_wconf 63' lang='lat' dir='ltr'>dicium</span> <span class='ocrx_word' id='word_1_481' title='bbox 315 1966 415 2004; x_wconf 87' lang='lat' dir='ltr'>est,pro</span> <span class='ocrx_word' id='word_1_482' title='bbox 423 1965 454 1995; x_wconf 90' lang='lat' dir='ltr'>In</span> <span class='ocrx_word' id='word_1_483' title='bbox 467 1965 583 2003; x_wconf 87' lang='lat' dir='ltr'>ancipiti</span> <span class='ocrx_word' id='word_1_484' title='bbox 592 1965 716 2002; x_wconf 86' lang='lat' dir='ltr'>periculo</span> <span class='ocrx_word' id='word_1_485' title='bbox 728 1962 1156 2002; x_wconf 79' lang='lat' dir='ltr'>esse.V.Chiliad.Erasm.Virg.3.</span> <span class='ocrx_word' id='word_1_486' title='bbox 1167 1963 1244 2000; x_wconf 80' lang='lat' dir='ltr'>AEn.5</span> <span class='ocrx_word' id='word_1_487' title='bbox 1252 1969 1295 2001; x_wconf 85' lang='lat'>58.</span> 
     </span>
    </p>

    <p class='ocr_par' dir='ltr' id='par_1_18' title="bbox 258 2001 1003 2042">
     <span class='ocr_line' id='line_1_50' title="bbox 258 2001 1003 2042; baseline -0.004 -9"><span class='ocrx_word' id='word_1_488' title='bbox 258 2004 292 2033; x_wconf 91' lang='lat' dir='ltr'>Et</span> <span class='ocrx_word' id='word_1_489' title='bbox 300 2010 377 2042; x_wconf 86' lang='lat' dir='ltr'>pater</span> <span class='ocrx_word' id='word_1_490' title='bbox 391 2001 519 2033; x_wconf 72' lang='lat' dir='ltr'>Anchises</span> <span class='ocrx_word' id='word_1_491' title='bbox 529 2025 537 2039; x_wconf 90' lang='lat'>,</span> <span class='ocrx_word' id='word_1_492' title='bbox 558 2003 688 2032; x_wconf 87' lang='lat' dir='ltr'>nimirum</span> <span class='ocrx_word' id='word_1_493' title='bbox 704 2002 764 2031; x_wconf 78' lang='lat' dir='ltr'>haec</span> <span class='ocrx_word' id='word_1_494' title='bbox 774 2001 822 2031; x_wconf 84' lang='lat' dir='ltr'>illa</span> <span class='ocrx_word' id='word_1_495' title='bbox 833 2001 1003 2039; x_wconf 85' lang='lat' dir='ltr'>Charybdis:</span> 
     </span>
    </p>

    <p class='ocr_par' dir='ltr' id='par_1_19' title="bbox 175 2038 1295 2155">
     <span class='ocr_line' id='line_1_51' title="bbox 258 2038 1150 2080; baseline -0.002 -9"><span class='ocrx_word' id='word_1_496' title='bbox 258 2041 317 2071; x_wconf 87' lang='lat' dir='ltr'>Hos</span> <span class='ocrx_word' id='word_1_497' title='bbox 327 2041 450 2072; x_wconf 86' lang='lat' dir='ltr'>Helenus</span> <span class='ocrx_word' id='word_1_498' title='bbox 459 2040 587 2080; x_wconf 86' lang='lat' dir='ltr'>scopulos</span> <span class='ocrx_word' id='word_1_499' title='bbox 599 2063 606 2075; x_wconf 85' lang='lat'>,</span> <span class='ocrx_word' id='word_1_500' title='bbox 626 2040 685 2070; x_wconf 73' lang='lat' dir='ltr'>haec</span> <span class='ocrx_word' id='word_1_501' title='bbox 695 2040 757 2070; x_wconf 67' lang='lat' dir='ltr'>saxa</span> <span class='ocrx_word' id='word_1_502' title='bbox 768 2040 907 2069; x_wconf 86' lang='lat' dir='ltr'>horrenda</span> <span class='ocrx_word' id='word_1_503' title='bbox 916 2039 1044 2069; x_wconf 79' lang='lat' dir='ltr'>canebat.</span> <span class='ocrx_word' id='word_1_504' title='bbox 1119 2038 1150 2069; x_wconf 89' lang='lat' dir='ltr'>V.</span> 
     </span>
     <span class='ocr_line' id='line_1_52' title="bbox 175 2077 967 2117; baseline -0.004 -8"><span class='ocrx_word' id='word_1_505' title='bbox 175 2079 263 2109; x_wconf 79' lang='lat' dir='ltr'>Avida</span> <span class='ocrx_word' id='word_1_506' title='bbox 274 2080 427 2117; x_wconf 80' lang='lat' dir='ltr'>Charybdis</span> <span class='ocrx_word' id='word_1_507' title='bbox 442 2101 450 2115; x_wconf 83' lang='lat'>‚</span> <span class='ocrx_word' id='word_1_508' title='bbox 470 2080 488 2108; x_wconf 84' lang='lat' dir='ltr'>i.</span> <span class='ocrx_word' id='word_1_509' title='bbox 504 2089 529 2108; x_wconf 89' lang='lat' dir='ltr'>e.</span> <span class='ocrx_word' id='word_1_510' title='bbox 552 2078 656 2116; x_wconf 70' lang='lat' dir='ltr'>Rapax.</span> <span class='ocrx_word' id='word_1_511' title='bbox 681 2078 765 2108; x_wconf 84' lang='lat' dir='ltr'>Ovid.</span> <span class='ocrx_word' id='word_1_512' title='bbox 778 2088 820 2113; x_wconf 91' lang='grc'>14.</span> <span class='ocrx_word' id='word_1_513' title='bbox 834 2077 903 2107; x_wconf 90' lang='lat' dir='ltr'>Met.</span> <span class='ocrx_word' id='word_1_514' title='bbox 922 2087 967 2114; x_wconf 84' lang='grc' dir='ltr'>7ς.</span> 
     </span>
     <span class='ocr_line' id='line_1_53' title="bbox 175 2114 1295 2155; baseline -0.001 -9"><span class='ocrx_word' id='word_1_515' title='bbox 175 2117 491 2155; x_wconf 89' lang='lat' dir='ltr'>BonoruniCharybdis.</span> <span class='ocrx_word' id='word_1_516' title='bbox 532 2116 591 2146; x_wconf 92' lang='lat' dir='ltr'>Cic.</span> <span class='ocrx_word' id='word_1_517' title='bbox 606 2126 629 2152; x_wconf 88' lang='lat'>3.</span> <span class='ocrx_word' id='word_1_518' title='bbox 647 2116 681 2145; x_wconf 90' lang='lat' dir='ltr'>de</span> <span class='ocrx_word' id='word_1_519' title='bbox 691 2116 767 2145; x_wconf 82' lang='lat' dir='ltr'>Orat.</span> <span class='ocrx_word' id='word_1_520' title='bbox 781 2119 842 2145; x_wconf 92' lang='grc'><strong>162.</strong></span> <span class='ocrx_word' id='word_1_521' title='bbox 877 2115 987 2146; x_wconf 85' lang='lat' dir='ltr'>Deinde</span> <span class='ocrx_word' id='word_1_522' title='bbox 1006 2114 1161 2144; x_wconf 87' lang='lat' dir='ltr'>videndum</span> <span class='ocrx_word' id='word_1_523' title='bbox 1180 2115 1236 2149; x_wconf 82' lang='lat' dir='ltr'>est,</span> <span class='ocrx_word' id='word_1_524' title='bbox 1259 2124 1295 2145; x_wconf 85' lang='lat' dir='ltr'>ne</span> 
     </span>
    </p>

    <p class='ocr_par' dir='ltr' id='par_1_20' title="bbox 195 2152 1297 2268">
     <span class='ocr_line' id='line_1_54' title="bbox 196 2152 1297 2193; baseline -0.003 -8"><span class='ocrx_word' id='word_1_525' title='bbox 196 2154 280 2193; x_wconf 85' lang='lat' dir='ltr'>longe</span> <span class='ocrx_word' id='word_1_526' title='bbox 294 2155 378 2184; x_wconf 81' lang='lat' dir='ltr'>simile</span> <span class='ocrx_word' id='word_1_527' title='bbox 390 2155 420 2184; x_wconf 86' lang='lat' dir='ltr'>sit</span> <span class='ocrx_word' id='word_1_528' title='bbox 437 2155 553 2184; x_wconf 63' lang='lat' dir='ltr'>ductum</span> <span class='ocrx_word' id='word_1_529' title='bbox 564 2175 572 2190; x_wconf 89' lang='lat'>,</span> <span class='ocrx_word' id='word_1_530' title='bbox 592 2154 693 2191; x_wconf 79' lang='lat' dir='ltr'>Syrtim</span> <span class='ocrx_word' id='word_1_531' title='bbox 711 2153 872 2191; x_wconf 79' lang='lat' dir='ltr'>patrimonii</span> <span class='ocrx_word' id='word_1_532' title='bbox 888 2175 896 2189; x_wconf 96' lang='lat'>,</span> <span class='ocrx_word' id='word_1_533' title='bbox 917 2152 1062 2191; x_wconf 89' lang='lat' dir='ltr'>scopulum</span> <span class='ocrx_word' id='word_1_534' title='bbox 1072 2153 1205 2182; x_wconf 89' lang='lat' dir='ltr'>libentius</span> <span class='ocrx_word' id='word_1_535' title='bbox 1220 2153 1297 2182; x_wconf 89' lang='lat' dir='ltr'>dixe-</span> 
     </span>
     <span class='ocr_line' id='line_1_55' title="bbox 195 2190 1294 2231; baseline -0.001 -9"><span class='ocrx_word' id='word_1_536' title='bbox 195 2193 248 2222; x_wconf 89' lang='lat' dir='ltr'>rim</span> <span class='ocrx_word' id='word_1_537' title='bbox 260 2203 266 2222; x_wconf 96' lang='lat'><strong>:</strong></span> <span class='ocrx_word' id='word_1_538' title='bbox 288 2193 447 2231; x_wconf 85' lang='lat' dir='ltr'>Charybdin</span> <span class='ocrx_word' id='word_1_539' title='bbox 459 2193 613 2227; x_wconf 88' lang='lat' dir='ltr'>bonorum,</span> <span class='ocrx_word' id='word_1_540' title='bbox 635 2192 794 2228; x_wconf 78' lang='lat' dir='ltr'>voraginem</span> <span class='ocrx_word' id='word_1_541' title='bbox 802 2191 894 2229; x_wconf 86' lang='lat' dir='ltr'>potius</span> <span class='ocrx_word' id='word_1_542' title='bbox 906 2201 912 2221; x_wconf 73' lang='grc' dir='ltr'>ε</span> <span class='ocrx_word' id='word_1_543' title='bbox 935 2190 1045 2220; x_wconf 84' lang='lat' dir='ltr'>facilius</span> <span class='ocrx_word' id='word_1_544' title='bbox 1056 2191 1133 2220; x_wconf 88' lang='lat' dir='ltr'>enim</span> <span class='ocrx_word' id='word_1_545' title='bbox 1144 2191 1180 2221; x_wconf 89' lang='lat' dir='ltr'>ad</span> <span class='ocrx_word' id='word_1_546' title='bbox 1190 2200 1223 2220; x_wconf 86' lang='lat' dir='ltr'>ea</span> <span class='ocrx_word' id='word_1_547' title='bbox 1235 2195 1294 2228; x_wconf 73' lang='lat' dir='ltr'>quae</span> 
     </span>
     <span class='ocr_line' id='line_1_56' title="bbox 195 2229 1110 2268; baseline -0.002 -8"><span class='ocrx_word' id='word_1_548' title='bbox 195 2230 251 2260; x_wconf 88' lang='lat' dir='ltr'>visa</span> <span class='ocrx_word' id='word_1_549' title='bbox 264 2252 272 2266; x_wconf 88' lang='lat'><strong>‚</strong></span> <span class='ocrx_word' id='word_1_550' title='bbox 293 2240 376 2268; x_wconf 86' lang='lat' dir='ltr'>quarn</span> <span class='ocrx_word' id='word_1_551' title='bbox 384 2230 419 2260; x_wconf 90' lang='lat' dir='ltr'>ad</span> <span class='ocrx_word' id='word_1_552' title='bbox 429 2230 475 2260; x_wconf 89' lang='lat' dir='ltr'>illa</span> <span class='ocrx_word' id='word_1_553' title='bbox 487 2239 547 2267; x_wconf 85' lang='lat' dir='ltr'>quae</span> <span class='ocrx_word' id='word_1_554' title='bbox 560 2230 654 2259; x_wconf 80' lang='lat' dir='ltr'>audita</span> <span class='ocrx_word' id='word_1_555' title='bbox 664 2229 728 2259; x_wconf 89' lang='lat' dir='ltr'>sunt</span> <span class='ocrx_word' id='word_1_556' title='bbox 737 2251 746 2266; x_wconf 87' lang='lat'>,</span> <span class='ocrx_word' id='word_1_557' title='bbox 767 2229 871 2259; x_wconf 90' lang='lat' dir='ltr'>mentis</span> <span class='ocrx_word' id='word_1_558' title='bbox 885 2229 960 2258; x_wconf 89' lang='lat' dir='ltr'>oculi</span> <span class='ocrx_word' id='word_1_559' title='bbox 975 2229 1110 2258; x_wconf 72' lang='lat' dir='ltr'>teruntur.</span> 
     </span>
    </p>

    <p class='ocr_par' dir='ltr' id='par_1_21' title="bbox 176 2268 626 2305">
     <span class='ocr_line' id='line_1_57' title="bbox 176 2268 626 2305; baseline -0.004 -7"><span class='ocrx_word' id='word_1_560' title='bbox 176 2268 252 2298; x_wconf 88' lang='lat' dir='ltr'>Dira.</span> <span class='ocrx_word' id='word_1_561' title='bbox 274 2268 358 2298; x_wconf 90' lang='lat' dir='ltr'>Ovid.</span> <span class='ocrx_word' id='word_1_562' title='bbox 369 2268 450 2298; x_wconf 84' lang='lat' dir='ltr'>Rem.</span> <span class='ocrx_word' id='word_1_563' title='bbox 462 2269 552 2297; x_wconf 89' lang='lat' dir='ltr'>Amor.</span> <span class='ocrx_word' id='word_1_564' title='bbox 564 2277 626 2305; x_wconf 77' lang='grc'><strong>740.</strong></span> 
     </span>
    </p>

    <p class='ocr_par' dir='ltr' id='par_1_22' title="bbox 174 2303 1297 2382">
     <span class='ocr_line' id='line_1_58' title="bbox 174 2303 1297 2343; baseline -0.002 -7"><span class='ocrx_word' id='word_1_565' title='bbox 174 2306 319 2337; x_wconf 79' lang='lat' dir='ltr'>Immanis.</span> <span class='ocrx_word' id='word_1_566' title='bbox 358 2307 416 2336; x_wconf 89' lang='lat' dir='ltr'>Cic.</span> <span class='ocrx_word' id='word_1_567' title='bbox 429 2306 465 2335; x_wconf 89' lang='lat' dir='ltr'>de</span> <span class='ocrx_word' id='word_1_568' title='bbox 476 2305 569 2343; x_wconf 89' lang='lat' dir='ltr'>Arusp.</span> <span class='ocrx_word' id='word_1_569' title='bbox 586 2304 667 2343; x_wconf 86' lang='lat' dir='ltr'>Resp.</span> <span class='ocrx_word' id='word_1_570' title='bbox 684 2314 727 2340; x_wconf 82' lang='lat'>59.</span> <span class='ocrx_word' id='word_1_571' title='bbox 750 2304 842 2340; x_wconf 87' lang='lat' dir='ltr'>Quam</span> <span class='ocrx_word' id='word_1_572' title='bbox 856 2303 976 2341; x_wconf 87' lang='lat' dir='ltr'>denique</span> <span class='ocrx_word' id='word_1_573' title='bbox 988 2309 1046 2334; x_wconf 88' lang='lat' dir='ltr'>tam</span> <span class='ocrx_word' id='word_1_574' title='bbox 1062 2304 1214 2334; x_wconf 86' lang='lat' dir='ltr'>immanem</span> <span class='ocrx_word' id='word_1_575' title='bbox 1225 2304 1297 2334; x_wconf 83' lang='lat' dir='ltr'>Cha-</span> 
     </span>
     <span class='ocr_line' id='line_1_59' title="bbox 193 2342 1297 2382; baseline -0.002 -8"><span class='ocrx_word' id='word_1_576' title='bbox 193 2344 296 2382; x_wconf 87' lang='lat' dir='ltr'>rybdin</span> <span class='ocrx_word' id='word_1_577' title='bbox 306 2351 396 2382; x_wconf 84' lang='lat' dir='ltr'>poetae</span> <span class='ocrx_word' id='word_1_578' title='bbox 406 2343 538 2382; x_wconf 86' lang='lat' dir='ltr'>fingendo</span> <span class='ocrx_word' id='word_1_579' title='bbox 550 2343 705 2381; x_wconf 80' lang='lat' dir='ltr'>exprimere</span> <span class='ocrx_word' id='word_1_580' title='bbox 718 2348 881 2380; x_wconf 87' lang='lat' dir='ltr'>potuerunt,</span> <span class='ocrx_word' id='word_1_581' title='bbox 906 2352 965 2379; x_wconf 76' lang='lat' dir='ltr'>quae</span> <span class='ocrx_word' id='word_1_582' title='bbox 975 2346 1068 2373; x_wconf 78' lang='lat' dir='ltr'>tantos</span> <span class='ocrx_word' id='word_1_583' title='bbox 1079 2342 1224 2373; x_wconf 86' lang='lat' dir='ltr'>exhaurire</span> <span class='ocrx_word' id='word_1_584' title='bbox 1235 2353 1297 2380; x_wconf 85' lang='lat' dir='ltr'>gur-</span> 
     </span>
    </p>

    <p class='ocr_par' dir='ltr' id='par_1_23' title="bbox 173 2381 1296 2563">
     <span class='ocr_line' id='line_1_60' title="bbox 173 2381 1296 2462; baseline -0.002 -13"><span class='ocrx_word' id='word_1_585' title='bbox 173 2390 274 2450; x_wconf 49' lang='lat' dir='ltr'>Iissgstba</span> <span class='ocrx_word' id='word_1_586' title='bbox 282 2381 550 2456; x_wconf 47' lang='lat' dir='ltr'>grajisgii&#39;Csigr&#39;ybdis.</span> <span class='ocrx_word' id='word_1_587' title='bbox 589 2418 646 2447; x_wconf 89' lang='lat' dir='ltr'>Cic.</span> <span class='ocrx_word' id='word_1_588' title='bbox 658 2426 684 2462; x_wconf 82' lang='grc'>7.</span> <span class='ocrx_word' id='word_1_589' title='bbox 700 2416 777 2447; x_wconf 89' lang='lat' dir='ltr'>Verr.</span> <span class='ocrx_word' id='word_1_590' title='bbox 793 2427 854 2461; x_wconf 68' lang='lat'>145.</span> <span class='ocrx_word' id='word_1_591' title='bbox 887 2417 954 2461; x_wconf 74' lang='lat' dir='ltr'>Non</span> <span class='ocrx_word' id='word_1_592' title='bbox 964 2417 1041 2447; x_wconf 88' lang='lat' dir='ltr'>enim</span> <span class='ocrx_word' id='word_1_593' title='bbox 1061 2416 1222 2460; x_wconf 72' lang='lat' dir='ltr'>Charybdin</span> <span class='ocrx_word' id='word_1_594' title='bbox 1239 2423 1296 2462; x_wconf 83' lang='lat' dir='ltr'>tam</span> 
     </span>
     <span class='ocr_line' id='line_1_61' title="bbox 192 2455 1296 2494; baseline -0.003 -7"><span class='ocrx_word' id='word_1_595' title='bbox 192 2458 319 2487; x_wconf 77' lang='lat' dir='ltr'>infestam</span> <span class='ocrx_word' id='word_1_596' title='bbox 330 2479 337 2492; x_wconf 92' lang='lat'>,</span> <span class='ocrx_word' id='word_1_597' title='bbox 359 2466 450 2494; x_wconf 90' lang='lat' dir='ltr'>neque</span> <span class='ocrx_word' id='word_1_598' title='bbox 464 2457 585 2494; x_wconf 87' lang='lat' dir='ltr'>Scyllam</span> <span class='ocrx_word' id='word_1_599' title='bbox 595 2462 686 2485; x_wconf 85' lang='lat' dir='ltr'>nautis</span> <span class='ocrx_word' id='word_1_600' title='bbox 696 2477 704 2491; x_wconf 89' lang='lat'>‚</span> <span class='ocrx_word' id='word_1_601' title='bbox 743 2465 806 2485; x_wconf 89' lang='lat' dir='ltr'>uam</span> <span class='ocrx_word' id='word_1_602' title='bbox 816 2455 895 2485; x_wconf 89' lang='lat' dir='ltr'>istum</span> <span class='ocrx_word' id='word_1_603' title='bbox 906 2466 935 2484; x_wconf 88' lang='lat' dir='ltr'>in</span> <span class='ocrx_word' id='word_1_604' title='bbox 947 2456 1047 2484; x_wconf 88' lang='lat' dir='ltr'>eodeni</span> <span class='ocrx_word' id='word_1_605' title='bbox 1061 2455 1216 2493; x_wconf 40' lang='lat' dir='ltr'>fretofsuisse</span> <span class='ocrx_word' id='word_1_606' title='bbox 1227 2456 1296 2484; x_wconf 90' lang='lat' dir='ltr'>arbi-</span> 
     </span>
     <span class='ocr_line' id='line_1_62' title="bbox 191 2492 1296 2531; baseline -0.002 -7"><span class='ocrx_word' id='word_1_607' title='bbox 191 2497 259 2525; x_wconf 83' lang='lat' dir='ltr'>tror.</span> <span class='ocrx_word' id='word_1_608' title='bbox 280 2495 335 2524; x_wconf 91' lang='lat' dir='ltr'>hoc</span> <span class='ocrx_word' id='word_1_609' title='bbox 346 2496 430 2524; x_wconf 88' lang='lat' dir='ltr'>etiam</span> <span class='ocrx_word' id='word_1_610' title='bbox 441 2495 490 2524; x_wconf 87' lang='lat' dir='ltr'>iste</span> <span class='ocrx_word' id='word_1_611' title='bbox 499 2494 622 2524; x_wconf 86' lang='lat' dir='ltr'>infestior</span> <span class='ocrx_word' id='word_1_612' title='bbox 633 2516 641 2530; x_wconf 91' lang='lat'>‚</span> <span class='ocrx_word' id='word_1_613' title='bbox 663 2502 718 2531; x_wconf 91' lang='lat' dir='ltr'>quo</span> <span class='ocrx_word' id='word_1_614' title='bbox 748 2493 837 2523; x_wconf 86' lang='lat' dir='ltr'>multo</span> <span class='ocrx_word' id='word_1_615' title='bbox 849 2493 876 2523; x_wconf 86' lang='lat' dir='ltr'>se</span> <span class='ocrx_word' id='word_1_616' title='bbox 885 2492 1011 2531; x_wconf 83' lang='lat' dir='ltr'>pluribus</span> <span class='ocrx_word' id='word_1_617' title='bbox 1023 2494 1049 2524; x_wconf 70' lang='grc' dir='ltr'>ἃ</span> <span class='ocrx_word' id='word_1_618' title='bbox 1060 2493 1210 2530; x_wconf 75' lang='lat' dir='ltr'>majoribus</span> <span class='ocrx_word' id='word_1_619' title='bbox 1222 2492 1296 2524; x_wconf 83' lang='lat' dir='ltr'>cani-</span> 
     </span>
     <span class='ocr_line' id='line_1_63' title="bbox 192 2533 440 2563; baseline 0 -1"><span class='ocrx_word' id='word_1_620' title='bbox 192 2533 244 2563; x_wconf 85' lang='lat' dir='ltr'>bus</span> <span class='ocrx_word' id='word_1_621' title='bbox 259 2533 440 2562; x_wconf 83' lang='lat' dir='ltr'>succinxerat.</span> 
     </span>
    </p>

    <p class='ocr_par' dir='ltr' id='par_1_24' title="bbox 171 2569 649 2608">
     <span class='ocr_line' id='line_1_64' title="bbox 171 2569 649 2608; baseline -0.002 -8"><span class='ocrx_word' id='word_1_622' title='bbox 171 2569 332 2608; x_wconf 89' lang='lat' dir='ltr'>Irrequieta.</span> <span class='ocrx_word' id='word_1_623' title='bbox 353 2570 440 2600; x_wconf 91' lang='lat' dir='ltr'>Ovid.</span> <span class='ocrx_word' id='word_1_624' title='bbox 453 2577 494 2605; x_wconf 83' lang='lat'>13.</span> <span class='ocrx_word' id='word_1_625' title='bbox 508 2569 577 2600; x_wconf 87' lang='lat' dir='ltr'>Met.</span> <span class='ocrx_word' id='word_1_626' title='bbox 587 2577 649 2607; x_wconf 74' lang='lat'>730.</span> 
     </span>
    </p>

    <p class='ocr_par' dir='ltr' id='par_1_25' title="bbox 171 2606 878 2645">
     <span class='ocr_line' id='line_1_65' title="bbox 171 2606 878 2645; baseline -0.001 -8"><span class='ocrx_word' id='word_1_627' title='bbox 171 2608 314 2638; x_wconf 73' lang='lat' dir='ltr'>Panchaea.</span> <span class='ocrx_word' id='word_1_628' title='bbox 337 2608 421 2638; x_wconf 88' lang='lat' dir='ltr'>Ovid.</span> <span class='ocrx_word' id='word_1_629' title='bbox 437 2619 460 2643; x_wconf 83' lang='grc' dir='ltr'>ς.</span> <span class='ocrx_word' id='word_1_630' title='bbox 473 2607 554 2637; x_wconf 84' lang='lat' dir='ltr'>Trist.</span> <span class='ocrx_word' id='word_1_631' title='bbox 565 2617 591 2638; x_wconf 93' lang='lat'>2.</span> <span class='ocrx_word' id='word_1_632' title='bbox 606 2614 651 2645; x_wconf 81' lang='lat'>73.</span> <span class='ocrx_word' id='word_1_633' title='bbox 680 2606 716 2638; x_wconf 89' lang='lat' dir='ltr'>al.</span> <span class='ocrx_word' id='word_1_634' title='bbox 741 2606 878 2637; x_wconf 78' lang='lat' dir='ltr'>Zanclaea.</span> 
     </span>
    </p>

    <p class='ocr_par' dir='ltr' id='par_1_26' title="bbox 170 2645 521 2684">
     <span class='ocr_line' id='line_1_66' title="bbox 170 2645 521 2684; baseline -0.006 -8"><span class='ocrx_word' id='word_1_635' title='bbox 170 2645 277 2684; x_wconf 89' lang='lat' dir='ltr'>Rapax.</span> <span class='ocrx_word' id='word_1_636' title='bbox 299 2646 363 2675; x_wconf 89' lang='lat' dir='ltr'>Sen.</span> <span class='ocrx_word' id='word_1_637' title='bbox 374 2645 484 2683; x_wconf 89' lang='lat' dir='ltr'>Thyest.</span> <span class='ocrx_word' id='word_1_638' title='bbox 494 2654 521 2682; x_wconf 93' lang='lat'>7.</span> 
     </span>
    </p>

    <p class='ocr_par' dir='ltr' id='par_1_27' title="bbox 171 2683 565 2720">
     <span class='ocr_line' id='line_1_67' title="bbox 171 2683 565 2720; baseline -0.003 -7"><span class='ocrx_word' id='word_1_639' title='bbox 171 2685 256 2713; x_wconf 80' lang='lat' dir='ltr'>Saeva.</span> <span class='ocrx_word' id='word_1_640' title='bbox 278 2684 377 2719; x_wconf 85' lang='lat' dir='ltr'>Juven.</span> <span class='ocrx_word' id='word_1_641' title='bbox 395 2694 436 2719; x_wconf 79' lang='grc' dir='ltr'>ις.</span> <span class='ocrx_word' id='word_1_642' title='bbox 452 2683 508 2712; x_wconf 87' lang='lat' dir='ltr'>Sat.</span> <span class='ocrx_word' id='word_1_643' title='bbox 521 2690 565 2720; x_wconf 82' lang='lat'>17.</span> 
     </span>
    </p>

    <p class='ocr_par' dir='ltr' id='par_1_28' title="bbox 171 2721 507 2755">
     <span class='ocr_line' id='line_1_68' title="bbox 171 2721 507 2755; baseline -0.006 -4"><span class='ocrx_word' id='word_1_644' title='bbox 171 2721 259 2751; x_wconf 86' lang='lat' dir='ltr'>Vasta.</span> <span class='ocrx_word' id='word_1_645' title='bbox 281 2721 371 2751; x_wconf 77' lang='lat' dir='ltr'>Catui.</span> <span class='ocrx_word' id='word_1_646' title='bbox 383 2724 429 2751; x_wconf 87' lang='lat'>62.</span> <span class='ocrx_word' id='word_1_647' title='bbox 445 2723 507 2755; x_wconf 76' lang='lat'>156.</span> 
     </span>
    </p>

    <p class='ocr_par' dir='ltr' id='par_1_29' title="bbox 171 2756 1086 2795">
     <span class='ocr_line' id='line_1_69' title="bbox 171 2756 1086 2795; baseline -0.002 -7"><span class='ocrx_word' id='word_1_648' title='bbox 171 2759 272 2788; x_wconf 87' lang='lat' dir='ltr'>Vorax.</span> <span class='ocrx_word' id='word_1_649' title='bbox 311 2760 368 2788; x_wconf 90' lang='lat' dir='ltr'>Cic.</span> <span class='ocrx_word' id='word_1_650' title='bbox 379 2759 409 2787; x_wconf 89' lang='lat' dir='ltr'>in</span> <span class='ocrx_word' id='word_1_651' title='bbox 420 2767 446 2788; x_wconf 85' lang='lat'>2.</span> <span class='ocrx_word' id='word_1_652' title='bbox 459 2757 579 2795; x_wconf 88' lang='lat' dir='ltr'>Philipp.</span> <span class='ocrx_word' id='word_1_653' title='bbox 592 2760 637 2794; x_wconf 92' lang='lat'>67.</span> <span class='ocrx_word' id='word_1_654' title='bbox 660 2756 730 2794; x_wconf 83' lang='lat' dir='ltr'>Quae</span> <span class='ocrx_word' id='word_1_655' title='bbox 742 2756 895 2793; x_wconf 85' lang='lat' dir='ltr'>Charybdis</span> <span class='ocrx_word' id='word_1_656' title='bbox 905 2760 962 2787; x_wconf 82' lang='lat' dir='ltr'>tarn</span> <span class='ocrx_word' id='word_1_657' title='bbox 975 2766 1062 2787; x_wconf 83' lang='lat' dir='ltr'>vorax</span> <span class='ocrx_word' id='word_1_658' title='bbox 1071 2757 1086 2786; x_wconf 66' lang='grc' dir='ltr'>’ἓ</span> 
     </span>
    </p>

    <p class='ocr_par' dir='ltr' id='par_1_30' title="bbox 171 2794 615 2831">
     <span class='ocr_line' id='line_1_70' title="bbox 171 2794 615 2831; baseline -0.007 -4"><span class='ocrx_word' id='word_1_659' title='bbox 171 2797 310 2827; x_wconf 84' lang='lat' dir='ltr'>Zanclaea.</span> <span class='ocrx_word' id='word_1_660' title='bbox 334 2796 418 2826; x_wconf 90' lang='lat' dir='ltr'>Ovid.</span> <span class='ocrx_word' id='word_1_661' title='bbox 429 2807 454 2831; x_wconf 88' lang='grc'>4.</span> <span class='ocrx_word' id='word_1_662' title='bbox 468 2794 536 2825; x_wconf 79' lang='lat' dir='ltr'>Fast.</span> <span class='ocrx_word' id='word_1_663' title='bbox 551 2800 615 2831; x_wconf 76' lang='grc'><strong>499.</strong></span> 
     </span>
    </p>

    <p class='ocr_par' dir='ltr' id='par_1_31' title="bbox 170 2831 859 2871">
     <span class='ocr_line' id='line_1_71' title="bbox 170 2831 859 2871; baseline -0.007 -7"><span class='ocrx_word' id='word_1_664' title='bbox 170 2834 294 2864; x_wconf 86' lang='lat' dir='ltr'>Devoret</span> <span class='ocrx_word' id='word_1_665' title='bbox 305 2844 349 2863; x_wconf 85' lang='lat' dir='ltr'>me</span> <span class='ocrx_word' id='word_1_666' title='bbox 360 2833 522 2871; x_wconf 86' lang='lat' dir='ltr'>Charybdis.</span> <span class='ocrx_word' id='word_1_667' title='bbox 545 2833 629 2862; x_wconf 88' lang='lat' dir='ltr'>Ovid.</span> <span class='ocrx_word' id='word_1_668' title='bbox 643 2843 667 2866; x_wconf 84' lang='grc' dir='ltr'>ς.</span> <span class='ocrx_word' id='word_1_669' title='bbox 679 2831 759 2861; x_wconf 82' lang='lat' dir='ltr'>Trist.</span> <span class='ocrx_word' id='word_1_670' title='bbox 777 2840 803 2860; x_wconf 85' lang='lat'>2.</span> <span class='ocrx_word' id='word_1_671' title='bbox 815 2839 859 2868; x_wconf 85' lang='lat'>73.</span> 
     </span>
    </p>
   </div>
   <div class='ocr_carea' id='block_1_12' title="bbox 1174 2046 1294 2070">
    <p class='ocr_par' dir='ltr' id='par_1_32' title="bbox 1174 2046 1294 2070">
     <span class='ocr_line' id='line_1_72' title="bbox 1174 2046 1294 2070; baseline 0 -1"><span class='ocrx_word' id='word_1_672' title='bbox 1174 2046 1294 2070; x_wconf 59' lang='lat' dir='ltr'>SCYLLAi</span> 
     </span>
    </p>
   </div>
   <div class='ocr_carea' id='block_1_13' title="bbox 168 2867 1321 2913">
    <p class='ocr_par' dir='ltr' id='par_1_33' title="bbox 168 2867 1321 2913">
     <span class='ocr_line' id='line_1_73' title="bbox 168 2867 1321 2913; baseline -0.003 -11"><span class='ocrx_word' id='word_1_673' title='bbox 168 2872 276 2902; x_wconf 84' lang='lat' dir='ltr'>Evitata</span> <span class='ocrx_word' id='word_1_674' title='bbox 287 2871 428 2909; x_wconf 86' lang='lat' dir='ltr'>Charybdi</span> <span class='ocrx_word' id='word_1_675' title='bbox 443 2893 451 2905; x_wconf 88' lang='lat'>,</span> <span class='ocrx_word' id='word_1_676' title='bbox 472 2871 502 2900; x_wconf 90' lang='lat' dir='ltr'>in</span> <span class='ocrx_word' id='word_1_677' title='bbox 511 2870 632 2908; x_wconf 76' lang='lat' dir='ltr'>Scyllam</span> <span class='ocrx_word' id='word_1_678' title='bbox 642 2870 728 2899; x_wconf 86' lang='lat' dir='ltr'>incidi</span> <span class='ocrx_word' id='word_1_679' title='bbox 738 2891 746 2903; x_wconf 82' lang='lat'>,</span> <span class='ocrx_word' id='word_1_680' title='bbox 765 2869 782 2897; x_wconf 89' lang='lat' dir='ltr'>i.</span> <span class='ocrx_word' id='word_1_681' title='bbox 796 2878 820 2898; x_wconf 93' lang='lat' dir='ltr'>e.</span> <span class='ocrx_word' id='word_1_682' title='bbox 844 2869 918 2899; x_wconf 89' lang='lat' dir='ltr'>Dum</span> <span class='ocrx_word' id='word_1_683' title='bbox 927 2870 985 2899; x_wconf 90' lang='lat' dir='ltr'>vito</span> <span class='ocrx_word' id='word_1_684' title='bbox 996 2869 1102 2907; x_wconf 86' lang='lat' dir='ltr'>gravius</span> <span class='ocrx_word' id='word_1_685' title='bbox 1114 2867 1219 2898; x_wconf 87' lang='lat' dir='ltr'>malum</span> <span class='ocrx_word' id='word_1_686' title='bbox 1229 2890 1237 2904; x_wconf 91' lang='lat'>,</span> <span class='ocrx_word' id='word_1_687' title='bbox 1260 2868 1291 2898; x_wconf 87' lang='lat' dir='ltr'>in</span> <span class='ocrx_word' id='word_1_688' title='bbox 1316 2909 1321 2913; x_wconf 24' lang='grc' dir='ltr'>ι</span> 
     </span>
    </p>
   </div>
   <div class='ocr_carea' id='block_1_14' title="bbox 131 2906 1288 3284">
    <p class='ocr_par' dir='ltr' id='par_1_34' title="bbox 131 2906 1288 3284">
     <span class='ocr_line' id='line_1_74' title="bbox 187 2906 828 2939; baseline -0.006 0"><span class='ocrx_word' id='word_1_689' title='bbox 187 2910 264 2939; x_wconf 88' lang='lat' dir='ltr'>aliud</span> <span class='ocrx_word' id='word_1_690' title='bbox 273 2909 470 2939; x_wconf 88' lang='lat' dir='ltr'>rursusincidi.</span> <span class='ocrx_word' id='word_1_691' title='bbox 511 2908 542 2937; x_wconf 94' lang='lat' dir='ltr'>V.</span> <span class='ocrx_word' id='word_1_692' title='bbox 565 2907 665 2937; x_wconf 84' lang='lat' dir='ltr'>Erasmi</span> <span class='ocrx_word' id='word_1_693' title='bbox 680 2906 828 2936; x_wconf 86' lang='lat' dir='ltr'>Chiliadas.</span> 
     </span>
     <span class='ocr_line' id='line_1_75' title="bbox 170 2944 1288 3013; baseline -0.004 -35"><span class='ocrx_word' id='word_1_694' title='bbox 170 2947 325 2986; x_wconf 83' lang='lat' dir='ltr'>Charybdis</span> <span class='ocrx_word' id='word_1_695' title='bbox 333 2969 341 2984; x_wconf 92' lang='lat'>,</span> <span class='ocrx_word' id='word_1_696' title='bbox 362 2957 414 2985; x_wconf 84' lang='lat' dir='ltr'>pro</span> <span class='ocrx_word' id='word_1_697' title='bbox 425 2945 569 3013; x_wconf 44' lang='lat' dir='ltr'>{Hal-‘&#39;smin</span> <span class='ocrx_word' id='word_1_698' title='bbox 578 2947 604 2975; x_wconf 70' lang='grc' dir='ltr'>ἃ</span> <span class='ocrx_word' id='word_1_699' title='bbox 614 2954 741 2975; x_wconf 82' lang='lat' dir='ltr'>curarum</span> <span class='ocrx_word' id='word_1_700' title='bbox 749 2945 888 2983; x_wconf 86' lang='lat' dir='ltr'>congerie,</span> <span class='ocrx_word' id='word_1_701' title='bbox 909 2945 983 2983; x_wconf 86' lang='lat' dir='ltr'>apud</span> <span class='ocrx_word' id='word_1_702' title='bbox 993 2944 1060 2975; x_wconf 88' lang='lat' dir='ltr'>Hor.</span> <span class='ocrx_word' id='word_1_703' title='bbox 1068 2944 1238 2980; x_wconf 82' lang='lat' dir='ltr'>1.Carm.27.</span> <span class='ocrx_word' id='word_1_704' title='bbox 1246 2953 1288 2980; x_wconf 93' lang='grc'>19.</span> 
     </span>
     <span class='ocr_line' id='line_1_76' title="bbox 363 2993 547 3013; baseline 0 0"><span class='ocrx_word' id='word_1_705' title='bbox 363 2994 423 3013; x_wconf 87' lang='lat' dir='ltr'>—a</span> <span class='ocrx_word' id='word_1_706' title='bbox 453 2993 491 3013; x_wconf 87' lang='lat' dir='ltr'>mi</span> <span class='ocrx_word' id='word_1_707' title='bbox 504 2994 547 3013; x_wconf 88' lang='lat' dir='ltr'>er.</span> 
     </span>
     <span class='ocr_line' id='line_1_77' title="bbox 260 3020 700 3060; baseline -0.007 -8"><span class='ocrx_word' id='word_1_708' title='bbox 260 3023 372 3060; x_wconf 82' lang='lat' dir='ltr'>Quanta</span> <span class='ocrx_word' id='word_1_709' title='bbox 384 3021 493 3052; x_wconf 82' lang='lat' dir='ltr'>laboras</span> <span class='ocrx_word' id='word_1_710' title='bbox 502 3022 530 3050; x_wconf 89' lang='lat' dir='ltr'>in</span> <span class='ocrx_word' id='word_1_711' title='bbox 542 3021 613 3050; x_wconf 82' lang='lat' dir='ltr'>Char</span> <span class='ocrx_word' id='word_1_712' title='bbox 634 3020 682 3049; x_wconf 87' lang='lat' dir='ltr'>bdi</span> <span class='ocrx_word' id='word_1_713' title='bbox 691 3042 700 3056; x_wconf 92' lang='lat'>,</span> 
     </span>
     <span class='ocr_line' id='line_1_78' title="bbox 298 3031 1115 3100; baseline -0.007 -10"><span class='ocrx_word' id='word_1_714' title='bbox 298 3060 388 3097; x_wconf 82' lang='lat' dir='ltr'>Digne</span> <span class='ocrx_word' id='word_1_715' title='bbox 402 3069 470 3099; x_wconf 93' lang='lat' dir='ltr'>puer</span> <span class='ocrx_word' id='word_1_716' title='bbox 481 3059 597 3089; x_wconf 88' lang='lat' dir='ltr'>meliore</span> <span class='ocrx_word' id='word_1_717' title='bbox 609 3031 728 3087; x_wconf 52' lang='lat' dir='ltr'>firmina.</span> <span class='ocrx_word' id='word_1_718' title='bbox 759 3095 763 3100; x_wconf 36' lang='grc'><strong>1</strong></span> <span class='ocrx_word' id='word_1_719' title='bbox 1015 3094 1019 3100; x_wconf 88' lang='lat'>.</span> <span class='ocrx_word' id='word_1_720' title='bbox 1109 3094 1115 3100; x_wconf 40' lang='grc' dir='ltr'>ι</span> 
     </span>
     <span class='ocr_line' id='line_1_79' title="bbox 131 3090 1288 3134; baseline -0.003 -6"><span class='ocrx_word' id='word_1_721' title='bbox 131 3098 183 3129; x_wconf 75' lang='lat' dir='ltr'>Cn</span> <span class='ocrx_word' id='word_1_722' title='bbox 192 3108 210 3127; x_wconf 96' lang='lat' dir='ltr'>A</span> <span class='ocrx_word' id='word_1_723' title='bbox 221 3107 233 3127; x_wconf 85' lang='lat' dir='ltr'>s</span> <span class='ocrx_word' id='word_1_724' title='bbox 242 3109 261 3127; x_wconf 87' lang='grc' dir='ltr'>Μ</span> <span class='ocrx_word' id='word_1_725' title='bbox 271 3108 290 3127; x_wconf 91' lang='lat' dir='ltr'>A</span> <span class='ocrx_word' id='word_1_726' title='bbox 301 3121 309 3134; x_wconf 87' lang='lat'>,</span> <span class='ocrx_word' id='word_1_727' title='bbox 330 3099 390 3128; x_wconf 73' lang='lat' dir='ltr'>atis.</span> <span class='ocrx_word' id='word_1_728' title='bbox 412 3107 440 3128; x_wconf 92' lang='lat' dir='ltr'>n.</span> <span class='ocrx_word' id='word_1_729' title='bbox 462 3097 600 3134; x_wconf 57' lang='grc' dir='ltr'>[χάσμφ]</span> <span class='ocrx_word' id='word_1_730' title='bbox 622 3096 718 3126; x_wconf 85' lang='lat' dir='ltr'>Latine</span> <span class='ocrx_word' id='word_1_731' title='bbox 730 3094 828 3124; x_wconf 87' lang='lat' dir='ltr'>Hiatus</span> <span class='ocrx_word' id='word_1_732' title='bbox 842 3094 953 3130; x_wconf 85' lang='lat' dir='ltr'>dicitur,</span> <span class='ocrx_word' id='word_1_733' title='bbox 974 3094 1073 3129; x_wconf 75' lang='lat' dir='ltr'>fisiura,</span> <span class='ocrx_word' id='word_1_734' title='bbox 1094 3095 1194 3129; x_wconf 68' lang='lat' dir='ltr'>rietus.</span> <span class='ocrx_word' id='word_1_735' title='bbox 1215 3090 1288 3124; x_wconf 82' lang='lat' dir='ltr'>vasta</span> 
     </span>
     <span class='ocr_line' id='line_1_80' title="bbox 165 3132 1287 3199; baseline -0.004 -34"><span class='ocrx_word' id='word_1_736' title='bbox 165 3146 277 3173; x_wconf 79' lang='lat' dir='ltr'>vorago.</span> <span class='ocrx_word' id='word_1_737' title='bbox 319 3136 429 3174; x_wconf 79' lang='lat' dir='ltr'>Ulpian.</span> <span class='ocrx_word' id='word_1_738' title='bbox 444 3135 478 3165; x_wconf 93' lang='lat' dir='ltr'>D.</span> <span class='ocrx_word' id='word_1_739' title='bbox 493 3134 528 3164; x_wconf 91' lang='lat' dir='ltr'>de</span> <span class='ocrx_word' id='word_1_740' title='bbox 540 3134 674 3164; x_wconf 83' lang='lat' dir='ltr'>censibus.</span> <span class='ocrx_word' id='word_1_741' title='bbox 698 3133 717 3162; x_wconf 90' lang='lat' dir='ltr'>l.</span> <span class='ocrx_word' id='word_1_742' title='bbox 734 3133 838 3162; x_wconf 88' lang='lat' dir='ltr'>Forma.</span> <span class='ocrx_word' id='word_1_743' title='bbox 861 3134 884 3199; x_wconf 54' lang='lat' dir='ltr'>P.</span> <span class='ocrx_word' id='word_1_744' title='bbox 906 3134 1000 3170; x_wconf 80' lang='lat' dir='ltr'>Quare</span> <span class='ocrx_word' id='word_1_745' title='bbox 1011 3132 1068 3168; x_wconf 86' lang='lat' dir='ltr'>etsi,</span> <span class='ocrx_word' id='word_1_746' title='bbox 1089 3133 1117 3161; x_wconf 81' lang='lat' dir='ltr'>Si</span> <span class='ocrx_word' id='word_1_747' title='bbox 1127 3133 1182 3170; x_wconf 84' lang='lat' dir='ltr'>agri</span> <span class='ocrx_word' id='word_1_748' title='bbox 1193 3133 1287 3170; x_wconf 88' lang='lat' dir='ltr'>portio</span> 
     </span>
     <span class='ocr_line' id='line_1_81' title="bbox 166 3170 1074 3213; baseline -0.004 -10"><span class='ocrx_word' id='word_1_749' title='bbox 166 3174 305 3204; x_wconf 83' lang='lat' dir='ltr'>chasmate</span> <span class='ocrx_word' id='word_1_750' title='bbox 315 3174 446 3212; x_wconf 84' lang='lat' dir='ltr'>perierit,</span> <span class='ocrx_word' id='word_1_751' title='bbox 469 3172 583 3202; x_wconf 88' lang='lat' dir='ltr'>debebit</span> <span class='ocrx_word' id='word_1_752' title='bbox 594 3182 643 3210; x_wconf 89' lang='lat' dir='ltr'>per</span> <span class='ocrx_word' id='word_1_753' title='bbox 654 3170 820 3201; x_wconf 85' lang='lat' dir='ltr'>censitorcm</span> <span class='ocrx_word' id='word_1_754' title='bbox 832 3181 859 3200; x_wconf 90' lang='lat' dir='ltr'>re</span> <span class='ocrx_word' id='word_1_755' title='bbox 873 3172 956 3200; x_wconf 83' lang='lat' dir='ltr'>evari.</span> <span class='ocrx_word' id='word_1_756' title='bbox 1069 3207 1074 3213; x_wconf 94' lang='lat'>.</span> 
     </span>
     <span class='ocr_line' id='line_1_82' title="bbox 166 3207 1287 3246; baseline -0.004 -5"><span class='ocrx_word' id='word_1_757' title='bbox 166 3211 308 3241; x_wconf 84' lang='lat' dir='ltr'>Chasmata</span> <span class='ocrx_word' id='word_1_758' title='bbox 320 3213 345 3241; x_wconf 87' lang='lat'>&amp;</span> <span class='ocrx_word' id='word_1_759' title='bbox 355 3212 420 3241; x_wconf 87' lang='lat' dir='ltr'>vasti</span> <span class='ocrx_word' id='word_1_760' title='bbox 432 3211 531 3240; x_wconf 86' lang='lat' dir='ltr'>hiatus.</span> <span class='ocrx_word' id='word_1_761' title='bbox 557 3211 621 3239; x_wconf 84' lang='lat' dir='ltr'>Sen.</span> <span class='ocrx_word' id='word_1_762' title='bbox 636 3209 683 3238; x_wconf 91' lang='lat' dir='ltr'>lib.</span> <span class='ocrx_word' id='word_1_763' title='bbox 698 3214 724 3238; x_wconf 87' lang='lat'>6.</span> <span class='ocrx_word' id='word_1_764' title='bbox 739 3208 801 3238; x_wconf 87' lang='lat' dir='ltr'>Nat.</span> <span class='ocrx_word' id='word_1_765' title='bbox 813 3209 913 3244; x_wconf 77' lang='lat' dir='ltr'>Qucest.</span> <span class='ocrx_word' id='word_1_766' title='bbox 927 3218 987 3246; x_wconf 84' lang='lat' dir='ltr'>cap.</span> <span class='ocrx_word' id='word_1_767' title='bbox 1000 3217 1025 3242; x_wconf 89' lang='grc'>9.</span> <span class='ocrx_word' id='word_1_768' title='bbox 1047 3207 1196 3244; x_wconf 85' lang='lat' dir='ltr'>Siquando</span> <span class='ocrx_word' id='word_1_769' title='bbox 1208 3207 1287 3237; x_wconf 86' lang='lat' dir='ltr'>exesa</span> 
     </span>
     <span class='ocr_line' id='line_1_83' title="bbox 186 3245 1286 3284; baseline -0.003 -6"><span class='ocrx_word' id='word_1_770' title='bbox 186 3249 349 3284; x_wconf 81' lang='lat' dir='ltr'>ceciderint,</span> <span class='ocrx_word' id='word_1_771' title='bbox 369 3251 421 3279; x_wconf 87' lang='lat' dir='ltr'>&amp;c.</span> <span class='ocrx_word' id='word_1_772' title='bbox 443 3255 511 3278; x_wconf 90' lang='lat' dir='ltr'>tunc</span> <span class='ocrx_word' id='word_1_773' title='bbox 521 3247 676 3283; x_wconf 77' lang='lat' dir='ltr'>chasmata,</span> <span class='ocrx_word' id='word_1_774' title='bbox 697 3252 766 3276; x_wconf 89' lang='lat' dir='ltr'>tunc</span> <span class='ocrx_word' id='word_1_775' title='bbox 775 3247 840 3276; x_wconf 85' lang='lat' dir='ltr'>vasti</span> <span class='ocrx_word' id='word_1_776' title='bbox 851 3247 941 3276; x_wconf 86' lang='lat' dir='ltr'>hiatus</span> <span class='ocrx_word' id='word_1_777' title='bbox 950 3246 1119 3284; x_wconf 85' lang='lat' dir='ltr'>aperiuntur.</span> <span class='ocrx_word' id='word_1_778' title='bbox 1158 3245 1286 3275; x_wconf 83' lang='lat' dir='ltr'>Deterrae</span> 
     </span>
    </p>
   </div>
   <div class='ocr_carea' id='block_1_15' title="bbox 165 3287 1287 3362">
    <p class='ocr_par' dir='ltr' id='par_1_35' title="bbox 165 3287 1287 3362">
     <span class='ocr_line' id='line_1_84' title="bbox 186 3287 983 3324; baseline 0.005 -9"><span class='ocrx_word' id='word_1_779' title='bbox 186 3287 307 3316; x_wconf 88' lang='lat' dir='ltr'>motibus</span> <span class='ocrx_word' id='word_1_780' title='bbox 319 3287 449 3324; x_wconf 85' lang='lat' dir='ltr'>loquitur.</span> <span class='ocrx_word' id='word_1_781' title='bbox 976 3320 983 3324; x_wconf 64' lang='grc'>,</span> 
     </span>
     <span class='ocr_line' id='line_1_85' title="bbox 165 3316 1287 3362; baseline -0.005 -8"><span class='ocrx_word' id='word_1_782' title='bbox 165 3323 256 3354; x_wconf 80' lang='lat' dir='ltr'>Perire</span> <span class='ocrx_word' id='word_1_783' title='bbox 265 3324 410 3354; x_wconf 80' lang='lat' dir='ltr'>chasmate.</span> <span class='ocrx_word' id='word_1_784' title='bbox 451 3323 560 3362; x_wconf 86' lang='lat' dir='ltr'>Ulpian.</span> <span class='ocrx_word' id='word_1_785' title='bbox 574 3323 603 3352; x_wconf 90' lang='lat' dir='ltr'>iri</span> <span class='ocrx_word' id='word_1_786' title='bbox 620 3321 639 3352; x_wconf 96' lang='grc'>1.</span> <span class='ocrx_word' id='word_1_787' title='bbox 663 3322 759 3359; x_wconf 82' lang='lat' dir='ltr'>Quum</span> <span class='ocrx_word' id='word_1_788' title='bbox 768 3331 820 3351; x_wconf 91' lang='lat' dir='ltr'>res.</span> <span class='ocrx_word' id='word_1_789' title='bbox 842 3321 864 3359; x_wconf 62' lang='grc' dir='ltr'>ς.</span> <span class='ocrx_word' id='word_1_790' title='bbox 885 3321 955 3350; x_wconf 86' lang='lat' dir='ltr'>Item</span> <span class='ocrx_word' id='word_1_791' title='bbox 968 3322 985 3349; x_wconf 88' lang='lat' dir='ltr'>h</span> <span class='ocrx_word' id='word_1_792' title='bbox 1004 3320 1117 3350; x_wconf 79' lang='lat' dir='ltr'>fundus.</span> <span class='ocrx_word' id='word_1_793' title='bbox 1140 3319 1173 3348; x_wconf 92' lang='lat' dir='ltr'>D.</span> <span class='ocrx_word' id='word_1_794' title='bbox 1190 3320 1226 3349; x_wconf 87' lang='lat' dir='ltr'>de</span> <span class='ocrx_word' id='word_1_795' title='bbox 1246 3316 1287 3348; x_wconf 91' lang='lat' dir='ltr'>le-</span> 
     </span>
    </p>
   </div>
   <div class='ocr_carea' id='block_1_16' title="bbox 126 3357 1284 3961">
    <p class='ocr_par' dir='ltr' id='par_1_36' title="bbox 184 3357 1283 3428">
     <span class='ocr_line' id='line_1_86' title="bbox 184 3357 1283 3427; baseline -0.003 -37"><span class='ocrx_word' id='word_1_796' title='bbox 184 3368 238 3397; x_wconf 85' lang='lat' dir='ltr'>gat.</span> <span class='ocrx_word' id='word_1_797' title='bbox 251 3371 273 3427; x_wconf 75' lang='lat' dir='ltr'>1d.</span> <span class='ocrx_word' id='word_1_798' title='bbox 293 3362 364 3427; x_wconf 59' lang='grc' dir='ltr'>ὲιεῐη</span> <span class='ocrx_word' id='word_1_799' title='bbox 376 3362 392 3391; x_wconf 85' lang='lat' dir='ltr'>si</span> <span class='ocrx_word' id='word_1_800' title='bbox 407 3362 511 3392; x_wconf 89' lang='lat' dir='ltr'>fundus</span> <span class='ocrx_word' id='word_1_801' title='bbox 524 3360 661 3391; x_wconf 81' lang='lat' dir='ltr'>chasmate</span> <span class='ocrx_word' id='word_1_802' title='bbox 673 3361 796 3398; x_wconf 86' lang='lat' dir='ltr'>perierit,</span> <span class='ocrx_word' id='word_1_803' title='bbox 818 3359 908 3389; x_wconf 84' lang='lat' dir='ltr'>Labeo</span> <span class='ocrx_word' id='word_1_804' title='bbox 919 3360 958 3389; x_wconf 88' lang='lat' dir='ltr'>ait</span> <span class='ocrx_word' id='word_1_805' title='bbox 971 3359 1065 3395; x_wconf 89' lang='lat' dir='ltr'>utique</span> <span class='ocrx_word' id='word_1_806' title='bbox 1075 3357 1283 3387; x_wconf 59' lang='lat' dir='ltr'>aestimationem</span> 
     </span>
     <span class='ocr_line' id='line_1_87' title="bbox 185 3408 358 3428; baseline 0.006 -1"><span class='ocrx_word' id='word_1_807' title='bbox 185 3408 243 3427; x_wconf 87' lang='lat' dir='ltr'>non</span> <span class='ocrx_word' id='word_1_808' title='bbox 276 3408 289 3427; x_wconf 90' lang='lat' dir='ltr'>e</span> <span class='ocrx_word' id='word_1_809' title='bbox 312 3409 358 3428; x_wconf 91' lang='lat' dir='ltr'>eri.</span> 
     </span>
    </p>

    <p class='ocr_par' dir='ltr' id='par_1_37' title="bbox 167 3431 1284 3475">
     <span class='ocr_line' id='line_1_88' title="bbox 167 3431 1284 3472; baseline -0.002 -8"><span class='ocrx_word' id='word_1_810' title='bbox 167 3434 299 3470; x_wconf 78' lang='lat' dir='ltr'>Chasma,</span> <span class='ocrx_word' id='word_1_811' title='bbox 319 3437 357 3465; x_wconf 86' lang='lat' dir='ltr'>est</span> <span class='ocrx_word' id='word_1_812' title='bbox 369 3438 452 3466; x_wconf 84' lang='lat' dir='ltr'>etiam</span> <span class='ocrx_word' id='word_1_813' title='bbox 465 3437 494 3465; x_wconf 89' lang='lat' dir='ltr'>in</span> <span class='ocrx_word' id='word_1_814' title='bbox 505 3435 639 3466; x_wconf 84' lang='lat' dir='ltr'>Meteoris</span> <span class='ocrx_word' id='word_1_815' title='bbox 653 3456 661 3470; x_wconf 90' lang='lat'>,</span> <span class='ocrx_word' id='word_1_816' title='bbox 681 3434 778 3465; x_wconf 88' lang='lat' dir='ltr'>Subita</span> <span class='ocrx_word' id='word_1_817' title='bbox 789 3435 860 3464; x_wconf 76' lang='lat' dir='ltr'>ae&#39;ris</span> <span class='ocrx_word' id='word_1_818' title='bbox 874 3434 1015 3472; x_wconf 87' lang='lat' dir='ltr'>diruptio,</span> <span class='ocrx_word' id='word_1_819' title='bbox 1037 3433 1063 3462; x_wconf 77' lang='lat' dir='ltr'>Sc</span> <span class='ocrx_word' id='word_1_820' title='bbox 1076 3431 1187 3468; x_wconf 87' lang='lat' dir='ltr'>quidam</span> <span class='ocrx_word' id='word_1_821' title='bbox 1199 3432 1284 3462; x_wconf 89' lang='lat' dir='ltr'>reces-</span> 
     </span>
    </p>

    <p class='ocr_par' dir='ltr' id='par_1_38' title="bbox 184 3470 1284 3510">
     <span class='ocr_line' id='line_1_89' title="bbox 184 3470 1284 3510; baseline -0.005 -8"><span class='ocrx_word' id='word_1_822' title='bbox 184 3473 228 3502; x_wconf 87' lang='lat' dir='ltr'>sus</span> <span class='ocrx_word' id='word_1_823' title='bbox 239 3473 296 3502; x_wconf 80' lang='lat' dir='ltr'>caeli</span> <span class='ocrx_word' id='word_1_824' title='bbox 308 3473 394 3510; x_wconf 82' lang='lat' dir='ltr'>ipsius.</span> <span class='ocrx_word' id='word_1_825' title='bbox 437 3473 504 3503; x_wconf 86' lang='lat' dir='ltr'>Plin.</span> <span class='ocrx_word' id='word_1_826' title='bbox 519 3473 568 3503; x_wconf 92' lang='lat' dir='ltr'>lib.</span> <span class='ocrx_word' id='word_1_827' title='bbox 579 3483 605 3503; x_wconf 83' lang='lat'>2.</span> <span class='ocrx_word' id='word_1_828' title='bbox 618 3483 678 3508; x_wconf 83' lang='lat' dir='ltr'>cap.</span> <span class='ocrx_word' id='word_1_829' title='bbox 693 3476 738 3502; x_wconf 82' lang='lat'>26.</span> <span class='ocrx_word' id='word_1_830' title='bbox 765 3473 842 3503; x_wconf 78' lang='lat' dir='ltr'>Fit&amp;</span> <span class='ocrx_word' id='word_1_831' title='bbox 852 3473 910 3502; x_wconf 70' lang='lat' dir='ltr'>eseli</span> <span class='ocrx_word' id='word_1_832' title='bbox 925 3472 1007 3510; x_wconf 84' lang='lat' dir='ltr'>ipsius</span> <span class='ocrx_word' id='word_1_833' title='bbox 1018 3471 1107 3499; x_wconf 85' lang='lat' dir='ltr'>hiatus</span> <span class='ocrx_word' id='word_1_834' title='bbox 1119 3492 1126 3503; x_wconf 89' lang='lat'>,</span> <span class='ocrx_word' id='word_1_835' title='bbox 1148 3470 1224 3507; x_wconf 88' lang='lat' dir='ltr'>quod</span> <span class='ocrx_word' id='word_1_836' title='bbox 1237 3479 1284 3499; x_wconf 81' lang='lat' dir='ltr'>vo-</span> 
     </span>
    </p>

    <p class='ocr_par' dir='ltr' id='par_1_39' title="bbox 184 3508 1282 3550">
     <span class='ocr_line' id='line_1_90' title="bbox 184 3508 1282 3550; baseline -0.004 -10"><span class='ocrx_word' id='word_1_837' title='bbox 184 3517 250 3540; x_wconf 85' lang='lat' dir='ltr'>cant</span> <span class='ocrx_word' id='word_1_838' title='bbox 258 3510 381 3541; x_wconf 76' lang='lat' dir='ltr'>Cliai&#39;mn.</span> <span class='ocrx_word' id='word_1_839' title='bbox 420 3512 543 3546; x_wconf 81' lang='lat' dir='ltr'>Seneca,</span> <span class='ocrx_word' id='word_1_840' title='bbox 566 3511 629 3540; x_wconf 87' lang='lat' dir='ltr'>Nat.</span> <span class='ocrx_word' id='word_1_841' title='bbox 643 3511 699 3547; x_wconf 81' lang='lat' dir='ltr'>Qu.</span> <span class='ocrx_word' id='word_1_842' title='bbox 722 3521 745 3540; x_wconf 85' lang='lat'>1.</span> <span class='ocrx_word' id='word_1_843' title='bbox 762 3521 803 3545; x_wconf 87' lang='lat'>14.</span> <span class='ocrx_word' id='word_1_844' title='bbox 825 3510 896 3539; x_wconf 88' lang='lat' dir='ltr'>Sunt</span> <span class='ocrx_word' id='word_1_845' title='bbox 905 3509 1051 3543; x_wconf 82' lang='lat' dir='ltr'>cliasmata,</span> <span class='ocrx_word' id='word_1_846' title='bbox 1073 3517 1158 3550; x_wconf 78' lang='lat' dir='ltr'>quum</span> <span class='ocrx_word' id='word_1_847' title='bbox 1169 3508 1282 3543; x_wconf 78' lang='lat' dir='ltr'>aliquod</span> 
     </span>
    </p>

    <p class='ocr_par' dir='ltr' id='par_1_40' title="bbox 183 3546 1282 3621">
     <span class='ocr_line' id='line_1_91' title="bbox 185 3546 1282 3585; baseline -0.002 -9"><span class='ocrx_word' id='word_1_848' title='bbox 185 3547 246 3577; x_wconf 81' lang='lat' dir='ltr'>caeli</span> <span class='ocrx_word' id='word_1_849' title='bbox 258 3547 373 3585; x_wconf 86' lang='lat' dir='ltr'>spatium</span> <span class='ocrx_word' id='word_1_850' title='bbox 383 3549 524 3579; x_wconf 85' lang='lat' dir='ltr'>descendit</span> <span class='ocrx_word' id='word_1_851' title='bbox 535 3571 543 3584; x_wconf 91' lang='lat'>,</span> <span class='ocrx_word' id='word_1_852' title='bbox 565 3550 590 3578; x_wconf 56' lang='grc' dir='ltr'>ἃ</span> <span class='ocrx_word' id='word_1_853' title='bbox 611 3549 750 3577; x_wconf 79' lang='lat' dir='ltr'>flammam</span> <span class='ocrx_word' id='word_1_854' title='bbox 768 3548 915 3578; x_wconf 83' lang='lat' dir='ltr'>dehiscens</span> <span class='ocrx_word' id='word_1_855' title='bbox 925 3547 1039 3577; x_wconf 81' lang='lat' dir='ltr'>velutin</span> <span class='ocrx_word' id='word_1_856' title='bbox 1051 3546 1147 3575; x_wconf 82' lang='lat' dir='ltr'>abdito</span> <span class='ocrx_word' id='word_1_857' title='bbox 1158 3546 1282 3575; x_wconf 81' lang='lat' dir='ltr'>ostentat.</span> 
     </span>
     <span class='ocr_line' id='line_1_92' title="bbox 183 3585 1086 3621; baseline -0.003 -6"><span class='ocrx_word' id='word_1_858' title='bbox 183 3586 277 3621; x_wconf 87' lang='lat' dir='ltr'>[Grut.</span> <span class='ocrx_word' id='word_1_859' title='bbox 289 3585 411 3615; x_wconf 83' lang='lat' dir='ltr'>discedit.</span> <span class='ocrx_word' id='word_1_860' title='bbox 450 3586 548 3616; x_wconf 82' lang='lat' dir='ltr'>Malim</span> <span class='ocrx_word' id='word_1_861' title='bbox 562 3595 626 3615; x_wconf 89' lang='lat' dir='ltr'>cum</span> <span class='ocrx_word' id='word_1_862' title='bbox 638 3586 707 3615; x_wconf 88' lang='lat' dir='ltr'>Aldo</span> <span class='ocrx_word' id='word_1_863' title='bbox 724 3585 844 3616; x_wconf 89' lang='lat' dir='ltr'>Desedit.</span> <span class='ocrx_word' id='word_1_864' title='bbox 886 3586 916 3620; x_wconf 75' lang='lat' dir='ltr'>V.</span> <span class='ocrx_word' id='word_1_865' title='bbox 939 3596 956 3614; x_wconf 87' lang='lat' dir='ltr'>u</span> <span class='ocrx_word' id='word_1_866' title='bbox 967 3596 1002 3614; x_wconf 73' lang='lat' dir='ltr'>irs</span> <span class='ocrx_word' id='word_1_867' title='bbox 1012 3595 1020 3612; x_wconf 88' lang='lat'>1</span> <span class='ocrx_word' id='word_1_868' title='bbox 1032 3594 1050 3613; x_wconf 85' lang='lat' dir='ltr'>D</span> <span class='ocrx_word' id='word_1_869' title='bbox 1060 3593 1086 3613; x_wconf 92' lang='lat' dir='ltr'>o.</span> 
     </span>
    </p>

    <p class='ocr_par' dir='ltr' id='par_1_41' title="bbox 126 3620 1280 3698">
     <span class='ocr_line' id='line_1_93' title="bbox 126 3620 1280 3659; baseline -0.004 -5"><span class='ocrx_word' id='word_1_870' title='bbox 126 3622 151 3654; x_wconf 87' lang='lat' dir='ltr'>C</span> <span class='ocrx_word' id='word_1_871' title='bbox 162 3632 182 3652; x_wconf 83' lang='grc'>11</span> <span class='ocrx_word' id='word_1_872' title='bbox 193 3633 210 3651; x_wconf 84' lang='lat' dir='ltr'>A</span> <span class='ocrx_word' id='word_1_873' title='bbox 220 3632 232 3652; x_wconf 89' lang='lat' dir='ltr'>s</span> <span class='ocrx_word' id='word_1_874' title='bbox 241 3633 261 3651; x_wconf 88' lang='grc' dir='ltr'>Μ</span> <span class='ocrx_word' id='word_1_875' title='bbox 273 3632 315 3651; x_wconf 78' lang='grc' dir='ltr'>Ατ</span> <span class='ocrx_word' id='word_1_876' title='bbox 323 3624 334 3651; x_wconf 79' lang='grc' dir='ltr'>ἶ</span> <span class='ocrx_word' id='word_1_877' title='bbox 342 3633 357 3652; x_wconf 88' lang='grc'><strong>0</strong></span> <span class='ocrx_word' id='word_1_878' title='bbox 366 3633 383 3651; x_wconf 84' lang='grc' dir='ltr'>υ</span> <span class='ocrx_word' id='word_1_879' title='bbox 393 3633 405 3652; x_wconf 89' lang='lat' dir='ltr'>s</span> <span class='ocrx_word' id='word_1_880' title='bbox 414 3645 422 3657; x_wconf 89' lang='lat'>,</span> <span class='ocrx_word' id='word_1_881' title='bbox 443 3621 652 3659; x_wconf 43' lang='lat' dir='ltr'>[memma]</span> <span class='ocrx_word' id='word_1_882' title='bbox 672 3624 764 3653; x_wconf 66' lang='lat' dir='ltr'>Terrae</span> <span class='ocrx_word' id='word_1_883' title='bbox 776 3632 867 3653; x_wconf 89' lang='lat' dir='ltr'>motus</span> <span class='ocrx_word' id='word_1_884' title='bbox 881 3624 970 3653; x_wconf 72' lang='lat' dir='ltr'>dictus</span> <span class='ocrx_word' id='word_1_885' title='bbox 980 3645 989 3659; x_wconf 92' lang='lat'>,</span> <span class='ocrx_word' id='word_1_886' title='bbox 1011 3630 1096 3659; x_wconf 86' lang='lat' dir='ltr'>quum</span> <span class='ocrx_word' id='word_1_887' title='bbox 1113 3626 1244 3650; x_wconf 86' lang='lat' dir='ltr'>movente</span> <span class='ocrx_word' id='word_1_888' title='bbox 1255 3620 1280 3650; x_wconf 88' lang='lat' dir='ltr'>se</span> 
     </span>
     <span class='ocr_line' id='line_1_94' title="bbox 164 3659 1006 3698; baseline 0.001 -9"><span class='ocrx_word' id='word_1_889' title='bbox 164 3666 235 3690; x_wconf 85' lang='lat' dir='ltr'>terra</span> <span class='ocrx_word' id='word_1_890' title='bbox 248 3659 403 3695; x_wconf 86' lang='lat' dir='ltr'>hujusmodi</span> <span class='ocrx_word' id='word_1_891' title='bbox 418 3661 507 3690; x_wconf 85' lang='lat' dir='ltr'>hiatus</span> <span class='ocrx_word' id='word_1_892' title='bbox 516 3662 645 3691; x_wconf 86' lang='lat' dir='ltr'>existunt.</span> <span class='ocrx_word' id='word_1_893' title='bbox 669 3661 747 3698; x_wconf 88' lang='lat' dir='ltr'>Apud</span> <span class='ocrx_word' id='word_1_894' title='bbox 758 3662 892 3691; x_wconf 81' lang='lat' dir='ltr'>Ammian.</span> <span class='ocrx_word' id='word_1_895' title='bbox 909 3671 950 3695; x_wconf 84' lang='lat'>17.</span> <span class='ocrx_word' id='word_1_896' title='bbox 964 3665 1006 3690; x_wconf 87' lang='grc'>16.</span> 
     </span>
    </p>

    <p class='ocr_par' dir='ltr' id='par_1_42' title="bbox 126 3696 1278 3812">
     <span class='ocr_line' id='line_1_95' title="bbox 126 3696 1278 3737; baseline -0.002 -9"><span class='ocrx_word' id='word_1_897' title='bbox 126 3698 150 3728; x_wconf 90' lang='lat' dir='ltr'>C</span> <span class='ocrx_word' id='word_1_898' title='bbox 159 3707 179 3727; x_wconf 79' lang='lat' dir='ltr'>H</span> <span class='ocrx_word' id='word_1_899' title='bbox 190 3707 208 3726; x_wconf 78' lang='grc' dir='ltr'>Α</span> <span class='ocrx_word' id='word_1_900' title='bbox 218 3707 237 3725; x_wconf 66' lang='grc' dir='ltr'>ἰ’</span> <span class='ocrx_word' id='word_1_901' title='bbox 247 3706 267 3725; x_wconf 78' lang='grc' dir='ltr'>Τ</span> <span class='ocrx_word' id='word_1_902' title='bbox 278 3707 285 3725; x_wconf 82' lang='grc'>1</span> <span class='ocrx_word' id='word_1_903' title='bbox 298 3719 305 3730; x_wconf 80' lang='lat'>‚</span> <span class='ocrx_word' id='word_1_904' title='bbox 327 3697 450 3732; x_wconf 57' lang='lat' dir='ltr'>[izos-tini]</span> <span class='ocrx_word' id='word_1_905' title='bbox 471 3698 624 3727; x_wconf 64' lang='lat' dir='ltr'>Germaniae</span> <span class='ocrx_word' id='word_1_906' title='bbox 643 3699 743 3737; x_wconf 84' lang='lat' dir='ltr'>populi</span> <span class='ocrx_word' id='word_1_907' title='bbox 753 3721 761 3734; x_wconf 90' lang='lat'>,</span> <span class='ocrx_word' id='word_1_908' title='bbox 783 3700 821 3728; x_wconf 86' lang='lat' dir='ltr'>ait</span> <span class='ocrx_word' id='word_1_909' title='bbox 831 3698 917 3728; x_wconf 70' lang='lat' dir='ltr'>strab.</span> <span class='ocrx_word' id='word_1_910' title='bbox 930 3699 977 3728; x_wconf 90' lang='lat' dir='ltr'>lib.</span> <span class='ocrx_word' id='word_1_911' title='bbox 988 3708 1013 3734; x_wconf 89' lang='lat'>7.</span> <span class='ocrx_word' id='word_1_912' title='bbox 1035 3697 1092 3726; x_wconf 85' lang='lat' dir='ltr'>sere</span> <span class='ocrx_word' id='word_1_913' title='bbox 1104 3705 1119 3725; x_wconf 88' lang='lat' dir='ltr'>a</span> <span class='ocrx_word' id='word_1_914' title='bbox 1131 3696 1278 3734; x_wconf 76' lang='lat' dir='ltr'>principie.</span> 
     </span>
     <span class='ocr_line' id='line_1_96' title="bbox 164 3734 1275 3774; baseline -0.003 -9"><span class='ocrx_word' id='word_1_915' title='bbox 164 3735 223 3765; x_wconf 89' lang='lat' dir='ltr'>Hos</span> <span class='ocrx_word' id='word_1_916' title='bbox 241 3735 316 3770; x_wconf 81' lang='lat' dir='ltr'>juxta</span> <span class='ocrx_word' id='word_1_917' title='bbox 331 3735 460 3764; x_wconf 84' lang='lat' dir='ltr'>Rhenum</span> <span class='ocrx_word' id='word_1_918' title='bbox 480 3734 599 3764; x_wconf 78' lang='lat' dir='ltr'>collocat</span> <span class='ocrx_word' id='word_1_919' title='bbox 622 3736 689 3765; x_wconf 80' lang='lat' dir='ltr'>Plin.</span> <span class='ocrx_word' id='word_1_920' title='bbox 712 3736 759 3765; x_wconf 88' lang='lat' dir='ltr'>lib.</span> <span class='ocrx_word' id='word_1_921' title='bbox 773 3749 799 3772; x_wconf 86' lang='grc'>4.</span> <span class='ocrx_word' id='word_1_922' title='bbox 821 3746 881 3774; x_wconf 89' lang='lat' dir='ltr'>cap.</span> <span class='ocrx_word' id='word_1_923' title='bbox 900 3747 941 3772; x_wconf 84' lang='lat'>14.</span> <span class='ocrx_word' id='word_1_924' title='bbox 975 3736 1048 3766; x_wconf 81' lang='lat' dir='ltr'>Catti</span> <span class='ocrx_word' id='word_1_925' title='bbox 1063 3735 1124 3764; x_wconf 82' lang='lat' dir='ltr'>aliis</span> <span class='ocrx_word' id='word_1_926' title='bbox 1137 3734 1275 3763; x_wconf 76' lang='lat' dir='ltr'>dicuntur.</span> 
     </span>
     <span class='ocr_line' id='line_1_97' title="bbox 163 3771 1076 3812; baseline 0.001 -10"><span class='ocrx_word' id='word_1_927' title='bbox 163 3772 224 3802; x_wconf 84' lang='lat' dir='ltr'>Hos</span> <span class='ocrx_word' id='word_1_928' title='bbox 233 3771 395 3809; x_wconf 76' lang='lat' dir='ltr'>amplissime</span> <span class='ocrx_word' id='word_1_929' title='bbox 406 3771 535 3801; x_wconf 87' lang='lat' dir='ltr'>describit</span> <span class='ocrx_word' id='word_1_930' title='bbox 547 3773 637 3802; x_wconf 83' lang='lat' dir='ltr'>Tacit.</span> <span class='ocrx_word' id='word_1_931' title='bbox 650 3773 685 3802; x_wconf 86' lang='lat' dir='ltr'>de</span> <span class='ocrx_word' id='word_1_932' title='bbox 697 3774 800 3803; x_wconf 89' lang='lat' dir='ltr'>Morib.</span> <span class='ocrx_word' id='word_1_933' title='bbox 813 3775 942 3804; x_wconf 84' lang='lat' dir='ltr'>German.</span> <span class='ocrx_word' id='word_1_934' title='bbox 959 3784 1019 3812; x_wconf 86' lang='lat' dir='ltr'>cap.</span> <span class='ocrx_word' id='word_1_935' title='bbox 1034 3782 1076 3808; x_wconf 76' lang='lat'>30.</span> 
     </span>
    </p>

    <p class='ocr_par' dir='ltr' id='par_1_43' title="bbox 128 3808 1277 3884">
     <span class='ocr_line' id='line_1_98' title="bbox 128 3808 1277 3848; baseline -0.003 -8"><span class='ocrx_word' id='word_1_936' title='bbox 128 3810 149 3840; x_wconf 91' lang='lat' dir='ltr'>C</span> <span class='ocrx_word' id='word_1_937' title='bbox 161 3820 178 3839; x_wconf 85' lang='grc'>11</span> <span class='ocrx_word' id='word_1_938' title='bbox 191 3820 208 3839; x_wconf 87' lang='lat' dir='ltr'>A</span> <span class='ocrx_word' id='word_1_939' title='bbox 219 3820 236 3839; x_wconf 92' lang='grc' dir='ltr'>υ</span> <span class='ocrx_word' id='word_1_940' title='bbox 247 3820 279 3838; x_wconf 81' lang='grc'>111</span> <span class='ocrx_word' id='word_1_941' title='bbox 291 3831 299 3843; x_wconf 84' lang='lat'>,</span> <span class='ocrx_word' id='word_1_942' title='bbox 318 3811 332 3845; x_wconf 86' lang='lat'>[</span> <span class='ocrx_word' id='word_1_943' title='bbox 345 3808 455 3843; x_wconf 67' lang='grc' dir='ltr'><strong><em>Χαῦέοι]</em></strong></span> <span class='ocrx_word' id='word_1_944' title='bbox 476 3809 628 3839; x_wconf 78' lang='lat' dir='ltr'>Germaniae</span> <span class='ocrx_word' id='word_1_945' title='bbox 645 3811 742 3848; x_wconf 84' lang='lat' dir='ltr'>populi</span> <span class='ocrx_word' id='word_1_946' title='bbox 758 3811 821 3841; x_wconf 87' lang='lat' dir='ltr'>sunt</span> <span class='ocrx_word' id='word_1_947' title='bbox 835 3833 843 3848; x_wconf 86' lang='lat'>,</span> <span class='ocrx_word' id='word_1_948' title='bbox 865 3813 901 3841; x_wconf 86' lang='lat' dir='ltr'>ad</span> <span class='ocrx_word' id='word_1_949' title='bbox 919 3812 1064 3842; x_wconf 88' lang='lat' dir='ltr'>Oceanum</span> <span class='ocrx_word' id='word_1_950' title='bbox 1087 3809 1259 3848; x_wconf 86' lang='lat' dir='ltr'>pertinentes</span> <span class='ocrx_word' id='word_1_951' title='bbox 1269 3830 1277 3844; x_wconf 89' lang='lat'>,</span> 
     </span>
     <span class='ocr_line' id='line_1_99' title="bbox 165 3845 514 3884; baseline -0.011 -7"><span class='ocrx_word' id='word_1_952' title='bbox 165 3848 201 3877; x_wconf 88' lang='lat' dir='ltr'>de</span> <span class='ocrx_word' id='word_1_953' title='bbox 210 3847 309 3884; x_wconf 85' lang='lat' dir='ltr'>quibus</span> <span class='ocrx_word' id='word_1_954' title='bbox 322 3846 417 3875; x_wconf 76' lang='lat' dir='ltr'>Strabo</span> <span class='ocrx_word' id='word_1_955' title='bbox 427 3845 473 3874; x_wconf 90' lang='lat' dir='ltr'>lib.</span> <span class='ocrx_word' id='word_1_956' title='bbox 489 3855 514 3881; x_wconf 92' lang='lat'>7.</span> 
     </span>
    </p>

    <p class='ocr_par' dir='ltr' id='par_1_44' title="bbox 128 3884 540 3919">
     <span class='ocr_line' id='line_1_100' title="bbox 128 3884 540 3919; baseline -0.005 -5"><span class='ocrx_word' id='word_1_957' title='bbox 128 3884 300 3919; x_wconf 54' lang='lat' dir='ltr'>Carmei,</span> <span class='ocrx_word' id='word_1_958' title='bbox 331 3884 361 3913; x_wconf 94' lang='lat' dir='ltr'>V.</span> <span class='ocrx_word' id='word_1_959' title='bbox 385 3892 540 3912; x_wconf 74' lang='lat' dir='ltr'>cAucnr.</span> 
     </span>
    </p>

    <p class='ocr_par' dir='ltr' id='par_1_45' title="bbox 127 3920 1280 3961">
     <span class='ocr_line' id='line_1_101' title="bbox 127 3920 1280 3961; baseline -0.002 -8"><span class='ocrx_word' id='word_1_960' title='bbox 127 3923 150 3953; x_wconf 88' lang='lat' dir='ltr'>C</span> <span class='ocrx_word' id='word_1_961' title='bbox 162 3932 182 3952; x_wconf 88' lang='grc'>11</span> <span class='ocrx_word' id='word_1_962' title='bbox 192 3933 211 3952; x_wconf 68' lang='lat' dir='ltr'>A</span> <span class='ocrx_word' id='word_1_963' title='bbox 220 3932 237 3952; x_wconf 93' lang='lat' dir='ltr'>u</span> <span class='ocrx_word' id='word_1_964' title='bbox 246 3931 259 3952; x_wconf 87' lang='lat' dir='ltr'>s</span> <span class='ocrx_word' id='word_1_965' title='bbox 268 3943 277 3957; x_wconf 89' lang='lat'>‚</span> <span class='ocrx_word' id='word_1_966' title='bbox 299 3922 317 3951; x_wconf 87' lang='lat' dir='ltr'>i.</span> <span class='ocrx_word' id='word_1_967' title='bbox 339 3931 376 3951; x_wconf 85' lang='lat' dir='ltr'>m.</span> <span class='ocrx_word' id='word_1_968' title='bbox 398 3921 509 3957; x_wconf 63' lang='grc' dir='ltr'>[λὺγξ]</span> <span class='ocrx_word' id='word_1_969' title='bbox 530 3920 675 3950; x_wconf 83' lang='lat' dir='ltr'>Cervarius</span> <span class='ocrx_word' id='word_1_970' title='bbox 689 3921 781 3959; x_wconf 83' lang='lat' dir='ltr'>lupus.</span> <span class='ocrx_word' id='word_1_971' title='bbox 812 3922 879 3953; x_wconf 84' lang='lat' dir='ltr'>Plin.</span> <span class='ocrx_word' id='word_1_972' title='bbox 892 3924 940 3954; x_wconf 91' lang='lat' dir='ltr'>lib.</span> <span class='ocrx_word' id='word_1_973' title='bbox 955 3929 982 3959; x_wconf 85' lang='lat'>8.</span> <span class='ocrx_word' id='word_1_974' title='bbox 1003 3933 1064 3961; x_wconf 85' lang='lat' dir='ltr'>cap.</span> <span class='ocrx_word' id='word_1_975' title='bbox 1079 3932 1122 3959; x_wconf 87' lang='grc'>19.</span> <span class='ocrx_word' id='word_1_976' title='bbox 1153 3921 1280 3961; x_wconf 83' lang='lat' dir='ltr'>Pompeii</span> 
     </span>
    </p>
   </div>
   <div class='ocr_carea' id='block_1_17' title="bbox 1808 99 2093 138">
    <p class='ocr_par' dir='ltr' id='par_1_46' title="bbox 1808 99 2093 138">
     <span class='ocr_line' id='line_1_102' title="bbox 1808 99 2093 138; baseline 0.014 -4"><span class='ocrx_word' id='word_1_977' title='bbox 1808 99 1837 134; x_wconf 90' lang='lat' dir='ltr'>C</span> <span class='ocrx_word' id='word_1_978' title='bbox 1934 101 1968 136; x_wconf 90' lang='lat' dir='ltr'>H</span> <span class='ocrx_word' id='word_1_979' title='bbox 2065 102 2093 138; x_wconf 85' lang='lat' dir='ltr'><strong>E</strong></span> 
     </span>
    </p>
   </div>
   <div class='ocr_carea' id='block_1_18' title="bbox 1415 180 2532 261">
    <p class='ocr_par' dir='ltr' id='par_1_47' title="bbox 1415 180 2532 261">
     <span class='ocr_line' id='line_1_103' title="bbox 1415 180 2532 228; baseline 0.008 -17"><span class='ocrx_word' id='word_1_980' title='bbox 1415 180 1512 225; x_wconf 74' lang='lat' dir='ltr'>Magni</span> <span class='ocrx_word' id='word_1_981' title='bbox 1528 180 1722 225; x_wconf 75' lang='lat' dir='ltr'>prinmmludi</span> <span class='ocrx_word' id='word_1_982' title='bbox 1741 182 1919 225; x_wconf 78' lang='lat' dir='ltr'>ostenderunt</span> <span class='ocrx_word' id='word_1_983' title='bbox 1942 184 2061 225; x_wconf 67' lang='lat' dir='ltr'>chaum,</span> <span class='ocrx_word' id='word_1_984' title='bbox 2081 194 2164 222; x_wconf 89' lang='lat' dir='ltr'>quem</span> <span class='ocrx_word' id='word_1_985' title='bbox 2183 186 2254 215; x_wconf 83' lang='lat' dir='ltr'>Galli</span> <span class='ocrx_word' id='word_1_986' title='bbox 2273 185 2401 224; x_wconf 78' lang='lat' dir='ltr'>raphium</span> <span class='ocrx_word' id='word_1_987' title='bbox 2415 197 2532 228; x_wconf 67' lang='lat' dir='ltr'>vocant,</span> 
     </span>
     <span class='ocr_line' id='line_1_104' title="bbox 1415 219 2395 261; baseline 0.006 -13"><span class='ocrx_word' id='word_1_988' title='bbox 1415 220 1506 257; x_wconf 72' lang='lat' dir='ltr'>effigie</span> <span class='ocrx_word' id='word_1_989' title='bbox 1518 219 1596 257; x_wconf 87' lang='lat' dir='ltr'>lupi,</span> <span class='ocrx_word' id='word_1_990' title='bbox 1617 221 1768 257; x_wconf 87' lang='lat' dir='ltr'>pardorum</span> <span class='ocrx_word' id='word_1_991' title='bbox 1780 220 1904 250; x_wconf 83' lang='lat' dir='ltr'>maculis.</span> <span class='ocrx_word' id='word_1_992' title='bbox 1927 220 2013 251; x_wconf 70' lang='lat' dir='ltr'>Hard.</span> <span class='ocrx_word' id='word_1_993' title='bbox 2032 222 2136 252; x_wconf 80' lang='lat' dir='ltr'>Cnama</span> <span class='ocrx_word' id='word_1_994' title='bbox 2149 223 2305 253; x_wconf 79' lang='lat' dir='ltr'>&amp;Rufium-</span> <span class='ocrx_word' id='word_1_995' title='bbox 2320 234 2351 261; x_wconf 44' lang='lat' dir='ltr'>sq.</span> <span class='ocrx_word' id='word_1_996' title='bbox 2364 224 2395 254; x_wconf 95' lang='lat' dir='ltr'>V.</span> 
     </span>
    </p>
   </div>
   <div class='ocr_carea' id='block_1_19' title="bbox 1812 283 2096 320">
    <p class='ocr_par' dir='ltr' id='par_1_48' title="bbox 1812 283 2096 320">
     <span class='ocr_line' id='line_1_105' title="bbox 1812 283 2096 320; baseline 0.011 -3"><span class='ocrx_word' id='word_1_997' title='bbox 1812 283 1841 317; x_wconf 92' lang='lat' dir='ltr'>C</span> <span class='ocrx_word' id='word_1_998' title='bbox 1938 284 1973 318; x_wconf 91' lang='lat' dir='ltr'>H</span> <span class='ocrx_word' id='word_1_999' title='bbox 2069 286 2096 320; x_wconf 78' lang='lat' dir='ltr'>E</span> 
     </span>
    </p>
   </div>
   <div class='ocr_carea' id='block_1_20' title="bbox 1362 326 2531 1435">
    <p class='ocr_par' dir='ltr' id='par_1_49' title="bbox 1378 326 2531 445">
     <span class='ocr_line' id='line_1_106' title="bbox 1378 326 2531 373; baseline 0.004 -13"><span class='ocrx_word' id='word_1_1000' title='bbox 1378 330 1400 360; x_wconf 91' lang='lat' dir='ltr'>C</span> <span class='ocrx_word' id='word_1_1001' title='bbox 1410 340 1428 360; x_wconf 82' lang='grc'>11</span> <span class='ocrx_word' id='word_1_1002' title='bbox 1438 331 1453 360; x_wconf 71' lang='grc' dir='ltr'>ἓ</span> <span class='ocrx_word' id='word_1_1003' title='bbox 1463 341 1480 360; x_wconf 83' lang='lat' dir='ltr'>D</span> <span class='ocrx_word' id='word_1_1004' title='bbox 1489 340 1503 359; x_wconf 79' lang='lat' dir='ltr'>a</span> <span class='ocrx_word' id='word_1_1005' title='bbox 1512 332 1529 359; x_wconf 83' lang='grc' dir='ltr'>ὅ</span> <span class='ocrx_word' id='word_1_1006' title='bbox 1537 341 1551 358; x_wconf 84' lang='lat'>1²</span> <span class='ocrx_word' id='word_1_1007' title='bbox 1562 340 1580 359; x_wconf 77' lang='lat' dir='ltr'>A</span> <span class='ocrx_word' id='word_1_1008' title='bbox 1592 352 1599 364; x_wconf 81' lang='lat'>,</span> <span class='ocrx_word' id='word_1_1009' title='bbox 1622 326 1774 373; x_wconf 55' lang='grc' dir='ltr'>[χεὴοπέζΙ</span> <span class='ocrx_word' id='word_1_1010' title='bbox 1795 336 1827 360; x_wconf 85' lang='lat' dir='ltr'>ut</span> <span class='ocrx_word' id='word_1_1011' title='bbox 1836 331 1956 361; x_wconf 88' lang='lat' dir='ltr'>Galenus</span> <span class='ocrx_word' id='word_1_1012' title='bbox 1968 331 2003 361; x_wconf 87' lang='lat' dir='ltr'>de</span> <span class='ocrx_word' id='word_1_1013' title='bbox 2013 338 2177 363; x_wconf 84' lang='lat' dir='ltr'>attenuante</span> <span class='ocrx_word' id='word_1_1014' title='bbox 2187 334 2276 364; x_wconf 63' lang='lat' dir='ltr'>victus</span> <span class='ocrx_word' id='word_1_1015' title='bbox 2292 340 2341 365; x_wconf 84' lang='lat' dir='ltr'>rat.</span> <span class='ocrx_word' id='word_1_1016' title='bbox 2355 335 2467 372; x_wconf 86' lang='lat' dir='ltr'>scribit,</span> <span class='ocrx_word' id='word_1_1017' title='bbox 2486 346 2531 367; x_wconf 47' lang='lat' dir='ltr'>vo*-</span> 
     </span>
     <span class='ocr_line' id='line_1_107' title="bbox 1415 368 2530 409; baseline 0.006 -12"><span class='ocrx_word' id='word_1_1018' title='bbox 1415 376 1512 398; x_wconf 84' lang='lat' dir='ltr'>cantur</span> <span class='ocrx_word' id='word_1_1019' title='bbox 1526 368 1671 406; x_wconf 84' lang='lat' dir='ltr'>speciatim</span> <span class='ocrx_word' id='word_1_1020' title='bbox 1682 368 1786 397; x_wconf 87' lang='lat' dir='ltr'>Omnia</span> <span class='ocrx_word' id='word_1_1021' title='bbox 1796 378 1828 398; x_wconf 89' lang='lat' dir='ltr'>ea</span> <span class='ocrx_word' id='word_1_1022' title='bbox 1838 368 1990 405; x_wconf 79' lang='lat' dir='ltr'>legumina,</span> <span class='ocrx_word' id='word_1_1023' title='bbox 2006 380 2065 406; x_wconf 82' lang='lat' dir='ltr'>quae</span> <span class='ocrx_word' id='word_1_1024' title='bbox 2076 381 2159 401; x_wconf 86' lang='lat' dir='ltr'>manu</span> <span class='ocrx_word' id='word_1_1025' title='bbox 2172 378 2340 409; x_wconf 86' lang='lat' dir='ltr'>carpuntur:</span> <span class='ocrx_word' id='word_1_1026' title='bbox 2363 374 2422 404; x_wconf 88' lang='lat' dir='ltr'>Alia</span> <span class='ocrx_word' id='word_1_1027' title='bbox 2432 377 2530 407; x_wconf 66' lang='lat' dir='ltr'>cuncta.</span> 
     </span>
     <span class='ocr_line' id='line_1_108' title="bbox 1414 405 2259 445; baseline 0.006 -11"><span class='ocrx_word' id='word_1_1028' title='bbox 1414 415 1474 443; x_wconf 72' lang='lat' dir='ltr'>quae</span> <span class='ocrx_word' id='word_1_1029' title='bbox 1484 405 1554 435; x_wconf 89' lang='lat' dir='ltr'>falce</span> <span class='ocrx_word' id='word_1_1030' title='bbox 1565 412 1697 443; x_wconf 80' lang='lat' dir='ltr'>putantur</span> <span class='ocrx_word' id='word_1_1031' title='bbox 1709 427 1716 440; x_wconf 93' lang='lat'>,</span> <span class='ocrx_word' id='word_1_1032' title='bbox 1741 405 1897 435; x_wconf 80' lang='lat' dir='ltr'>Frum&#39;enta.</span> <span class='ocrx_word' id='word_1_1033' title='bbox 1920 407 1986 436; x_wconf 61' lang='lat' dir='ltr'>Haec</span> <span class='ocrx_word' id='word_1_1034' title='bbox 1999 407 2046 437; x_wconf 89' lang='lat' dir='ltr'>ille</span> <span class='ocrx_word' id='word_1_1035' title='bbox 2062 431 2070 443; x_wconf 89' lang='lat'>,</span> <span class='ocrx_word' id='word_1_1036' title='bbox 2093 419 2175 445; x_wconf 85' lang='lat' dir='ltr'>quem</span> <span class='ocrx_word' id='word_1_1037' title='bbox 2186 410 2259 439; x_wconf 89' lang='lat' dir='ltr'>vide.</span> 
     </span>
    </p>

    <p class='ocr_par' dir='ltr' id='par_1_50' title="bbox 1374 443 2530 519">
     <span class='ocr_line' id='line_1_109' title="bbox 1374 443 2530 486; baseline 0.004 -13"><span class='ocrx_word' id='word_1_1038' title='bbox 1374 444 1425 473; x_wconf 80' lang='lat' dir='ltr'>Cn</span> <span class='ocrx_word' id='word_1_1039' title='bbox 1435 447 1450 472; x_wconf 73' lang='grc' dir='ltr'>Ξ</span> <span class='ocrx_word' id='word_1_1040' title='bbox 1460 455 1506 472; x_wconf 67' lang='lat' dir='ltr'>tia</span> <span class='ocrx_word' id='word_1_1041' title='bbox 1516 466 1523 476; x_wconf 79' lang='grc'>.</span> <span class='ocrx_word' id='word_1_1042' title='bbox 1544 447 1631 472; x_wconf 64' lang='lat' dir='ltr'>arum.</span> <span class='ocrx_word' id='word_1_1043' title='bbox 1653 443 1770 480; x_wconf 53' lang='lat' dir='ltr'>[mma]</span> <span class='ocrx_word' id='word_1_1044' title='bbox 1790 444 1896 481; x_wconf 88' lang='lat' dir='ltr'>Scorpii</span> <span class='ocrx_word' id='word_1_1045' title='bbox 1913 444 2024 475; x_wconf 85' lang='lat' dir='ltr'>brachia</span> <span class='ocrx_word' id='word_1_1046' title='bbox 2038 445 2113 477; x_wconf 88' lang='lat' dir='ltr'>sunt:</span> <span class='ocrx_word' id='word_1_1047' title='bbox 2149 448 2168 477; x_wconf 93' lang='lat' dir='ltr'>i.</span> <span class='ocrx_word' id='word_1_1048' title='bbox 2187 457 2211 477; x_wconf 91' lang='lat' dir='ltr'>e.</span> <span class='ocrx_word' id='word_1_1049' title='bbox 2232 448 2363 478; x_wconf 82' lang='lat' dir='ltr'>Anterior</span> <span class='ocrx_word' id='word_1_1050' title='bbox 2375 455 2439 486; x_wconf 86' lang='lat' dir='ltr'>pars</span> <span class='ocrx_word' id='word_1_1051' title='bbox 2454 449 2530 480; x_wconf 85' lang='lat' dir='ltr'>Scor.</span> 
     </span>
     <span class='ocr_line' id='line_1_110' title="bbox 1411 481 1965 519; baseline 0.004 -9"><span class='ocrx_word' id='word_1_1052' title='bbox 1411 482 1453 519; x_wconf 81' lang='lat' dir='ltr'>pii</span> <span class='ocrx_word' id='word_1_1053' title='bbox 1463 481 1530 518; x_wconf 81' lang='lat' dir='ltr'>signi</span> <span class='ocrx_word' id='word_1_1054' title='bbox 1542 481 1662 510; x_wconf 64' lang='lat' dir='ltr'>caelestis.</span> <span class='ocrx_word' id='word_1_1055' title='bbox 1687 481 1757 518; x_wconf 83' lang='lat' dir='ltr'>Virg.</span> <span class='ocrx_word' id='word_1_1056' title='bbox 1770 491 1793 511; x_wconf 86' lang='grc'>1.</span> <span class='ocrx_word' id='word_1_1057' title='bbox 1805 481 1906 519; x_wconf 82' lang='lat' dir='ltr'>Georg.</span> <span class='ocrx_word' id='word_1_1058' title='bbox 1921 492 1965 519; x_wconf 83' lang='lat'>33.</span> 
     </span>
    </p>

    <p class='ocr_par' dir='ltr' id='par_1_51' title="bbox 1406 518 2526 1009">
     <span class='ocr_line' id='line_1_111' title="bbox 1491 518 2243 560; baseline 0.007 -13"><span class='ocrx_word' id='word_1_1059' title='bbox 1491 519 1554 555; x_wconf 82' lang='lat' dir='ltr'>Qua</span> <span class='ocrx_word' id='word_1_1060' title='bbox 1565 518 1644 548; x_wconf 84' lang='lat' dir='ltr'>locus</span> <span class='ocrx_word' id='word_1_1061' title='bbox 1659 519 1796 556; x_wconf 73' lang='lat' dir='ltr'>Erigonen</span> <span class='ocrx_word' id='word_1_1062' title='bbox 1816 520 1905 555; x_wconf 81' lang='lat' dir='ltr'>inter,</span> <span class='ocrx_word' id='word_1_1063' title='bbox 1928 520 2079 558; x_wconf 87' lang='lat' dir='ltr'>Chelasque</span> <span class='ocrx_word' id='word_1_1064' title='bbox 2097 520 2243 560; x_wconf 77' lang='lat' dir='ltr'>sequentes</span> 
     </span>
     <span class='ocr_line' id='line_1_112' title="bbox 1490 556 2042 594; baseline 0.002 -8"><span class='ocrx_word' id='word_1_1065' title='bbox 1490 556 1629 586; x_wconf 80' lang='lat' dir='ltr'>Panditur.</span> <span class='ocrx_word' id='word_1_1066' title='bbox 1743 556 1802 585; x_wconf 90' lang='lat' dir='ltr'>Cic.</span> <span class='ocrx_word' id='word_1_1067' title='bbox 1818 558 1846 586; x_wconf 88' lang='lat' dir='ltr'>in</span> <span class='ocrx_word' id='word_1_1068' title='bbox 1860 558 1930 587; x_wconf 87' lang='lat' dir='ltr'>Arat.</span> <span class='ocrx_word' id='word_1_1069' title='bbox 1942 568 1967 587; x_wconf 92' lang='lat' dir='ltr'>v.</span> <span class='ocrx_word' id='word_1_1070' title='bbox 1980 566 2042 594; x_wconf 82' lang='lat'>293.</span> 
     </span>
     <span class='ocr_line' id='line_1_113' title="bbox 1488 593 2145 661; baseline 0.006 -38"><span class='ocrx_word' id='word_1_1071' title='bbox 1488 593 1523 661; x_wconf 61' lang='grc' dir='ltr'>ξε</span> <span class='ocrx_word' id='word_1_1072' title='bbox 1534 604 1628 632; x_wconf 81' lang='lat' dir='ltr'>paucae</span> <span class='ocrx_word' id='word_1_1073' title='bbox 1639 593 1732 624; x_wconf 87' lang='lat' dir='ltr'>Chelis</span> <span class='ocrx_word' id='word_1_1074' title='bbox 1745 594 1828 624; x_wconf 81' lang='lat' dir='ltr'>stellae</span> <span class='ocrx_word' id='word_1_1075' title='bbox 1840 595 1919 626; x_wconf 88' lang='lat' dir='ltr'>simul</span> <span class='ocrx_word' id='word_1_1076' title='bbox 1936 596 2145 634; x_wconf 85' lang='lat' dir='ltr'>anguitenentis</span> 
     </span>
     <span class='ocr_line' id='line_1_114' title="bbox 1509 638 1668 661; baseline 0.006 -1"><span class='ocrx_word' id='word_1_1077' title='bbox 1509 638 1559 661; x_wconf 83' lang='lat' dir='ltr'>unt</span> <span class='ocrx_word' id='word_1_1078' title='bbox 1588 642 1668 661; x_wconf 77' lang='lat' dir='ltr'>enua.</span> 
     </span>
     <span class='ocr_line' id='line_1_115' title="bbox 1407 642 1938 707; baseline 0.004 -9"><span class='ocrx_word' id='word_1_1079' title='bbox 1407 668 1516 707; x_wconf 80' lang='lat' dir='ltr'>scorpii</span> <span class='ocrx_word' id='word_1_1080' title='bbox 1530 642 1632 699; x_wconf 53' lang='grc' dir='ltr'><strong>(ἷὴξεΙεε.</strong></span> <span class='ocrx_word' id='word_1_1081' title='bbox 1655 669 1757 700; x_wconf 89' lang='lat' dir='ltr'>Lucan.</span> <span class='ocrx_word' id='word_1_1082' title='bbox 1773 669 1823 700; x_wconf 93' lang='lat' dir='ltr'>lib.</span> <span class='ocrx_word' id='word_1_1083' title='bbox 1839 680 1861 699; x_wconf 93' lang='grc'>1.</span> <span class='ocrx_word' id='word_1_1084' title='bbox 1874 673 1938 707; x_wconf 72' lang='lat'>659.</span> 
     </span>
     <span class='ocr_line' id='line_1_116' title="bbox 1426 707 2210 774; baseline 0.005 -38"><span class='ocrx_word' id='word_1_1085' title='bbox 1426 744 1445 774; x_wconf 76' lang='lat' dir='ltr'>S</span> <span class='ocrx_word' id='word_1_1086' title='bbox 1486 708 1624 751; x_wconf 80' lang='lat' dir='ltr'>Scorpion</span> <span class='ocrx_word' id='word_1_1087' title='bbox 1639 708 1766 738; x_wconf 82' lang='lat' dir='ltr'>incendis</span> <span class='ocrx_word' id='word_1_1088' title='bbox 1787 708 1891 744; x_wconf 85' lang='lat' dir='ltr'>cauda,</span> <span class='ocrx_word' id='word_1_1089' title='bbox 1922 707 2074 746; x_wconf 87' lang='lat' dir='ltr'>Chelasque</span> <span class='ocrx_word' id='word_1_1090' title='bbox 2094 709 2210 748; x_wconf 81' lang='lat' dir='ltr'>peruris.</span> 
     </span>
     <span class='ocr_line' id='line_1_117' title="bbox 1447 754 1545 782; baseline 0.01 -9"><span class='ocrx_word' id='word_1_1091' title='bbox 1447 754 1545 782; x_wconf 88' lang='lat' dir='ltr'>corpii.</span> 
     </span>
     <span class='ocr_line' id='line_1_118' title="bbox 1406 781 1985 819; baseline 0.003 -7"><span class='ocrx_word' id='word_1_1092' title='bbox 1406 781 1564 813; x_wconf 79' lang='lat' dir='ltr'>Praecedere</span> <span class='ocrx_word' id='word_1_1093' title='bbox 1576 782 1685 813; x_wconf 83' lang='lat' dir='ltr'>Chelas.</span> <span class='ocrx_word' id='word_1_1094' title='bbox 1707 783 1809 814; x_wconf 84' lang='lat' dir='ltr'>Lucan.</span> <span class='ocrx_word' id='word_1_1095' title='bbox 1823 783 1872 813; x_wconf 89' lang='lat' dir='ltr'>lib.</span> <span class='ocrx_word' id='word_1_1096' title='bbox 1882 793 1907 814; x_wconf 91' lang='lat'>2.</span> <span class='ocrx_word' id='word_1_1097' title='bbox 1921 786 1985 819; x_wconf 86' lang='lat'>692.</span> 
     </span>
     <span class='ocr_line' id='line_1_119' title="bbox 1602 822 2042 860; baseline 0.002 -10"><span class='ocrx_word' id='word_1_1098' title='bbox 1602 822 1705 857; x_wconf 83' lang='lat' dir='ltr'>—jam</span> <span class='ocrx_word' id='word_1_1099' title='bbox 1717 829 1839 860; x_wconf 84' lang='lat' dir='ltr'>ccepcrat</span> <span class='ocrx_word' id='word_1_1100' title='bbox 1851 822 1949 852; x_wconf 88' lang='lat' dir='ltr'>ultima</span> <span class='ocrx_word' id='word_1_1101' title='bbox 1961 822 2042 860; x_wconf 87' lang='lat' dir='ltr'>Virgo</span> 
     </span>
     <span class='ocr_line' id='line_1_120' title="bbox 1498 857 2525 901; baseline 0.008 -13"><span class='ocrx_word' id='word_1_1102' title='bbox 1498 857 1636 888; x_wconf 84' lang='lat' dir='ltr'>Phoebum</span> <span class='ocrx_word' id='word_1_1103' title='bbox 1659 859 1759 890; x_wconf 85' lang='lat' dir='ltr'>laturas</span> <span class='ocrx_word' id='word_1_1104' title='bbox 1779 866 1840 890; x_wconf 88' lang='lat' dir='ltr'>ortu</span> <span class='ocrx_word' id='word_1_1105' title='bbox 1857 861 2015 898; x_wconf 75' lang='lat' dir='ltr'>praecedere</span> <span class='ocrx_word' id='word_1_1106' title='bbox 2035 859 2144 890; x_wconf 82' lang='lat' dir='ltr'>Chelas.</span> <span class='ocrx_word' id='word_1_1107' title='bbox 2227 861 2337 899; x_wconf 78' lang='lat' dir='ltr'>Quibus</span> <span class='ocrx_word' id='word_1_1108' title='bbox 2349 864 2442 894; x_wconf 85' lang='lat' dir='ltr'>verbis</span> <span class='ocrx_word' id='word_1_1109' title='bbox 2458 865 2525 901; x_wconf 66' lang='lat' dir='ltr'>dicit</span> 
     </span>
     <span class='ocr_line' id='line_1_121' title="bbox 1424 894 2526 938; baseline 0.007 -13"><span class='ocrx_word' id='word_1_1110' title='bbox 1424 894 1590 926; x_wconf 72' lang='lat' dir='ltr'>autumnale</span> <span class='ocrx_word' id='word_1_1111' title='bbox 1603 896 1681 927; x_wconf 75' lang='lat' dir='ltr'>fuisse</span> <span class='ocrx_word' id='word_1_1112' title='bbox 1695 898 1910 935; x_wconf 67' lang='lat' dir='ltr'>aequinot‘tium:</span> <span class='ocrx_word' id='word_1_1113' title='bbox 1934 898 2009 935; x_wconf 85' lang='lat' dir='ltr'>quod</span> <span class='ocrx_word' id='word_1_1114' title='bbox 2019 898 2050 927; x_wconf 83' lang='lat' dir='ltr'>fit</span> <span class='ocrx_word' id='word_1_1115' title='bbox 2061 899 2160 928; x_wconf 65' lang='lat' dir='ltr'>ottavo</span> <span class='ocrx_word' id='word_1_1116' title='bbox 2170 899 2302 930; x_wconf 87' lang='lat' dir='ltr'>calendas</span> <span class='ocrx_word' id='word_1_1117' title='bbox 2310 901 2456 938; x_wconf 70' lang='lat' dir='ltr'>Octobris,</span> <span class='ocrx_word' id='word_1_1118' title='bbox 2478 904 2526 935; x_wconf 85' lang='lat'>80.</span> 
     </span>
     <span class='ocr_line' id='line_1_122' title="bbox 1423 933 2524 1003; baseline 0.007 -40"><span class='ocrx_word' id='word_1_1119' title='bbox 1423 933 1456 1000; x_wconf 66' lang='lat' dir='ltr'>V&#39;</span> <span class='ocrx_word' id='word_1_1120' title='bbox 1467 935 1498 978; x_wconf 78' lang='lat' dir='ltr'>in</span> <span class='ocrx_word' id='word_1_1121' title='bbox 1509 933 1587 964; x_wconf 88' lang='lat' dir='ltr'>Libra</span> <span class='ocrx_word' id='word_1_1122' title='bbox 1598 935 1725 1003; x_wconf 38' lang='lat' dir='ltr'>posint-b</span> <span class='ocrx_word' id='word_1_1123' title='bbox 1735 936 1839 967; x_wconf 87' lang='lat' dir='ltr'>Etideo</span> <span class='ocrx_word' id='word_1_1124' title='bbox 1848 945 1897 974; x_wconf 80' lang='lat' dir='ltr'>per</span> <span class='ocrx_word' id='word_1_1125' title='bbox 1909 935 2009 966; x_wconf 84' lang='lat' dir='ltr'>Chelas</span> <span class='ocrx_word' id='word_1_1126' title='bbox 2019 935 2131 966; x_wconf 86' lang='lat' dir='ltr'>Libram</span> <span class='ocrx_word' id='word_1_1127' title='bbox 2140 938 2280 976; x_wconf 87' lang='lat' dir='ltr'>intelligit,</span> <span class='ocrx_word' id='word_1_1128' title='bbox 2302 939 2365 976; x_wconf 86' lang='lat' dir='ltr'>quia</span> <span class='ocrx_word' id='word_1_1129' title='bbox 2378 941 2524 974; x_wconf 77' lang='lat' dir='ltr'>occidente</span> 
     </span>
     <span class='ocr_line' id='line_1_123' title="bbox 1449 978 1764 1009; baseline 0.006 -9"><span class='ocrx_word' id='word_1_1130' title='bbox 1449 982 1537 1009; x_wconf 84' lang='lat' dir='ltr'>irgine</span> <span class='ocrx_word' id='word_1_1131' title='bbox 1546 995 1554 1007; x_wconf 88' lang='lat'>,</span> <span class='ocrx_word' id='word_1_1132' title='bbox 1577 978 1663 1002; x_wconf 82' lang='lat' dir='ltr'>oritur</span> <span class='ocrx_word' id='word_1_1133' title='bbox 1698 984 1705 1002; x_wconf 90' lang='lat'>1</span> <span class='ocrx_word' id='word_1_1134' title='bbox 1728 984 1764 1003; x_wconf 85' lang='lat' dir='ltr'>ra.</span> 
     </span>
    </p>

    <p class='ocr_par' dir='ltr' id='par_1_52' title="bbox 1367 1007 2526 1168">
     <span class='ocr_line' id='line_1_124' title="bbox 1367 1007 2523 1056; baseline 0.008 -18"><span class='ocrx_word' id='word_1_1135' title='bbox 1367 1007 1443 1039; x_wconf 58' lang='lat' dir='ltr'>Cn?</span> <span class='ocrx_word' id='word_1_1136' title='bbox 1453 1021 1468 1038; x_wconf 84' lang='grc'>1.</span> <span class='ocrx_word' id='word_1_1137' title='bbox 1479 1020 1493 1038; x_wconf 73' lang='lat' dir='ltr'>ir</span> <span class='ocrx_word' id='word_1_1138' title='bbox 1503 1031 1511 1044; x_wconf 83' lang='lat'>,</span> <span class='ocrx_word' id='word_1_1139' title='bbox 1533 1019 1570 1039; x_wconf 87' lang='lat' dir='ltr'>es.</span> <span class='ocrx_word' id='word_1_1140' title='bbox 1593 1011 1611 1040; x_wconf 86' lang='lat' dir='ltr'>f.</span> <span class='ocrx_word' id='word_1_1141' title='bbox 1634 1012 1648 1047; x_wconf 93' lang='lat'>[</span> <span class='ocrx_word' id='word_1_1142' title='bbox 1656 1012 1737 1048; x_wconf 67' lang='grc' dir='ltr'><strong><em>χηλὴ]</em></strong></span> <span class='ocrx_word' id='word_1_1143' title='bbox 1757 1011 1876 1050; x_wconf 88' lang='lat' dir='ltr'>Lapides</span> <span class='ocrx_word' id='word_1_1144' title='bbox 1896 1016 2112 1050; x_wconf 85' lang='lat' dir='ltr'>nuncupantur,</span> <span class='ocrx_word' id='word_1_1145' title='bbox 2134 1012 2247 1044; x_wconf 88' lang='lat' dir='ltr'>marinis</span> <span class='ocrx_word' id='word_1_1146' title='bbox 2258 1014 2360 1049; x_wconf 64' lang='lat' dir='ltr'>objecti</span> <span class='ocrx_word' id='word_1_1147' title='bbox 2375 1015 2503 1048; x_wconf 69' lang='lat' dir='ltr'>fluetibus</span> <span class='ocrx_word' id='word_1_1148' title='bbox 2513 1040 2523 1056; x_wconf 90' lang='lat'>‚</span> 
     </span>
     <span class='ocr_line' id='line_1_125' title="bbox 1403 1049 2526 1093; baseline 0.005 -16"><span class='ocrx_word' id='word_1_1149' title='bbox 1403 1057 1440 1077; x_wconf 85' lang='lat' dir='ltr'>ne</span> <span class='ocrx_word' id='word_1_1150' title='bbox 1452 1049 1591 1077; x_wconf 85' lang='lat' dir='ltr'>undarum</span> <span class='ocrx_word' id='word_1_1151' title='bbox 1602 1049 1708 1087; x_wconf 91' lang='lat' dir='ltr'>impetu</span> <span class='ocrx_word' id='word_1_1152' title='bbox 1717 1050 1883 1079; x_wconf 75' lang='lat' dir='ltr'>&#39;violentiore</span> <span class='ocrx_word' id='word_1_1153' title='bbox 1895 1051 2034 1087; x_wconf 88' lang='lat' dir='ltr'>perpetim</span> <span class='ocrx_word' id='word_1_1154' title='bbox 2051 1049 2198 1080; x_wconf 79' lang='lat' dir='ltr'>assultante</span> <span class='ocrx_word' id='word_1_1155' title='bbox 2212 1073 2221 1087; x_wconf 88' lang='lat'>‚</span> <span class='ocrx_word' id='word_1_1156' title='bbox 2242 1053 2437 1083; x_wconf 78' lang='lat' dir='ltr'>convellantur</span> <span class='ocrx_word' id='word_1_1157' title='bbox 2450 1064 2526 1093; x_wconf 50' lang='lat' dir='ltr'>agge*</span> 
     </span>
     <span class='ocr_line' id='line_1_126' title="bbox 1403 1087 2522 1130; baseline 0.008 -16"><span class='ocrx_word' id='word_1_1158' title='bbox 1403 1094 1464 1115; x_wconf 85' lang='lat' dir='ltr'>rum</span> <span class='ocrx_word' id='word_1_1159' title='bbox 1479 1087 1669 1122; x_wconf 77' lang='lat' dir='ltr'>munimenta,</span> <span class='ocrx_word' id='word_1_1160' title='bbox 1692 1087 1737 1117; x_wconf 90' lang='lat' dir='ltr'>vel</span> <span class='ocrx_word' id='word_1_1161' title='bbox 1751 1089 1780 1117; x_wconf 88' lang='lat' dir='ltr'>id</span> <span class='ocrx_word' id='word_1_1162' title='bbox 1798 1097 1885 1125; x_wconf 87' lang='lat' dir='ltr'>genus</span> <span class='ocrx_word' id='word_1_1163' title='bbox 1899 1094 2065 1117; x_wconf 91' lang='lat' dir='ltr'>ceterorum.</span> <span class='ocrx_word' id='word_1_1164' title='bbox 2105 1088 2244 1118; x_wconf 88' lang='lat' dir='ltr'>Dicuntur</span> <span class='ocrx_word' id='word_1_1165' title='bbox 2257 1097 2351 1120; x_wconf 83' lang='lat' dir='ltr'>autem</span> <span class='ocrx_word' id='word_1_1166' title='bbox 2371 1091 2426 1128; x_wconf 87' lang='lat' dir='ltr'>sic,</span> <span class='ocrx_word' id='word_1_1167' title='bbox 2448 1095 2522 1130; x_wconf 88' lang='lat' dir='ltr'>quod</span> 
     </span>
     <span class='ocr_line' id='line_1_127' title="bbox 1402 1123 2423 1168; baseline 0.01 -17"><span class='ocrx_word' id='word_1_1168' title='bbox 1402 1123 1489 1153; x_wconf 92' lang='lat' dir='ltr'>bourn</span> <span class='ocrx_word' id='word_1_1169' title='bbox 1500 1124 1610 1162; x_wconf 84' lang='lat' dir='ltr'>ungulis</span> <span class='ocrx_word' id='word_1_1170' title='bbox 1621 1125 1678 1154; x_wconf 86' lang='lat' dir='ltr'>fere</span> <span class='ocrx_word' id='word_1_1171' title='bbox 1690 1125 1742 1155; x_wconf 88' lang='lat' dir='ltr'>sint</span> <span class='ocrx_word' id='word_1_1172' title='bbox 1751 1125 1889 1155; x_wconf 80' lang='lat' dir='ltr'>assimiles.</span> <span class='ocrx_word' id='word_1_1173' title='bbox 1912 1126 2013 1155; x_wconf 68' lang='lat' dir='ltr'>Auctor</span> <span class='ocrx_word' id='word_1_1174' title='bbox 2029 1125 2092 1155; x_wconf 79' lang='lat' dir='ltr'>Cael.</span> <span class='ocrx_word' id='word_1_1175' title='bbox 2107 1126 2200 1156; x_wconf 90' lang='lat' dir='ltr'>Rhod.</span> <span class='ocrx_word' id='word_1_1176' title='bbox 2217 1127 2266 1157; x_wconf 85' lang='lat' dir='ltr'>lib.</span> <span class='ocrx_word' id='word_1_1177' title='bbox 2283 1138 2306 1164; x_wconf 82' lang='lat'>5.</span> <span class='ocrx_word' id='word_1_1178' title='bbox 2321 1139 2382 1168; x_wconf 85' lang='lat' dir='ltr'>cap.</span> <span class='ocrx_word' id='word_1_1179' title='bbox 2396 1139 2423 1161; x_wconf 85' lang='lat'>2.</span> 
     </span>
    </p>

    <p class='ocr_par' dir='ltr' id='par_1_53' title="bbox 1365 1158 2230 1199">
     <span class='ocr_line' id='line_1_128' title="bbox 1365 1158 2230 1199; baseline 0.003 -8"><span class='ocrx_word' id='word_1_1180' title='bbox 1365 1159 1388 1191; x_wconf 86' lang='lat' dir='ltr'>C</span> <span class='ocrx_word' id='word_1_1181' title='bbox 1397 1171 1417 1189; x_wconf 87' lang='lat' dir='ltr'>H</span> <span class='ocrx_word' id='word_1_1182' title='bbox 1427 1171 1441 1190; x_wconf 80' lang='lat' dir='ltr'>R</span> <span class='ocrx_word' id='word_1_1183' title='bbox 1450 1172 1466 1190; x_wconf 85' lang='lat' dir='ltr'>L</span> <span class='ocrx_word' id='word_1_1184' title='bbox 1474 1165 1487 1190; x_wconf 79' lang='grc' dir='ltr'>ῑ</span> <span class='ocrx_word' id='word_1_1185' title='bbox 1497 1172 1514 1190; x_wconf 83' lang='grc'>1)</span> <span class='ocrx_word' id='word_1_1186' title='bbox 1525 1171 1542 1190; x_wconf 95' lang='grc'><strong>0</strong></span> <span class='ocrx_word' id='word_1_1187' title='bbox 1552 1172 1572 1191; x_wconf 87' lang='grc' dir='ltr'><strong>Ν</strong></span> <span class='ocrx_word' id='word_1_1188' title='bbox 1581 1184 1589 1198; x_wconf 87' lang='grc'><em>,</em></span> <span class='ocrx_word' id='word_1_1189' title='bbox 1611 1161 1682 1192; x_wconf 71' lang='lat' dir='ltr'>finis.</span> <span class='ocrx_word' id='word_1_1190' title='bbox 1704 1165 1719 1199; x_wconf 88' lang='lat'>[</span> <span class='ocrx_word' id='word_1_1191' title='bbox 1754 1158 1849 1198; x_wconf 54' lang='grc' dir='ltr'>λιδὶῖν]</span> <span class='ocrx_word' id='word_1_1192' title='bbox 1871 1162 1968 1193; x_wconf 86' lang='lat' dir='ltr'>Latine</span> <span class='ocrx_word' id='word_1_1193' title='bbox 1978 1163 2081 1193; x_wconf 87' lang='lat' dir='ltr'>dicitur</span> <span class='ocrx_word' id='word_1_1194' title='bbox 2093 1164 2230 1194; x_wconf 88' lang='lat' dir='ltr'>Hirundo.</span> 
     </span>
    </p>

    <p class='ocr_par' dir='ltr' id='par_1_54' title="bbox 1364 1198 2518 1282">
     <span class='ocr_line' id='line_1_129' title="bbox 1364 1198 2518 1246; baseline 0.008 -19"><span class='ocrx_word' id='word_1_1195' title='bbox 1364 1198 1387 1228; x_wconf 89' lang='lat' dir='ltr'>C</span> <span class='ocrx_word' id='word_1_1196' title='bbox 1396 1209 1415 1228; x_wconf 85' lang='lat' dir='ltr'>H</span> <span class='ocrx_word' id='word_1_1197' title='bbox 1425 1201 1440 1228; x_wconf 71' lang='grc' dir='ltr'>ιξ</span> <span class='ocrx_word' id='word_1_1198' title='bbox 1451 1203 1511 1228; x_wconf 73' lang='lat' dir='ltr'>cio</span> <span class='ocrx_word' id='word_1_1199' title='bbox 1522 1202 1539 1229; x_wconf 72' lang='grc' dir='ltr'>’ὅ</span> <span class='ocrx_word' id='word_1_1200' title='bbox 1550 1210 1570 1228; x_wconf 89' lang='grc' dir='ltr'><strong>Ν</strong></span> <span class='ocrx_word' id='word_1_1201' title='bbox 1579 1211 1588 1228; x_wconf 97' lang='grc'>1</span> <span class='ocrx_word' id='word_1_1202' title='bbox 1597 1210 1615 1229; x_wconf 84' lang='lat' dir='ltr'>A</span> <span class='ocrx_word' id='word_1_1203' title='bbox 1625 1223 1633 1235; x_wconf 91' lang='lat'><em>‚</em></span> <span class='ocrx_word' id='word_1_1204' title='bbox 1656 1202 1725 1238; x_wconf 53' lang='grc' dir='ltr'>[χλι</span> <span class='ocrx_word' id='word_1_1205' title='bbox 1741 1202 1816 1237; x_wconf 74' lang='grc' dir='ltr'>ονίοι]</span> <span class='ocrx_word' id='word_1_1206' title='bbox 1837 1203 1911 1230; x_wconf 88' lang='lat' dir='ltr'>inter</span> <span class='ocrx_word' id='word_1_1207' title='bbox 1920 1201 2048 1231; x_wconf 87' lang='lat' dir='ltr'>Ficorum</span> <span class='ocrx_word' id='word_1_1208' title='bbox 2060 1209 2162 1239; x_wconf 87' lang='lat' dir='ltr'>genera</span> <span class='ocrx_word' id='word_1_1209' title='bbox 2170 1202 2328 1234; x_wconf 86' lang='lat' dir='ltr'>recensetur</span> <span class='ocrx_word' id='word_1_1210' title='bbox 2338 1203 2408 1236; x_wconf 81' lang='lat' dir='ltr'>Piin.</span> <span class='ocrx_word' id='word_1_1211' title='bbox 2421 1205 2518 1246; x_wconf 77' lang='lat' dir='ltr'>lib.15.</span> 
     </span>
     <span class='ocr_line' id='line_1_130' title="bbox 1401 1238 2065 1282; baseline 0.005 -16"><span class='ocrx_word' id='word_1_1212' title='bbox 1401 1247 1462 1275; x_wconf 80' lang='lat' dir='ltr'>cap.</span> <span class='ocrx_word' id='word_1_1213' title='bbox 1475 1242 1518 1271; x_wconf 88' lang='lat'>18.</span> <span class='ocrx_word' id='word_1_1214' title='bbox 1542 1238 1674 1268; x_wconf 85' lang='lat' dir='ltr'>Meminit</span> <span class='ocrx_word' id='word_1_1215' title='bbox 1685 1241 1711 1269; x_wconf 64' lang='grc' dir='ltr'>ἅ</span> <span class='ocrx_word' id='word_1_1216' title='bbox 1722 1239 1861 1282; x_wconf 76' lang='lat' dir='ltr'>Columel.</span> <span class='ocrx_word' id='word_1_1217' title='bbox 1878 1239 1928 1269; x_wconf 82' lang='lat' dir='ltr'>lib.</span> <span class='ocrx_word' id='word_1_1218' title='bbox 1945 1250 1987 1269; x_wconf 90' lang='lat' dir='ltr'>io.</span> <span class='ocrx_word' id='word_1_1219' title='bbox 1999 1250 2065 1276; x_wconf 87' lang='lat'>415.</span> 
     </span>
    </p>

    <p class='ocr_par' dir='ltr' id='par_1_55' title="bbox 1495 1275 2229 1316">
     <span class='ocr_line' id='line_1_131' title="bbox 1495 1275 2229 1316; baseline 0.005 -11"><span class='ocrx_word' id='word_1_1220' title='bbox 1495 1275 1694 1314; x_wconf 83' lang='lat' dir='ltr'>Purpureaeque</span> <span class='ocrx_word' id='word_1_1221' title='bbox 1705 1277 1874 1307; x_wconf 65' lang='lat' dir='ltr'>chelidoniae</span> <span class='ocrx_word' id='word_1_1222' title='bbox 1884 1299 1892 1312; x_wconf 86' lang='lat'>‚</span> <span class='ocrx_word' id='word_1_1223' title='bbox 1914 1277 2086 1316; x_wconf 84' lang='lat' dir='ltr'>pinguesque</span> <span class='ocrx_word' id='word_1_1224' title='bbox 2098 1278 2229 1310; x_wconf 75' lang='lat' dir='ltr'>mariscae.</span> 
     </span>
    </p>

    <p class='ocr_par' dir='ltr' id='par_1_56' title="bbox 1362 1309 2521 1435">
     <span class='ocr_line' id='line_1_132' title="bbox 1362 1309 2521 1355; baseline 0.009 -14"><span class='ocrx_word' id='word_1_1225' title='bbox 1362 1309 1617 1343; x_wconf 67' lang='grc' dir='ltr'><strong>ΕΗΕιῑῡὸΝΙΑ</strong></span> <span class='ocrx_word' id='word_1_1226' title='bbox 1630 1336 1637 1349; x_wconf 86' lang='grc'><em>,</em></span> <span class='ocrx_word' id='word_1_1227' title='bbox 1659 1326 1698 1352; x_wconf 71' lang='lat' dir='ltr'>az,</span> <span class='ocrx_word' id='word_1_1228' title='bbox 1720 1315 1738 1345; x_wconf 92' lang='lat' dir='ltr'>f.</span> <span class='ocrx_word' id='word_1_1229' title='bbox 1760 1315 1805 1345; x_wconf 88' lang='lat' dir='ltr'>vel</span> <span class='ocrx_word' id='word_1_1230' title='bbox 1825 1314 2124 1350; x_wconf 74' lang='lat' dir='ltr'>CHEL1DON1UM,</span> <span class='ocrx_word' id='word_1_1231' title='bbox 2146 1317 2164 1345; x_wconf 88' lang='lat' dir='ltr'>i.</span> <span class='ocrx_word' id='word_1_1232' title='bbox 2187 1327 2214 1346; x_wconf 92' lang='lat' dir='ltr'>n.</span> <span class='ocrx_word' id='word_1_1233' title='bbox 2237 1315 2405 1355; x_wconf 66' lang='grc' dir='ltr'>[χελιδδῗνιον]</span> <span class='ocrx_word' id='word_1_1234' title='bbox 2423 1315 2521 1353; x_wconf 72' lang='lat' dir='ltr'>Herbae</span> 
     </span>
     <span class='ocr_line' id='line_1_133' title="bbox 1398 1351 2520 1391; baseline 0.008 -11"><span class='ocrx_word' id='word_1_1235' title='bbox 1398 1360 1494 1388; x_wconf 88' lang='lat' dir='ltr'>genus.</span> <span class='ocrx_word' id='word_1_1236' title='bbox 1518 1351 1586 1381; x_wconf 89' lang='lat' dir='ltr'>Plin.</span> <span class='ocrx_word' id='word_1_1237' title='bbox 1600 1351 1647 1381; x_wconf 88' lang='lat' dir='ltr'>lib.</span> <span class='ocrx_word' id='word_1_1238' title='bbox 1663 1358 1688 1387; x_wconf 87' lang='lat'>8.</span> <span class='ocrx_word' id='word_1_1239' title='bbox 1701 1363 1761 1391; x_wconf 89' lang='lat' dir='ltr'>cap.</span> <span class='ocrx_word' id='word_1_1240' title='bbox 1774 1363 1819 1391; x_wconf 92' lang='lat'>27.</span> <span class='ocrx_word' id='word_1_1241' title='bbox 1845 1353 2042 1383; x_wconf 71' lang='lat' dir='ltr'>Chelidonium</span> <span class='ocrx_word' id='word_1_1242' title='bbox 2057 1353 2125 1383; x_wconf 89' lang='lat' dir='ltr'>visui</span> <span class='ocrx_word' id='word_1_1243' title='bbox 2141 1351 2345 1386; x_wconf 88' lang='lat' dir='ltr'>saluberrimam</span> <span class='ocrx_word' id='word_1_1244' title='bbox 2359 1357 2520 1390; x_wconf 78' lang='lat' dir='ltr'>hirundines</span> 
     </span>
     <span class='ocr_line' id='line_1_134' title="bbox 1399 1389 2520 1435; baseline 0.007 -17"><span class='ocrx_word' id='word_1_1245' title='bbox 1399 1389 1596 1425; x_wconf 81' lang='lat' dir='ltr'>monstravere,</span> <span class='ocrx_word' id='word_1_1246' title='bbox 1606 1391 1711 1420; x_wconf 85' lang='lat' dir='ltr'>vexatis</span> <span class='ocrx_word' id='word_1_1247' title='bbox 1721 1391 1862 1429; x_wconf 89' lang='lat' dir='ltr'>pullorum</span> <span class='ocrx_word' id='word_1_1248' title='bbox 1876 1391 1964 1421; x_wconf 88' lang='lat' dir='ltr'>oculis</span> <span class='ocrx_word' id='word_1_1249' title='bbox 1972 1392 2020 1421; x_wconf 88' lang='lat' dir='ltr'>illa</span> <span class='ocrx_word' id='word_1_1250' title='bbox 2030 1392 2184 1422; x_wconf 90' lang='lat' dir='ltr'>medentes.</span> <span class='ocrx_word' id='word_1_1251' title='bbox 2198 1393 2228 1422; x_wconf 87' lang='lat' dir='ltr'>V.</span> <span class='ocrx_word' id='word_1_1252' title='bbox 2244 1395 2313 1424; x_wconf 89' lang='lat' dir='ltr'>item</span> <span class='ocrx_word' id='word_1_1253' title='bbox 2323 1394 2371 1424; x_wconf 89' lang='lat' dir='ltr'>lib.</span> <span class='ocrx_word' id='word_1_1254' title='bbox 2382 1403 2520 1435; x_wconf 62' lang='lat' dir='ltr'>25.cap.8.</span> 
     </span>
    </p>
   </div>
   <div class='ocr_carea' id='block_1_21' title="bbox 2299 704 2527 749">
    <p class='ocr_par' dir='ltr' id='par_1_57' title="bbox 2299 704 2527 749">
     <span class='ocr_line' id='line_1_135' title="bbox 2299 704 2527 749; baseline 0.009 -8"><span class='ocrx_word' id='word_1_1255' title='bbox 2299 704 2435 749; x_wconf 71' lang='lat' dir='ltr'>intelligit</span> <span class='ocrx_word' id='word_1_1256' title='bbox 2457 713 2527 748; x_wconf 77' lang='lat' dir='ltr'>fidus</span> 
     </span>
    </p>
   </div>
   <div class='ocr_carea' id='block_1_22' title="bbox 1399 1422 2534 1467">
    <p class='ocr_par' dir='ltr' id='par_1_58' title="bbox 1399 1422 2534 1467">
     <span class='ocr_line' id='line_1_136' title="bbox 1399 1422 2534 1467; baseline 0.007 -11"><span class='ocrx_word' id='word_1_1257' title='bbox 1399 1422 1574 1457; x_wconf 76' lang='lat' dir='ltr'>Clielidoniae</span> <span class='ocrx_word' id='word_1_1258' title='bbox 1586 1429 1648 1457; x_wconf 70' lang='lat' dir='ltr'>duae</span> <span class='ocrx_word' id='word_1_1259' title='bbox 1661 1428 1724 1458; x_wconf 85' lang='lat' dir='ltr'>sunt</span> <span class='ocrx_word' id='word_1_1260' title='bbox 1733 1428 1854 1467; x_wconf 85' lang='lat' dir='ltr'>species,</span> <span class='ocrx_word' id='word_1_1261' title='bbox 1876 1439 1993 1466; x_wconf 89' lang='lat' dir='ltr'>quarum</span> <span class='ocrx_word' id='word_1_1262' title='bbox 2007 1430 2094 1465; x_wconf 81' lang='lat' dir='ltr'>major</span> <span class='ocrx_word' id='word_1_1263' title='bbox 2105 1431 2188 1460; x_wconf 90' lang='lat' dir='ltr'>etiam</span> <span class='ocrx_word' id='word_1_1264' title='bbox 2202 1431 2287 1462; x_wconf 90' lang='lat' dir='ltr'>hodie</span> <span class='ocrx_word' id='word_1_1265' title='bbox 2300 1433 2330 1461; x_wconf 91' lang='lat' dir='ltr'>in</span> <span class='ocrx_word' id='word_1_1266' title='bbox 2342 1433 2462 1463; x_wconf 84' lang='lat' dir='ltr'>officinis</span> <span class='ocrx_word' id='word_1_1267' title='bbox 2472 1445 2534 1465; x_wconf 52' lang='lat' dir='ltr'>now</span> 
     </span>
    </p>
   </div>
   <div class='ocr_carea' id='block_1_23' title="bbox 1417 1467 2523 1579">
    <p class='ocr_par' dir='ltr' id='par_1_59' title="bbox 1417 1467 2523 1579">
     <span class='ocr_line' id='line_1_137' title="bbox 1418 1467 2523 1510; baseline 0.005 -16"><span class='ocrx_word' id='word_1_1268' title='bbox 1418 1475 1484 1494; x_wconf 86' lang='lat' dir='ltr'>men</span> <span class='ocrx_word' id='word_1_1269' title='bbox 1494 1467 1612 1510; x_wconf 75' lang='lat' dir='ltr'>retinet:</span> <span class='ocrx_word' id='word_1_1270' title='bbox 1635 1468 1774 1497; x_wconf 88' lang='lat' dir='ltr'>minorem</span> <span class='ocrx_word' id='word_1_1271' title='bbox 1783 1474 1875 1497; x_wconf 84' lang='lat' dir='ltr'>autem</span> <span class='ocrx_word' id='word_1_1272' title='bbox 1885 1489 1892 1503; x_wconf 89' lang='lat'>,</span> <span class='ocrx_word' id='word_1_1273' title='bbox 1915 1467 1990 1504; x_wconf 89' lang='lat' dir='ltr'>quod</span> <span class='ocrx_word' id='word_1_1274' title='bbox 2002 1467 2108 1497; x_wconf 87' lang='lat' dir='ltr'>strumis</span> <span class='ocrx_word' id='word_1_1275' title='bbox 2120 1469 2263 1499; x_wconf 84' lang='lat' dir='ltr'>medeatur</span> <span class='ocrx_word' id='word_1_1276' title='bbox 2275 1491 2283 1505; x_wconf 89' lang='lat'>,</span> <span class='ocrx_word' id='word_1_1277' title='bbox 2305 1477 2372 1508; x_wconf 87' lang='lat' dir='ltr'>quas</span> <span class='ocrx_word' id='word_1_1278' title='bbox 2383 1471 2523 1510; x_wconf 70' lang='lat' dir='ltr'>Scrophu.</span> 
     </span>
     <span class='ocr_line' id='line_1_138' title="bbox 1417 1500 2520 1572; baseline 0.007 -40"><span class='ocrx_word' id='word_1_1279' title='bbox 1417 1500 1599 1571; x_wconf 48' lang='lat' dir='ltr'>{agrssoannulllli</span> <span class='ocrx_word' id='word_1_1280' title='bbox 1613 1511 1717 1572; x_wconf 62' lang='lat' dir='ltr'>rvpcant</span> <span class='ocrx_word' id='word_1_1281' title='bbox 1729 1525 1737 1541; x_wconf 82' lang='lat'>‚</span> <span class='ocrx_word' id='word_1_1282' title='bbox 1758 1505 1812 1536; x_wconf 91' lang='lat' dir='ltr'>sive</span> <span class='ocrx_word' id='word_1_1283' title='bbox 1822 1505 1899 1543; x_wconf 89' lang='lat' dir='ltr'>quod</span> <span class='ocrx_word' id='word_1_1284' title='bbox 1909 1505 2070 1536; x_wconf 87' lang='lat' dir='ltr'>strumosam</span> <span class='ocrx_word' id='word_1_1285' title='bbox 2081 1504 2182 1537; x_wconf 80' lang='lat' dir='ltr'>habeat</span> <span class='ocrx_word' id='word_1_1286' title='bbox 2195 1508 2335 1544; x_wconf 88' lang='lat' dir='ltr'>radicem,</span> <span class='ocrx_word' id='word_1_1287' title='bbox 2355 1509 2520 1548; x_wconf 64' lang='lat' dir='ltr'>Scrophula.</span> 
     </span>
     <span class='ocr_line' id='line_1_139' title="bbox 1517 1552 1651 1579; baseline 0.015 -9"><span class='ocrx_word' id='word_1_1288' title='bbox 1517 1552 1572 1579; x_wconf 82' lang='lat' dir='ltr'>ppe</span> <span class='ocrx_word' id='word_1_1289' title='bbox 1597 1554 1610 1571; x_wconf 72' lang='lat' dir='ltr'>a</span> <span class='ocrx_word' id='word_1_1290' title='bbox 1624 1564 1630 1571; x_wconf 93' lang='lat'>.</span> <span class='ocrx_word' id='word_1_1291' title='bbox 1646 1566 1651 1572; x_wconf 92' lang='lat'>.</span> 
     </span>
    </p>
   </div>
   <div class='ocr_carea' id='block_1_24' title="bbox 1398 1574 2537 1624">
    <p class='ocr_par' dir='ltr' id='par_1_60' title="bbox 1398 1574 2537 1624">
     <span class='ocr_line' id='line_1_140' title="bbox 1398 1574 2537 1624; baseline 0.006 -14"><span class='ocrx_word' id='word_1_1292' title='bbox 1398 1574 1443 1610; x_wconf 82' lang='lat' dir='ltr'>Est</span> <span class='ocrx_word' id='word_1_1293' title='bbox 1454 1580 1536 1609; x_wconf 85' lang='lat' dir='ltr'>etiam</span> <span class='ocrx_word' id='word_1_1294' title='bbox 1552 1580 1738 1617; x_wconf 80' lang='lat' dir='ltr'>Chelidonia,</span> <span class='ocrx_word' id='word_1_1295' title='bbox 1760 1581 1885 1612; x_wconf 84' lang='lat' dir='ltr'>Gemmae</span> <span class='ocrx_word' id='word_1_1296' title='bbox 1899 1590 2021 1617; x_wconf 88' lang='lat' dir='ltr'>nomen,</span> <span class='ocrx_word' id='word_1_1297' title='bbox 2043 1580 2128 1611; x_wconf 88' lang='lat' dir='ltr'>altera</span> <span class='ocrx_word' id='word_1_1298' title='bbox 2153 1588 2230 1620; x_wconf 88' lang='lat' dir='ltr'>parte</span> <span class='ocrx_word' id='word_1_1299' title='bbox 2252 1593 2415 1622; x_wconf 77' lang='lat' dir='ltr'>purpureae,</span> <span class='ocrx_word' id='word_1_1300' title='bbox 2436 1586 2537 1624; x_wconf 61' lang='lat' dir='ltr'>nigris*</span> 
     </span>
    </p>
   </div>
   <div class='ocr_carea' id='block_1_25' title="bbox 1364 1617 2518 1733">
    <p class='ocr_par' dir='ltr' id='par_1_61' title="bbox 1364 1617 2518 1733">
     <span class='ocr_line' id='line_1_141' title="bbox 1416 1617 2518 1660; baseline 0.008 -14"><span class='ocrx_word' id='word_1_1301' title='bbox 1416 1617 1660 1655; x_wconf 85' lang='lat' dir='ltr'>interpellantibus</span> <span class='ocrx_word' id='word_1_1302' title='bbox 1671 1618 1787 1649; x_wconf 87' lang='lat' dir='ltr'>maculis</span> <span class='ocrx_word' id='word_1_1303' title='bbox 1798 1641 1805 1654; x_wconf 87' lang='lat'>,</span> <span class='ocrx_word' id='word_1_1304' title='bbox 1827 1619 1911 1648; x_wconf 85' lang='lat' dir='ltr'>altera</span> <span class='ocrx_word' id='word_1_1305' title='bbox 1921 1618 2080 1649; x_wconf 84' lang='lat' dir='ltr'>hirundinis</span> <span class='ocrx_word' id='word_1_1306' title='bbox 2089 1619 2214 1651; x_wconf 85' lang='lat' dir='ltr'>colorem</span> <span class='ocrx_word' id='word_1_1307' title='bbox 2224 1623 2368 1653; x_wconf 84' lang='lat' dir='ltr'>referentis</span> <span class='ocrx_word' id='word_1_1308' title='bbox 2377 1645 2387 1660; x_wconf 85' lang='lat'>,</span> <span class='ocrx_word' id='word_1_1309' title='bbox 2407 1624 2482 1655; x_wconf 85' lang='lat' dir='ltr'>unde</span> <span class='ocrx_word' id='word_1_1310' title='bbox 2492 1626 2518 1656; x_wconf 70' lang='grc' dir='ltr'><strong>ἃ</strong></span> 
     </span>
     <span class='ocr_line' id='line_1_142' title="bbox 1416 1656 2104 1695; baseline 0.004 -11"><span class='ocrx_word' id='word_1_1311' title='bbox 1416 1665 1520 1685; x_wconf 84' lang='lat' dir='ltr'>nornen</span> <span class='ocrx_word' id='word_1_1312' title='bbox 1531 1657 1648 1694; x_wconf 84' lang='lat' dir='ltr'>accepit.</span> <span class='ocrx_word' id='word_1_1313' title='bbox 1670 1657 1712 1686; x_wconf 89' lang='lat' dir='ltr'>De</span> <span class='ocrx_word' id='word_1_1314' title='bbox 1723 1656 1774 1686; x_wconf 87' lang='lat' dir='ltr'>hac</span> <span class='ocrx_word' id='word_1_1315' title='bbox 1784 1657 1852 1686; x_wconf 83' lang='lat' dir='ltr'>Plin.</span> <span class='ocrx_word' id='word_1_1316' title='bbox 1867 1657 1915 1687; x_wconf 92' lang='lat' dir='ltr'>lib.</span> <span class='ocrx_word' id='word_1_1317' title='bbox 1930 1666 1973 1693; x_wconf 84' lang='lat'>37.</span> <span class='ocrx_word' id='word_1_1318' title='bbox 1986 1667 2047 1695; x_wconf 85' lang='lat' dir='ltr'>cap.</span> <span class='ocrx_word' id='word_1_1319' title='bbox 2061 1668 2104 1688; x_wconf 88' lang='lat'>10.</span> 
     </span>
     <span class='ocr_line' id='line_1_143' title="bbox 1364 1691 2062 1733; baseline 0 -8"><span class='ocrx_word' id='word_1_1320' title='bbox 1364 1723 1367 1725; x_wconf 79' lang='lat'>.</span> <span class='ocrx_word' id='word_1_1321' title='bbox 1396 1691 1467 1723; x_wconf 75' lang='lat' dir='ltr'>Item</span> <span class='ocrx_word' id='word_1_1322' title='bbox 1482 1703 1569 1731; x_wconf 88' lang='lat' dir='ltr'>genus</span> <span class='ocrx_word' id='word_1_1323' title='bbox 1581 1695 1688 1733; x_wconf 86' lang='lat' dir='ltr'>Aspidis</span> <span class='ocrx_word' id='word_1_1324' title='bbox 1699 1716 1707 1731; x_wconf 81' lang='lat'>,</span> <span class='ocrx_word' id='word_1_1325' title='bbox 1728 1703 1760 1724; x_wconf 92' lang='lat' dir='ltr'>ut</span> <span class='ocrx_word' id='word_1_1326' title='bbox 1772 1695 1894 1725; x_wconf 86' lang='lat' dir='ltr'>Galenus</span> <span class='ocrx_word' id='word_1_1327' title='bbox 1908 1697 2003 1725; x_wconf 69' lang='lat' dir='ltr'>auctor</span> <span class='ocrx_word' id='word_1_1328' title='bbox 2015 1695 2062 1725; x_wconf 88' lang='lat' dir='ltr'>est.</span> 
     </span>
    </p>
   </div>
   <div class='ocr_carea' id='block_1_26' title="bbox 1360 1729 2521 1776">
    <p class='ocr_par' dir='ltr' id='par_1_62' title="bbox 1360 1729 2521 1776">
     <span class='ocr_line' id='line_1_144' title="bbox 1360 1729 2521 1776; baseline 0.004 -15"><span class='ocrx_word' id='word_1_1329' title='bbox 1360 1729 1383 1761; x_wconf 77' lang='lat' dir='ltr'>C</span> <span class='ocrx_word' id='word_1_1330' title='bbox 1392 1740 1412 1760; x_wconf 84' lang='lat' dir='ltr'>H</span> <span class='ocrx_word' id='word_1_1331' title='bbox 1422 1741 1435 1760; x_wconf 76' lang='lat' dir='ltr'>a</span> <span class='ocrx_word' id='word_1_1332' title='bbox 1443 1742 1460 1760; x_wconf 87' lang='lat' dir='ltr'>L</span> <span class='ocrx_word' id='word_1_1333' title='bbox 1470 1742 1480 1760; x_wconf 89' lang='lat'>1</span> <span class='ocrx_word' id='word_1_1334' title='bbox 1490 1742 1508 1760; x_wconf 88' lang='lat' dir='ltr'>D</span> <span class='ocrx_word' id='word_1_1335' title='bbox 1518 1742 1534 1761; x_wconf 93' lang='grc' dir='ltr'><strong>ο</strong></span> <span class='ocrx_word' id='word_1_1336' title='bbox 1542 1742 1563 1761; x_wconf 87' lang='grc' dir='ltr'><strong>Ν</strong></span> <span class='ocrx_word' id='word_1_1337' title='bbox 1573 1744 1581 1761; x_wconf 90' lang='grc'>1</span> <span class='ocrx_word' id='word_1_1338' title='bbox 1591 1742 1615 1761; x_wconf 78' lang='lat' dir='ltr'>AE</span> <span class='ocrx_word' id='word_1_1339' title='bbox 1623 1755 1630 1767; x_wconf 87' lang='lat'>,</span> <span class='ocrx_word' id='word_1_1340' title='bbox 1653 1729 1821 1769; x_wconf 59' lang='grc' dir='ltr'>[χελιδονίαι]</span> <span class='ocrx_word' id='word_1_1341' title='bbox 1841 1732 1938 1763; x_wconf 69' lang='lat' dir='ltr'>Insula:</span> <span class='ocrx_word' id='word_1_1342' title='bbox 1949 1739 2013 1769; x_wconf 90' lang='lat' dir='ltr'>tres,</span> <span class='ocrx_word' id='word_1_1343' title='bbox 2032 1738 2129 1764; x_wconf 86' lang='lat' dir='ltr'>contra</span> <span class='ocrx_word' id='word_1_1344' title='bbox 2142 1733 2227 1765; x_wconf 87' lang='lat' dir='ltr'>Tauri</span> <span class='ocrx_word' id='word_1_1345' title='bbox 2239 1737 2463 1774; x_wconf 85' lang='lat' dir='ltr'>promontorium</span> <span class='ocrx_word' id='word_1_1346' title='bbox 2472 1743 2521 1776; x_wconf 75' lang='lat' dir='ltr'>pe.</span> 
     </span>
    </p>
   </div>
   <div class='ocr_carea' id='block_1_27' title="bbox 1394 1769 2518 1992">
    <p class='ocr_par' dir='ltr' id='par_1_63' title="bbox 1394 1769 2518 1992">
     <span class='ocr_line' id='line_1_145' title="bbox 1395 1769 2518 1813; baseline 0.006 -14"><span class='ocrx_word' id='word_1_1347' title='bbox 1395 1769 1493 1799; x_wconf 82' lang='lat' dir='ltr'>stiferae</span> <span class='ocrx_word' id='word_1_1348' title='bbox 1505 1771 1697 1808; x_wconf 82' lang='lat' dir='ltr'>navigantibus</span> <span class='ocrx_word' id='word_1_1349' title='bbox 1708 1793 1715 1805; x_wconf 94' lang='lat'>,</span> <span class='ocrx_word' id='word_1_1350' title='bbox 1737 1771 1807 1801; x_wconf 88' lang='lat' dir='ltr'>Plin.</span> <span class='ocrx_word' id='word_1_1351' title='bbox 1823 1782 1846 1807; x_wconf 86' lang='lat'>5.</span> <span class='ocrx_word' id='word_1_1352' title='bbox 1859 1781 1903 1808; x_wconf 82' lang='lat'>31.</span> <span class='ocrx_word' id='word_1_1353' title='bbox 1926 1772 2000 1801; x_wconf 87' lang='lat' dir='ltr'>Duas</span> <span class='ocrx_word' id='word_1_1354' title='bbox 2012 1772 2156 1808; x_wconf 79' lang='lat' dir='ltr'>duntaxat,</span> <span class='ocrx_word' id='word_1_1355' title='bbox 2177 1783 2292 1810; x_wconf 87' lang='lat' dir='ltr'>quarum</span> <span class='ocrx_word' id='word_1_1356' title='bbox 2302 1784 2357 1804; x_wconf 90' lang='lat' dir='ltr'>una</span> <span class='ocrx_word' id='word_1_1357' title='bbox 2371 1775 2518 1813; x_wconf 62' lang='lat' dir='ltr'>Corydela4</span> 
     </span>
     <span class='ocr_line' id='line_1_146' title="bbox 1395 1807 2515 1852; baseline 0.006 -15"><span class='ocrx_word' id='word_1_1358' title='bbox 1395 1807 1481 1837; x_wconf 83' lang='lat' dir='ltr'>altera</span> <span class='ocrx_word' id='word_1_1359' title='bbox 1500 1808 1661 1846; x_wconf 82' lang='lat' dir='ltr'>Menalipea</span> <span class='ocrx_word' id='word_1_1360' title='bbox 1681 1809 1789 1838; x_wconf 86' lang='lat' dir='ltr'>dicatur</span> <span class='ocrx_word' id='word_1_1361' title='bbox 1806 1809 1963 1847; x_wconf 88' lang='lat' dir='ltr'>Stephanus</span> <span class='ocrx_word' id='word_1_1362' title='bbox 1976 1819 2011 1839; x_wconf 85' lang='lat' dir='ltr'>ex</span> <span class='ocrx_word' id='word_1_1363' title='bbox 2031 1809 2185 1840; x_wconf 89' lang='lat' dir='ltr'>Phavorino</span> <span class='ocrx_word' id='word_1_1364' title='bbox 2200 1819 2345 1842; x_wconf 88' lang='lat' dir='ltr'>memorat.</span> <span class='ocrx_word' id='word_1_1365' title='bbox 2368 1812 2515 1852; x_wconf 75' lang='lat' dir='ltr'>Dionysius</span> 
     </span>
     <span class='ocr_line' id='line_1_147' title="bbox 1394 1846 2359 1888; baseline 0.005 -14"><span class='ocrx_word' id='word_1_1366' title='bbox 1394 1846 1478 1875; x_wconf 78' lang='lat' dir='ltr'>trium</span> <span class='ocrx_word' id='word_1_1367' title='bbox 1489 1847 1637 1882; x_wconf 89' lang='lat' dir='ltr'>meminit,</span> <span class='ocrx_word' id='word_1_1368' title='bbox 1659 1847 1764 1876; x_wconf 83' lang='lat' dir='ltr'>&amp;item</span> <span class='ocrx_word' id='word_1_1369' title='bbox 1775 1847 1873 1877; x_wconf 87' lang='lat' dir='ltr'>Strabo</span> <span class='ocrx_word' id='word_1_1370' title='bbox 1884 1847 1932 1877; x_wconf 92' lang='lat' dir='ltr'>lib.</span> <span class='ocrx_word' id='word_1_1371' title='bbox 1949 1857 1990 1883; x_wconf 91' lang='lat'>14.</span> <span class='ocrx_word' id='word_1_1372' title='bbox 2012 1847 2162 1879; x_wconf 82' lang='lat' dir='ltr'>Priscianus</span> <span class='ocrx_word' id='word_1_1373' title='bbox 2172 1849 2201 1878; x_wconf 90' lang='lat' dir='ltr'>in</span> <span class='ocrx_word' id='word_1_1374' title='bbox 2210 1850 2359 1888; x_wconf 86' lang='lat' dir='ltr'>Periegesi,</span> 
     </span>
     <span class='ocr_line' id='line_1_148' title="bbox 1473 1883 2148 1924; baseline 0.001 -11"><span class='ocrx_word' id='word_1_1375' title='bbox 1473 1883 1598 1914; x_wconf 85' lang='lat' dir='ltr'>Partibus</span> <span class='ocrx_word' id='word_1_1376' title='bbox 1608 1886 1739 1914; x_wconf 86' lang='lat' dir='ltr'>extremis</span> <span class='ocrx_word' id='word_1_1377' title='bbox 1752 1885 1904 1924; x_wconf 83' lang='lat' dir='ltr'>Pamphilia</span> <span class='ocrx_word' id='word_1_1378' title='bbox 1914 1884 2052 1915; x_wconf 84' lang='lat' dir='ltr'>clauditur</span> <span class='ocrx_word' id='word_1_1379' title='bbox 2063 1886 2128 1915; x_wconf 88' lang='lat' dir='ltr'>Istro</span> <span class='ocrx_word' id='word_1_1380' title='bbox 2139 1908 2148 1922; x_wconf 85' lang='lat'>‚</span> 
     </span>
     <span class='ocr_line' id='line_1_149' title="bbox 1474 1922 2180 1962; baseline 0.004 -11"><span class='ocrx_word' id='word_1_1381' title='bbox 1474 1922 1562 1959; x_wconf 82' lang='lat' dir='ltr'>Atque</span> <span class='ocrx_word' id='word_1_1382' title='bbox 1581 1922 1753 1952; x_wconf 69' lang='lat' dir='ltr'>Chelidoniae</span> <span class='ocrx_word' id='word_1_1383' title='bbox 1772 1933 1856 1962; x_wconf 86' lang='lat' dir='ltr'>rupes</span> <span class='ocrx_word' id='word_1_1384' title='bbox 1876 1923 2044 1954; x_wconf 86' lang='lat' dir='ltr'>clauduntur</span> <span class='ocrx_word' id='word_1_1385' title='bbox 2068 1925 2180 1954; x_wconf 88' lang='lat' dir='ltr'>eodem.</span> 
     </span>
     <span class='ocr_line' id='line_1_150' title="bbox 1395 1955 1777 1992; baseline 0.013 -7"><span class='ocrx_word' id='word_1_1386' title='bbox 1395 1955 1482 1992; x_wconf 56' lang='grc' dir='ltr'>πέτξεκ</span> <span class='ocrx_word' id='word_1_1387' title='bbox 1494 1961 1519 1989; x_wconf 60' lang='grc' dir='ltr'>ἃ</span> <span class='ocrx_word' id='word_1_1388' title='bbox 1535 1959 1652 1988; x_wconf 46' lang='lat' dir='ltr'>monh-35</span> <span class='ocrx_word' id='word_1_1389' title='bbox 1666 1967 1777 1991; x_wconf 62' lang='lat' dir='ltr'>vocant.</span> 
     </span>
    </p>
   </div>
   <div class='ocr_carea' id='block_1_28' title="bbox 1357 1995 2570 2036">
    <p class='ocr_par' dir='ltr' id='par_1_64' title="bbox 1357 1995 2570 2036">
     <span class='ocr_line' id='line_1_151' title="bbox 1357 1995 2570 2036; baseline 0.006 -10"><span class='ocrx_word' id='word_1_1390' title='bbox 1357 1995 1408 2026; x_wconf 80' lang='lat' dir='ltr'>CH</span> <span class='ocrx_word' id='word_1_1391' title='bbox 1419 2007 1433 2025; x_wconf 77' lang='lat' dir='ltr'>r.</span> <span class='ocrx_word' id='word_1_1392' title='bbox 1444 2008 1459 2025; x_wconf 66' lang='grc'>1.</span> <span class='ocrx_word' id='word_1_1393' title='bbox 1468 2009 1477 2026; x_wconf 87' lang='grc'>1</span> <span class='ocrx_word' id='word_1_1394' title='bbox 1488 2008 1506 2026; x_wconf 83' lang='lat' dir='ltr'>r&gt;</span> <span class='ocrx_word' id='word_1_1395' title='bbox 1515 2008 1531 2027; x_wconf 89' lang='lat' dir='ltr'>o</span> <span class='ocrx_word' id='word_1_1396' title='bbox 1543 2008 1562 2027; x_wconf 84' lang='lat' dir='ltr'>N</span> <span class='ocrx_word' id='word_1_1397' title='bbox 1572 2009 1580 2026; x_wconf 94' lang='lat' dir='ltr'>i</span> <span class='ocrx_word' id='word_1_1398' title='bbox 1590 2009 1630 2028; x_wconf 70' lang='lat' dir='ltr'>iis</span> <span class='ocrx_word' id='word_1_1399' title='bbox 1642 2020 1650 2033; x_wconf 87' lang='lat'><strong>‚</strong></span> <span class='ocrx_word' id='word_1_1400' title='bbox 1673 2008 1703 2028; x_wconf 82' lang='lat' dir='ltr'>ae.</span> <span class='ocrx_word' id='word_1_1401' title='bbox 1725 2008 1762 2028; x_wconf 91' lang='lat' dir='ltr'>m.</span> <span class='ocrx_word' id='word_1_1402' title='bbox 1784 2005 1900 2029; x_wconf 90' lang='lat' dir='ltr'>vocatur</span> <span class='ocrx_word' id='word_1_1403' title='bbox 1911 1999 2049 2029; x_wconf 89' lang='lat' dir='ltr'>Favonius</span> <span class='ocrx_word' id='word_1_1404' title='bbox 2060 2005 2174 2036; x_wconf 88' lang='lat' dir='ltr'>ventus,</span> <span class='ocrx_word' id='word_1_1405' title='bbox 2196 2010 2211 2030; x_wconf 90' lang='lat' dir='ltr'>a</span> <span class='ocrx_word' id='word_1_1406' title='bbox 2231 2001 2277 2030; x_wconf 90' lang='lat' dir='ltr'>die</span> <span class='ocrx_word' id='word_1_1407' title='bbox 2294 2000 2371 2031; x_wconf 88' lang='lat' dir='ltr'>sexto</span> <span class='ocrx_word' id='word_1_1408' title='bbox 2392 2008 2456 2032; x_wconf 87' lang='lat' dir='ltr'>ante</span> <span class='ocrx_word' id='word_1_1409' title='bbox 2468 2002 2516 2033; x_wconf 56' lang='lat' dir='ltr'>Fea</span> <span class='ocrx_word' id='word_1_1410' title='bbox 2568 2021 2570 2027; x_wconf 47' lang='grc' dir='ltr'>ν</span> 
     </span>
    </p>
   </div>
   <div class='ocr_carea' id='block_1_29' title="bbox 1352 2035 2514 2379">
    <p class='ocr_par' dir='ltr' id='par_1_65' title="bbox 1392 2035 2514 2115">
     <span class='ocr_line' id='line_1_152' title="bbox 1392 2035 2514 2076; baseline 0.006 -12"><span class='ocrx_word' id='word_1_1411' title='bbox 1392 2035 1513 2065; x_wconf 88' lang='lat' dir='ltr'>bruarias</span> <span class='ocrx_word' id='word_1_1412' title='bbox 1522 2036 1603 2071; x_wconf 87' lang='lat' dir='ltr'>Idus,</span> <span class='ocrx_word' id='word_1_1413' title='bbox 1624 2036 1708 2073; x_wconf 86' lang='lat' dir='ltr'>usque</span> <span class='ocrx_word' id='word_1_1414' title='bbox 1722 2037 1756 2066; x_wconf 87' lang='lat' dir='ltr'>ad</span> <span class='ocrx_word' id='word_1_1415' title='bbox 1766 2037 1914 2075; x_wconf 86' lang='lat' dir='ltr'>septimum</span> <span class='ocrx_word' id='word_1_1416' title='bbox 1927 2037 2041 2067; x_wconf 89' lang='lat' dir='ltr'>Calend.</span> <span class='ocrx_word' id='word_1_1417' title='bbox 2062 2037 2191 2068; x_wconf 86' lang='lat' dir='ltr'>Martias:</span> <span class='ocrx_word' id='word_1_1418' title='bbox 2213 2048 2247 2068; x_wconf 91' lang='lat' dir='ltr'>eo</span> <span class='ocrx_word' id='word_1_1419' title='bbox 2260 2040 2337 2076; x_wconf 88' lang='lat' dir='ltr'>quod</span> <span class='ocrx_word' id='word_1_1420' title='bbox 2354 2041 2396 2069; x_wconf 88' lang='lat' dir='ltr'>his</span> <span class='ocrx_word' id='word_1_1421' title='bbox 2416 2040 2514 2072; x_wconf 70' lang='lat' dir='ltr'>diebus</span> 
     </span>
     <span class='ocr_line' id='line_1_153' title="bbox 1392 2072 2418 2115; baseline 0.005 -13"><span class='ocrx_word' id='word_1_1422' title='bbox 1392 2072 1556 2103; x_wconf 89' lang='lat' dir='ltr'>hirundines</span> <span class='ocrx_word' id='word_1_1423' title='bbox 1567 2075 1688 2112; x_wconf 85' lang='lat' dir='ltr'>primuni</span> <span class='ocrx_word' id='word_1_1424' title='bbox 1697 2075 1821 2113; x_wconf 89' lang='lat' dir='ltr'>conspici</span> <span class='ocrx_word' id='word_1_1425' title='bbox 1834 2076 1980 2113; x_wconf 84' lang='lat' dir='ltr'>incipiant.</span> <span class='ocrx_word' id='word_1_1426' title='bbox 2004 2076 2106 2105; x_wconf 61' lang='lat' dir='ltr'>Auctor</span> <span class='ocrx_word' id='word_1_1427' title='bbox 2118 2076 2185 2105; x_wconf 87' lang='lat' dir='ltr'>Plin.</span> <span class='ocrx_word' id='word_1_1428' title='bbox 2200 2075 2247 2106; x_wconf 93' lang='lat' dir='ltr'>lib.</span> <span class='ocrx_word' id='word_1_1429' title='bbox 2262 2086 2288 2107; x_wconf 83' lang='lat'>2.</span> <span class='ocrx_word' id='word_1_1430' title='bbox 2302 2087 2362 2115; x_wconf 88' lang='lat' dir='ltr'>cap.</span> <span class='ocrx_word' id='word_1_1431' title='bbox 2373 2086 2418 2115; x_wconf 88' lang='lat'>47.</span> 
     </span>
    </p>

    <p class='ocr_par' dir='ltr' id='par_1_66' title="bbox 1354 2106 2510 2178">
     <span class='ocr_line' id='line_1_154' title="bbox 1354 2106 2510 2178; baseline 0.006 -38"><span class='ocrx_word' id='word_1_1432' title='bbox 1354 2106 1409 2177; x_wconf 59' lang='lat' dir='ltr'>[Ji-[1³</span> <span class='ocrx_word' id='word_1_1433' title='bbox 1413 2121 1430 2177; x_wconf 87' lang='lat' dir='ltr'>lr</span> <span class='ocrx_word' id='word_1_1434' title='bbox 1441 2122 1456 2139; x_wconf 78' lang='lat'>1.</span> <span class='ocrx_word' id='word_1_1435' title='bbox 1467 2122 1561 2178; x_wconf 62' lang='grc' dir='ltr'><strong>11οὺοΝ</strong></span> <span class='ocrx_word' id='word_1_1436' title='bbox 1574 2123 1615 2147; x_wconf 86' lang='lat' dir='ltr'>ir,</span> <span class='ocrx_word' id='word_1_1437' title='bbox 1636 2112 1736 2150; x_wconf 87' lang='lat' dir='ltr'>Lapilli</span> <span class='ocrx_word' id='word_1_1438' title='bbox 1757 2114 1804 2151; x_wconf 91' lang='lat' dir='ltr'>qui</span> <span class='ocrx_word' id='word_1_1439' title='bbox 1826 2114 1856 2142; x_wconf 90' lang='lat' dir='ltr'>in</span> <span class='ocrx_word' id='word_1_1440' title='bbox 1878 2120 1974 2143; x_wconf 92' lang='lat' dir='ltr'>ventre</span> <span class='ocrx_word' id='word_1_1441' title='bbox 1995 2113 2140 2152; x_wconf 88' lang='lat' dir='ltr'>pullorum</span> <span class='ocrx_word' id='word_1_1442' title='bbox 2152 2114 2310 2145; x_wconf 89' lang='lat' dir='ltr'>hirundinis</span> <span class='ocrx_word' id='word_1_1443' title='bbox 2327 2117 2510 2153; x_wconf 85' lang='lat' dir='ltr'>reperiuntur.</span> 
     </span>
    </p>

    <p class='ocr_par' dir='ltr' id='par_1_67' title="bbox 1424 2159 1718 2181">
     <span class='ocr_line' id='line_1_155' title="bbox 1424 2159 1718 2181; baseline 0.014 -4"><span class='ocrx_word' id='word_1_1444' title='bbox 1424 2159 1461 2178; x_wconf 91' lang='lat' dir='ltr'>iri.</span> <span class='ocrx_word' id='word_1_1445' title='bbox 1491 2161 1496 2178; x_wconf 90' lang='lat' dir='ltr'>i</span> <span class='ocrx_word' id='word_1_1446' title='bbox 1521 2160 1631 2179; x_wconf 86' lang='lat' dir='ltr'>.11.ca</span> <span class='ocrx_word' id='word_1_1447' title='bbox 1655 2174 1661 2180; x_wconf 93' lang='lat'>.</span> <span class='ocrx_word' id='word_1_1448' title='bbox 1706 2173 1718 2181; x_wconf 69' lang='lat'><em>„</em></span> 
     </span>
    </p>

    <p class='ocr_par' dir='ltr' id='par_1_68' title="bbox 1354 2161 2512 2302">
     <span class='ocr_line' id='line_1_156' title="bbox 1354 2161 2512 2229; baseline 0.005 -14"><span class='ocrx_word' id='word_1_1449' title='bbox 1354 2186 1377 2216; x_wconf 89' lang='lat' dir='ltr'>C</span> <span class='ocrx_word' id='word_1_1450' title='bbox 1388 2196 1407 2215; x_wconf 81' lang='lat' dir='ltr'>n</span> <span class='ocrx_word' id='word_1_1451' title='bbox 1417 2197 1431 2215; x_wconf 76' lang='lat' dir='ltr'>ii</span> <span class='ocrx_word' id='word_1_1452' title='bbox 1440 2198 1455 2215; x_wconf 85' lang='lat' dir='ltr'>L</span> <span class='ocrx_word' id='word_1_1453' title='bbox 1464 2191 1502 2216; x_wconf 72' lang='grc'>11)</span> <span class='ocrx_word' id='word_1_1454' title='bbox 1513 2190 1530 2217; x_wconf 78' lang='lat' dir='ltr'>o</span> <span class='ocrx_word' id='word_1_1455' title='bbox 1540 2198 1560 2217; x_wconf 89' lang='lat' dir='ltr'>N</span> <span class='ocrx_word' id='word_1_1456' title='bbox 1570 2199 1579 2217; x_wconf 88' lang='lat'>1</span> <span class='ocrx_word' id='word_1_1457' title='bbox 1590 2199 1607 2216; x_wconf 89' lang='lat' dir='ltr'>u</span> <span class='ocrx_word' id='word_1_1458' title='bbox 1618 2161 1657 2219; x_wconf 61' lang='lat' dir='ltr'>rip,</span> <span class='ocrx_word' id='word_1_1459' title='bbox 1676 2161 1849 2225; x_wconf 50' lang='grc' dir='ltr'>[Ἱκελιδῖνων]</span> <span class='ocrx_word' id='word_1_1460' title='bbox 1869 2188 1907 2218; x_wconf 82' lang='lat' dir='ltr'>est</span> <span class='ocrx_word' id='word_1_1461' title='bbox 1917 2189 2003 2219; x_wconf 88' lang='lat' dir='ltr'>Tauri</span> <span class='ocrx_word' id='word_1_1462' title='bbox 2014 2189 2118 2219; x_wconf 88' lang='lat' dir='ltr'>montis</span> <span class='ocrx_word' id='word_1_1463' title='bbox 2133 2191 2356 2228; x_wconf 87' lang='lat' dir='ltr'>promontorium</span> <span class='ocrx_word' id='word_1_1464' title='bbox 2368 2213 2376 2226; x_wconf 95' lang='lat'>,</span> <span class='ocrx_word' id='word_1_1465' title='bbox 2401 2192 2475 2229; x_wconf 89' lang='lat' dir='ltr'>quod</span> <span class='ocrx_word' id='word_1_1466' title='bbox 2485 2192 2512 2222; x_wconf 72' lang='grc' dir='ltr'>ἃ</span> 
     </span>
     <span class='ocr_line' id='line_1_157' title="bbox 1390 2225 2512 2268; baseline 0.005 -14"><span class='ocrx_word' id='word_1_1467' title='bbox 1390 2225 1503 2268; x_wconf 70' lang='lat' dir='ltr'>Sacrum</span> <span class='ocrx_word' id='word_1_1468' title='bbox 1515 2232 1636 2257; x_wconf 81' lang='lat' dir='ltr'>vocatur.</span> <span class='ocrx_word' id='word_1_1469' title='bbox 1659 2226 1728 2256; x_wconf 90' lang='lat' dir='ltr'>Plin.</span> <span class='ocrx_word' id='word_1_1470' title='bbox 1739 2227 1786 2256; x_wconf 90' lang='lat' dir='ltr'>lib.</span> <span class='ocrx_word' id='word_1_1471' title='bbox 1801 2237 1824 2263; x_wconf 83' lang='grc' dir='ltr'>ς.</span> <span class='ocrx_word' id='word_1_1472' title='bbox 1839 2236 1900 2265; x_wconf 87' lang='lat' dir='ltr'>cap.</span> <span class='ocrx_word' id='word_1_1473' title='bbox 1912 2237 1957 2264; x_wconf 87' lang='lat'>²7-</span> <span class='ocrx_word' id='word_1_1474' title='bbox 1980 2227 2088 2257; x_wconf 85' lang='lat' dir='ltr'>Taurus</span> <span class='ocrx_word' id='word_1_1475' title='bbox 2101 2238 2183 2258; x_wconf 87' lang='lat' dir='ltr'>mons</span> <span class='ocrx_word' id='word_1_1476' title='bbox 2193 2228 2227 2258; x_wconf 89' lang='lat' dir='ltr'>ab</span> <span class='ocrx_word' id='word_1_1477' title='bbox 2243 2228 2307 2258; x_wconf 88' lang='lat' dir='ltr'>Eois</span> <span class='ocrx_word' id='word_1_1478' title='bbox 2316 2230 2431 2259; x_wconf 86' lang='lat' dir='ltr'>veniens</span> <span class='ocrx_word' id='word_1_1479' title='bbox 2451 2230 2512 2260; x_wconf 60' lang='lat' dir='ltr'>litos</span> 
     </span>
     <span class='ocr_line' id='line_1_158' title="bbox 1392 2262 2110 2302; baseline 0.006 -11"><span class='ocrx_word' id='word_1_1480' title='bbox 1392 2262 1483 2295; x_wconf 65' lang='lat' dir='ltr'>ribus,</span> <span class='ocrx_word' id='word_1_1481' title='bbox 1507 2264 1677 2294; x_wconf 85' lang='lat' dir='ltr'>Chelidonio</span> <span class='ocrx_word' id='word_1_1482' title='bbox 1692 2265 1885 2302; x_wconf 88' lang='lat' dir='ltr'>promontorio</span> <span class='ocrx_word' id='word_1_1483' title='bbox 1894 2265 2110 2295; x_wconf 82' lang='lat' dir='ltr'>disterminatur.</span> 
     </span>
    </p>

    <p class='ocr_par' dir='ltr' id='par_1_69' title="bbox 1352 2300 2510 2379">
     <span class='ocr_line' id='line_1_159' title="bbox 1352 2300 2510 2342; baseline 0.005 -13"><span class='ocrx_word' id='word_1_1484' title='bbox 1352 2300 1376 2330; x_wconf 90' lang='lat' dir='ltr'>C</span> <span class='ocrx_word' id='word_1_1485' title='bbox 1385 2310 1405 2329; x_wconf 82' lang='lat' dir='ltr'><strong>H</strong></span> <span class='ocrx_word' id='word_1_1486' title='bbox 1416 2302 1430 2329; x_wconf 70' lang='grc' dir='ltr'>ἓ</span> <span class='ocrx_word' id='word_1_1487' title='bbox 1441 2312 1456 2329; x_wconf 78' lang='lat' dir='ltr'>L</span> <span class='ocrx_word' id='word_1_1488' title='bbox 1465 2305 1481 2330; x_wconf 78' lang='grc' dir='ltr'>ὅ</span> <span class='ocrx_word' id='word_1_1489' title='bbox 1492 2311 1510 2330; x_wconf 90' lang='grc' dir='ltr'><strong>Ν</strong></span> <span class='ocrx_word' id='word_1_1490' title='bbox 1520 2312 1538 2330; x_wconf 84' lang='lat' dir='ltr'>A</span> <span class='ocrx_word' id='word_1_1491' title='bbox 1547 2311 1566 2330; x_wconf 87' lang='lat' dir='ltr'>T</span> <span class='ocrx_word' id='word_1_1492' title='bbox 1574 2312 1588 2330; x_wconf 72' lang='lat' dir='ltr'>iz</span> <span class='ocrx_word' id='word_1_1493' title='bbox 1598 2311 1610 2331; x_wconf 88' lang='lat' dir='ltr'>s</span> <span class='ocrx_word' id='word_1_1494' title='bbox 1620 2324 1627 2336; x_wconf 85' lang='lat'>,</span> <span class='ocrx_word' id='word_1_1495' title='bbox 1651 2302 1834 2338; x_wconf 68' lang='grc' dir='ltr'>[Χελωνάπες]</span> <span class='ocrx_word' id='word_1_1496' title='bbox 1854 2303 2078 2333; x_wconf 87' lang='lat' dir='ltr'>Promontorium</span> <span class='ocrx_word' id='word_1_1497' title='bbox 2087 2303 2125 2334; x_wconf 87' lang='lat' dir='ltr'>est</span> <span class='ocrx_word' id='word_1_1498' title='bbox 2131 2304 2237 2334; x_wconf 80' lang='lat' dir='ltr'>Achaiae</span> <span class='ocrx_word' id='word_1_1499' title='bbox 2246 2326 2254 2340; x_wconf 93' lang='lat'>,</span> <span class='ocrx_word' id='word_1_1500' title='bbox 2275 2305 2350 2342; x_wconf 83' lang='lat' dir='ltr'>quod</span> <span class='ocrx_word' id='word_1_1501' title='bbox 2363 2304 2510 2335; x_wconf 73' lang='lat' dir='ltr'>Ptolemaeo</span> 
     </span>
     <span class='ocr_line' id='line_1_160' title="bbox 1392 2338 1981 2379; baseline 0.007 -12"><span class='ocrx_word' id='word_1_1502' title='bbox 1392 2338 1554 2369; x_wconf 87' lang='lat' dir='ltr'>Chelonites</span> <span class='ocrx_word' id='word_1_1503' title='bbox 1566 2340 1674 2369; x_wconf 86' lang='lat' dir='ltr'>dicitur.</span> <span class='ocrx_word' id='word_1_1504' title='bbox 1696 2340 1765 2369; x_wconf 74' lang='lat' dir='ltr'>Plin.</span> <span class='ocrx_word' id='word_1_1505' title='bbox 1777 2340 1825 2370; x_wconf 91' lang='lat' dir='ltr'>lib.</span> <span class='ocrx_word' id='word_1_1506' title='bbox 1838 2352 1865 2376; x_wconf 83' lang='lat'>4.</span> <span class='ocrx_word' id='word_1_1507' title='bbox 1881 2351 1942 2379; x_wconf 87' lang='lat' dir='ltr'>cap.</span> <span class='ocrx_word' id='word_1_1508' title='bbox 1957 2352 1981 2376; x_wconf 82' lang='grc' dir='ltr'>ς.</span> 
     </span>
    </p>
   </div>
   <div class='ocr_carea' id='block_1_30' title="bbox 2299 1925 2578 1966">
    <p class='ocr_par' dir='ltr' id='par_1_70' title="bbox 2299 1925 2578 1966">
     <span class='ocr_line' id='line_1_161' title="bbox 2299 1925 2578 1966; baseline 0.011 -10"><span class='ocrx_word' id='word_1_1509' title='bbox 2299 1925 2387 1956; x_wconf 83' lang='lat' dir='ltr'>Graeci</span> <span class='ocrx_word' id='word_1_1510' title='bbox 2407 1934 2516 1966; x_wconf 82' lang='lat' dir='ltr'>quoque</span> <span class='ocrx_word' id='word_1_1511' title='bbox 2575 1931 2578 1938; x_wconf 75' lang='grc'><strong>’</strong></span> 
     </span>
    </p>
   </div>
   <div class='ocr_carea' id='block_1_31' title="bbox 1353 2376 2603 2418">
    <p class='ocr_par' dir='ltr' id='par_1_71' title="bbox 1353 2376 2603 2418">
     <span class='ocr_line' id='line_1_162' title="bbox 1353 2376 2603 2418; baseline 0.003 -12"><span class='ocrx_word' id='word_1_1512' title='bbox 1353 2376 1375 2406; x_wconf 84' lang='lat' dir='ltr'>C</span> <span class='ocrx_word' id='word_1_1513' title='bbox 1386 2378 1477 2406; x_wconf 68' lang='lat' dir='ltr'>HEt&amp;</span> <span class='ocrx_word' id='word_1_1514' title='bbox 1488 2387 1506 2405; x_wconf 91' lang='grc' dir='ltr'><strong>Ν</strong></span> <span class='ocrx_word' id='word_1_1515' title='bbox 1518 2387 1555 2406; x_wconf 83' lang='lat' dir='ltr'>1A</span> <span class='ocrx_word' id='word_1_1516' title='bbox 1571 2400 1579 2412; x_wconf 93' lang='lat'>,</span> <span class='ocrx_word' id='word_1_1517' title='bbox 1601 2387 1632 2407; x_wconf 82' lang='lat' dir='ltr'>ae.</span> <span class='ocrx_word' id='word_1_1518' title='bbox 1655 2379 1674 2407; x_wconf 84' lang='lat' dir='ltr'>f.</span> <span class='ocrx_word' id='word_1_1519' title='bbox 1697 2377 1842 2414; x_wconf 63' lang='grc' dir='ltr'>[χελωνῐκ]</span> <span class='ocrx_word' id='word_1_1520' title='bbox 1860 2378 1985 2408; x_wconf 86' lang='lat' dir='ltr'>Gemina.</span> <span class='ocrx_word' id='word_1_1521' title='bbox 2025 2378 2095 2408; x_wconf 86' lang='lat' dir='ltr'>Plin.</span> <span class='ocrx_word' id='word_1_1522' title='bbox 2110 2378 2157 2409; x_wconf 89' lang='lat' dir='ltr'>lib.</span> <span class='ocrx_word' id='word_1_1523' title='bbox 2169 2388 2212 2415; x_wconf 78' lang='grc'>17.</span> <span class='ocrx_word' id='word_1_1524' title='bbox 2224 2389 2284 2418; x_wconf 86' lang='lat' dir='ltr'>cap.</span> <span class='ocrx_word' id='word_1_1525' title='bbox 2299 2389 2341 2410; x_wconf 94' lang='lat'>10.</span> <span class='ocrx_word' id='word_1_1526' title='bbox 2364 2380 2509 2418; x_wconf 63' lang='lat' dir='ltr'>Chelonia,</span> <span class='ocrx_word' id='word_1_1527' title='bbox 2562 2384 2568 2415; x_wconf 60' lang='grc' dir='ltr'>,ζ</span> <span class='ocrx_word' id='word_1_1528' title='bbox 2600 2376 2603 2382; x_wconf 67' lang='grc'>’</span> 
     </span>
    </p>
   </div>
   <div class='ocr_carea' id='block_1_32' title="bbox 1389 2415 2567 2457">
    <p class='ocr_par' dir='ltr' id='par_1_72' title="bbox 1389 2415 2567 2457">
     <span class='ocr_line' id='line_1_163' title="bbox 1389 2415 2567 2457; baseline 0.005 -14"><span class='ocrx_word' id='word_1_1529' title='bbox 1389 2415 1497 2452; x_wconf 78' lang='lat' dir='ltr'>inquit,</span> <span class='ocrx_word' id='word_1_1530' title='bbox 1518 2415 1615 2445; x_wconf 78' lang='lat' dir='ltr'>ocultis</span> <span class='ocrx_word' id='word_1_1531' title='bbox 1628 2416 1666 2445; x_wconf 84' lang='lat' dir='ltr'>est</span> <span class='ocrx_word' id='word_1_1532' title='bbox 1676 2416 1778 2445; x_wconf 79' lang='lat' dir='ltr'>lndicae</span> <span class='ocrx_word' id='word_1_1533' title='bbox 1787 2417 1932 2446; x_wconf 84' lang='lat' dir='ltr'>testudinis</span> <span class='ocrx_word' id='word_1_1534' title='bbox 1943 2439 1951 2452; x_wconf 88' lang='lat'>,</span> <span class='ocrx_word' id='word_1_1535' title='bbox 1973 2416 2017 2446; x_wconf 90' lang='lat' dir='ltr'>vel</span> <span class='ocrx_word' id='word_1_1536' title='bbox 2027 2417 2256 2455; x_wconf 75' lang='lat' dir='ltr'>portentosissima</span> <span class='ocrx_word' id='word_1_1537' title='bbox 2270 2418 2418 2454; x_wconf 71' lang='lat' dir='ltr'>Magorum</span> <span class='ocrx_word' id='word_1_1538' title='bbox 2435 2429 2508 2456; x_wconf 47' lang='lat' dir='ltr'>mem,</span> <span class='ocrx_word' id='word_1_1539' title='bbox 2560 2419 2567 2457; x_wconf 52' lang='grc' dir='ltr'>ᾖ</span> 
     </span>
    </p>
   </div>
   <div class='ocr_carea' id='block_1_33' title="bbox 1388 2453 2509 2529">
    <p class='ocr_par' dir='ltr' id='par_1_73' title="bbox 1388 2453 2509 2529">
     <span class='ocr_line' id='line_1_164' title="bbox 1392 2453 2508 2493; baseline 0.004 -12"><span class='ocrx_word' id='word_1_1540' title='bbox 1392 2453 1487 2481; x_wconf 88' lang='lat' dir='ltr'>daciis.</span> <span class='ocrx_word' id='word_1_1541' title='bbox 1528 2453 1615 2483; x_wconf 90' lang='lat' dir='ltr'>Melle</span> <span class='ocrx_word' id='word_1_1542' title='bbox 1626 2454 1701 2483; x_wconf 82' lang='lat' dir='ltr'>enirn</span> <span class='ocrx_word' id='word_1_1543' title='bbox 1713 2454 1820 2483; x_wconf 89' lang='lat' dir='ltr'>colluto</span> <span class='ocrx_word' id='word_1_1544' title='bbox 1832 2464 1880 2483; x_wconf 88' lang='lat' dir='ltr'>ore</span> <span class='ocrx_word' id='word_1_1545' title='bbox 1890 2455 2045 2492; x_wconf 88' lang='lat' dir='ltr'>impositam</span> <span class='ocrx_word' id='word_1_1546' title='bbox 2060 2455 2161 2493; x_wconf 80' lang='lat' dir='ltr'>linguae</span> <span class='ocrx_word' id='word_1_1547' title='bbox 2170 2478 2177 2489; x_wconf 83' lang='lat'>,</span> <span class='ocrx_word' id='word_1_1548' title='bbox 2197 2453 2353 2485; x_wconf 80' lang='lat' dir='ltr'>futurorum</span> <span class='ocrx_word' id='word_1_1549' title='bbox 2364 2457 2508 2486; x_wconf 67' lang='lat' dir='ltr'>divinatio:-</span> 
     </span>
     <span class='ocr_line' id='line_1_165' title="bbox 1388 2491 2509 2529; baseline 0.005 -11"><span class='ocrx_word' id='word_1_1550' title='bbox 1388 2499 1454 2519; x_wconf 80' lang='grc'><strong>110111</strong></span> <span class='ocrx_word' id='word_1_1551' title='bbox 1468 2491 1590 2528; x_wconf 71' lang='lat' dir='ltr'>praestare</span> <span class='ocrx_word' id='word_1_1552' title='bbox 1606 2493 1790 2529; x_wconf 84' lang='lat' dir='ltr'>promittunt:</span> <span class='ocrx_word' id='word_1_1553' title='bbox 1813 2493 1909 2529; x_wconf 73' lang='lat' dir='ltr'>quinta</span> <span class='ocrx_word' id='word_1_1554' title='bbox 1918 2493 2026 2522; x_wconf 83' lang='lat' dir='ltr'>decima</span> <span class='ocrx_word' id='word_1_1555' title='bbox 2038 2492 2149 2523; x_wconf 74' lang='lat' dir='ltr'>Luna&amp;</span> <span class='ocrx_word' id='word_1_1556' title='bbox 2162 2493 2255 2523; x_wconf 85' lang='lat' dir='ltr'>silente</span> <span class='ocrx_word' id='word_1_1557' title='bbox 2265 2515 2273 2528; x_wconf 82' lang='lat'>,</span> <span class='ocrx_word' id='word_1_1558' title='bbox 2295 2501 2354 2522; x_wconf 82' lang='lat' dir='ltr'>tota</span> <span class='ocrx_word' id='word_1_1559' title='bbox 2377 2494 2441 2524; x_wconf 90' lang='lat' dir='ltr'>die:</span> <span class='ocrx_word' id='word_1_1560' title='bbox 2463 2495 2509 2524; x_wconf 90' lang='lat' dir='ltr'>de·-</span> 
     </span>
    </p>
   </div>
   <div class='ocr_carea' id='block_1_34' title="bbox 1350 2527 2569 2607">
    <p class='ocr_par' dir='ltr' id='par_1_74' title="bbox 1350 2527 2569 2607">
     <span class='ocr_line' id='line_1_166' title="bbox 1388 2527 2506 2568; baseline 0.004 -11"><span class='ocrx_word' id='word_1_1561' title='bbox 1388 2527 1528 2558; x_wconf 82' lang='lat' dir='ltr'>crescente</span> <span class='ocrx_word' id='word_1_1562' title='bbox 1539 2539 1604 2558; x_wconf 91' lang='lat' dir='ltr'>vero</span> <span class='ocrx_word' id='word_1_1563' title='bbox 1617 2535 1680 2559; x_wconf 87' lang='lat' dir='ltr'>ante</span> <span class='ocrx_word' id='word_1_1564' title='bbox 1692 2529 1762 2559; x_wconf 89' lang='lat' dir='ltr'>Solis</span> <span class='ocrx_word' id='word_1_1565' title='bbox 1774 2537 1866 2560; x_wconf 87' lang='lat' dir='ltr'>ortum</span> <span class='ocrx_word' id='word_1_1566' title='bbox 1877 2553 1885 2566; x_wconf 94' lang='lat'>,</span> <span class='ocrx_word' id='word_1_1567' title='bbox 1905 2532 2003 2560; x_wconf 87' lang='lat' dir='ltr'>ceteris</span> <span class='ocrx_word' id='word_1_1568' title='bbox 2013 2530 2112 2560; x_wconf 91' lang='lat' dir='ltr'>diebus</span> <span class='ocrx_word' id='word_1_1569' title='bbox 2121 2541 2135 2560; x_wconf 84' lang='lat' dir='ltr'>a</span> <span class='ocrx_word' id='word_1_1570' title='bbox 2147 2532 2235 2568; x_wconf 84' lang='lat' dir='ltr'>prima</span> <span class='ocrx_word' id='word_1_1571' title='bbox 2248 2532 2274 2560; x_wconf 91' lang='lat' dir='ltr'>in</span> <span class='ocrx_word' id='word_1_1572' title='bbox 2287 2531 2392 2561; x_wconf 80' lang='lat' dir='ltr'>sextam</span> <span class='ocrx_word' id='word_1_1573' title='bbox 2401 2532 2506 2563; x_wconf 62' lang='lat' dir='ltr'>horam».</span> 
     </span>
     <span class='ocr_line' id='line_1_167' title="bbox 1350 2564 2569 2607; baseline 0.003 -11"><span class='ocrx_word' id='word_1_1574' title='bbox 1350 2564 1402 2596; x_wconf 82' lang='lat' dir='ltr'>CH</span> <span class='ocrx_word' id='word_1_1575' title='bbox 1413 2567 1427 2594; x_wconf 67' lang='grc' dir='ltr'>ὲ</span> <span class='ocrx_word' id='word_1_1576' title='bbox 1436 2577 1452 2594; x_wconf 84' lang='lat' dir='ltr'>L</span> <span class='ocrx_word' id='word_1_1577' title='bbox 1462 2570 1479 2595; x_wconf 83' lang='grc' dir='ltr'><em>ὃ</em></span> <span class='ocrx_word' id='word_1_1578' title='bbox 1492 2576 1510 2595; x_wconf 84' lang='grc' dir='ltr'><strong>Ν</strong></span> <span class='ocrx_word' id='word_1_1579' title='bbox 1519 2578 1527 2595; x_wconf 90' lang='grc'>1</span> <span class='ocrx_word' id='word_1_1580' title='bbox 1536 2577 1555 2595; x_wconf 88' lang='lat' dir='ltr'>T</span> <span class='ocrx_word' id='word_1_1581' title='bbox 1565 2578 1573 2596; x_wconf 88' lang='lat'>1</span> <span class='ocrx_word' id='word_1_1582' title='bbox 1584 2577 1602 2596; x_wconf 82' lang='lat' dir='ltr'>o</span> <span class='ocrx_word' id='word_1_1583' title='bbox 1613 2577 1626 2596; x_wconf 77' lang='lat' dir='ltr'>s</span> <span class='ocrx_word' id='word_1_1584' title='bbox 1637 2576 1648 2596; x_wconf 81' lang='lat' dir='ltr'>s</span> <span class='ocrx_word' id='word_1_1585' title='bbox 1660 2589 1668 2602; x_wconf 80' lang='grc'><em>,</em></span> <span class='ocrx_word' id='word_1_1586' title='bbox 1693 2564 1884 2604; x_wconf 47' lang='lat' dir='ltr'>[keminada]</span> <span class='ocrx_word' id='word_1_1587' title='bbox 1906 2569 2030 2597; x_wconf 80' lang='lat' dir='ltr'>Gemmae</span> <span class='ocrx_word' id='word_1_1588' title='bbox 2046 2569 2216 2598; x_wconf 80' lang='lat' dir='ltr'>testudinum</span> <span class='ocrx_word' id='word_1_1589' title='bbox 2229 2569 2346 2599; x_wconf 86' lang='lat' dir='ltr'>similes:</span> <span class='ocrx_word' id='word_1_1590' title='bbox 2367 2579 2401 2599; x_wconf 88' lang='lat' dir='ltr'>ex</span> <span class='ocrx_word' id='word_1_1591' title='bbox 2410 2566 2529 2607; x_wconf 56' lang='lat' dir='ltr'>quibus(</span> <span class='ocrx_word' id='word_1_1592' title='bbox 2562 2564 2569 2589; x_wconf 43' lang='grc' dir='ltr'>’Ἴ</span> 
     </span>
    </p>
   </div>
   <div class='ocr_carea' id='block_1_35' title="bbox 1387 2604 2604 2647">
    <p class='ocr_par' dir='ltr' id='par_1_75' title="bbox 1387 2604 2604 2647">
     <span class='ocr_line' id='line_1_168' title="bbox 1387 2604 2604 2647; baseline 0.003 -13"><span class='ocrx_word' id='word_1_1593' title='bbox 1387 2604 1423 2634; x_wconf 86' lang='lat' dir='ltr'>ad</span> <span class='ocrx_word' id='word_1_1594' title='bbox 1435 2605 1610 2642; x_wconf 78' lang='lat' dir='ltr'>tempestates</span> <span class='ocrx_word' id='word_1_1595' title='bbox 1622 2605 1756 2634; x_wconf 83' lang='lat' dir='ltr'>sedandas</span> <span class='ocrx_word' id='word_1_1596' title='bbox 1768 2604 1855 2634; x_wconf 87' lang='lat' dir='ltr'>multa</span> <span class='ocrx_word' id='word_1_1597' title='bbox 1865 2606 2056 2636; x_wconf 83' lang='lat' dir='ltr'>vaticinantur.</span> <span class='ocrx_word' id='word_1_1598' title='bbox 2095 2607 2162 2636; x_wconf 77' lang='lat' dir='ltr'>Plin.</span> <span class='ocrx_word' id='word_1_1599' title='bbox 2175 2606 2223 2637; x_wconf 88' lang='lat' dir='ltr'>lib.</span> <span class='ocrx_word' id='word_1_1600' title='bbox 2238 2612 2280 2644; x_wconf 82' lang='lat'>37.</span> <span class='ocrx_word' id='word_1_1601' title='bbox 2293 2616 2353 2645; x_wconf 88' lang='lat' dir='ltr'>cap.</span> <span class='ocrx_word' id='word_1_1602' title='bbox 2370 2618 2411 2637; x_wconf 85' lang='lat'>10.</span> <span class='ocrx_word' id='word_1_1603' title='bbox 2436 2607 2506 2638; x_wconf 85' lang='lat' dir='ltr'>Galli</span> <span class='ocrx_word' id='word_1_1604' title='bbox 2557 2618 2574 2647; x_wconf 63' lang='lat'>‚⁹-</span> <span class='ocrx_word' id='word_1_1605' title='bbox 2603 2618 2604 2622; x_wconf 58' lang='lat'>¹</span> 
     </span>
    </p>
   </div>
   <div class='ocr_carea' id='block_1_36' title="bbox 1387 2645 1680 2678">
    <p class='ocr_par' dir='ltr' id='par_1_76' title="bbox 1387 2645 1680 2678">
     <span class='ocr_line' id='line_1_169' title="bbox 1387 2645 1680 2678; baseline -0.007 -7"><span class='ocrx_word' id='word_1_1606' title='bbox 1387 2646 1490 2671; x_wconf 68' lang='lat' dir='ltr'>‘vocant</span> <span class='ocrx_word' id='word_1_1607' title='bbox 1503 2645 1680 2678; x_wconf 64' lang='lat' dir='ltr'>Crapaudi&#39;nss.</span> 
     </span>
    </p>
   </div>
   <div class='ocr_carea' id='block_1_37' title="bbox 1344 2717 2505 3247">
    <p class='ocr_par' dir='ltr' id='par_1_77' title="bbox 1354 2717 1952 2754">
     <span class='ocr_line' id='line_1_170' title="bbox 1354 2717 1952 2754; baseline 0.003 -8"><span class='ocrx_word' id='word_1_1608' title='bbox 1354 2750 1357 2753; x_wconf 54' lang='lat'>.</span> <span class='ocrx_word' id='word_1_1609' title='bbox 1387 2718 1480 2754; x_wconf 88' lang='lat' dir='ltr'>capite</span> <span class='ocrx_word' id='word_1_1610' title='bbox 1495 2728 1565 2747; x_wconf 76' lang='lat' dir='ltr'>ranae</span> <span class='ocrx_word' id='word_1_1611' title='bbox 1577 2718 1678 2747; x_wconf 58' lang='lat' dir='ltr'>rubetas¹</span> <span class='ocrx_word' id='word_1_1612' title='bbox 1689 2718 1733 2747; x_wconf 89' lang='lat' dir='ltr'>seu</span> <span class='ocrx_word' id='word_1_1613' title='bbox 1744 2717 1856 2748; x_wconf 76' lang='lat' dir='ltr'>busonis</span> <span class='ocrx_word' id='word_1_1614' title='bbox 1871 2719 1952 2748; x_wconf 83' lang='lat' dir='ltr'>nasci.</span> 
     </span>
    </p>

    <p class='ocr_par' dir='ltr' id='par_1_78' title="bbox 1352 2754 2505 2907">
     <span class='ocr_line' id='line_1_171' title="bbox 1352 2754 2505 2795; baseline 0.004 -12"><span class='ocrx_word' id='word_1_1615' title='bbox 1352 2754 1375 2784; x_wconf 88' lang='lat' dir='ltr'>C</span> <span class='ocrx_word' id='word_1_1616' title='bbox 1383 2765 1402 2784; x_wconf 86' lang='grc'>11</span> <span class='ocrx_word' id='word_1_1617' title='bbox 1412 2758 1427 2784; x_wconf 66' lang='grc' dir='ltr'>ἔ,</span> <span class='ocrx_word' id='word_1_1618' title='bbox 1438 2766 1452 2783; x_wconf 72' lang='grc'>1.</span> <span class='ocrx_word' id='word_1_1619' title='bbox 1463 2759 1480 2784; x_wconf 78' lang='grc' dir='ltr'><strong>ὃ</strong></span> <span class='ocrx_word' id='word_1_1620' title='bbox 1491 2765 1508 2783; x_wconf 85' lang='grc' dir='ltr'><strong>Ν</strong></span> <span class='ocrx_word' id='word_1_1621' title='bbox 1520 2767 1527 2784; x_wconf 95' lang='grc' dir='ltr'>ι</span> <span class='ocrx_word' id='word_1_1622' title='bbox 1538 2766 1555 2784; x_wconf 89' lang='lat' dir='ltr'>u</span> <span class='ocrx_word' id='word_1_1623' title='bbox 1566 2767 1596 2789; x_wconf 77' lang='lat' dir='ltr'>M,</span> <span class='ocrx_word' id='word_1_1624' title='bbox 1618 2755 1765 2792; x_wconf 60' lang='grc' dir='ltr'>[χελώνην]</span> <span class='ocrx_word' id='word_1_1625' title='bbox 1788 2757 1996 2793; x_wconf 69' lang='lat' dir='ltr'>&#39;legumentum</span> <span class='ocrx_word' id='word_1_1626' title='bbox 2009 2756 2047 2786; x_wconf 90' lang='lat' dir='ltr'>est</span> <span class='ocrx_word' id='word_1_1627' title='bbox 2057 2757 2200 2787; x_wconf 88' lang='lat' dir='ltr'>testudinis</span> <span class='ocrx_word' id='word_1_1628' title='bbox 2210 2756 2346 2793; x_wconf 82' lang='lat' dir='ltr'>animalis,</span> <span class='ocrx_word' id='word_1_1629' title='bbox 2362 2766 2444 2795; x_wconf 89' lang='lat' dir='ltr'>quam</span> <span class='ocrx_word' id='word_1_1630' title='bbox 2455 2764 2505 2785; x_wconf 56' lang='lat' dir='ltr'>tor*</span> 
     </span>
     <span class='ocr_line' id='line_1_172' title="bbox 1386 2791 2504 2832; baseline 0.005 -13"><span class='ocrx_word' id='word_1_1631' title='bbox 1386 2801 1458 2819; x_wconf 79' lang='lat' dir='ltr'>tuam</span> <span class='ocrx_word' id='word_1_1632' title='bbox 1469 2793 1552 2829; x_wconf 64' lang='lat' dir='ltr'>vulgo</span> <span class='ocrx_word' id='word_1_1633' title='bbox 1562 2800 1672 2822; x_wconf 77' lang='lat' dir='ltr'>vocant.</span> <span class='ocrx_word' id='word_1_1634' title='bbox 1715 2794 1778 2829; x_wconf 80' lang='lat' dir='ltr'>Ejus</span> <span class='ocrx_word' id='word_1_1635' title='bbox 1788 2803 1881 2823; x_wconf 88' lang='lat' dir='ltr'>autern</span> <span class='ocrx_word' id='word_1_1636' title='bbox 1891 2795 2079 2832; x_wconf 77' lang='lat' dir='ltr'>integumenti</span> <span class='ocrx_word' id='word_1_1637' title='bbox 2092 2791 2302 2825; x_wconf 87' lang='lat' dir='ltr'>similitudinem</span> <span class='ocrx_word' id='word_1_1638' title='bbox 2320 2795 2424 2825; x_wconf 84' lang='lat' dir='ltr'>habent</span> <span class='ocrx_word' id='word_1_1639' title='bbox 2442 2796 2504 2826; x_wconf 84' lang='lat' dir='ltr'>che-</span> 
     </span>
     <span class='ocr_line' id='line_1_173' title="bbox 1385 2829 2443 2869; baseline 0.005 -11"><span class='ocrx_word' id='word_1_1640' title='bbox 1385 2829 1478 2864; x_wconf 83' lang='lat' dir='ltr'>lonia,</span> <span class='ocrx_word' id='word_1_1641' title='bbox 1500 2831 1528 2859; x_wconf 90' lang='lat' dir='ltr'>id</span> <span class='ocrx_word' id='word_1_1642' title='bbox 1538 2831 1574 2859; x_wconf 88' lang='lat' dir='ltr'>est</span> <span class='ocrx_word' id='word_1_1643' title='bbox 1585 2831 1734 2861; x_wconf 79' lang='lat' dir='ltr'>retinacula</span> <span class='ocrx_word' id='word_1_1644' title='bbox 1749 2832 1848 2868; x_wconf 88' lang='lat' dir='ltr'>quibus</span> <span class='ocrx_word' id='word_1_1645' title='bbox 1860 2834 1929 2861; x_wconf 74' lang='lat' dir='ltr'>intra</span> <span class='ocrx_word' id='word_1_1646' title='bbox 1941 2835 2018 2869; x_wconf 65' lang='lat' dir='ltr'>tigna</span> <span class='ocrx_word' id='word_1_1647' title='bbox 2033 2832 2125 2862; x_wconf 87' lang='lat' dir='ltr'>sucula</span> <span class='ocrx_word' id='word_1_1648' title='bbox 2135 2834 2277 2862; x_wconf 70' lang='lat' dir='ltr'>retinetur.</span> <span class='ocrx_word' id='word_1_1649' title='bbox 2318 2833 2443 2864; x_wconf 71' lang='lat' dir='ltr'>Budaeus.</span> 
     </span>
     <span class='ocr_line' id='line_1_174' title="bbox 1386 2868 2503 2907; baseline 0.003 -10"><span class='ocrx_word' id='word_1_1650' title='bbox 1386 2868 1537 2903; x_wconf 85' lang='lat' dir='ltr'>Chelonia,</span> <span class='ocrx_word' id='word_1_1651' title='bbox 1560 2868 1621 2898; x_wconf 88' lang='lat' dir='ltr'>sunt</span> <span class='ocrx_word' id='word_1_1652' title='bbox 1642 2869 1717 2898; x_wconf 81' lang='lat' dir='ltr'>velut</span> <span class='ocrx_word' id='word_1_1653' title='bbox 1736 2869 1869 2899; x_wconf 81' lang='lat' dir='ltr'>Umbilici</span> <span class='ocrx_word' id='word_1_1654' title='bbox 1890 2877 1938 2899; x_wconf 80' lang='lat' dir='ltr'>aut</span> <span class='ocrx_word' id='word_1_1655' title='bbox 1960 2870 2029 2899; x_wconf 73' lang='lat' dir='ltr'>ansie</span> <span class='ocrx_word' id='word_1_1656' title='bbox 2049 2880 2110 2907; x_wconf 58' lang='lat' dir='ltr'>quac</span> <span class='ocrx_word' id='word_1_1657' title='bbox 2125 2871 2272 2907; x_wconf 68' lang='lat' dir='ltr'>affiguntur</span> <span class='ocrx_word' id='word_1_1658' title='bbox 2286 2872 2454 2906; x_wconf 57' lang='lat' dir='ltr'>arrectariis,</span> <span class='ocrx_word' id='word_1_1659' title='bbox 2475 2871 2503 2900; x_wconf 80' lang='lat' dir='ltr'>iri</span> 
     </span>
    </p>

    <p class='ocr_par' dir='ltr' id='par_1_79' title="bbox 1402 2907 2503 3056">
     <span class='ocr_line' id='line_1_175' title="bbox 1404 2907 2503 2943; baseline 0.004 -9"><span class='ocrx_word' id='word_1_1660' title='bbox 1404 2916 1480 2941; x_wconf 85' lang='lat' dir='ltr'>quas,</span> <span class='ocrx_word' id='word_1_1661' title='bbox 1491 2907 1578 2935; x_wconf 88' lang='lat' dir='ltr'>ceuin</span> <span class='ocrx_word' id='word_1_1662' title='bbox 1590 2907 1719 2941; x_wconf 87' lang='lat' dir='ltr'>armillas,</span> <span class='ocrx_word' id='word_1_1663' title='bbox 1741 2908 1860 2943; x_wconf 53' lang='lat' dir='ltr'>conjecti</span> <span class='ocrx_word' id='word_1_1664' title='bbox 1871 2907 2022 2937; x_wconf 77' lang='lat' dir='ltr'>sucularum</span> <span class='ocrx_word' id='word_1_1665' title='bbox 2038 2909 2162 2937; x_wconf 85' lang='lat' dir='ltr'>cardines</span> <span class='ocrx_word' id='word_1_1666' title='bbox 2173 2909 2321 2938; x_wconf 85' lang='lat' dir='ltr'>versantur.</span> <span class='ocrx_word' id='word_1_1667' title='bbox 2344 2908 2423 2939; x_wconf 70' lang='lat' dir='ltr'>Dicta</span> <span class='ocrx_word' id='word_1_1668' title='bbox 2442 2909 2503 2940; x_wconf 77' lang='lat' dir='ltr'>sunt</span> 
     </span>
     <span class='ocr_line' id='line_1_176' title="bbox 1405 2943 2502 2982; baseline 0.005 -10"><span class='ocrx_word' id='word_1_1669' title='bbox 1405 2943 1541 2973; x_wconf 82' lang='lat' dir='ltr'>Chelonia</span> <span class='ocrx_word' id='word_1_1670' title='bbox 1552 2954 1566 2973; x_wconf 88' lang='lat' dir='ltr'>a</span> <span class='ocrx_word' id='word_1_1671' title='bbox 1579 2944 1756 2974; x_wconf 80' lang='lat' dir='ltr'>similitudine</span> <span class='ocrx_word' id='word_1_1672' title='bbox 1768 2947 1920 2982; x_wconf 78' lang='lat' dir='ltr'>tegumenti</span> <span class='ocrx_word' id='word_1_1673' title='bbox 1932 2946 2079 2975; x_wconf 83' lang='lat' dir='ltr'>testudinis</span> <span class='ocrx_word' id='word_1_1674' title='bbox 2092 2946 2233 2981; x_wconf 84' lang='lat' dir='ltr'>animalis,</span> <span class='ocrx_word' id='word_1_1675' title='bbox 2255 2951 2314 2982; x_wconf 71' lang='lat' dir='ltr'>qua:</span> <span class='ocrx_word' id='word_1_1676' title='bbox 2327 2947 2417 2982; x_wconf 64' lang='grc' dir='ltr'>χελώνη</span> <span class='ocrx_word' id='word_1_1677' title='bbox 2436 2947 2502 2977; x_wconf 64' lang='lat' dir='ltr'>dicia</span> 
     </span>
     <span class='ocr_line' id='line_1_177' title="bbox 1402 2982 2501 3022; baseline 0.005 -12"><span class='ocrx_word' id='word_1_1678' title='bbox 1402 2987 1447 3010; x_wconf 88' lang='lat' dir='ltr'>tur</span> <span class='ocrx_word' id='word_1_1679' title='bbox 1460 3003 1467 3015; x_wconf 87' lang='lat'>,</span> <span class='ocrx_word' id='word_1_1680' title='bbox 1490 2984 1515 3011; x_wconf 61' lang='grc' dir='ltr'><strong>ἃ</strong></span> <span class='ocrx_word' id='word_1_1681' title='bbox 1534 2982 1590 3019; x_wconf 88' lang='lat' dir='ltr'>ipsa</span> <span class='ocrx_word' id='word_1_1682' title='bbox 1608 2983 1674 3011; x_wconf 83' lang='lat' dir='ltr'>testa</span> <span class='ocrx_word' id='word_1_1683' title='bbox 1689 2982 1809 3019; x_wconf 48' lang='lat' dir='ltr'>mario».</span> <span class='ocrx_word' id='word_1_1684' title='bbox 1851 2983 1959 3013; x_wconf 86' lang='lat' dir='ltr'>Horum</span> <span class='ocrx_word' id='word_1_1685' title='bbox 1982 2983 2177 3014; x_wconf 85' lang='lat' dir='ltr'>cheloniorum</span> <span class='ocrx_word' id='word_1_1686' title='bbox 2196 2985 2325 3022; x_wconf 82' lang='lat' dir='ltr'>frequens</span> <span class='ocrx_word' id='word_1_1687' title='bbox 2341 2984 2380 3014; x_wconf 87' lang='lat' dir='ltr'>est</span> <span class='ocrx_word' id='word_1_1688' title='bbox 2397 2985 2501 3015; x_wconf 87' lang='lat' dir='ltr'>mentio</span> 
     </span>
     <span class='ocr_line' id='line_1_178' title="bbox 1403 3020 1718 3056; baseline 0 -8"><span class='ocrx_word' id='word_1_1689' title='bbox 1403 3020 1478 3056; x_wconf 85' lang='lat' dir='ltr'>apud</span> <span class='ocrx_word' id='word_1_1690' title='bbox 1496 3020 1599 3049; x_wconf 88' lang='lat' dir='ltr'>Vitruv.</span> <span class='ocrx_word' id='word_1_1691' title='bbox 1611 3020 1659 3049; x_wconf 88' lang='lat' dir='ltr'>lib.</span> <span class='ocrx_word' id='word_1_1692' title='bbox 1677 3030 1718 3048; x_wconf 90' lang='lat'>10.</span> 
     </span>
    </p>

    <p class='ocr_par' dir='ltr' id='par_1_80' title="bbox 1382 3056 2500 3172">
     <span class='ocr_line' id='line_1_179' title="bbox 1382 3056 2500 3096; baseline 0.004 -11"><span class='ocrx_word' id='word_1_1693' title='bbox 1382 3056 1518 3086; x_wconf 74' lang='lat' dir='ltr'>Chelonia</span> <span class='ocrx_word' id='word_1_1694' title='bbox 1527 3058 1602 3095; x_wconf 84' lang='lat' dir='ltr'>apud</span> <span class='ocrx_word' id='word_1_1695' title='bbox 1614 3057 1785 3087; x_wconf 77' lang='lat' dir='ltr'>Aristotelem</span> <span class='ocrx_word' id='word_1_1696' title='bbox 1796 3057 2025 3087; x_wconf 80' lang='lat' dir='ltr'>Mechanicoiuni</span> <span class='ocrx_word' id='word_1_1697' title='bbox 2039 3059 2130 3096; x_wconf 83' lang='lat' dir='ltr'>quaest.</span> <span class='ocrx_word' id='word_1_1698' title='bbox 2143 3064 2188 3093; x_wconf 89' lang='lat'>28·</span> <span class='ocrx_word' id='word_1_1699' title='bbox 2200 3058 2262 3088; x_wconf 82' lang='lat' dir='ltr'>sunt</span> <span class='ocrx_word' id='word_1_1700' title='bbox 2273 3059 2411 3089; x_wconf 76' lang='lat' dir='ltr'>Machinae</span> <span class='ocrx_word' id='word_1_1701' title='bbox 2424 3060 2500 3096; x_wconf 73' lang='lat' dir='ltr'>iuxta</span> 
     </span>
     <span class='ocr_line' id='line_1_180' title="bbox 1402 3095 2500 3137; baseline 0.004 -14"><span class='ocrx_word' id='word_1_1702' title='bbox 1402 3102 1503 3133; x_wconf 88' lang='lat' dir='ltr'>puteos</span> <span class='ocrx_word' id='word_1_1703' title='bbox 1513 3096 1548 3124; x_wconf 81' lang='lat' dir='ltr'>ad</span> <span class='ocrx_word' id='word_1_1704' title='bbox 1560 3096 1740 3125; x_wconf 84' lang='lat' dir='ltr'>hauriendam</span> <span class='ocrx_word' id='word_1_1705' title='bbox 1750 3095 1858 3125; x_wconf 82' lang='lat' dir='ltr'>facilius</span> <span class='ocrx_word' id='word_1_1706' title='bbox 1867 3106 1974 3133; x_wconf 81' lang='lat' dir='ltr'>aquam.</span> <span class='ocrx_word' id='word_1_1707' title='bbox 1992 3095 2106 3126; x_wconf 86' lang='lat' dir='ltr'>alteram</span> <span class='ocrx_word' id='word_1_1708' title='bbox 2117 3103 2224 3135; x_wconf 80' lang='lat' dir='ltr'>partem</span> <span class='ocrx_word' id='word_1_1709' title='bbox 2236 3106 2422 3135; x_wconf 58' lang='lat' dir='ltr'>praegravante</span> <span class='ocrx_word' id='word_1_1710' title='bbox 2433 3107 2500 3137; x_wconf 69' lang='lat' dir='ltr'>pons</span> 
     </span>
     <span class='ocr_line' id='line_1_181' title="bbox 1401 3133 2101 3172; baseline 0.003 -11"><span class='ocrx_word' id='word_1_1711' title='bbox 1401 3133 1476 3162; x_wconf 86' lang='lat' dir='ltr'>dere.</span> <span class='ocrx_word' id='word_1_1712' title='bbox 1516 3133 1689 3162; x_wconf 82' lang='lat' dir='ltr'>Tollenoncs</span> <span class='ocrx_word' id='word_1_1713' title='bbox 1701 3141 1782 3162; x_wconf 84' lang='lat' dir='ltr'>vocat</span> <span class='ocrx_word' id='word_1_1714' title='bbox 1798 3133 1865 3162; x_wconf 82' lang='lat' dir='ltr'>Plin.</span> <span class='ocrx_word' id='word_1_1715' title='bbox 1878 3133 1925 3163; x_wconf 83' lang='lat' dir='ltr'>lib.</span> <span class='ocrx_word' id='word_1_1716' title='bbox 1941 3139 1982 3167; x_wconf 78' lang='lat'>¹8-</span> <span class='ocrx_word' id='word_1_1717' title='bbox 2000 3141 2061 3172; x_wconf 69' lang='lat' dir='ltr'>caii.</span> <span class='ocrx_word' id='word_1_1718' title='bbox 2075 3143 2101 3163; x_wconf 83' lang='grc'>2.</span> 
     </span>
    </p>

    <p class='ocr_par' dir='ltr' id='par_1_81' title="bbox 1344 3169 2499 3247">
     <span class='ocr_line' id='line_1_182' title="bbox 1344 3169 2499 3210; baseline 0.003 -11"><span class='ocrx_word' id='word_1_1719' title='bbox 1344 3169 1366 3199; x_wconf 90' lang='lat' dir='ltr'>C</span> <span class='ocrx_word' id='word_1_1720' title='bbox 1377 3179 1395 3199; x_wconf 82' lang='lat' dir='ltr'><strong>H</strong></span> <span class='ocrx_word' id='word_1_1721' title='bbox 1407 3172 1471 3199; x_wconf 72' lang='grc' dir='ltr'>1ιό</span> <span class='ocrx_word' id='word_1_1722' title='bbox 1482 3179 1501 3198; x_wconf 91' lang='lat' dir='ltr'>N</span> <span class='ocrx_word' id='word_1_1723' title='bbox 1513 3172 1529 3199; x_wconf 85' lang='grc' dir='ltr'>ὂ</span> <span class='ocrx_word' id='word_1_1724' title='bbox 1540 3181 1553 3198; x_wconf 80' lang='lat'>1¹</span> <span class='ocrx_word' id='word_1_1725' title='bbox 1564 3181 1583 3199; x_wconf 83' lang='lat' dir='ltr'>H</span> <span class='ocrx_word' id='word_1_1726' title='bbox 1594 3174 1608 3199; x_wconf 56' lang='lat' dir='ltr'>Ji</span> <span class='ocrx_word' id='word_1_1727' title='bbox 1618 3182 1634 3199; x_wconf 80' lang='lat' dir='ltr'>c</span> <span class='ocrx_word' id='word_1_1728' title='bbox 1646 3182 1654 3199; x_wconf 90' lang='lat'>1</span> <span class='ocrx_word' id='word_1_1729' title='bbox 1668 3193 1676 3206; x_wconf 92' lang='lat'>,</span> <span class='ocrx_word' id='word_1_1730' title='bbox 1699 3172 1904 3207; x_wconf 45' lang='lat' dir='ltr'>[izhmvoodps]</span> <span class='ocrx_word' id='word_1_1731' title='bbox 1926 3172 2041 3209; x_wconf 85' lang='lat' dir='ltr'>(inquit</span> <span class='ocrx_word' id='word_1_1732' title='bbox 2053 3172 2120 3201; x_wconf 82' lang='lat' dir='ltr'>Plin.</span> <span class='ocrx_word' id='word_1_1733' title='bbox 2137 3170 2185 3201; x_wconf 89' lang='lat' dir='ltr'>lib.</span> <span class='ocrx_word' id='word_1_1734' title='bbox 2201 3174 2226 3200; x_wconf 92' lang='lat'>6.</span> <span class='ocrx_word' id='word_1_1735' title='bbox 2239 3181 2301 3210; x_wconf 81' lang='lat' dir='ltr'>cap.</span> <span class='ocrx_word' id='word_1_1736' title='bbox 2314 3173 2381 3208; x_wconf 63' lang='grc' dir='ltr'><strong>τις.)</strong></span> <span class='ocrx_word' id='word_1_1737' title='bbox 2401 3173 2429 3202; x_wconf 87' lang='lat' dir='ltr'>in</span> <span class='ocrx_word' id='word_1_1738' title='bbox 2438 3172 2499 3202; x_wconf 88' lang='lat' dir='ltr'>Car-</span> 
     </span>
     <span class='ocr_line' id='line_1_183' title="bbox 1380 3208 2499 3247; baseline 0.003 -10"><span class='ocrx_word' id='word_1_1739' title='bbox 1380 3209 1479 3237; x_wconf 83' lang='lat' dir='ltr'>maniae</span> <span class='ocrx_word' id='word_1_1740' title='bbox 1492 3208 1592 3243; x_wconf 65' lang='lat' dir='ltr'>angulo</span> <span class='ocrx_word' id='word_1_1741' title='bbox 1601 3208 1683 3242; x_wconf 85' lang='lat' dir='ltr'>sunt,</span> <span class='ocrx_word' id='word_1_1742' title='bbox 1704 3209 1873 3238; x_wconf 81' lang='lat' dir='ltr'>testudinum</span> <span class='ocrx_word' id='word_1_1743' title='bbox 1893 3208 2037 3247; x_wconf 68' lang='lat' dir='ltr'>superficie</span> <span class='ocrx_word' id='word_1_1744' title='bbox 2049 3209 2121 3239; x_wconf 85' lang='lat' dir='ltr'>casas</span> <span class='ocrx_word' id='word_1_1745' title='bbox 2143 3216 2279 3246; x_wconf 79' lang='lat' dir='ltr'>tegentes,</span> <span class='ocrx_word' id='word_1_1746' title='bbox 2301 3211 2499 3240; x_wconf 65' lang='lat' dir='ltr'>carnevescena</span> 
     </span>
    </p>
   </div>
   <div class='ocr_carea' id='block_1_38' title="bbox 1381 3245 2513 3284">
    <p class='ocr_par' dir='ltr' id='par_1_82' title="bbox 1381 3245 2513 3284">
     <span class='ocr_line' id='line_1_184' title="bbox 1381 3245 2513 3284; baseline 0.002 -9"><span class='ocrx_word' id='word_1_1747' title='bbox 1381 3249 1431 3275; x_wconf 82' lang='lat' dir='ltr'>tes.</span> <span class='ocrx_word' id='word_1_1748' title='bbox 1472 3246 1543 3275; x_wconf 85' lang='lat' dir='ltr'>Nam</span> <span class='ocrx_word' id='word_1_1749' title='bbox 1552 3247 1641 3283; x_wconf 55' lang='grc' dir='ltr'>χελώνη</span> <span class='ocrx_word' id='word_1_1750' title='bbox 1651 3246 1745 3276; x_wconf 64' lang='grc'><strong>6101300</strong></span> <span class='ocrx_word' id='word_1_1751' title='bbox 1756 3245 1921 3276; x_wconf 87' lang='lat' dir='ltr'>testudinem</span> <span class='ocrx_word' id='word_1_1752' title='bbox 1931 3247 2069 3283; x_wconf 75' lang='lat' dir='ltr'>significat.</span> <span class='ocrx_word' id='word_1_1753' title='bbox 2093 3247 2143 3276; x_wconf 78' lang='lat' dir='ltr'>Hae</span> <span class='ocrx_word' id='word_1_1754' title='bbox 2163 3250 2213 3282; x_wconf 81' lang='lat' dir='ltr'>(ut</span> <span class='ocrx_word' id='word_1_1755' title='bbox 2224 3247 2395 3284; x_wconf 87' lang='lat' dir='ltr'>inquitidem</span> <span class='ocrx_word' id='word_1_1756' title='bbox 2406 3248 2513 3283; x_wconf 28' lang='lat' dir='ltr'>libe.)-</span> 
     </span>
    </p>
   </div>
   <div class='ocr_carea' id='block_1_39' title="bbox 1379 3284 2507 3396">
    <p class='ocr_par' dir='ltr' id='par_1_83' title="bbox 1379 3284 2507 3396">
     <span class='ocr_line' id='line_1_185' title="bbox 1379 3284 2496 3322; baseline 0.002 -10"><span class='ocrx_word' id='word_1_1757' title='bbox 1379 3284 1450 3312; x_wconf 85' lang='lat' dir='ltr'>adeo</span> <span class='ocrx_word' id='word_1_1758' title='bbox 1468 3284 1495 3312; x_wconf 91' lang='lat' dir='ltr'>in</span> <span class='ocrx_word' id='word_1_1759' title='bbox 1510 3284 1605 3312; x_wconf 83' lang='lat' dir='ltr'>lndi&#39;co</span> <span class='ocrx_word' id='word_1_1760' title='bbox 1618 3284 1685 3312; x_wconf 88' lang='lat' dir='ltr'>mari</span> <span class='ocrx_word' id='word_1_1761' title='bbox 1702 3294 1808 3320; x_wconf 72' lang='lat' dir='ltr'>magnae</span> <span class='ocrx_word' id='word_1_1762' title='bbox 1827 3284 1904 3318; x_wconf 87' lang='lat' dir='ltr'>sunt,</span> <span class='ocrx_word' id='word_1_1763' title='bbox 1926 3290 1956 3314; x_wconf 90' lang='lat' dir='ltr'>ut</span> <span class='ocrx_word' id='word_1_1764' title='bbox 1974 3284 2139 3322; x_wconf 84' lang='lat' dir='ltr'>lingularum</span> <span class='ocrx_word' id='word_1_1765' title='bbox 2157 3284 2312 3321; x_wconf 65' lang='lat' dir='ltr'>superficies</span> <span class='ocrx_word' id='word_1_1766' title='bbox 2334 3285 2496 3315; x_wconf 66' lang='lat' dir='ltr'>habitabiles</span> 
     </span>
     <span class='ocr_line' id='line_1_186' title="bbox 1380 3318 2507 3360; baseline 0.004 -11"><span class='ocrx_word' id='word_1_1767' title='bbox 1380 3321 1452 3350; x_wconf 82' lang='lat' dir='ltr'>casas</span> <span class='ocrx_word' id='word_1_1768' title='bbox 1463 3322 1594 3358; x_wconf 79' lang='lat' dir='ltr'>integant.</span> <span class='ocrx_word' id='word_1_1769' title='bbox 1633 3321 1731 3350; x_wconf 85' lang='lat' dir='ltr'>Strabo</span> <span class='ocrx_word' id='word_1_1770' title='bbox 1746 3322 1794 3351; x_wconf 87' lang='lat' dir='ltr'>lib.</span> <span class='ocrx_word' id='word_1_1771' title='bbox 1811 3325 1851 3351; x_wconf 81' lang='lat'>16.</span> <span class='ocrx_word' id='word_1_1772' title='bbox 1874 3322 1944 3351; x_wconf 83' lang='lat' dir='ltr'>adeo</span> <span class='ocrx_word' id='word_1_1773' title='bbox 1954 3332 2067 3360; x_wconf 79' lang='lat' dir='ltr'>magnas</span> <span class='ocrx_word' id='word_1_1774' title='bbox 2077 3322 2131 3353; x_wconf 84' lang='lat' dir='ltr'>alio</span> <span class='ocrx_word' id='word_1_1775' title='bbox 2142 3323 2170 3351; x_wconf 85' lang='lat' dir='ltr'>in</span> <span class='ocrx_word' id='word_1_1776' title='bbox 2183 3323 2247 3352; x_wconf 87' lang='lat' dir='ltr'>loco</span> <span class='ocrx_word' id='word_1_1777' title='bbox 2258 3324 2372 3360; x_wconf 85' lang='lat' dir='ltr'>reperiri</span> <span class='ocrx_word' id='word_1_1778' title='bbox 2383 3318 2507 3360; x_wconf 45' lang='lat' dir='ltr'>scribits*</span> 
     </span>
     <span class='ocr_line' id='line_1_187' title="bbox 1379 3358 1873 3396; baseline 0.002 -9"><span class='ocrx_word' id='word_1_1779' title='bbox 1379 3366 1409 3387; x_wconf 90' lang='lat' dir='ltr'>ut</span> <span class='ocrx_word' id='word_1_1780' title='bbox 1420 3358 1633 3396; x_wconf 78' lang='lat' dir='ltr'>Chelonophagi</span> <span class='ocrx_word' id='word_1_1781' title='bbox 1644 3360 1672 3388; x_wconf 91' lang='lat' dir='ltr'>in</span> <span class='ocrx_word' id='word_1_1782' title='bbox 1684 3360 1722 3389; x_wconf 84' lang='lat' dir='ltr'>eis</span> <span class='ocrx_word' id='word_1_1783' title='bbox 1733 3360 1873 3395; x_wconf 73' lang='lat' dir='ltr'>navigent.</span> 
     </span>
    </p>
   </div>
   <div class='ocr_carea' id='block_1_40' title="bbox 1387 2643 2604 2721">
    <p class='ocr_par' dir='ltr' id='par_1_84' title="bbox 1387 2643 2604 2721">
     <span class='ocr_line' id='line_1_188' title="bbox 1720 2643 2604 2683; baseline 0.006 -11"><span class='ocrx_word' id='word_1_1784' title='bbox 1720 2643 1759 2672; x_wconf 84' lang='lat' dir='ltr'>Ex</span> <span class='ocrx_word' id='word_1_1785' title='bbox 1771 2653 1804 2672; x_wconf 92' lang='lat' dir='ltr'>eo</span> <span class='ocrx_word' id='word_1_1786' title='bbox 1821 2654 1924 2673; x_wconf 85' lang='lat' dir='ltr'>nomen</span> <span class='ocrx_word' id='word_1_1787' title='bbox 1943 2644 2110 2674; x_wconf 85' lang='lat' dir='ltr'>invenerunt</span> <span class='ocrx_word' id='word_1_1788' title='bbox 2126 2644 2250 2674; x_wconf 73' lang='lat' dir='ltr'>Graecum</span> <span class='ocrx_word' id='word_1_1789' title='bbox 2263 2666 2270 2680; x_wconf 86' lang='lat'>‚</span> <span class='ocrx_word' id='word_1_1790' title='bbox 2292 2645 2367 2681; x_wconf 90' lang='lat' dir='ltr'>quod</span> <span class='ocrx_word' id='word_1_1791' title='bbox 2378 2646 2452 2675; x_wconf 68' lang='lat' dir='ltr'>intus</span> <span class='ocrx_word' id='word_1_1792' title='bbox 2466 2655 2508 2675; x_wconf 58' lang='lat' dir='ltr'>ca*</span> <span class='ocrx_word' id='word_1_1793' title='bbox 2556 2658 2563 2683; x_wconf 62' lang='grc' dir='ltr'>ζ.</span> <span class='ocrx_word' id='word_1_1794' title='bbox 2599 2666 2604 2678; x_wconf 55' lang='grc'>1</span> 
     </span>
     <span class='ocr_line' id='line_1_189' title="bbox 1387 2680 2515 2721; baseline 0.003 -13"><span class='ocrx_word' id='word_1_1795' title='bbox 1387 2689 1427 2708; x_wconf 78' lang='lat' dir='ltr'>vae</span> <span class='ocrx_word' id='word_1_1796' title='bbox 1440 2701 1447 2713; x_wconf 92' lang='lat'>,</span> <span class='ocrx_word' id='word_1_1797' title='bbox 1479 2680 1649 2709; x_wconf 85' lang='lat' dir='ltr'>testudinum</span> <span class='ocrx_word' id='word_1_1798' title='bbox 1662 2681 1712 2709; x_wconf 88' lang='lat' dir='ltr'>sint</span> <span class='ocrx_word' id='word_1_1799' title='bbox 1724 2681 1838 2711; x_wconf 86' lang='lat' dir='ltr'>similes:</span> <span class='ocrx_word' id='word_1_1800' title='bbox 1861 2681 1998 2711; x_wconf 85' lang='lat' dir='ltr'>Gallicum</span> <span class='ocrx_word' id='word_1_1801' title='bbox 2008 2704 2016 2717; x_wconf 90' lang='lat'>,</span> <span class='ocrx_word' id='word_1_1802' title='bbox 2038 2683 2113 2720; x_wconf 88' lang='lat' dir='ltr'>quod</span> <span class='ocrx_word' id='word_1_1803' title='bbox 2123 2682 2205 2720; x_wconf 86' lang='lat' dir='ltr'>vulgo</span> <span class='ocrx_word' id='word_1_1804' title='bbox 2214 2682 2372 2721; x_wconf 85' lang='lat' dir='ltr'>persuasum</span> <span class='ocrx_word' id='word_1_1805' title='bbox 2380 2683 2412 2712; x_wconf 86' lang='lat' dir='ltr'>sit</span> <span class='ocrx_word' id='word_1_1806' title='bbox 2419 2689 2464 2714; x_wconf 84' lang='lat' dir='ltr'>ea&#39;s</span> <span class='ocrx_word' id='word_1_1807' title='bbox 2476 2685 2515 2714; x_wconf 55' lang='lat' dir='ltr'>in.</span> 
     </span>
    </p>
   </div>
   <div class='ocr_carea' id='block_1_41' title="bbox 1340 3394 2604 3434">
    <p class='ocr_par' dir='ltr' id='par_1_85' title="bbox 1340 3394 2604 3434">
     <span class='ocr_line' id='line_1_190' title="bbox 1340 3394 2604 3434; baseline 0.004 -10"><span class='ocrx_word' id='word_1_1808' title='bbox 1340 3394 1363 3424; x_wconf 90' lang='lat' dir='ltr'>C</span> <span class='ocrx_word' id='word_1_1809' title='bbox 1374 3406 1393 3424; x_wconf 84' lang='lat' dir='ltr'><strong>H</strong></span> <span class='ocrx_word' id='word_1_1810' title='bbox 1404 3397 1442 3424; x_wconf 65' lang='lat' dir='ltr'>Et</span> <span class='ocrx_word' id='word_1_1811' title='bbox 1454 3398 1471 3425; x_wconf 67' lang='grc' dir='ltr'>Ῠ</span> <span class='ocrx_word' id='word_1_1812' title='bbox 1484 3406 1500 3424; x_wconf 88' lang='lat' dir='ltr'>o</span> <span class='ocrx_word' id='word_1_1813' title='bbox 1511 3407 1525 3424; x_wconf 71' lang='grc'>11</span> <span class='ocrx_word' id='word_1_1814' title='bbox 1538 3407 1554 3425; x_wconf 86' lang='lat' dir='ltr'>u</span> <span class='ocrx_word' id='word_1_1815' title='bbox 1565 3406 1577 3425; x_wconf 88' lang='lat' dir='ltr'>s</span> <span class='ocrx_word' id='word_1_1816' title='bbox 1588 3419 1595 3430; x_wconf 83' lang='lat'>,</span> <span class='ocrx_word' id='word_1_1817' title='bbox 1617 3398 1633 3425; x_wconf 93' lang='lat' dir='ltr'>i.</span> <span class='ocrx_word' id='word_1_1818' title='bbox 1655 3406 1692 3426; x_wconf 91' lang='lat' dir='ltr'>m.</span> <span class='ocrx_word' id='word_1_1819' title='bbox 1715 3394 1878 3433; x_wconf 57' lang='grc' dir='ltr'>[χέλυῷῶυ]</span> <span class='ocrx_word' id='word_1_1820' title='bbox 1899 3397 2017 3432; x_wconf 79' lang='lat' dir='ltr'>Serpens</span> <span class='ocrx_word' id='word_1_1821' title='bbox 2025 3407 2082 3426; x_wconf 91' lang='lat' dir='ltr'>non</span> <span class='ocrx_word' id='word_1_1822' title='bbox 2096 3397 2215 3426; x_wconf 73' lang='lat' dir='ltr'>multum</span> <span class='ocrx_word' id='word_1_1823' title='bbox 2234 3397 2345 3434; x_wconf 68' lang='lat' dir='ltr'>aspectu</span> <span class='ocrx_word' id='word_1_1824' title='bbox 2366 3397 2466 3428; x_wconf 79' lang='lat' dir='ltr'>distans</span> <span class='ocrx_word' id='word_1_1825' title='bbox 2480 3405 2496 3428; x_wconf 71' lang='grc'>1</span> <span class='ocrx_word' id='word_1_1826' title='bbox 2547 3414 2549 3422; x_wconf 87' lang='grc'><strong><em>·</em></strong></span> <span class='ocrx_word' id='word_1_1827' title='bbox 2597 3398 2604 3410; x_wconf 70' lang='grc'>“</span> 
     </span>
    </p>
   </div>
   <div class='ocr_carea' id='block_1_42' title="bbox 1337 3433 2493 3922">
    <p class='ocr_par' dir='ltr' id='par_1_86' title="bbox 1378 3433 2422 3547">
     <span class='ocr_line' id='line_1_191' title="bbox 1378 3433 2422 3472; baseline 0.003 -9"><span class='ocrx_word' id='word_1_1828' title='bbox 1378 3433 1526 3471; x_wconf 84' lang='lat' dir='ltr'>chersydro</span> <span class='ocrx_word' id='word_1_1829' title='bbox 1541 3434 1682 3471; x_wconf 84' lang='lat' dir='ltr'>serpente,</span> <span class='ocrx_word' id='word_1_1830' title='bbox 1704 3435 1814 3464; x_wconf 87' lang='lat' dir='ltr'>fumum</span> <span class='ocrx_word' id='word_1_1831' title='bbox 1826 3444 1878 3471; x_wconf 77' lang='lat' dir='ltr'>qua</span> <span class='ocrx_word' id='word_1_1832' title='bbox 1887 3434 1970 3472; x_wconf 85' lang='lat' dir='ltr'>serpit</span> <span class='ocrx_word' id='word_1_1833' title='bbox 1980 3435 2119 3465; x_wconf 81' lang='lat' dir='ltr'>emittens.</span> <span class='ocrx_word' id='word_1_1834' title='bbox 2141 3435 2244 3465; x_wconf 76' lang='lat' dir='ltr'>Lucan.</span> <span class='ocrx_word' id='word_1_1835' title='bbox 2258 3435 2306 3465; x_wconf 90' lang='lat' dir='ltr'>lib.</span> <span class='ocrx_word' id='word_1_1836' title='bbox 2321 3446 2346 3470; x_wconf 89' lang='grc'>9.</span> <span class='ocrx_word' id='word_1_1837' title='bbox 2359 3440 2422 3472; x_wconf 77' lang='grc' dir='ltr'><strong>7ςο.</strong></span> 
     </span>
     <span class='ocr_line' id='line_1_192' title="bbox 1459 3471 2109 3510; baseline 0.003 -10"><span class='ocrx_word' id='word_1_1838' title='bbox 1459 3472 1545 3501; x_wconf 81' lang='lat' dir='ltr'>Natus</span> <span class='ocrx_word' id='word_1_1839' title='bbox 1557 3475 1581 3501; x_wconf 67' lang='grc' dir='ltr'>ὁὶ</span> <span class='ocrx_word' id='word_1_1840' title='bbox 1592 3473 1730 3506; x_wconf 73' lang='lat' dir='ltr'>ambigua:</span> <span class='ocrx_word' id='word_1_1841' title='bbox 1740 3471 1844 3501; x_wconf 88' lang='lat' dir='ltr'>coleret</span> <span class='ocrx_word' id='word_1_1842' title='bbox 1853 3473 1897 3509; x_wconf 86' lang='lat' dir='ltr'>qui</span> <span class='ocrx_word' id='word_1_1843' title='bbox 1910 3473 2034 3510; x_wconf 73' lang='lat' dir='ltr'>Syrtidos</span> <span class='ocrx_word' id='word_1_1844' title='bbox 2046 3483 2109 3502; x_wconf 82' lang='lat' dir='ltr'>arva</span> 
     </span>
     <span class='ocr_line' id='line_1_193' title="bbox 1458 3509 2132 3547; baseline 0.001 -9"><span class='ocrx_word' id='word_1_1845' title='bbox 1458 3509 1640 3544; x_wconf 71' lang='lat' dir='ltr'>Chersrdros,</span> <span class='ocrx_word' id='word_1_1846' title='bbox 1667 3510 1801 3547; x_wconf 64' lang='lat' dir='ltr'>tradisque</span> <span class='ocrx_word' id='word_1_1847' title='bbox 1815 3509 2132 3547; x_wconf 62' lang='lat' dir='ltr'>viafumuntechelydri.</span> 
     </span>
    </p>

    <p class='ocr_par' dir='ltr' id='par_1_87' title="bbox 1378 3545 2493 3660">
     <span class='ocr_line' id='line_1_194' title="bbox 1378 3545 2493 3587; baseline -0.002 -11"><span class='ocrx_word' id='word_1_1848' title='bbox 1378 3545 1510 3584; x_wconf 80' lang='lat' dir='ltr'>Chelydri</span> <span class='ocrx_word' id='word_1_1849' title='bbox 1521 3548 1587 3576; x_wconf 73' lang='lat' dir='ltr'>dicti</span> <span class='ocrx_word' id='word_1_1850' title='bbox 1597 3547 1659 3576; x_wconf 92' lang='lat' dir='ltr'>sunt</span> <span class='ocrx_word' id='word_1_1851' title='bbox 1667 3548 1761 3577; x_wconf 88' lang='lat' dir='ltr'>Servio</span> <span class='ocrx_word' id='word_1_1852' title='bbox 1771 3569 1778 3581; x_wconf 90' lang='lat'>,</span> <span class='ocrx_word' id='word_1_1853' title='bbox 1800 3548 1873 3585; x_wconf 87' lang='lat' dir='ltr'>quasi</span> <span class='ocrx_word' id='word_1_1854' title='bbox 1883 3548 2027 3585; x_wconf 81' lang='lat' dir='ltr'>Cliersydri</span> <span class='ocrx_word' id='word_1_1855' title='bbox 2039 3570 2046 3581; x_wconf 77' lang='grc'>.</span> <span class='ocrx_word' id='word_1_1856' title='bbox 2067 3548 2130 3587; x_wconf 81' lang='lat' dir='ltr'>quia</span> <span class='ocrx_word' id='word_1_1857' title='bbox 2140 3547 2169 3576; x_wconf 89' lang='lat' dir='ltr'>in</span> <span class='ocrx_word' id='word_1_1858' title='bbox 2180 3547 2258 3585; x_wconf 88' lang='lat' dir='ltr'>aquis</span> <span class='ocrx_word' id='word_1_1859' title='bbox 2271 3547 2424 3578; x_wconf 82' lang='lat' dir='ltr'>&amp;interris</span> <span class='ocrx_word' id='word_1_1860' title='bbox 2435 3555 2493 3577; x_wconf 86' lang='lat' dir='ltr'>mo-</span> 
     </span>
     <span class='ocr_line' id='line_1_195' title="bbox 1394 3579 2490 3622; baseline 0.005 -10"><span class='ocrx_word' id='word_1_1861' title='bbox 1394 3592 1496 3614; x_wconf 81' lang='lat' dir='ltr'>rantur.</span> <span class='ocrx_word' id='word_1_1862' title='bbox 1537 3585 1608 3614; x_wconf 68' lang='lat' dir='ltr'>Narin</span> <span class='ocrx_word' id='word_1_1863' title='bbox 1625 3582 1724 3621; x_wconf 59' lang='grc' dir='ltr'>χέρα-εν,</span> <span class='ocrx_word' id='word_1_1864' title='bbox 1746 3585 1867 3614; x_wconf 83' lang='lat' dir='ltr'>dicimus</span> <span class='ocrx_word' id='word_1_1865' title='bbox 1876 3591 1992 3621; x_wconf 82' lang='lat' dir='ltr'>terrain,</span> <span class='ocrx_word' id='word_1_1866' title='bbox 2010 3579 2066 3619; x_wconf 61' lang='grc' dir='ltr'>ὐὦὶιρ</span> <span class='ocrx_word' id='word_1_1867' title='bbox 2085 3591 2179 3615; x_wconf 80' lang='lat' dir='ltr'>autem</span> <span class='ocrx_word' id='word_1_1868' title='bbox 2190 3595 2307 3622; x_wconf 83' lang='lat' dir='ltr'>aquam:</span> <span class='ocrx_word' id='word_1_1869' title='bbox 2329 3584 2490 3618; x_wconf 75' lang='lat' dir='ltr'>suntautem</span> 
     </span>
     <span class='ocr_line' id='line_1_196' title="bbox 1396 3622 2051 3660; baseline -0.002 -10"><span class='ocrx_word' id='word_1_1870' title='bbox 1396 3622 1431 3651; x_wconf 91' lang='lat' dir='ltr'>de</span> <span class='ocrx_word' id='word_1_1871' title='bbox 1446 3622 1722 3660; x_wconf 67' lang='lat' dir='ltr'>genercscrpentum.</span> <span class='ocrx_word' id='word_1_1872' title='bbox 1745 3622 1817 3657; x_wconf 64' lang='lat' dir='ltr'>virg.</span> <span class='ocrx_word' id='word_1_1873' title='bbox 1832 3632 1855 3658; x_wconf 76' lang='lat'>³.</span> <span class='ocrx_word' id='word_1_1874' title='bbox 1870 3623 1968 3659; x_wconf 78' lang='lat' dir='ltr'>Georg.</span> <span class='ocrx_word' id='word_1_1875' title='bbox 1986 3634 2051 3660; x_wconf 79' lang='lat'>414.</span> 
     </span>
    </p>

    <p class='ocr_par' dir='ltr' id='par_1_88' title="bbox 1337 3660 2487 3922">
     <span class='ocr_line' id='line_1_197' title="bbox 1470 3660 2163 3696; baseline 0.001 -8"><span class='ocrx_word' id='word_1_1876' title='bbox 1470 3660 1548 3689; x_wconf 87' lang='lat' dir='ltr'>Disce</span> <span class='ocrx_word' id='word_1_1877' title='bbox 1559 3662 1583 3690; x_wconf 64' lang='grc' dir='ltr'>δι’</span> <span class='ocrx_word' id='word_1_1878' title='bbox 1595 3660 1737 3690; x_wconf 76' lang='lat' dir='ltr'>odoratam</span> <span class='ocrx_word' id='word_1_1879' title='bbox 1750 3660 1860 3690; x_wconf 78' lang='lat' dir='ltr'>stabulis</span> <span class='ocrx_word' id='word_1_1880' title='bbox 1871 3660 2024 3690; x_wconf 81' lang='lat' dir='ltr'>accendere</span> <span class='ocrx_word' id='word_1_1881' title='bbox 2031 3660 2145 3690; x_wconf 85' lang='lat' dir='ltr'>cedrum</span> <span class='ocrx_word' id='word_1_1882' title='bbox 2155 3681 2163 3696; x_wconf 87' lang='lat'>‚</span> 
     </span>
     <span class='ocr_line' id='line_1_198' title="bbox 1468 3697 2163 3736; baseline 0.003 -10"><span class='ocrx_word' id='word_1_1883' title='bbox 1468 3697 1664 3735; x_wconf 75' lang='lat' dir='ltr'>Galbaneoque</span> <span class='ocrx_word' id='word_1_1884' title='bbox 1675 3699 1776 3733; x_wconf 80' lang='lat' dir='ltr'>agitare</span> <span class='ocrx_word' id='word_1_1885' title='bbox 1787 3708 1880 3735; x_wconf 78' lang='lat' dir='ltr'>graves</span> <span class='ocrx_word' id='word_1_1886' title='bbox 1893 3699 1990 3727; x_wconf 83' lang='lat' dir='ltr'>nidore</span> <span class='ocrx_word' id='word_1_1887' title='bbox 2000 3698 2163 3736; x_wconf 81' lang='lat' dir='ltr'>Chelydros.</span> 
     </span>
     <span class='ocr_line' id='line_1_199' title="bbox 1375 3733 2485 3774; baseline 0.001 -11"><span class='ocrx_word' id='word_1_1888' title='bbox 1375 3733 1502 3764; x_wconf 89' lang='lat' dir='ltr'>Medusei</span> <span class='ocrx_word' id='word_1_1889' title='bbox 1513 3735 1645 3773; x_wconf 83' lang='lat' dir='ltr'>chelydri.</span> <span class='ocrx_word' id='word_1_1890' title='bbox 1669 3736 1735 3765; x_wconf 69' lang='lat' dir='ltr'>dicti</span> <span class='ocrx_word' id='word_1_1891' title='bbox 1749 3746 1763 3765; x_wconf 83' lang='lat' dir='ltr'>a</span> <span class='ocrx_word' id='word_1_1892' title='bbox 1779 3735 1903 3771; x_wconf 80' lang='lat' dir='ltr'>Medusa,</span> <span class='ocrx_word' id='word_1_1893' title='bbox 1915 3736 1993 3771; x_wconf 84' lang='lat' dir='ltr'>cujus</span> <span class='ocrx_word' id='word_1_1894' title='bbox 2003 3737 2092 3765; x_wconf 87' lang='lat' dir='ltr'>crines</span> <span class='ocrx_word' id='word_1_1895' title='bbox 2102 3736 2241 3774; x_wconf 85' lang='lat' dir='ltr'>serpentes</span> <span class='ocrx_word' id='word_1_1896' title='bbox 2251 3741 2337 3766; x_wconf 86' lang='lat' dir='ltr'>erant.</span> <span class='ocrx_word' id='word_1_1897' title='bbox 2355 3736 2402 3766; x_wconf 90' lang='lat' dir='ltr'>Sil.</span> <span class='ocrx_word' id='word_1_1898' title='bbox 2412 3734 2485 3772; x_wconf 71' lang='lat' dir='ltr'>lib.7i</span> 
     </span>
     <span class='ocr_line' id='line_1_200' title="bbox 1375 3771 1932 3810; baseline 0.004 -10"><span class='ocrx_word' id='word_1_1899' title='bbox 1375 3771 1454 3809; x_wconf 79' lang='lat' dir='ltr'>Nigri</span> <span class='ocrx_word' id='word_1_1900' title='bbox 1467 3773 1602 3809; x_wconf 81' lang='lat' dir='ltr'>chelydri.</span> <span class='ocrx_word' id='word_1_1901' title='bbox 1628 3773 1699 3810; x_wconf 84' lang='lat' dir='ltr'>Virg.</span> <span class='ocrx_word' id='word_1_1902' title='bbox 1715 3783 1741 3803; x_wconf 85' lang='lat'>2.</span> <span class='ocrx_word' id='word_1_1903' title='bbox 1759 3774 1857 3810; x_wconf 82' lang='lat' dir='ltr'>Georg.</span> <span class='ocrx_word' id='word_1_1904' title='bbox 1871 3783 1932 3808; x_wconf 72' lang='lat'>2¹⁴-</span> 
     </span>
     <span class='ocr_line' id='line_1_201' title="bbox 1459 3809 2382 3848; baseline 0.001 -10"><span class='ocrx_word' id='word_1_1905' title='bbox 1459 3810 1491 3838; x_wconf 76' lang='grc' dir='ltr'>Ε(</span> <span class='ocrx_word' id='word_1_1906' title='bbox 1506 3811 1609 3848; x_wconf 85' lang='lat' dir='ltr'>tophus</span> <span class='ocrx_word' id='word_1_1907' title='bbox 1621 3810 1713 3840; x_wconf 83' lang='lat' dir='ltr'>scaber</span> <span class='ocrx_word' id='word_1_1908' title='bbox 1728 3833 1735 3846; x_wconf 85' lang='lat'>,</span> <span class='ocrx_word' id='word_1_1909' title='bbox 1757 3813 1783 3840; x_wconf 68' lang='lat' dir='ltr'>Sc</span> <span class='ocrx_word' id='word_1_1910' title='bbox 1794 3811 1875 3847; x_wconf 71' lang='lat' dir='ltr'>nigris</span> <span class='ocrx_word' id='word_1_1911' title='bbox 1887 3809 1964 3840; x_wconf 84' lang='lat' dir='ltr'>exesa</span> <span class='ocrx_word' id='word_1_1912' title='bbox 1975 3810 2113 3847; x_wconf 83' lang='lat' dir='ltr'>chelydris</span> <span class='ocrx_word' id='word_1_1913' title='bbox 2379 3816 2382 3818; x_wconf 77' lang='grc'>’</span> 
     </span>
     <span class='ocr_line' id='line_1_202' title="bbox 1455 3843 2487 3888; baseline 0.001 -14"><span class='ocrx_word' id='word_1_1914' title='bbox 1455 3848 1544 3877; x_wconf 68' lang='lat' dir='ltr'>(Treta.</span> <span class='ocrx_word' id='word_1_1915' title='bbox 1628 3848 1719 3885; x_wconf 78' lang='lat' dir='ltr'>Nigris</span> <span class='ocrx_word' id='word_1_1916' title='bbox 1739 3852 1750 3884; x_wconf 79' lang='grc'>&lt;</span> <span class='ocrx_word' id='word_1_1917' title='bbox 1765 3849 1803 3878; x_wconf 81' lang='lat' dir='ltr'>ait</span> <span class='ocrx_word' id='word_1_1918' title='bbox 1811 3849 1941 3879; x_wconf 69' lang='lat' dir='ltr'>Servius)</span> <span class='ocrx_word' id='word_1_1919' title='bbox 1965 3848 1983 3876; x_wconf 91' lang='lat' dir='ltr'>i.</span> <span class='ocrx_word' id='word_1_1920' title='bbox 1995 3857 2018 3876; x_wconf 91' lang='lat' dir='ltr'>e.</span> <span class='ocrx_word' id='word_1_1921' title='bbox 2033 3847 2215 3878; x_wconf 84' lang='lat' dir='ltr'>Nocentibus.</span> <span class='ocrx_word' id='word_1_1922' title='bbox 2232 3847 2264 3876; x_wconf 89' lang='lat' dir='ltr'>V.</span> <span class='ocrx_word' id='word_1_1923' title='bbox 2279 3843 2487 3888; x_wconf 59' lang='lat' dir='ltr'>VosliiEtymol.</span> 
     </span>
     <span class='ocr_line' id='line_1_203' title="bbox 1337 3883 2487 3922; baseline -0.003 -8"><span class='ocrx_word' id='word_1_1924' title='bbox 1337 3883 1462 3914; x_wconf 67' lang='lat' dir='ltr'>CHRLY</span> <span class='ocrx_word' id='word_1_1925' title='bbox 1476 3894 1494 3912; x_wconf 92' lang='lat' dir='ltr'>N</span> <span class='ocrx_word' id='word_1_1926' title='bbox 1504 3895 1517 3913; x_wconf 77' lang='grc'>11</span> <span class='ocrx_word' id='word_1_1927' title='bbox 1529 3907 1537 3918; x_wconf 80' lang='lat'>,</span> <span class='ocrx_word' id='word_1_1928' title='bbox 1558 3894 1596 3915; x_wconf 87' lang='lat' dir='ltr'>es.</span> <span class='ocrx_word' id='word_1_1929' title='bbox 1618 3886 1636 3915; x_wconf 87' lang='lat' dir='ltr'>f.</span> <span class='ocrx_word' id='word_1_1930' title='bbox 1659 3887 1786 3922; x_wconf 59' lang='grc' dir='ltr'>[χελύνη]</span> <span class='ocrx_word' id='word_1_1931' title='bbox 1807 3886 1922 3915; x_wconf 80' lang='lat' dir='ltr'>Labrnm</span> <span class='ocrx_word' id='word_1_1932' title='bbox 1934 3885 2056 3922; x_wconf 88' lang='lat' dir='ltr'>superius</span> <span class='ocrx_word' id='word_1_1933' title='bbox 2075 3887 2191 3921; x_wconf 86' lang='lat' dir='ltr'>dicitur,</span> <span class='ocrx_word' id='word_1_1934' title='bbox 2210 3891 2241 3914; x_wconf 90' lang='lat' dir='ltr'>ut</span> <span class='ocrx_word' id='word_1_1935' title='bbox 2258 3885 2385 3914; x_wconf 83' lang='lat' dir='ltr'>nonnulli</span> <span class='ocrx_word' id='word_1_1936' title='bbox 2401 3884 2487 3914; x_wconf 84' lang='lat' dir='ltr'>existi-</span> 
     </span>
    </p>
   </div>
   <div class='ocr_carea' id='block_1_43' title="bbox 1373 3922 2540 3989">
    <p class='ocr_par' dir='ltr' id='par_1_89' title="bbox 1373 3922 2540 3989">
     <span class='ocr_line' id='line_1_204' title="bbox 1373 3922 2540 3989; baseline -0.003 -38"><span class='ocrx_word' id='word_1_1937' title='bbox 1373 3927 1467 3951; x_wconf 81' lang='lat' dir='ltr'>mant:</span> <span class='ocrx_word' id='word_1_1938' title='bbox 1489 3932 1645 3960; x_wconf 80' lang='lat' dir='ltr'>quanquam</span> <span class='ocrx_word' id='word_1_1939' title='bbox 1656 3923 1702 3953; x_wconf 86' lang='lat' dir='ltr'>alii</span> <span class='ocrx_word' id='word_1_1940' title='bbox 1712 3923 1743 3953; x_wconf 91' lang='lat' dir='ltr'>In</span> <span class='ocrx_word' id='word_1_1941' title='bbox 1754 3924 1859 3954; x_wconf 86' lang='lat' dir='ltr'>ambitu</span> <span class='ocrx_word' id='word_1_1942' title='bbox 1870 3924 1982 3961; x_wconf 79' lang='lat' dir='ltr'>politam</span> <span class='ocrx_word' id='word_1_1943' title='bbox 1991 3928 2098 3961; x_wconf 86' lang='lat' dir='ltr'>partem</span> <span class='ocrx_word' id='word_1_1944' title='bbox 2109 3945 2118 3960; x_wconf 91' lang='lat'>,</span> <span class='ocrx_word' id='word_1_1945' title='bbox 2138 3934 2172 3953; x_wconf 88' lang='lat' dir='ltr'>eo</span> <span class='ocrx_word' id='word_1_1946' title='bbox 2184 3923 2319 3953; x_wconf 85' lang='lat' dir='ltr'>vocabulo</span> <span class='ocrx_word' id='word_1_1947' title='bbox 2335 3922 2488 3989; x_wconf 32' lang='lat' dir='ltr'>inthelliiffitgke</span> <span class='ocrx_word' id='word_1_1948' title='bbox 2538 3934 2540 3970; x_wconf 48' lang='lat' dir='ltr'>j</span> 
     </span>
    </p>
   </div>
   <div class='ocr_carea' id='block_1_44' title="bbox 2535 3367 2546 3971">
    <p class='ocr_par' dir='ltr' id='par_1_90' title="bbox 2535 3367 2546 3971">
     <span class='ocr_line' id='line_1_205' title="bbox 2535 3367 2546 3971; baseline 0 0"><span class='ocrx_word' id='word_1_1949' title='bbox 2535 3367 2546 3971; x_wconf 95' lang='lat' dir='ltr'> </span> 
     </span>
    </p>
   </div>
   <div class='ocr_carea' id='block_1_45' title="bbox 2538 1484 2604 3681">
    <p class='ocr_par' dir='ltr' id='par_1_91' title="bbox 2538 1484 2604 3681">
     <span class='ocr_line' id='line_1_206' title="bbox 2538 1484 2604 3681; baseline 0 0"><span class='ocrx_word' id='word_1_1950' title='bbox 2538 1484 2604 3681; x_wconf 95' lang='lat' dir='ltr'> </span> 
     </span>
    </p>
   </div>
  </div>
 </body>
</html>
