2604 4222
181 69 252 103 :04
600 58 626 92 A
723 58 759 92 N
853 57 869 93 1

226 138 328 176 Equus.
352 139 435 169 Ovid.
447 151 473 175 4.
484 139 564 170 Trist.
578 142 603 168 6.
621 148 645 176 3.

228 176 303 205 Euri.
326 176 398 213 Virg.
412 188 436 206 2.
458 178 556 214 Georg.
569 187 633 212 441.

229 214 333 251 FriguS.
355 215 421 243 Stat.
437 219 461 244 6.
483 215 573 244 Theb.
588 224 650 249 395.

230 251 347 281 Leones.
368 252 465 281 Claud.
481 254 516 281 de
533 251 600 281 Bell.
619 251 693 280 Gild.
706 260 770 286 423.

231 288 337 319 Pedius.
360 290 377 318 i.
396 300 419 319 e.
442 290 585 319 Nodosum
603 292 629 318 ὁὶ
641 289 777 317 eminens.
799 286 872 323 Virg.
889 295 913 323 3.
926 286 1025 323 Georg.
1039 291 1085 320 81.

313 327 497 363 Luxuriatque
511 328 576 356 toris
591 326 743 355 animosum
754 326 859 362 pestus.
917 324 961 353 De
978 325 1065 361 equis.
1104 324 1222 355 Servius.

253 365 372 393 Aniniosi
392 366 407 393 i.
422 375 445 394 e.
458 364 578 401 generosi
594 363 672 401 pulli.
714 362 740 391 V.
765 373 784 390 A
796 372 862 390 NiM
874 371 920 390 us.

231 402 363 431 Pericula.
388 402 504 432 Illartial.
527 402 573 430 lib.
591 411 632 430 12.
649 411 689 435 14.
730 399 858 428 Audacia}
867 399 958 437 plena.

232 438 323 468 Vento
332 440 455 468 animoso
465 438 581 476 impulsa
600 440 688 471 ianua.
720 437 802 466 Ovid.
820 447 842 466 1.
855 438 946 466 Amor.
964 440 990 466 6.
1006 447 1047 474 51·
1074 437 1094 466 i.
1110 444 1135 466 e.
1168 436 1344 466 Vehementi.

253 476 347 506 Allusit
357 477 390 505 ad
401 484 514 511 ventos,
537 476 581 514 qui
601 477 626 505 Sc
638 476 737 504 animas
751 475 890 504 dicuntur.

233 514 378 543 Animosus
389 515 415 543 in
425 515 513 543 armis.
536 514 619 542 Ovid.
636 522 676 547 13.
692 512 775 550 Epist.
786 523 829 547 91.

234 552 377 581 Animosns
388 552 468 581 rebus
486 551 613 589 angustis.
636 551 703 579 Hor.
714 561 740 580 2.
768 550 858 580 Carm.
873 560 972 580 10.2i.
1012 549 1030 579 i.
1049 559 1072 579 e.
1093 548 1126 579 In
1139 548 1219 578 rebus
1232 548 1349 578 adversis

237 599 280 618 ma
301 599 436 618 nanimus.

196 626 219 655 A
231 600 346 656 Nrigros
358 637 371 655 a
388 650 395 661 ,
427 629 442 662 [
457 619 582 660 &vffleeffis
597 626 611 660 ]
640 626 706 655 Adv.
728 625 833 663 Magno
848 626 951 654 animo.
975 624 1034 655 Cic.
1049 636 1075 660 4.
1099 623 1218 662 Philipp.
1233 626 1258 652 6.
1287 624 1349 652 Nec

232 665 319 695 solum
331 666 358 693 id
370 664 491 693 animose
502 665 527 693 Sc
537 664 643 692 fortiter
653 686 660 698 ,
682 664 729 692 sed
736 663 905 693 considerate
917 664 1001 693 etiam
1014 663 1204 703 sapienterque
1214 661 1348 691 fecerunt.

231 703 309 732 Idem
329 711 349 736 z.
367 702 447 730 Tusc.
465 701 592 730 Aniinose
606 701 765 730 defendere.
1006 712 1008 715 ·

233 740 376 774 Graviter,
397 739 557 776 magnifice,
578 739 755 777 animoseque
768 740 869 768 vivere.
891 739 949 769 Cic.
973 749 994 767 1.
1014 735 1071 768 Off.
1090 743 1134 768 62.

232 777 431 807 Animolillime
442 776 545 813 aliquid
556 787 726 815 comparare,
744 777 789 806 seu
802 786 903 807 emere.
924 778 999 806 Suet.
1009 778 1038 806 in
1050 776 1114 805 Caes.
1126 785 1187 813 cap.
1200 783 1244 811 47.
1266 773 1350 816 Gem-

253 825 311 844 mas
323 838 330 849 .
351 822 503 844 toreumata
515 837 523 849 ,
545 815 636 852 ligna,
656 814 763 844 tabulas
774 815 866 852 operis
884 815 1008 852 antiqui,
1030 814 1136 851 semper
1155 811 1348 841 aniniosillinie

252 852 426 890 conmaruffe.
459 853 474 881 i.
492 864 515 881 c.
533 853 598 882 Sine
609 852 692 882 ullius
703 853 783 891 pretii
793 854 925 890 respec‘tu.
969 852 996 880 V.
1019 852 1146 881 Torrent.
1170 852 1195 879 ἃ
1215 849 1329 878 Casaub.

196 894 342 922 ANiiios
353 892 441 919 1⁹*rAs
452 913 460 923 ,
481 892 541 920 fitis.
565 890 582 920 f.
614 892 628 926 [
644 887 745 925 θύμωσις
761 892 776 926 ]
796 891 833 919 est
854 890 1036 918 Vehementia
1052 891 1078 918 Sc
1100 890 1221 925 impetus
1238 887 1324 916 animi
1338 908 1347 921 ,

231 929 324 960 sedem
336 928 476 957 habensin
485 929 568 957 corde
580 951 587 963 ,
608 938 690 966 quam
704 927 1035 966 Speufippiisdefiniteise
1045 927 1184 964 Impetum
1193 924 1348 968 violentum

232 967 317 1005 partis
332 967 431 995 animae
451 966 613 995 irrationalis
624 989 632 1001 ,
654 965 753 1003 absque
767 967 874 995 ratione
888 966 914 995 St
926 965 1024 993 ordine
1038 965 1149 993 mentis.
1171 963 1279 992 Firmic.
1290 962 1306 991 l.
1319 968 1345 996 8.

232 1015 256 1034 c.
273 1014 313 1033 12.
353 1004 393 1033 Ad
414 1003 568 1033 saltandum
586 1010 666 1042 aptus
680 1026 688 1039 ,
710 1006 735 1034 δι
755 1003 933 1041 quiscenicas
952 1009 1022 1031 artes
1041 1001 1159 1031 studiosa
1176 999 1349 1030 animositate

252 1042 376 1072 erdiscat.
398 1042 524 1072 Macrob.
540 1042 634 1071 Somn.
653 1052 678 1071 2.
695 1051 736 1071 12.
758 1042 787 1070 in
797 1040 867 1078 plur.
882 1040 1071 1069 Animositates
1086 1040 1174 1074 dixit,
1196 1040 1222 1068 δι
1235 1038 1346 1076 August.

255 1080 315 1118 pist.
331 1084 390 1109 162.
412 1079 658 1117 Equianimositas.
682 1079 779 1108 Sidon.
790 1090 814 1114 4-
830 1087 854 1113 3.
876 1077 949 1107 cons.
961 1087 985 1111 7.
1003 1088 1024 1106 1.
1048 1078 1082 1107 Et
1097 1076 1198 1106 Arnob.
1215 1086 1237 1111 3.
1252 1086 1346 1113 p.100.

194 1120 243 1150 AN
256 1129 265 1146 1
277 1128 293 1147 o
305 1140 313 1153 ‚
343 1118 423 1152 onis,
454 1117 498 1147 vei
519 1118 539 1146 A
550 1127 570 1146 N
582 1129 590 1146 1
603 1127 645 1146 EN
661 1140 669 1153 ,
701 1117 769 1146 enis.
802 1118 815 1151 [
835 1117 903 1141 A'uo'w
919 1116 934 1150 ]
956 1115 1044 1145 Fluvii
1058 1125 1162 1144 nomen
1177 1115 1206 1143 in
1219 1114 1346 1144 Tiberim

229 1156 391 1186 influentis:
413 1165 496 1192 quem
508 1155 615 1184 dictum
626 1161 726 1192 putant
743 1154 776 1183 ab
790 1154 859 1183 Anio
873 1153 1067 1182 Hetruscorum
1088 1163 1151 1190 rege
1170 1152 1209 1181 ibi
1225 1151 1344 1189 sepulto.

229 1194 300 1225 Plin.
310 1193 359 1222 lib.
371 1202 395 1230 3.
409 1202 468 1231 cap.
485 1202 525 1222 12.
547 1194 617 1222 Anio
629 1193 657 1221 in
669 1198 764 1221 monte
773 1191 966 1220 Trebanorum
979 1198 1055 1220 ortus
1069 1213 1077 1226 ,
1098 1190 1173 1219 lacus
1186 1190 1249 1218 treis
1260 1200 1346 1218 anioe-

230 1233 318 1262 nitate
347 1230 473 1266 nobiles,
506 1231 553 1267 qui
573 1239 677 1260 nomen
705 1229 808 1259 dedere
837 1228 996 1265 Sublaqueo
1011 1249 1019 1263 ,
1046 1229 1135 1257 defert
1154 1229 1183 1257 in
1208 1227 1343 1256 Tiberim.

227 1269 327 1300 Strabo
350 1268 398 1298 lib.
423 1279 446 1304 5.
488 1269 559 1298 Anio
587 1278 622 1297 ex
649 1267 715 1297 Alba
733 1268 897 1300 decurrens,
918 1272 1017 1304 praeter
1043 1266 1168 1295 Latinam
1189 1264 1345 1294 Marsorum

229 1308 327 1338 urbem
339 1328 346 1341 ,
367 1307 593 1345 &propinquum
612 1305 651 1334 illi
672 1314 802 1343 campum
815 1326 823 1339 ,
845 1314 988 1341 quousque
1000 1303 1127 1333 Tiberim
1147 1303 1238 1332 intret.
1270 1302 1342 1332 lbid.

250 1345 313 1375 aulo
335 1345 403 1382 post.
443 1344 475 1374 In
489 1344 585 1373 Romae
598 1343 748 1381 conspectu
768 1342 830 1371 sunt
843 1341 951 1377 Tibur,
972 1341 1105 1371 Praeneste
1116 1363 1124 1374 ,
1145 1340 1342 1371 &Tuseuiun1.

227 1356 317 1414 {ibor
334 1382 447 1419 quidem
467 1381 636 1411 Herculeum
657 1381 695 1410 est
709 1402 717 1416 ,
744 1382 770 1410 &
787 1380 970 1414 catarrhacta,
1000 1380 1030 1409 id
1048 1379 1086 1409 est
1103 1377 1274 1414 Descensus,
1303 1378 1344 1407 est

248 1431 311 1451 uam
330 1421 398 1449 facit
420 1420 506 1454 Anio,
539 1419 587 1448 ubi
605 1418 768 1456 navigabilis
789 1417 843 1446 effe
862 1417 979 1455 incipit,
1008 1427 1094 1455 quum
1118 1427 1134 1446 e
1153 1416 1261 1446 sublimi
1280 1425 1345 1454 pro-

226 1431 345 1489 {lindam
370 1458 400 1486 in
421 1457 521 1486 vallem
544 1466 666 1494 praeceps
685 1456 826 1490 defertur,
855 1457 881 1485 ἃ
897 1463 946 1493 per
963 1455 1024 1484 urbi
1046 1455 1096 1493 ipsi
1111 1454 1203 1484 vicina
1218 1463 1341 1483 nemora.

227 1497 260 1527 In
280 1497 332 1526 hac
346 1495 462 1533 planitie
481 1495 551 1524 Anio
572 1495 651 1530 fluit,
673 1495 718 1530 ἃ,
749 1503 815 1530 quas
826 1499 992 1531 nuncupant
1007 1492 1118 1523 Albulas
1129 1515 1136 1527 ,
1169 1501 1252 1529 aquas
1269 1492 1345 1530 frigi-2

227 1535 277 1564 das
295 1534 389 1563 multis
412 1543 427 1562 e
447 1532 569 1561 fontibus
588 1532 719 1567 edentes,
742 1532 831 1561 varios
848 1532 883 1560 ad
902 1531 1014 1561 morbos
1031 1530 1159 1560 salutares
1178 1539 1243 1559 cum
1262 1536 1344 1567 potu,

225 1579 287 1602 tum
306 1570 498 1600 inseffionibus
518 1570 654 1600 admissas.
693 1569 761 1599 Haec
786 1569 892 1598 Strabo.
933 1569 974 1598 Ex
996 1570 1101 1598 Aniene
1126 1568 1182 1596 duo
1210 1577 1344 1604 aquarum

226 1611 327 1640 duetus
341 1609 459 1638 Romam
478 1607 723 1646 perducebantur:
755 1616 873 1644 quorum
892 1606 961 1636 alter
981 1607 1052 1636 Anio
1070 1612 1166 1641 vetus,
1186 1604 1254 1634 alter
1272 1605 1344 1635 Anio

224 1658 315 1677 novus
335 1646 554 1683 nuncupabatur.
593 1646 635 1676 De
650 1645 749 1683 quibus
768 1645 916 1675 Frontinus
934 1644 982 1675 lib.
1001 1655 1026 1675 1.
1043 1645 1079 1675 de
1096 1643 1258 1683 Aquaeduct.
1279 1643 1344 1673 Vid.

226 1686 318 1716 Etiam
327 1685 392 1714 Lex.
407 1684 505 1713 Pitisci.

228 1723 343 1754 Gelidus
366 1723 442 1751 Anio.
464 1722 534 1759 Virg.
552 1731 578 1758 7.
596 1721 657 1751 AEn.
673 1724 736 1755 682.

307 1761 421 1797 Quique
438 1759 524 1790 altum
542 1759 673 1788 Praeneste
694 1759 763 1794 viri,
785 1759 886 1796 quique
898 1767 961 1787 arva
975 1757 1091 1787 Gabinae

306 1799 441 1835 junonis,
463 1798 642 1835 gelidumque
661 1798 813 1832 Anienem,
834 1799 860 1826 ἅ
880 1796 986 1825 roscida
1008 1797 1071 1825 rivis

307 1837 428 1866 Hernica
445 1835 506 1864 saxa
528 1835 633 1864 colunt.
717 1835 785 1864 Anio
798 1836 809 1869 (
820 1835 911 1872 inquit
919 1835 1049 1869 Servius)
1070 1833 1170 1862 fluvius
1187 1832 1263 1862 haud
1280 1831 1343 1862 lon-

246 1885 280 1913 ge
291 1874 326 1904 ab
337 1874 404 1903 urbe
411 1874 448 1903 est
459 1883 465 1902 :
487 1873 532 1902 sed
542 1873 587 1903 hic
598 1873 769 1911 euphoniam
779 1872 908 1909 sequutus
919 1872 965 1901 est.
1001 1872 1073 1902 Nam
1084 1871 1189 1901 Ennius
1202 1871 1343 1901 Anionem

245 1913 320 1943 dixit
336 1914 413 1948 juxta
431 1911 562 1947 regulam.

226 1950 355 1982 Pomifer.
368 1950 487 1987 propert.
505 1949 521 1978 l.
538 1961 563 1984 4·
576 1955 599 1986 7.
614 1954 657 1982 81.
740 1947 862 1978 Ramosis
870 1947 940 1978 Anio
948 1957 1001 1985 qua
1009 1947 1129 1986 pomifer
1137 1946 1250 1977 incubat
1259 1946 1340 1977 arvis.

245 1988 365 2018 Poniolis
377 1989 403 2016 ἃ
412 1987 550 2025 Spuniifer
559 1986 677 2016 Broekh.
692 1996 717 2023 q.
726 1985 757 2015 V.

225 2025 316 2056 Praeee
327 2036 359 2055 zs.
383 2024 430 2054 Sil.
446 2024 504 2054 Ital.
513 2024 560 2054 lib.
579 2034 619 2053 12.

328 2073 430 2100 raeceps
446 2063 481 2091 ad
503 2063 573 2099 ripas
592 2061 706 2091 immani
723 2060 834 2090 turbine
854 2060 954 2096 fertur,

305 2101 468 2139 Sulphureis
487 2100 593 2138 gelidus
616 2110 669 2137 qua
686 2098 769 2138 serpit
790 2098 889 2128 leniter
906 2098 1008 2134 undis,

305 2139 346 2168 Ad
365 2139 518 2176 genitorem
537 2139 605 2167 Anio
620 2138 715 2167 labens
732 2137 788 2167 sine
805 2146 945 2166 murmure
968 2136 1086 2166 Tibrim.
1168 2134 1340 2174 Praecipitem

243 2185 325 2208 vocat
342 2184 456 2214 propter
473 2176 669 2206 catarrhatstam
691 2185 774 2212 quain
791 2175 865 2204 facit.
888 2174 954 2203 Hor.
971 2184 993 2203 1.
1022 2174 1112 2204 Carm.
1127 2182 1153 2212 7.
1169 2183 1210 2211 13.

306 2214 340 2244 Et
353 2221 476 2252 praeceps
490 2215 561 2243 Anio
572 2236 580 2249 ‚
609 2215 635 2244 ἃ
650 2212 771 2242 Tiburni
782 2211 877 2246 lucus,
899 2214 925 2241 ἃ
941 2212 996 2242 uda

384 2251 537 2281 Mobilibus
552 2251 675 2289 pomaria
694 2251 766 2280 rivis.
848 2250 970 2288 Praeceps
982 2250 1052 2280 Anio
1067 2272 1076 2286 ,
1097 2249 1155 2287 (ait
1164 2250 1276 2287 Acron)
1293 2253 1340 2279 aut

242 2300 294 2330 per
309 2290 415 2319 devexa
431 2290 533 2319 cadens
545 2312 552 2324 ,
581 2298 629 2319 aut
647 2288 767 2326 rapidus.

223 2329 313 2360 Anien
330 2329 414 2357 etiam
430 2327 538 2357 dicitur.
561 2328 626 2357 Stat.
643 2337 664 2355 r.
688 2326 762 2363 Sylv.
776 2334 855 2361 5.25.

304 2365 381 2402 Quas
400 2375 522 2403 praeceps
541 2365 630 2395 Anien
643 2387 651 2400 ,
674 2371 758 2401 atque
772 2368 924 2401 exceptura
943 2368 1053 2393 natatus

298 2404 387 2441 ³Virg0
401 2404 484 2438 juvat.

185 2443 354 2474 ΑΝιὲΝυε
367 2463 375 2476 ,
397 2442 415 2470 i.
439 2440 566 2477 Ejusdem
588 2439 666 2470 fluvii
684 2449 797 2469 nomen.
820 2438 940 2477 Propert.
958 2438 1006 2467 lib.
1018 2449 1044 2475 4.
1060 2446 1085 2475 7.
1096 2441 1141 2473 86.

305 2479 364 2510 Hac
383 2478 530 2508 Tiburtina
544 2480 618 2514 jacet
635 2488 716 2507 aurea
732 2477 852 2514 Cynthia
875 2484 945 2506 terra
958 2500 965 2512 ,

345 2516 537 2554 Accessitripae
558 2516 635 2551 laus,
656 2516 771 2550 Aniene,
790 2522 852 2544 tuae.
875 2515 948 2544 conf.
962 2515 1028 2544 Stat.
1047 2524 1069 2543 1.
1087 2512 1160 2552 Sylv.
1173 2523 1196 2551 3.
1210 2519 1255 2551 ⁶70.

185 2556 379 2589 ANiiNus,
410 2564 443 2590 a,
463 2564 520 2583 um.
548 2555 609 2590 Adj.
632 2552 822 2590 [A’uaalmteu]
861 2558 908 2587 ut,
930 2553 1035 2582 Aniena
1056 2552 1168 2582 fluenta.
1211 2552 1283 2589 Virg.
1306 2561 1333 2588 4.

224 2593 297 2623 Geor
319 2615 323 2620 .
339 2596 400 2628 369.

299 2602 383 2659 i{Inde
402 2635 486 2667 caput
500 2629 666 2663 Tiberinus,
688 2630 714 2659 ἃ
730 2628 805 2658 unde
824 2627 928 2657 Aniena
946 2628 1060 2657 fluenta.

222 2668 349 2707 Lympha
368 2668 482 2697 Aniena.
512 2668 631 2704 Propert.
648 2666 696 2695 lib.
711 2676 734 2702 3.
748 2676 789 2701 15.
806 2677 832 2700 4.

303 2706 368 2736 Nox
388 2705 498 2740 media,
523 2707 549 2734 ἃ
570 2704 690 2733 dcminae
710 2704 777 2732 mihi
795 2703 874 2732 venit
892 2702 1006 2740 epistola
1024 2702 1140 2738 nostrae,

343 2742 448 2772 Tibure
468 2750 512 2771 me
534 2742 611 2771 missa
630 2741 704 2777 jussit
726 2741 816 2770 adesse
834 2750 919 2769 mora.

302 2781 429 2810 Candida
448 2789 500 2817 qua
517 2781 639 2817 geminas
657 2779 805 2808 ostendunt
823 2778 945 2807 culmina
959 2783 1065 2814 turres,

345 2817 379 2848 Et
393 2818 467 2847 cadit
483 2818 511 2846 in
532 2817 641 2855 patulos
659 2816 772 2854 lympha
788 2816 892 2845 Aniena
907 2815 991 2845 lacus.

184 2856 449 2891 AinthcotA,
475 2866 505 2884 ae.
539 2856 553 2890 [
570 2854 714 2883 Aureliam&
729 2855 744 2889 ]
765 2854 822 2890 Qui
835 2853 937 2883 accolit
945 2852 1139 2883 AnienemSil.
1150 2864 1176 2890 4.
1192 2862 1257 2890 225.

301 2893 435 2930 Quosque
453 2893 503 2922 sub
525 2892 669 2922 Herculeis
688 2892 825 2921 taciturno
844 2891 960 2921 flumine
975 2892 1060 2920 muris

300 2930 434 2961 Pomifera
449 2940 511 2960 arva
528 2937 639 2964 creant,
661 2929 885 2966 Anienicolaeque
903 2928 1004 2957 Catilli.

182 2970 232 3000 AN
244 2979 383 3004 ristis,
405 2980 429 2998 e.
450 2969 511 3005 Adj.
534 2968 570 2997 Ut
582 2967 703 2997 Aniensis
712 2967 810 2997 tribus.
841 2966 899 2996 Cic.
911 2975 962 3004 pro
972 2966 1062 2995 Plane.
1074 2976 1118 2996 22.
1138 2967 1164 2996 A*
1177 2971 1202 3000 8.
1219 2965 1294 2996 Fam.
1306 2971 1332 3001 3.

220 3007 252 3037 V.
273 3016 318 3036 ‘ra
330 3018 338 3035 i
349 3017 390 3036 Bu
403 3017 425 3037 s.

182 3045 233 3075 AN
243 3056 251 3074 1
262 3055 274 3074 s
283 3054 300 3073 o
311 3054 328 3073 c
339 3054 356 3073 Y
366 3054 383 3073 c
393 3055 409 3073 L
420 3054 439 3073 A
450 3066 459 3079 ,
481 3047 569 3074 orum.
592 3045 607 3080 [
622 3040 770 3069 ἀνισέκυιιλοι
782 3041 796 3077 ]
817 3041 928 3080 Organa
936 3051 970 3071 ex
983 3040 1077 3071 multis
1087 3042 1268 3078 inaequalibus
1281 3043 1334 3072 cir-

220 3082 297 3113 culis.
318 3082 423 3112 Vitruv.
437 3092 478 3111 10.
494 3092 516 3111 r.
557 3081 588 3110 V.
611 3080 687 3111 Bald.
703 3079 768 3109 Lex.
782 3090 809 3117 p.
826 3085 851 3113 8.
1180 3109 1183 3115 ,

182 3121 250 3150 AN1
261 3130 367 3150 smus
388 3119 480 3149 Lacon
497 3121 523 3149 &
535 3118 712 3153 Philonides,
741 3116 888 3146 Alexandri
906 3116 999 3154 magni
1017 3116 1156 3151 cursores,
1177 3127 1193 3146 a
1208 3117 1332 3155 Sicyone

220 3158 283 3187 Elin
296 3167 383 3195 usque
393 3157 469 3186 mille
484 3158 605 3187 ducenta
612 3156 696 3186 stadia
709 3165 765 3185 uno
779 3155 824 3184 die
835 3154 1006 3195 transierunt.
1034 3154 1144 3183 Solinus
1155 3164 1214 3192 cap.
1228 3159 1254 3184 6.

182 3196 274 3226 ANis
285 3206 331 3224 υΜ
343 3217 351 3230 ,
372 3196 394 3231 i·,
416 3197 443 3225 δι
463 3196 554 3225 ANis
565 3205 580 3223 υ
591 3204 612 3224 s.
635 3194 709 3230 (Th.
725 3192 848 3222 Priscian.
859 3192 894 3221 de
904 3191 983 3220 Diaet.
997 3201 1020 3220 c.
1035 3194 1099 3226 ιο.)
1121 3191 1229 3227 [bimam
1242 3195 1264 3230 ,ς
1281 3191 1331 3219 ,Ξένι-

219 3233 296 3268 σῶυ]
318 3233 416 3262 Herba.
426 3233 495 3262 Plin.
508 3233 575 3262 l.20.
586 3242 610 3262 c.
625 3241 667 3267 17.
680 3231 714 3261 Et
725 3230 829 3260 anisum
839 3228 965 3259 adversus
976 3229 1132 3266 scorpiones
1142 3239 1176 3258 ex
1186 3230 1253 3259 vino
1261 3230 1332 3260 bibi.

218 3278 272 3299 tur.
298 3270 454 3308 Pythagorae
465 3271 536 3300 inter
545 3269 793 3308 paucalaudatum,
802 3268 853 3297 sive
864 3267 990 3302 crudum,
1003 3266 1055 3296 sive
1064 3267 1220 3308 decoctum.
1248 3268 1329 3304 Item,

219 3307 313 3337 viride
324 3308 453 3338 omnibus
465 3319 524 3346 quie
532 3309 702 3337 condiuntur
712 3329 720 3343 ,
742 3316 856 3343 quaeque
870 3305 1060 3347 intinguntur,
1077 3305 1267 3346 delideratum.
1294 3307 1330 3336 Et

218 3345 303 3383 paulo
314 3346 391 3383 post:
433 3346 510 3383 Quiri
530 3346 619 3384 ipsum
632 3346 686 3374 oris
699 3343 825 3374 habitum
837 3342 1032 3380 jucundiorem
1043 3343 1108 3370 facit
1119 3364 1126 3375 ,
1145 3344 1329 3380 loetoremque

218 3382 292 3413 tollit
303 3384 501 3413 manducatum
512 3405 520 3417 ,
543 3384 687 3412 matutinis
700 3392 765 3411 cum
780 3381 906 3418 smyrneo
919 3382 945 3410 ἃ
955 3380 1036 3408 melle
1045 3381 1146 3415 exiguo
1158 3401 1165 3413 ,
1184 3390 1250 3409 mox
1262 3383 1329 3411 vino

217 3420 363 3451 collutum.
399 3421 433 3450 Et
456 3421 539 3459 paulo
559 3421 636 3459 post:
662 3420 708 3449 Ob
725 3420 774 3449 lias
789 3418 881 3448 causas
892 3418 1005 3455 quidam
1019 3418 1166 3446 Anicetum
1185 3427 1329 3449 vocavere.

217 3458 291 3488 cons.
304 3457 372 3487 Cels.
390 3468 415 3487 2.
429 3467 473 3495 7¹·
496 3458 690 3489 Columel.lib.
704 3467 745 3487 12.
757 3466 817 3495 cap.
836 3467 878 3492 15.
900 3454 999 3498 Pallad
1012 3454 1088 3499 Febr.
1107 3460 1126 3483 t.
1140 3465 1182 3490 ¹4-

180 3496 228 3526 ΑΝ
237 3499 250 3525 Ῑ
259 3505 270 3524 S
280 3505 298 3524 U
308 3506 329 3524 Μ
342 3517 350 3529 s
374 3495 504 3531 [Α’νιπν]
525 3496 594 3525 Urbs
605 3496 657 3525 esse
668 3496 777 3525 videtur
787 3494 902 3529 Siciliae,
923 3493 1006 3523 Ovid.
1019 3503 1045 3529 4.
1056 3492 1121 3522 bast-
1137 3497 1200 3528 467.

295 3532 411 3570 Jamque
431 3533 597 3568 Leontinos,
620 3533 788 3570 Anisenaque
805 3533 920 3562 flumina
941 3530 1019 3559 cursu
1109 3530 1236 3558 Praeterit.
1291 3531 1328 3560 Ut

216 3570 332 3599 flumina
344 3570 473 3606 Anisena,
495 3578 541 3600 aut
554 3571 665 3600 Anisuni
678 3572 783 3600 flumen
795 3568 870 3607 quod
885 3568 965 3598 Aniso
978 3566 1183 3606 praeterlabitur.
1209 3567 1263 3595 Nisi
1276 3568 1329 3597 flu-

217 3617 282 3636 men
293 3607 438 3637 Anisenum
448 3609 529 3643 dicat,
550 3618 590 3637 >ro
604 3608 684 3638 Aniso
692 3609 816 3637 flumine.
850 3608 1008 3643 [ANisus
1028 3605 1071 3634 vel
1089 3604 1189 3634 Anasus
1200 3605 1227 3634 fl.
1246 3606 1330 3634 Nori-

215 3645 252 3680 ci,
263 3645 298 3673 de
309 3654 364 3681 quo
375 3646 471 3683 Geogr.
487 3646 514 3675 V.
545 3646 621 3674 lodie
638 3650 697 3674 Em.
717 3646 798 3683 Apud
813 3645 897 3675 Ovid.
912 3650 1006 3674 autem
1015 3644 1154 3672 Aiiicnana
1165 3642 1324 3680 legendum.

215 3682 247 3711 V.
269 3682 356 3719 Supra
377 3693 596 3711 AMENANus.
1052 3718 1056 3720 .

176 3720 270 3750 ANiT
281 3730 336 3748 lUs
348 3741 356 3753 ,
388 3720 443 3748 Viri
465 3720 616 3749 Praenestini
631 3729 750 3753 nomen,
771 3722 816 3756 qui
829 3729 883 3749 una
895 3728 960 3749 cum
972 3719 1022 3748 Cn.
1043 3717 1136 3747 Flavio
1154 3717 1234 3755 Appii
1251 3717 1325 3748 Ca‘ci

212 3757 307 3790 scriba,
318 3756 404 3785 aedilis
412 3758 512 3786 curulis
523 3758 584 3792 fuit,
594 3768 628 3786 eo
638 3768 711 3786 anuo
723 3768 778 3793 quo
787 3756 847 3786 usus
859 3757 1026 3786 annulorum
1036 3757 1119 3785 etiam
1129 3754 1204 3793 plebi
1233 3756 1325 3785 ermis-

1228 3815 1236 3823 .
1252 3793 1320 3824 Plin.

675 176 692 205 i.
709 186 733 206 e.
757 174 952 206 vehementes.

1263 323 1277 360 [
1285 323 1346 353 Iino

211 3794 255 3838 sus
265 3795 303 3823 est
311 3816 319 3828 ,
334 3804 419 3830 quum
436 3802 516 3824 antea
528 3794 576 3823 soli
590 3795 734 3824 Senatores
744 3798 769 3824 ok
782 3795 892 3832 Equites
903 3793 1020 3823 annulos
1030 3793 1172 3831 gestarent.

174 3870 193 3900 A
204 3833 312 3937 Ξξὶπῖεξ
329 3841 464 3940 (ἓέυξηίς
479 3868 531 3898 fuit
543 3868 616 3898 filius
634 3891 642 3904 ‚
664 3870 690 3898 ἃ
705 3878 754 3898 rex
769 3869 797 3901 in
806 3868 876 3898 Delo
886 3891 896 3904 ,
916 3869 963 3906 qui
979 3867 1077 3897 habuit
1085 3868 1208 3898 Andrum
1222 3868 1320 3898 filium.

232 3917 279 3944 irg.
295 3916 319 3944 3.
366 3915 393 3935 n.
426 3916 452 3934 0.

1830 55 1857 90 A
1953 53 1988 89 N
2086 53 2120 88 N

1510 132 1570 164 Rex
1591 134 1675 164 Anius
1689 156 1697 169 ,
1718 143 1766 164 rex
1790 134 1863 164 idem
1887 135 2051 171 hominum,
2074 135 2227 172 Phoebiqne
2245 133 2378 166 sacerdos.

1432 171 1513 202 Plura
1533 173 1568 201 de
1583 182 1617 201 eo
1628 172 1708 201 Diod.
1726 172 1810 202 Sicul.
1827 173 1874 202 lib.
1888 183 1947 211 5.p.
1958 178 2021 208 229.
2047 173 2120 202 Filiae
2132 174 2191 207 eius
2201 182 2236 202 ex
2245 174 2369 212 Dorippe
2384 173 2460 204 suere
2473 178 2542 210 tres,

1434 211 1470 240 de
1480 210 1578 248 quibus
1588 210 1672 239 Ovid.
1689 219 1730 246 13.
1748 209 1818 240 Met.
1832 211 1896 240 Fab.
1910 222 1936 247 4.
1952 212 1978 240 δ’(
1987 212 2062 241 Serv.
2074 211 2109 239 ad
2118 211 2190 248 Virg.
2204 210 2236 239 V.

1827 285 1854 320 A
1946 284 1982 320 N
2079 285 2114 320 N

1399 362 1450 391 AN
1460 370 1516 395 NA,
1541 361 1556 396 [
1573 358 1635 387 Α”ννα
1650 360 1665 395 ]
1685 359 1753 395 Dea,
1776 361 1811 390 ab
1820 362 1906 391 Annis
1913 362 2013 398 quibus
2024 362 2193 399 praefidebat,
2204 368 2301 393 vocata
2312 363 2358 398 est,
2371 363 2445 393 &illi
2456 364 2546 398 mense

1436 399 1541 428 Martio
1552 398 1681 434 privatim
1693 398 1839 435 &publice
1848 400 2034 429 sacrificabant
2044 422 2051 435 ,
2067 408 2122 437 quo
2136 401 2176 429 eis
2188 410 2289 429 annare
2313 402 2338 431 δι
2354 410 2506 438 perennare
2515 404 2547 434 li.

1436 443 1519 465 ceret.
1544 436 1606 464 Fuit
1615 436 1692 464 enini
1705 435 1762 465 Beli
1773 436 1827 465 filia
1836 459 1844 472 ,
1865 436 1939 466 soror
1950 437 2068 466 Didonis
2080 460 2088 471 ,
2109 447 2168 474 quze
2179 438 2320 475 postquam
2333 446 2470 469 mortuam
2478 441 2547 472 soro.

1436 483 1496 502 rem
1503 473 1573 501 vidit
1587 494 1594 508 ,
1613 474 1638 502 δ’(
1654 472 1847 511 Carthaginem
1857 475 1891 503 ab
1902 475 2003 504 Hiarba
2013 474 2182 504 Gaetulorum
2196 485 2258 513 rege
2268 483 2443 513 occupatam,
2454 479 2559 510 relista.

1437 511 1501 540 sede
1515 511 1627 548 pristina
1642 510 1677 539 ad
1688 510 1796 541 Battum
1812 523 1914 549 regem,
1927 513 1973 548 qui
1987 512 2092 541 Melitae
2102 513 2357 551 insulaeimperabat,
2368 513 2476 544 cursum
2487 517 2548 547 arri.

1438 553 1510 586 pult.
1535 548 1619 584 Aquo
1632 548 1689 581 iure
1699 550 1916 588 veterishospitii
1929 550 2049 586 benigne
2062 550 2200 588 suscepta,
2216 551 2303 586 duos,
2325 551 2442 587 &ultra,
2461 563 2547 585 annos

1438 586 1477 615 ibi
1492 585 1597 614 mansit.
1619 585 1673 614 Sed
1685 596 1770 624 quum
1781 588 1987 625 Pygmalionem
1997 587 2108 617 fratrem
2116 589 2171 624 jam
2181 597 2244 618 cum
2255 589 2337 618 armis
2347 589 2494 621 adventare
2508 593 2550 622 di.-

1438 623 1555 658 dicisset,
1567 623 1661 652 Battus
1667 625 1769 654 veritus
1779 627 1933 662 potentiam
1944 625 2026 659 iilius,
2040 627 2147 655 Annam
2158 633 2189 655 ut
2197 626 2264 655 inde
2274 626 2359 655 abiret
2370 627 2493 658 hortatus
2501 630 2547 662 est.

1439 660 1511 691 Mox
1525 661 1607 698 igitur
1615 670 1690 690 mare
1699 662 1824 699 ingreli'a,
1837 663 1903 692 dum
1914 664 2058 692 Camerarn
2068 664 2195 701 navigare
2207 664 2399 699 contenderet,
2410 666 2437 694 vi
2447 671 2550 705 tempe.

1439 698 1514 727 statis
1523 700 1582 728 acta
1590 699 1618 727 in
1628 698 1793 729 Laurentem
1803 711 1879 730 oram
1892 701 2036 738 pervenit,
2056 701 2105 730 ubi
2115 702 2170 737 jam
2181 701 2280 731 AEneas
2290 703 2393 739 pacatis
2403 702 2483 733 rebus
2495 726 2504 740 ,
2522 707 2549 736 δε

1439 736 1524 765 ἀιιᾶᾱ
1536 736 1750 773 uxoreLavinia,
1762 738 1923 775 imperabat.
1945 738 1999 767 Hic
2006 745 2066 768 tum
2074 739 2144 768 forte
2152 739 2210 768 solo
2221 739 2325 768 Achate
2331 741 2478 770 comitatus
2491 764 2498 777 ,
2518 743 2548 773 in

1438 773 1531 803 littore
1540 774 1622 803 nudis
1629 775 1747 811 pedibus
1757 776 1922 805 ambulabat.
1945 776 2002 813 Qui
2013 785 2098 813 quum
2107 785 2243 806 errantem
2254 778 2361 806 Annam
2371 777 2549 816 aspexiffee&

1439 812 1486 854 yix
1497 811 1544 853 sibi
1556 809 1717 854 persuadere
1727 813 1816 850 posset
1830 824 1890 842 eam
1902 813 1969 843 esse.
1988 814 2102 843 tandem
2117 816 2240 853 agnitam
2249 815 2410 852 compellat.
2444 816 2550 848 Timuit

1440 849 1486 878 illa
1497 859 1637 892 principio
1648 872 1656 885 ‚
1672 850 1770 880 sororis
1779 851 1870 880 casum
1880 858 1943 881 ante
1953 851 2050 881 oculos
2058 862 2184 890 poneris:
2207 853 2300 890 postea
2307 862 2372 882 vero
2378 853 2467 882 abillo
2475 854 2550 885 beni-

1440 888 1639 929 gneinvitata,
1657 888 1686 916 in
1696 889 1798 926 regiam
1809 899 1874 918 curn
1892 899 1926 918 eo
1939 890 2063 927 profecta
2080 890 2127 919 est.
2170 890 2222 920 Cui
2232 900 2297 919 mox
2311 890 2422 920 Lavinia
2430 901 2550 925 amorem

1439 925 1566 962 conjugis
1575 924 1729 963 suspectum
1742 926 1861 961 hahens,
1880 929 1995 956 tendere
2011 927 2122 957 insidias
2134 929 2229 966 coepit.
2259 928 2314 957 Sed
2324 929 2401 958 Anna
2410 929 2440 958 in
2450 928 2551 962 somnis

1439 972 1455 991 a
1466 962 1576 991 Didone
1587 964 1694 992 monita
1704 985 1712 998 ,
1733 972 1763 993 ut
1771 964 1913 994 infaustam
1922 966 2038 994 domum
2054 965 2236 1003 relinqueret,
2249 966 2338 995 statim
2350 976 2400 1004 per
2407 966 2552 1001 fenestram

1439 1000 1538 1029 exiliit.
1551 1000 1715 1043 'Quumque
1729 1002 1812 1032 citato
1820 1002 1898 1032 cursu
1909 1003 1944 1032 ad
1959 1003 2122 1033 Numicium
2137 1013 2247 1032 amnem
2262 1003 2435 1042 pervenisset,
2447 1005 2477 1034 in
2487 1015 2550 1037 eum

1438 1037 1466 1067 se
1476 1044 1646 1076 praecipitem
1662 1039 1748 1068 dedit.
1787 1040 1855 1070 Orta
1864 1041 1967 1070 deinde
1984 1040 2046 1070 luce
2061 1063 2069 1077 ,
2089 1051 2190 1079 magno
2203 1041 2323 1070 clamore
2333 1052 2394 1071 eam
2409 1044 2552 1079 quaeritana

1439 1082 1481 1105 tes
1493 1086 1542 1113 per
1551 1077 1714 1107 Laurentem
1722 1084 1817 1115 agrum
1829 1078 2047 1116 proficiscuntur.
2076 1078 2217 1117 Apparent
2226 1079 2334 1115 vestigia
2347 1080 2451 1117 pedum
2466 1091 2550 1119 usque

1439 1114 1475 1142 ad
1493 1114 1655 1143 Numicium
1675 1125 1802 1150 amnem,
1823 1116 1895 1146 ultra
1908 1116 1979 1145 nihil
1996 1116 2114 1146 videtur.
2150 1117 2236 1154 Quod
2252 1117 2321 1146 dum
2331 1117 2499 1149 admirandis
2513 1118 2550 1149 se-

1439 1161 1504 1181 cum
1518 1153 1617 1182 animis
1629 1152 1773 1188 volutant,
1794 1154 1851 1191 ipsa
1867 1154 1943 1191 loqui
1961 1154 2015 1183 visa
2026 1155 2079 1183 est:

1596 1202 1634 1211 —
1653 1190 1757 1228 placidi
1773 1190 1831 1220 sum
1850 1192 1975 1230 nympha
1990 1192 2122 1222 Numici:

1517 1227 1607 1256 Amne
1625 1238 1749 1266 perenne
1762 1228 1851 1258 latens
1861 1252 1868 1263 ,
1891 1232 1970 1259 Anna
1990 1230 2114 1259 Perenna
2127 1239 2221 1260 vocor.
2279 1230 2363 1260 Ovid.
2375 1239 2399 1268 3.
2413 1230 2548 1267 Fast.146.

1438 1265 1465 1294 ἃ
1477 1274 1537 1301 523.
1557 1275 1618 1301 543.
1639 1268 1666 1296 ἃ
1676 1266 1729 1304 seq.
1758 1267 1935 1305 Quapropter
1946 1267 2000 1297 laeti
2015 1269 2143 1298 convivia
2155 1268 2329 1298 celebrarunt
2340 1291 2348 1304 ,
2364 1276 2425 1298 eam
2457 1279 2485 1298 ro
2499 1269 2551 1300 dea

1435 1308 1617 1333 venerantes:
1640 1313 1724 1341 quem
1731 1305 1816 1334 ritum
1823 1306 1916 1343 postea
1925 1305 2082 1343 longissimo
2093 1314 2220 1345 tempore
2232 1306 2379 1336 servarunt.
2444 1328 2451 1335 .
2466 1307 2512 1336 Sil.
2520 1313 2546 1343 8.

1438 1345 1482 1376 85.
1499 1342 1525 1370 ἃ
1536 1340 1660 1370 Macrob.
1677 1352 1699 1371 1.
1713 1342 1820 1372 Saturn.
1838 1352 1880 1372 12.
1902 1345 1929 1373 ὁὶ
1940 1343 2005 1373 Lex.
2018 1343 2106 1373 Pitisc.

1399 1377 1422 1408 A
1431 1387 1450 1421 N
1460 1388 1479 1407 N
1489 1389 1512 1406 AE
1523 1388 1542 1421 ᾳ
1550 1388 1571 1408 s.
1593 1379 1705 1408 Nomen
1717 1380 1814 1410 Gentis
1826 1381 1878 1410 Ro.
1898 1381 1940 1410 Ex
1950 1391 2003 1418 qua
2012 1381 2093 1411 multi
2106 1381 2222 1412 illustres
2230 1381 2281 1411 viri
2293 1382 2454 1411 extiterunt.
2475 1381 2549 1413 Inter:

1436 1425 1551 1454 ingenia
1560 1417 1674 1454 quidem
1682 1417 1796 1454 Seneca,
1805 1417 1941 1455 Lucanus,
1957 1419 2053 1450 Florus
2063 1441 2071 1454 ,
2092 1420 2127 1449 de
2137 1419 2222 1456 Quib.
2232 1419 2264 1449 V.
2277 1419 2295 1449 s.
2306 1420 2324 1449 l.
2356 1421 2405 1457 Ap.
2425 1419 2492 1449 Tac.
2506 1422 2546 1450 16.

1436 1453 1506 1482 Ann.
1526 1454 1643 1484 Annaeus
1652 1454 1738 1485 Mella
1748 1455 1853 1485 Lucani
1863 1464 1948 1494 pater.
1960 1458 1986 1487 ἅ
2001 1465 2041 1493 13.
2060 1460 2178 1487 Annaeus
2192 1458 2319 1492 Serenus,
2332 1457 2475 1487 Praefectus
2482 1458 2559 1496 vigi..

1436 1491 1496 1520 lum
1513 1491 1632 1522 Neronis
1643 1515 1650 1528 ,
1672 1494 1718 1530 qui
1729 1494 1808 1532 fungi
1822 1495 1944 1531 quodam
1955 1504 2056 1532 genere
2073 1495 2134 1525 usus
2151 1497 2181 1524 in
2201 1495 2279 1530 cibo,
2304 1496 2421 1524 interem
2444 1503 2488 1525 tus
2500 1496 2547 1532 est,

1436 1528 1474 1572 Ut
1484 1530 1568 1559 tradit
1579 1530 1645 1560 Plin.
1658 1530 1706 1560 lib.
1719 1538 1762 1561 22.
1780 1542 1839 1570 cap.
1854 1542 1899 1568 23.
1922 1532 2094 1562 Memoratur
2106 1540 2235 1571 praeterea
2250 1535 2369 1562 Annaeus
2380 1534 2419 1562 Ga
2432 1533 2480 1570 lio,
2493 1534 2560 1564 Sta-¹

1435 1573 1491 1597 tius
1502 1568 1614 1597 Senecae
1627 1575 1710 1598 notus
1721 1570 1847 1599 medicus
1858 1592 1865 1606 ‚
1886 1570 1997 1607 aliique.
2037 1571 2171 1600 Scribitur
2191 1573 2217 1601 &
2237 1581 2257 1600 A
2265 1580 2285 1599 N
2294 1581 2315 1601 N
2324 1581 2338 1600 a
2344 1581 2357 1606 J
2367 1581 2385 1600 u
2395 1581 2416 1600 s.

1398 1600 1596 1641 ANNALizs,
1617 1607 1802 1643 ANNAtis,
1836 1609 1988 1639 ΑΝΝΑΜ
2000 1618 2027 1638 A.
2068 1608 2098 1637 V.
2121 1618 2254 1638 ANNus.

1398 1644 1420 1673 A
1428 1652 1449 1672 N
1460 1653 1479 1671 N
1490 1653 1508 1671 A
1518 1653 1584 1687 itu-s
1594 1666 1601 1679 ‚
1623 1645 1639 1680 [
1653 1642 1768 1681 Krine&
1781 1646 1797 1681 ]
1814 1645 2032 1684 Babyloniorum
2042 1646 2169 1685 satrapes,
2182 1647 2227 1683 qui
2239 1647 2311 1675 inter
2320 1652 2433 1675 eaeteros
2443 1645 2548 1676 henum

1435 1690 1489 1724 nes
1501 1686 1572 1711 tanti
1582 1681 1663 1711 luxus
1676 1682 1755 1712 fuisse
1766 1684 1892 1720 proditur
1904 1706 1912 1718 ‚
1935 1685 2024 1714 &tam
2032 1685 2178 1722 profundae
2188 1684 2258 1722 gulae
2270 1706 2278 1719 ,
2300 1692 2331 1713 ut
2341 1684 2408 1713 stola
2422 1685 2548 1716 muliebri

1435 1720 1552 1749 amictus
1560 1741 1568 1754 ,
1585 1729 1664 1749 mero
1673 1722 1709 1763 ,ἃ
1727 1728 1870 1759 unguento
1884 1722 1999 1751 madens
2010 1744 2018 1757 ,
2038 1728 2153 1752 centum
2175 1724 2199 1752 8<
2217 1723 2416 1760 quinquaginta
2434 1721 2548 1759 psaltriin

1434 1756 1516 1786 simul
1534 1757 1733 1787 accubantibus
1743 1780 1751 1793 ,
1770 1759 1847 1789 velut
1856 1760 1967 1789 officina
1978 1761 2108 1797 nequitiae
2117 1782 2126 1796 ,
2146 1761 2254 1798 magnis
2273 1760 2452 1790 effulionibus
2462 1761 2547 1790 coeni·

1433 1800 1512 1824 taret.
1552 1794 1629 1824 Alex.
1651 1795 1685 1825 ab
1700 1795 1776 1826 Alex.
1787 1796 1834 1827 lib.
1854 1808 1877 1834 ς.
1892 1807 1951 1835 cap.
1963 1806 2007 1827 22.

1395 1828 1621 1869 ANNAscoa,
1660 1833 1692 1863 V.
1715 1844 1925 1865 ADNASCOR.
1949 1837 1975 1866 ἃ.
1995 1845 2210 1866 AcNAscoa.

1396 1870 1570 1900 ANNATO.
1610 1870 1643 1901 V.
1665 1881 1833 1902 ADNATo.

1397 1908 1625 1945 ANNAvico,
1653 1910 1943 1940 ANNAvrcArio.
1983 1910 2015 1940 V.
2038 1920 2251 1941 ADNAvico.

1395 1945 1447 1975 AN
1457 1955 1478 1975 N
1488 1956 1502 1975 13
1512 1956 1582 1976 cro
1594 1968 1602 1982 ,
1624 1948 1671 1977 xui
1681 1969 1690 1982 ,
1710 1957 1793 1983 xum,
1814 1950 1829 1985 [
1844 1949 1960 1984 ωσάςω
1975 1949 1991 1984 ]
2011 1951 2065 1978 ere.
2087 1949 2176 1978 Simul
2190 1951 2318 1985 neftere,
2342 1948 2463 1987 alligare.
2477 1948 2543 1981 Piin.
2588 1981 2589 1987 ¹

1433 1983 1481 2013 lib.
1498 1994 1540 2013 ιο.
1558 1994 1619 2023 cap.
1637 1993 1680 2022 37.
1702 1985 1835 2024 Epistolas
1846 1996 1967 2016 annexas
1977 1996 2072 2016 earum
2082 1987 2209 2024 pedibus.
2247 1987 2326 2017 Idem
2345 1987 2393 2017 lib.
2407 1998 2434 2024 4.
2447 1997 2506 2026 cap.
2518 1998 2540 2018 1.-

1433 2021 1552 2051 Insulam
1566 2024 1723 2052 continenti
1736 2025 1896 2054 annectens.
1941 2025 1957 2053 i.
1977 2034 2001 2053 e.
2022 2024 2211 2062 Conjungens.

1432 2059 1564 2090 Meritum
1577 2062 1725 2090 annectere
1735 2062 1856 2100 pectori,
1878 2063 1904 2092 ἃ
1916 2069 1999 2100 caput
2008 2062 2134 2100 scapulis.
2163 2062 2232 2092 Cels.
2241 2062 2290 2091 lib.
2304 2073 2331 2098 4.
2343 2072 2403 2100 cap.
2421 2071 2446 2100 3.
2471 2063 2545 2094 Mon

1454 2098 1505 2127 bus
1516 2099 1562 2134 qui
1571 2099 1658 2128 modo
1667 2106 1752 2137 caput
1761 2099 1894 2137 scapulis,
1909 2101 1995 2129 modo
2007 2107 2134 2129 mentum
2160 2101 2265 2138 pectori
2282 2102 2414 2130 annectit.

1431 2136 1550 2165 Anneeti
1565 2137 1610 2166 ad.
1632 2137 1690 2166 Cic.
1701 2146 1726 2167 2.
1738 2138 1773 2166 de
1784 2138 1847 2167 Nat.
1858 2137 1941 2167 Deor.
1955 2148 2016 2174 ης.
2037 2138 2120 2167 Paulo
2132 2138 2210 2176 supra
2220 2148 2301 2175 quam
2316 2139 2351 2168 ad
2362 2139 2487 2176 linguam
2495 2138 2545 2169 sto-

1451 2174 1565 2203 machus
1574 2175 1739 2205 aniiec'titut.
1759 2175 1809 2204 Pro
1821 2185 1855 2206 eo
1867 2176 1942 2213 quod
1953 2176 1991 2205 est
1999 2198 2006 2211 ,
2027 2175 2138 2213 Linguae
2149 2177 2313 2206 anneditur.

1393 2211 1443 2240 AN
1452 2221 1471 2239 N
1481 2221 1495 2240 a
1503 2220 1521 2240 x
1530 2221 1549 2240 υ
1557 2221 1570 2241 s
1578 2234 1586 2247 ,
1617 2222 1646 2248 a,
1668 2223 1724 2241 um.
1747 2221 1793 2249 ut,
1822 2215 1950 2243 Annexus
1968 2214 1997 2243 in
2015 2223 2044 2242 re
2070 2215 2171 2251 aliqua.
2212 2214 2281 2243 Plin.
2305 2213 2354 2243 lib.
2380 2219 2423 2249 28.
2444 2223 2503 2252 cap.
2515 2219 2541 2251 8.

1433 2248 1488 2278 Cor
1501 2259 1642 2279 annexum
1653 2251 1682 2279 in
1698 2250 1762 2280 lana
1779 2251 1840 2281 ovis
1859 2252 1953 2289 nigrat.

1432 2287 1576 2316 Annexam
1586 2287 1714 2327 scapham
1729 2289 1818 2327 puppi
1829 2289 1969 2319 funiculus
1978 2289 2111 2319 trahebat.
2133 2289 2192 2319 Cic.
2202 2299 2227 2319 2.
2238 2289 2274 2319 de
2285 2289 2393 2320 Invent.
2407 2299 2467 2326 154.

1393 2324 1416 2354 A
1424 2333 1445 2353 N
1456 2334 1475 2353 N
1486 2334 1499 2353 a
1508 2334 1527 2354 x
1536 2335 1553 2354 υ
1564 2335 1576 2354 s
1588 2347 1596 2362 ,
1618 2327 1657 2356 us.
1679 2326 1767 2356 Tacit.
1784 2336 1808 2363 3.
1827 2327 1894 2357 Hist.
1912 2336 1955 2363 34.
1976 2327 2063 2365 Igitur
2074 2337 2190 2357 numero
2200 2327 2542 2366 colonorum,opportuni.

1430 2368 1487 2407 tate
1497 2362 1646 2394 fluminum
1656 2386 1665 2400 ‚
1681 2364 1750 2394 uber
1765 2365 1822 2402 agri
1842 2374 1952 2394 annexu
1972 2365 2175 2403 connubiisque
2192 2366 2318 2403 gentium
2338 2366 2476 2403 adolevit,
2494 2366 2542 2395 fio-

1429 2409 1548 2438 ruitque.

1393 2438 1617 2475 ANNsLLus,
1657 2439 1689 2470 V.
1711 2445 1901 2470 ANNULus.

1393 2477 1416 2506 A
1427 2486 1448 2505 N
1457 2486 1476 2505 N
1486 2479 1521 2505 1ss
1531 2486 1549 2505 A
1559 2487 1575 2504 L
1585 2499 1594 2512 ‚
1613 2476 1658 2506 vel
1681 2478 1706 2507 H
1717 2487 1764 2506 AN
1774 2488 1793 2507 N
1804 2481 1837 2506 in
1848 2488 1865 2507 A
1876 2489 1891 2506 L
1903 2501 1911 2513 ,
1932 2478 1991 2508 alis.
2010 2479 2109 2515 Juven.
2126 2481 2151 2507 6.
2164 2478 2219 2508 Sat.
2233 2483 2292 2515 169.
2314 2478 2373 2508 alis.
2396 2478 2465 2509 cell.
2477 2489 2502 2515 4.
2513 2484 2538 2516 7.

1431 2513 1564 2550 [A'iir'Caz]
1575 2515 1687 2544 Nomen
1698 2515 1782 2545 Ducis
1793 2516 2022 2554 Carthaginiensis
2031 2516 2246 2555 praestantissimi.
2260 2517 2317 2554 Qui
2329 2527 2344 2546 a
2352 2517 2468 2555 pueritia
2478 2521 2540 2547 cum

1430 2551 1589 2582 Hamilcare
1595 2559 1672 2590 patre
1686 2554 1714 2582 in
1725 2554 1816 2583 castris
1829 2554 2045 2592 versatus,quum
2056 2556 2148 2584 minor
2157 2555 2380 2592 vigintiquinque
2389 2555 2467 2584 annis
2477 2554 2542 2584 eil'et

1429 2589 1579 2627 imperator
1590 2590 1695 2621 electus
1708 2613 1715 2625 ‚
1739 2591 1898 2629 Hispaniam
1910 2592 1984 2621 bello
1994 2592 2115 2630 subegit,
2138 2593 2218 2629 Alpes
2229 2593 2349 2621 transivit
2361 2615 2369 2628 ,
2390 2602 2449 2629 quae
2461 2593 2545 2624 inviae.

1430 2627 1595 2657 videbantur
1604 2649 1612 2664 ,
1632 2629 1824 2658 Romanorum
1841 2630 1926 2659 duces
1935 2631 2023 2660 tribus
2038 2631 2136 2668 praeliis
2145 2631 2211 2658 vicit
2222 2652 2229 2665 ,
2251 2630 2446 2667 Romanosque
2457 2630 2543 2660 maxi-⁴

1431 2675 1477 2694 ma
1495 2665 1574 2695 clade
1595 2667 1673 2705 apud
1691 2667 1799 2696 Cannas
1812 2667 1914 2696 affecit.
1937 2668 1978 2697 De
1999 2669 2079 2704 hujus
2094 2668 2206 2705 ingenio
2214 2690 2222 2703 ,
2261 2668 2293 2698 V.
2315 2668 2372 2697 Liv.
2387 2678 2431 2698 21.
2447 2679 2472 2704 4.
2498 2667 2547 2697 De«

1431 2704 1595 2733 auetoritate
1605 2727 1612 2739 ,
1633 2705 1711 2734 Idem
1720 2710 1764 2738 28.
1779 2714 1820 2734 12.
1833 2705 1868 2734 de
1878 2712 1967 2735 niorte
1978 2716 2020 2741 39.
2033 2716 2075 2741 51.
2099 2707 2124 2735 ὃς
2138 2709 2179 2740 ςό.

1430 2741 1505 2770 Alius
1516 2742 1633 2771 Annibal
1650 2742 1693 2771 vel
1703 2742 1840 2771 Hannibal
1851 2765 1858 2778 ,
1880 2743 2004 2773 Gisconis
2013 2743 2084 2773 filius
2094 2744 2155 2777 fuit,
2166 2753 2248 2780 quem
2258 2742 2386 2773 nonnuUi
2397 2741 2540 2772 Asdrubale

1448 2781 1580 2846 pgtumgc
1589 2780 1725 2846 1Γιῗὲἰοτεῃ]
1737 2781 1907 2818 appellatum
1920 2782 2041 2817 tradunt,
2057 2781 2104 2810 sed
2116 2781 2181 2810 fiilso
2190 2802 2198 2817 ,
2217 2781 2256 2810 uti
2274 2782 2372 2810 docuit
2383 2780 2492 2811 Casaub.
2505 2779 2540 2810 ad

1461 2828 1468 2845 1
1491 2840 1497 2846 .
1512 2827 1534 2845 1.
1570 2827 1586 2846 o
1611 2828 1615 2836 ’
1640 2841 1644 2846 .
1678 2842 1683 2847 .
1699 2829 1705 2846 i
1733 2823 1758 2847 6.

1394 2854 1415 2886 Α
1425 2864 1445 2883 Ν
1455 2864 1475 2883 Ν
1484 2865 1492 2882 1
1502 2865 1516 2882 is
1525 2865 1543 2883 A
1552 2866 1568 2884 L
1578 2828 1612 2884 1⁵⁵
1628 2823 1734 2891 Capltra8,
1756 2856 1857 2884 dicitur
1868 2855 1962 2886 Portus
1973 2857 2084 2909 quidam
2096 2866 2202 2894 magnae
2215 2857 2324 2885 Graeciae
2334 2878 2342 2892 ,
2365 2857 2394 2886 in
2403 2866 2435 2886 ea
2445 2854 2540 2894 penin-

1432 2892 1487 2922 sula
1498 2902 1579 2929 quam
1588 2893 1731 2924 Terinaeus
1752 2893 1823 2922 linus
1835 2894 1927 2923 efficit.
1969 2895 1999 2923 i.
2024 2894 2089 2924 Plin.
2101 2894 2147 2924 lib.
2163 2904 2186 2929 3.
2209 2904 2269 2931 cap.
2286 2904 2326 2923 10.

1393 2930 1445 2960 AN
1456 2939 1521 2959 Nic
1531 2940 1568 2959 aa
1578 2942 1587 2960 1
1597 2941 1609 2961 s
1619 2953 1626 2966 ,
1649 2933 1664 2967 [
1681 2932 1803 2961 Aiu'xzfflc
1818 2931 1833 2966 ]
1854 2931 2012 2970 Philosophi
2034 2941 2137 2960 nomen
2155 2932 2332 2968 Cyrenenlis,
2354 2931 2480 2970 Aristippi
2499 2930 2538 2960 di-

1429 2967 1529 3006 scipuli
1541 2990 1549 3002 ,
1570 2969 1645 3006 apud
1656 2969 1743 2998 Strab.
1759 2968 1806 2997 lib.
1827 2977 1867 3006 17.
1902 2970 1958 3006 Qui
1971 2969 2149 3007 Cyrenaicam
2166 2969 2265 2998 seciani
2277 2970 2446 3005 emendavit,
2467 2970 2493 2999 Sc
2502 2964 2536 2999 ab

1431 3016 1463 3035 ea
1475 3006 1647 3036 Anniceriam
1668 3007 1831 3036 introduxit.
1872 3005 1902 3036 V.
1924 3008 2003 3044 plura
2012 3008 2084 3045 apud
2099 3007 2183 3036 eund.
2206 3007 2238 3036 Et
2249 3007 2306 3036 Cic.
2323 3016 2347 3044 3.
2360 3006 2416 3036 Off.
2433 3016 2474 3043 33.
2504 3006 2536 3037 Et

1431 3043 1518 3073 Laert.
1530 3044 1558 3072 in
1568 3045 1621 3073 vita
1633 3045 1768 3082 Aristippi.
1794 3045 1871 3074 ldem
1880 3054 1913 3074 ari
1927 3044 1995 3074 alius
2007 3045 2098 3079 fueiit,
2123 3046 2169 3082 qui
2181 3045 2321 3074 Platonem
2332 3056 2346 3073 a
2360 3044 2485 3082 Oionylio
2495 3050 2536 3073 ve-

1430 3081 1587 3111 nundatum
1596 3083 1729 3117 redemit,
1752 3082 1786 3111 de
1796 3092 1850 3119 quo
1862 3081 1948 3112 Laert.
1959 3083 1989 3112 in
2000 3083 2064 3111 Plat.
2075 3083 2231 3119 ambigitur,
2246 3092 2379 3119 equorum
2390 3083 2537 3119 agitatione

1430 3129 1463 3148 ac
1470 3127 1600 3149 curruum
1609 3121 1696 3149 nimio
1706 3120 1767 3157 plus
1778 3119 1825 3148 libi
1837 3120 1992 3157 placens,ac
2000 3120 2189 3158 saepenumero
2197 3121 2255 3156 ejus
2267 3121 2306 3149 rei
2317 3120 2444 3150 molestus
2452 3121 2536 3149 osten-

1430 3162 1508 3186 tator.
1540 3157 1580 3186 De
1595 3157 1648 3187 hoc
1658 3179 1665 3192 ,
1687 3159 1713 3187 ἃ
1730 3157 1849 3187 Platonis
1873 3158 1907 3186 de
1927 3159 2028 3187 eodem
2049 3158 2184 3194 judicium
2197 3158 2261 3187 vide
2278 3158 2353 3196 apud
2372 3157 2435 3187 Cael.
2448 3157 2532 3195 Antiq‘

1430 3195 1504 3224 Le&
1517 3194 1565 3224 lib.
1578 3204 1618 3230 17.
1628 3205 1687 3234 cap.
1703 3205 1746 3232 31.
1765 3195 1865 3225 JElian.
1886 3195 1918 3224 V.
1936 3196 1969 3225 H.
1994 3206 2018 3225 2.
2032 3207 2075 3233 27.
2097 3196 2144 3225 ubi
2165 3195 2196 3225 V.
2214 3196 2298 3225 Perit.

1391 3233 1639 3268 ANN1CULus,
1671 3234 1858 3268 ANNli’ER‚
1899 3233 1928 3262 V.
1953 3244 2084 3263 ANNUS.

1391 3272 1412 3300 A
1422 3280 1441 3299 N
1451 3280 1470 3299 N
1480 3280 1516 3299 111
1527 3274 1583 3300 11AE
1594 3281 1640 3300 ‘ro
1650 3280 1664 3299 a
1676 3287 1684 3306 3
1704 3270 1786 3300 Gloff.
1801 3271 1845 3300 Gr.
1860 3270 1917 3300 Lat.
1938 3268 2075 3303 ἑξεδὶωτός.

1390 3309 1469 3338 ΛΝΝ
1482 3316 1587 3338 [roa.
1609 3310 1794 3343 ANNisus,
1816 3310 1842 3338 dc
1862 3310 2053 3344 ANerus,
2074 3310 2305 3343 ANNistJRus,
2328 3309 2355 3338 Bc
2373 3307 2532 3338 ANNixu-

1429 3356 1512 3380 κως,
1552 3345 1584 3375 V.
1615 3355 1798 3375 ADNITOR.

1389 3386 1723 3419 ANNIVARSARIUS‚
1764 3384 1794 3412 V.
1826 3392 1958 3412 ANNUS.
2564 3389 2567 3415 Ξ

1389 3421 1410 3450 A
1420 3431 1439 3450 N
1450 3431 1469 3449 N
1480 3432 1487 3450 i
1498 3431 1536 3450 us
1546 3443 1554 3455 ,
1578 3421 1690 3450 Nomen
1706 3421 1809 3459 gentile
1822 3421 2009 3451 Romanorum
2021 3423 2100 3458 cujus
2111 3421 2233 3451 nominis
2243 3421 2322 3450 multi
2334 3420 2407 3459 apud
2419 3420 2475 3452 Cic.
2487 3428 2531 3450 oc-
2563 3418 2571 3483 'i

1426 3463 1548 3488 currunt.
1585 3459 1615 3488 V.
1639 3459 1710 3488 Fulv.
1737 3459 1790 3488 Urs.
1813 3459 1947 3488 Familias.

1426 3496 1516 3525 Annia
1530 3496 1654 3525 Romana
1665 3497 1766 3530 vidua,
1791 3505 1873 3532 quam
1894 3506 1957 3525 cum
1975 3496 2122 3534 propinqui
2144 3503 2308 3530 monerent,
2337 3502 2368 3525 ut
2383 3495 2460 3525 alteri
2473 3495 2529 3523 viro
2562 3492 2573 3539 [ἶ

1444 3534 1561 3563 nuberet
1575 3556 1582 3569 ,
1604 3535 1714 3571 negavit
1724 3534 1750 3563 se
1759 3534 1900 3569 iacturam,
1912 3543 1946 3562 nc
1957 3534 1972 3562 li
1984 3534 2088 3562 honum
2099 3536 2177 3563 natta
2187 3533 2252 3562 esset
2260 3555 2269 3568 ,
2287 3534 2411 3571 perdere,
2423 3540 2452 3562 ut
2461 3533 2530 3570 prio·
2562 3543 2564 3563 i

1445 3576 1512 3606 rem,
1542 3572 1669 3607 timeret,
1697 3573 1736 3601 lin
1758 3570 1861 3600 malum
1871 3593 1879 3606 ,
1910 3570 1998 3600 aniill'i
2023 3571 2187 3601 desiderium
2212 3578 2330 3608 augeret.
2371 3571 2412 3601 Ex
2433 3564 2528 3605 Erasini
2561 3566 2563 3601 i

1443 3609 1563 3647 Apopht

1386 3645 1520 3681 ANNo,
1562 3646 1593 3676 V.
1616 3648 1919 3676 ANNus&AnNo.
2560 3670 2562 3677 .

1385 3682 1433 3711 AN
1445 3692 1490 3711 No
1501 3693 1671 3713 MlNATlo
1682 3706 1690 3720 ,
1719 3684 1846 3714 Ciceroni
1865 3683 1982 3718 dicitur,
2005 3694 2066 3721 quae
2085 3683 2262 3720 memmae-la
2278 3683 2386 3713 Graecis.
2408 3682 2438 3711 V.
2458 3679 2524 3711 Voff.
2560 3697 2561 3702 =

1423 3720 1504 3749 Rhet.
1525 3731 1547 3756 ς.
1562 3732 1585 3756 ς.
1601 3732 1624 3751 1.
2560 3707 2579 3765 i.

1384 3757 1571 3792 ANNoNA,
1601 3760 1790 3792 ANNosus,
1834 3757 1866 3786 V.
1893 3767 2028 3787 ANNus.

1385 3795 1641 3831 ANNo'mNus,
1681 3797 1711 3826 V.
1733 3799 1868 3830 Annona,
1895 3796 1923 3824 in
1941 3805 2078 3837 ANNUS.

1384 3835 1404 3862 Α
1415 3841 1433 3861 Ν
1444 3840 1462 3858 Ν
1472 3834 1489 3860 ὅ
1498 3842 1517 3861 Τ
1527 3842 1543 3861 O
1556 3855 1564 3867 ,
1594 3836 1608 3869 [
1624 3835 1794 3868 επισημειὲμια
1803 3851 1808 3860 ι
1835 3835 1976 3866 {mom-coum
1990 3834 2005 3868 ]

1422 3869 1558 3905 adjicere:
1581 3878 1612 3900 ut
1623 3881 1707 3908 quum
1720 3872 1747 3900 in
1758 3870 1834 3899 libris
1844 3871 1939 3899 nostris
1951 3870 2054 3907 aliquid
2064 3872 2241 3908 lignaiiius,ut
2250 3871 2405 3903 inveniatur
2414 3868 2524 3899 facilius.

1420 3907 1525 3937 Autlior
1537 3909 1620 3938 Corn.
1633 3909 1746 3945 Fronto,
1755 3908 1881 3939 scribitur
1889 3910 1915 3937 δέ
1925 3908 2043 3938 Adnoto.
2440 3910 2524 3937 Anno-
2557 3910 2558 3943 l

2027 3836 2078 3862 are..
2113 3833 2151 3862 est
2169 3834 2281 3870 proprie
2296 3833 2397 3862 Notam
2412 3831 2525 3869 aliquam
2574 3822 2587 3830 ⁸

2585 2091 2588 2156 ἑ

2583 2229 2586 2267 ἰ

2580 2373 2583 2400 i

2579 2449 2581 2485 i

2578 2490 2582 2517 i

2586 3909 2595 3950 ἲ
