2604 4222
642 99 680 134 Ε
773 98 794 133 S
886 97 919 131 T

208 181 312 215 ffisffis
330 183 444 213 aestivus.
467 179 612 211 Claudian.
633 181 732 217 Paneg.
750 180 799 209 lib.
812 191 838 215 4.
852 187 897 215 43.

221 220 257 254 ou
263 223 351 261 pellex
363 221 460 250 aestiva.
501 219 542 248 De
553 218 662 255 poculis
672 218 765 247 vitreis
777 218 882 246 dictum
892 237 900 250 ,
918 212 1033 250 quodea
1043 209 1204 247 tempestate
1215 209 1342 245 lagenam

242 264 268 290 ὰ
280 260 424 298 potionem
437 257 531 295 potius
546 266 628 292 quarn
637 256 731 285 cibum
750 257 775 285 ἃ*
785 254 931 282 obsonium
943 258 1104 287 quaeramus.
1144 247 1266 284 Propert.

384 302 428 320 ’---
447 295 564 331 vitiique
582 294 670 322 zelliva
684 292 827 333 suppelleig
1213 298 1215 300 ·

305 335 339 364 Et
355 333 537 370 ll'letliymnaei
562 332 641 363 (iraia
658 331 739 360 saliva
758 339 836 370 meri.
1049 361 1054 366 q
1141 360 1146 365 .
1284 359 1288 365 .

224 373 315 403 Saltus
325 372 463 408 liybernos
473 370 631 405 fflstll'O-Sque
645 369 738 397 animo
748 366 917 407 pollidemus
929 385 937 397 ,
955 371 1070 404 quanvis
1080 366 1162 390 certis
1171 359 1344 397 temporibus

245 421 292 440 eos
310 410 504 445 relinquamus.
526 407 636 436 l'aul.in
649 406 666 434 l.
681 415 703 443 3.
717 404 745 432 ff.
762 404 796 431 de
806 407 914 438 licquir.
927 399 1032 444 lffolless.

225 448 273 478 Sol
286 449 398 477 irl'rivus.
421 445 489 474 Plin.
504 444 551 474 lib.
570 453 611 473 12.
624 453 683 481 cap.
706 452 748 477 14.
781 440 815 469 Et
826 440 900 477 apud
909 438 983 475 Virg.
995 448 1022 474 4.
1039 436 1139 474 Georg.
1153 442 1197 470 28.

225 486 313 516 Soles.
334 486 400 514 Stat.
413 495 439 518 4.
457 483 529 519 Sylv.
541 493 567 518 4,
601 519 605 523 ⁵

226 524 323 561 Sopor.
346 522 443 552 Claud.
454 519 554 557 Eidyll.
572 518 626 550 Nil.
640 527 685 552 41.
709 554 714 559 .
935 552 940 557 ¹

227 561 333 591 Tellus.
364 558 466 589 Sen.in
475 557 553 587 med.
571 566 610 584 10.
650 554 750 584 ffistiva
764 552 847 582 tellus
861 552 955 581 floruit
966 556 1132 580 cantumeO.
1154 549 1181 578 h.
1193 558 1217 578 e.
1247 548 1345 578 Tellus

246 599 316 628 meis
330 595 565 627 incantationibus
576 592 637 622 talis
652 591 722 620 facta
735 614 743 626 ,
765 590 852 628 qualis
867 590 955 619 aestate
971 589 1041 618 solet
1053 587 1116 618 esse.

226 636 375 673 Tempora.
399 635 455 663 Cic.
471 642 495 668 7.
521 632 592 659 Verr.
613 639 656 665 30.
696 628 722 658 T
724 628 888 658 abernacula
908 626 1147 668 quemadmodum
1167 624 1347 668 consueverat

247 672 419 711 temporibus
434 670 539 703 aestivis,
561 667 807 697 carbaseisintenta
815 666 883 696 velis
892 665 1023 695 collocari
1032 664 1107 701 jullit
1116 664 1146 692 in
1156 663 1260 692 littore.

227 711 339 741 Umbra.
362 709 445 738 Ovid.
461 717 501 742 13.
522 706 592 735 Met.
609 715 672 742 793.

308 747 417 778 Solibus
437 744 584 782 hybernis,
607 743 696 772 zeltiva
706 743 806 780 gratior
821 741 928 771 umbra.
1138 776 1143 782 .
1244 775 1250 780 ·
1283 775 1288 780 ι
1339 775 1345 780 .

190 788 315 819 AEs'rrv
327 795 339 813 t
352 807 359 818 ,
381 784 449 813 Λᾶν.
468 782 553 811 Plaut.
565 781 645 811 Men.
659 791 684 810 2.
702 791 724 809 1.
737 791 782 815 29.
814 778 1011 817 Cuminspicio
1023 775 1205 820 Marsupiuni,
1224 780 1346 820 viaticati

228 823 380 854 admodum
390 821 478 849 aestive
492 819 593 849 sumus.
614 819 663 848 ubi
672 819 771 849 AEstive
781 818 903 847 viaticari
919 840 927 851 ‚
949 826 1000 854 pro
1012 816 1148 845 Tenuiter
1157 813 1310 856 admodum
1320 818 1346 841 ot

227 871 324 900 parce,
350 859 466 893 dicitur3
486 856 797 893 jocularitralationeab
808 857 840 885 iis
855 878 863 891 ,
885 856 931 892 qui
952 864 1000 891 per
1010 854 1128 882 aestatem
1139 851 1236 880 leviter
1249 860 1280 879 ac
1300 859 1347 879 ex-

226 899 321 937 pedite
339 897 445 926 ornati:
480 905 639 933 quanquam
655 895 734 925 aliter
751 904 816 924 euni
827 894 923 923 locuni
936 893 1132 929 interpretatur
1147 888 1273 918 Turneb.
1293 887 1347 916 Ad.

224 936 289 966 vers.
305 941 346 969 18.
362 946 404 970 15.

187 976 310 1008 AEsriv
323 984 365 1002 AL
378 984 384 1000 1
395 983 406 1002 s
420 995 428 1008 ,
449 983 474 1001 e.
494 972 573 1002 Idem
586 970 796 1008 quodAEstivus.
818 968 890 1006 Hyg.
905 968 970 997 Astr.
989 976 1012 1003 3.
1029 975 1075 1001 ²4·

225 1010 510 1050 A1>.Plat.fiein.lib.
527 1019 549 1047 3.
568 1010 603 1039 de
618 1008 713 1045 Legib.
741 1008 776 1037 H.
798 1007 837 1036 St.
1029 1042 1035 1047 ·
1073 1041 1078 1047 ι
1134 1041 1139 1046 1

186 1051 363 1083 AEsrfrm,
385 1045 491 1084 [menie
505 1071 513 1083 ,
533 1044 667 1082 pandat]
693 1049 746 1075 Ere.
770 1043 955 1074 Considerare.
980 1040 1100 1078 Quintil.
1121 1039 1169 1069 hb.
1182 1049 1207 1069 2.
1218 1048 1279 1077 cap.
1300 1047 1341 1076 13·

226 1087 403 1124 Consumptis
413 1085 557 1115 affeeiibus
565 1108 572 1121 ,
587 1095 645 1113 non
656 1084 796 1121 reperiens
804 1091 859 1119 quo
869 1082 952 1118 digne
964 1080 1050 1123 modo
1062 1078 1267 1121 vultumpatris
1285 1076 1345 1114 poss

222 1125 263 1156 set
274 1126 430 1163 exprimere
442 1146 449 1158 ,
465 1124 567 1153 velavit
579 1124 638 1159 ejus
659 1130 760 1159 caput,
782 1122 808 1150 &
826 1119 873 1148 suo
887 1119 988 1156 cuique
1005 1127 1099 1147 animo
1115 1116 1194 1145 dedit
1213 1116 1346 1158 aestmian-

223 1165 301 1193 duni.
324 1163 383 1192 Cic.
396 1173 419 1192 ι.
430 1163 465 1192 de
476 1161 570 1199 Legib.
584 1171 607 1190 1.
648 1160 761 1189 Sisenna
771 1159 830 1193 ejus
840 1158 945 1186 amicus
956 1165 1054 1185 omnes
1067 1154 1160 1197 adhuc
1170 1153 1275 1182 nostros
1282 1152 1346 1195 scri:

222 1209 318 1240 ptores
330 1223 338 1236 ,
359 1200 408 1230 nisi
426 1201 552 1237 quiforte
569 1199 698 1228 nondum
708 1198 857 1227 ediderunt
870 1216 879 1231 ,
901 1195 935 1239 de
952 1193 1051 1236 quibiis
1068 1193 1199 1221 aestimare
1210 1200 1268 1220 non
1283 1192 1345 1233 pol·-

223 1240 335 1275 sumus,
355 1237 436 1267 facile
446 1238 591 1275 superavit.
632 1236 665 1265 Et
682 1245 706 1272 7.
728 1235 802 1263 Verr.
815 1241 858 1268 23.
899 1231 1057 1270 Expendite
1080 1230 1139 1273 haec
1151 1251 1159 1264 ,
1180 1236 1262 1275 atque
1277 1229 1343 1274 assti-

221 1284 304 1307 mate.
346 1277 428 1306 Unde
439 1277 545 1305 dictum
558 1275 596 1304 est
604 1274 744 1304 ffistimare
755 1271 922 1377 pifaxare
937 1280 944 1300 :
966 1269 999 1298 ab
1009 1269 1055 1298 AEs
1065 1277 1124 1297 aeris
1139 1288 1147 1303 ,
1169 1268 1196 1296 ἃ.
1206 1279 1259 1301 ris-cn
1269 1266 1341 1295 (Jrae-

221 1325 255 1345 ce
267 1338 274 1351 ,
296 1315 372 1352 quod
390 1315 427 1343 est
444 1314 565 1351 pretium
578 1312 683 1342 Latine.
864 1345 869 1351 .
905 1345 910 1350 ι
1191 1343 1196 1348 Π

220 1353 371 1384 AEstimare.
380 1351 657 1394 Videre,prospicere,
667 1351 693 1379 «Sc
703 1359 717 1378 e
728 1348 793 1377 loco
822 1345 913 1376 lbllmi
922 1344 1103 1374 considerare.
1112 1342 1234 1373 Martial.
1247 1352 1288 1379 14.
1294 1345 1339 1378 64.

301 1391 374 1420 Hm.-
395 1390 499 1428 sestcm
518 1390 648 1418 dominos
662 1388 754 1417 videre
771 1390 897 1418 montes,

300 1429 333 1458 Et
346 1438 434 1457 rotam
448 1428 514 1456 licet
532 1427 661 1456 aestimare
681 1425 815 1458 Romam,

300 1467 420 1496 Albanos
438 1475 548 1503 quoque
560 1487 567 1500 ,
591 1463 785 1499 Tusculosque
805 1459 901 1490 colles.

218 1504 377 1539 IEstimare,
398 1513 462 1532 cum
472 1503 592 1532 ablativo
601 1502 690 1539 pretii.
713 1500 772 1529 Cic.
791 1510 814 1534 ς.
837 1497 913 1527 Verr.
934 1499 999 1525 216.
1020 1495 1128 1525 Eodem
1146 1500 1274 1532 tempore
1286 1493 1340 1523 An-

237 1543 332 1571 tonius
341 1541 428 1571 tribus
440 1541 558 1570 denariis
568 1539 709 1568 testimavit
724 1537 785 1576 post
794 1535 922 1579 messe-ml
937 1534 980 1577 De
992 1534 1134 1563 frumento
1149 1533 1280 1576 loquitur.
1309 1570 1314 1575 .

219 1580 372 1615 AEstimare,
392 1589 455 1608 cuni
465 1578 618 1608 accusativo
630 1576 792 1606 &ablativo
824 1572 943 1610 Quintil.
960 1571 1008 1615 lib.
1027 1581 1068 1600 11.
1085 1580 1117 1600 ca
1140 1593 1146 1600 .
1163 1581 1185 1599 1.
1215 1570 1261 1599 Sic
1272 1575 1338 1606 egit,

238 1625 270 1647 ut
279 1619 325 1655 qui
338 1627 451 1656 poenam
458 1617 533 1646 suam
545 1615 697 1645 honoribus
710 1613 824 1644 summis
834 1611 901 1641 effet
912 1610 1100 1640 aestimaturus.
1151 1618 1166 1638 e
1176 1609 1288 1638 Socrate
1299 1607 1340 1636 lo-

256 1663 341 1685 uitur.

216 1667 455 1725 Jssstimarelitem.
477 1693 535 1723 Cic.
552 1703 576 1728 ς.
600 1692 674 1721 Verr.
687 1701 731 1720 22.
753 1690 817 1727 Qua
825 1688 856 1717 in
867 1686 978 1717 civitate
988 1685 1058 1729 Caio
1073 1685 1175 1728 Catoni
1189 1682 1337 1728 clarissimo

234 1733 313 1768 viro,
342 1731 484 1761 Consulari
498 1731 624 1766 homini,
654 1729 806 1759 sestertium
831 1735 935 1756 XV111
956 1723 1081 1753 millibus
1099 1723 1132 1752 lis
1151 1722 1282 1766 aestimata
1294 1722 1334 1750 iit.

234 1768 326 1799 Litem
336 1770 494 1799 aestimatam
506 1769 605 1798 Catoni
618 1768 695 1803 dicit,
708 1768 726 1796 i.
739 1776 763 1796 e.
785 1766 856 1797 Eum
863 1763 1026 1807 damnanim
1037 1762 1197 1805 octodecim
1212 1759 1337 1802 millibus

234 1809 382 1837 nummum
391 1808 497 1843 judicio
514 1806 738 1844 repetundarum.
776 1804 855 1833 Idem
864 1811 893 1830 in
904 1800 1002 1830 ultima
1012 1801 1122 1843 actione
1132 1821 1141 1833 ,
1162 1799 1227 1842 Non
1238 1806 1273 1841 ex
1281 1797 1338 1826 liti-

235 1845 287 1875 bus
302 1846 438 1875 cestimatis
448 1845 502 1874 tuis
513 1845 663 1882 pecuniam
676 1844 793 1872 domum
804 1864 813 1877 ,
833 1840 881 1869 sed
891 1849 925 1868 ex
934 1844 981 1881 tua
989 1837 1146 1866 calamitate
1158 1846 1244 1866 eineri
1254 1842 1336 1878 atque

233 1883 336 1913 offibus
347 1883 395 1912 lilii
405 1883 579 1912 suisolatium
587 1882 799 1920 vultreportare.
842 1877 916 1907 Lites
928 1876 1079 1919 aestimatas‚
1092 1881 1173 1918 vocat
1187 1883 1336 1917 pecuniam

232 1921 426 1951 miilciatitiam
441 1943 449 1955 ,
471 1923 497 1951 δε
511 1921 679 1949 nummarias
697 1917 863 1948 sententias:
884 1921 915 1944 ut
933 1914 1020 1957 liodie
1036 1923 1122 1950 quum
1137 1913 1247 1949 judices
1262 1918 1337 1954 certa

231 1958 339 1989 summa
350 1982 357 1995 ,
377 1961 502 1988 actorum
516 1959 661 1996 dispendia
670 1954 886 1987 &incommoda
900 1952 1063 1996 aestimantes
1075 1973 1083 1986 ,
1111 1957 1195 1995 tantae
1208 1959 1335 1988 pecuniae

232 2007 294 2027 reos
306 1998 447 2027 damnant.
485 1996 542 2026 Ida
552 1997 619 2032 juris
634 1994 813 2029 authoribus,
833 1997 928 2030 quanti
938 1989 1050 2032 interest
1060 1990 1161 2018 actoris
1169 1988 1334 2032 appellatur.

231 2035 301 2065 Litis
311 2044 404 2064 autem
414 2035 556 2064 aestimatio
574 2035 613 2063 ita
628 2044 662 2072 ap
685 2033 771 2063 endix
790 2037 847 2061 erat
861 2029 1066 2062 damnationis,
1085 2034 1117 2056 ut
1138 2027 1224 2056 hodie
1238 2035 1274 2055 ex
1282 2026 1337 2054 for-

231 2073 309 2102 mula
325 2073 459 2109 judiciali.
482 2073 499 2101 i.
519 2083 543 2102 e.
560 2072 636 2110 quod
658 2044 767 2101 flamna
780 2071 806 2100 &
825 2066 954 2097 interesse
967 2071 1078 2095 vocant.
1120 2065 1189 2108 Haec
1206 2064 1332 2106 Budaeus.

230 2111 364 2141 Asconius
379 2133 387 2147 ,
408 2111 638 2149 Repetundarum
650 2109 729 2139 causa
738 2110 777 2138 ita
794 2107 820 2136 se
831 2106 932 2149 habet,
953 2111 985 2134 ut
995 2103 1015 2133 si
1024 2112 1087 2146 reus
1097 2104 1242 2146 convictus
1256 2103 1288 2131 lit
1298 2108 1337 2131 at-

231 2159 285 2186 que
293 2150 439 2178 damnatus
451 2171 459 2184 ,
481 2149 631 2186 pecuniam
642 2148 741 2177 reddat
750 2146 880 2176 aestimata
888 2144 937 2187 lite
950 2152 956 2172 ε
987 2142 1014 2172 h.
1029 2151 1054 2184 e:
1076 2150 1106 2184 in
1118 2148 1240 2183 pretium
1258 2140 1337 2184 reda-

230 2188 282 2216 ctis
296 2187 427 2216 omnibus
436 2187 532 2216 furtis:
567 2196 649 2223 quam
660 2185 795 2215 sumniam
813 2191 942 2221 pecumae
950 2179 1111 2218 proscriptis
1125 2189 1185 2215 ejus
1206 2178 1287 2207 boms
1297 2177 1339 2207 se-

231 2226 321 2254 tiores
341 2224 483 2254 curabant.
1090 2254 1096 2260 ,

210 2263 354 2292 IEstimare
365 2263 480 2291 nomina
489 2262 582 2291 alicui.
605 2261 662 2291 Cic.
677 2269 701 2298 3.
722 2259 797 2289 Verr.
810 2268 855 2295 99.
875 2256 928 2287 Illa
941 2255 1004 2286 sunt
1019 2263 1135 2284 nomina
1146 2275 1155 2289 ,
1177 2263 1238 2291 quae
1251 2253 1336 2284 Dola-

230 2300 310 2330 bellae
317 2300 466 2330 necefl'ario
475 2300 538 2329 sunt
547 2299 682 2329 aestimata.
967 2331 973 2336 ⁴
1155 2330 1160 2335 ,

209 2337 341 2368 Pecunia.
367 2338 425 2368 Cic.
439 2347 466 2375 7.
487 2338 562 2366 Verr.
576 2347 620 2373 23.
656 2336 766 2366 Deinde
780 2335 839 2364 haec
850 2331 1004 2371 expendite
1015 2338 1097 2369 atque
1108 2329 1238 2360 aestimate
1249 2340 1336 2368 pecu-

230 2378 286 2406 nia.
307 2376 390 2414 vulgo
403 2377 563 2414 Appretiare
572 2376 679 2404 dicunt.
1215 2406 1220 2412 ¹

208 2414 340 2444 Personas
349 2415 535 2444 accusatorum
545 2414 676 2443 aestimare
684 2435 691 2447 ,
710 2411 755 2441 vel
764 2411 800 2441 de
812 2410 947 2448 dignitate
956 2430 964 2445 ‚
984 2407 1073 2451 velex
1083 2416 1117 2450 eo
1129 2406 1205 2444 quod
1212 2406 1334 2442 interest,

228 2452 273 2482 vel
283 2458 372 2487 aetate,
385 2452 428 2481 vel
437 2451 575 2488 moribus,
597 2451 641 2481 vel
649 2450 702 2480 alia
710 2450 780 2487 justa
790 2450 824 2479 de
833 2446 921 2478 causa.
962 2444 1141 2484 Ulpian.1nl.
1154 2444 1173 2473 fi
1182 2444 1286 2482 plures.
1297 2444 1335 2474 D.

208 2490 400 2558 pgqizlissqurgait.
414 2528 473 2557 Cic.
487 2536 513 2564 7.
536 2527 612 2556 Verr.
627 2535 672 2564 23.
692 2525 804 2556 Deinde
817 2524 922 2554 crimen
934 2522 991 2551 sine
999 2520 1175 2556 accusatore,
1198 2519 1336 2550 sententia

228 2566 286 2596 sine
300 2566 424 2600 conlilio,
436 2566 578 2595 damnatio
589 2565 645 2594 sine
655 2564 832 2593 defensione:
853 2561 983 2591 aestimate
998 2561 1095 2589 harum
1104 2568 1196 2588 rerum
1206 2559 1335 2602 oninium

250 2605 326 2634 retia.
367 2605 406 2633 Ac
419 2604 437 2633 si
450 2604 572 2637 diceret,
603 2602 774 2632 considerate
792 2610 875 2638 quam
893 2599 969 2637 parvi
980 2598 1040 2627 haec
1051 2598 1103 2626 sint
1114 2603 1262 2626 momenti.
1302 2597 1335 2626 In

249 2643 347 2672 usdam
362 2642 414 2679 leg.
435 2641 586 2671 AEstimata.
1069 2674 1075 2679 ·
1241 2674 1246 2679 ¹

210 2680 317 2710 carius.
339 2680 396 2709 Cic.
418 2689 460 2709 10.
482 2679 557 2709 Fam.
570 2689 596 2715 4.
624 2677 677 2707 Etsi
687 2688 702 2707 a
714 2684 742 2707 te
759 2681 873 2716 propter
885 2684 1010 2705 amorem
1019 2682 1109 2704 carius
1119 2674 1182 2704 sunt
1193 2674 1332 2703 aestimata.

229 2718 287 2748 Cic.
301 2718 336 2748 ad
348 2718 421 2748 Brut.
437 2720 479 2746 16.
501 2716 589 2746 Valde
599 2726 660 2745 care
672 2716 786 2745 aestimas
797 2720 839 2743 tot
853 2723 949 2743 annos.

208 2756 313 2787 Flocci.
325 2755 412 2786 Plaut.
423 2754 545 2785 Mostell.
560 2755 660 2791 Neque
669 2754 745 2791 quod
755 2752 907 2782 dixiflocci
919 2750 1041 2794 aestimat.
1063 2750 1090 2779 h.
1104 2760 1132 2794 e..
1150 2750 1240 2779 Nihili
1256 2749 1332 2794 facitz

209 2795 352 2826 ffistimare
362 2804 406 2823 ma
426 2794 455 2822 ni
468 2795 618 2830 &magum
638 2792 665 2821 h.
678 2802 701 2821 e.
714 2790 813 2828 Magni
822 2790 922 2819 facere.
945 2788 1039 2817 Cic.2.
1056 2788 1091 2817 de
1103 2788 1213 2824 Fin.55.
1235 2788 1334 2825 Magni

226 2832 411 2862 enimaestima
432 2838 460 2860 at
468 2831 626 2868 pecuniam.
653 2829 724 2859 lbid.
735 2828 784 2858 lib.
800 2837 823 2864 3.
842 2838 884 2856 11.
919 2827 963 2856 Ne
974 2835 1025 2863 ego
1036 2826 1113 2855 istam
1124 2826 1333 2864 gloriosamme-

226 2868 447 2907 morabilemque
456 2869 588 2897 virtutem
598 2877 654 2896 non
669 2877 713 2896 ma
734 2877 771 2906 rio
778 2865 965 2895 aestimandam
975 2871 1080 2901 putem.
1097 2903 1102 2907 Ι
1240 2902 1246 2908 .

207 2908 305 2946 Magni
322 2909 400 2937 litem
410 2908 550 2936 aestiniare.
571 2905 709 2935 Paulusin
730 2928 735 2935 .
750 2905 826 2934 Puta.
848 2903 882 2933 D.
897 2903 932 2932 ad
949 2902 1000 2939 leg.
1014 2902 1167 2940 Aquiliam,
1189 2902 1247 2939 Qui
1266 2911 1334 2931 con-

224 2949 336 2976 venitur
345 2968 354 2982 ,
374 2946 491 2975 fateatur
501 2944 528 2974 se
536 2943 679 2979 occidisse,
701 2945 727 2973 Sc
737 2947 848 2981 paratus
859 2941 891 2970 sit
902 2940 1111 2970 aestimationem
1121 2940 1236 2976 solvere,
1247 2942 1273 2971 ἃ
1286 2940 1333 2969 ad-

226 2985 358 3014 versarius
368 2984 461 3020 magni
470 2982 550 3012 litem
561 2982 682 3012 restimet.
1263 3016 1269 3022 .

208 3021 374 3052 Nonnihilo.
395 3022 453 3051 Cic.
468 3032 495 3057 4.
509 3021 544 3049 de
557 3020 617 3049 Fin.
629 3024 674 3049 62.
711 3017 779 3048 Non
788 3017 853 3055 quia
860 3016 969 3046 bonum
977 3016 1010 3045 sit
1025 3015 1116 3046 valere
1126 3039 1134 3052 ,
1154 3016 1202 3046 sed
1224 3025 1288 3054 quia
1300 3015 1332 3045 fit

225 3060 376 3089 nonnihilo
396 3058 597 3089 aestimandum.
988 3091 994 3097 ·
1053 3092 1058 3097 .
1144 3092 1148 3097 Ι

209 3097 348 3127 AEstimare
368 3099 453 3133 tanti,
475 3097 590 3134 quanti,
612 3094 765 3129 tantidem,
786 3092 890 3131 pluris,
912 3092 939 3121 &
956 3101 1082 3121 minoris.
1117 3091 1176 3121 Cic.
1197 3095 1222 3121 6.
1255 3092 1329 3122 Verr.

229 3135 333 3170 Quanti
344 3137 403 3165 haec
410 3145 507 3165 eorum
517 3134 624 3171 judicio
633 3153 641 3168 ,
662 3133 708 3170 qui
722 3131 832 3161 studiosi
842 3130 1011 3159 suntliarum
1021 3139 1112 3158 rerum
1124 3151 1141 3172 ,⁵
1153 3130 1329 3160 aestinientui.

228 3173 307 3202 idem
315 3195 322 3208 ,
344 3173 378 3202 Et
387 3173 477 3202 aiebat
485 3173 511 3202 se
521 3172 659 3202 tantidem
669 3169 818 3200 aestimasse.
839 3168 917 3198 idem
931 3178 953 3197 1.
978 3167 1058 3196 Acad.
1082 3168 1122 3196 Ex
1134 3168 1168 3196 iis
1179 3167 1233 3197 alia
1243 3169 1332 3206 pluris

228 3209 283 3238 else
295 3211 460 3246 aestimanda,
476 3210 529 3240 alia
541 3209 667 3239 minoris.
690 3208 748 3238 Liv.
760 3206 905 3250 Mancipia
914 3206 1021 3248 minora
1033 3206 1112 3248 annis
1128 3214 1175 3234 xx.
1197 3216 1257 3243 quae
1271 3206 1331 3244 post

229 3249 387 3285 proximum
403 3248 514 3278 lustrum
533 3249 633 3278 decem
644 3246 769 3276 millibus
779 3254 839 3275 aeris
849 3267 856 3279 ,
882 3250 931 3273 aut
942 3243 1029 3281 pluris
1041 3242 1177 3272 venilsent
1189 3266 1197 3279 ‚
1224 3254 1256 3273 ea
1264 3254 1332 3281 quo-

230 3295 284 3321 que
294 3285 391 3314 decem
401 3292 478 3316 tanto
491 3287 596 3325 pluris,
619 3294 702 3323 quam
721 3281 817 3321 quanti
835 3281 940 3316 essent,
962 3281 1169 3310 aestimarentur.

210 3322 377 3360 Expendere
394 3331 474 3361 atque
491 3325 621 3354 aestimare
631 3322 746 3360 aliquid.
775 3321 834 3350 Cic.
854 3320 915 3358 post
926 3319 984 3348 red.
998 3319 1027 3347 in
1039 3319 1131 3362 Senat.
1155 3328 1196 3354 14.
1238 3319 1329 3349 Iidem

230 3361 395 3398 expendunt
412 3370 493 3399 atque
509 3363 642 3392 aestimant
656 3360 829 3398 voluptates:
855 3357 1077 3394 sententiamque
1094 3357 1194 3385 dicunt
1214 3358 1240 3387 ἃ
1259 3358 1331 3394 judi-

210 112 278 138 100

230 3405 295 3427 cant
306 3408 311 3427 :
334 3406 466 3435 quantum
476 3400 575 3438 cuique
583 3398 694 3428 libidini
704 3397 886 3427 tribuendum
898 3395 952 3425 effe
962 3395 1097 3424 videatur.
1211 3433 1217 3438 .

211 3436 353 3466 JEltimare
365 3446 396 3464 ac
407 3436 547 3473 dispicere.
570 3436 706 3467 Columel.
719 3436 767 3465 lib.
780 3446 807 3471 4.
819 3444 880 3472 cap.
897 3442 941 3471 27.
983 3432 1232 3475 Qiiareprudentis
1247 3433 1285 3462 est
1298 3443 1330 3462 ac

230 3474 351 3502 maxime
362 3473 487 3503 callentis
504 3475 644 3509 vinitoris,
667 3474 797 3503 aestimare
813 3482 845 3502 ac
864 3471 1000 3509 dispicere
1011 3492 1019 3506 ‚
1040 3471 1140 3508 quibus
1155 3470 1225 3499 locis
1241 3472 1271 3499 in
1283 3481 1330 3499 an-

230 3521 299 3540 num
316 3511 436 3540 debeant
453 3513 578 3541 materias
594 3512 772 3542 summittere.

210 3547 352 3592 AEitimarc
362 3548 489 3592 aliquem.
512 3549 595 3578 Plaut.
608 3549 687 3586 Caipt.
698 3560 724 3580 2.
740 3560 763 3587 3.
778 3560 805 3584 4.
828 3547 901 3578 Nam
910 3555 962 3585 ego
972 3553 999 3575 te
1011 3544 1172 3575 aestimatum
1184 3545 1250 3575 huic
1261 3546 1328 3575 dedi

230 3593 328 3622 viginti
348 3596 439 3615 minis.

208 3622 284 3653 Bene
292 3624 326 3652 de
337 3624 428 3660 aliquo
444 3633 450 3652 :
470 3623 575 3659 Vulgus
586 3623 775 3658 (licit,llabcre
785 3623 889 3653 bonam
900 3622 1066 3661 opinionem
1077 3622 1111 3651 de
1119 3621 1220 3658 aliquo.
1237 3620 1326 3657 Cic.9.

226 3662 384 3690 Att.0r.1ti0
396 3662 448 3690 suit
457 3671 488 3690 ea
498 3661 586 3690 nostra
597 3682 606 3696 ‚
627 3669 658 3689 ut
676 3662 745 3691 bene
756 3663 848 3699 potius
859 3661 906 3690 ille
927 3661 962 3690 de
976 3661 1057 3689 nobis
1072 3659 1232 3694 restim-aret,
1246 3669 1328 3696 quam

226 3699 325 3736 gratias
337 3705 436 3734 ageret.
477 3698 597 3727 Putarim
606 3698 659 3727 hoc
669 3698 734 3728 loco
744 3699 895 3735 legendum
909 3722 917 3734 ,
937 3699 1127 3728 Existimaret:
1150 3698 1226 3726 unde
1243 3699 1268 3727 ἃ
1281 3697 1329 3725 bo<

228 3746 292 3765 nam
307 3736 538 3765 existimationem
550 3736 585 3764 <le
595 3735 686 3773 aliquo
698 3737 825 3766 dicimus.

206 3774 334 3812 Aliquem
345 3783 379 3802 ex
391 3774 515 3802 arrii-icio.
546 3774 604 3802 Cic.
624 3784 673 3810 pro
693 3774 770 3803 nofe.
799 3775 876 3803 Com.
899 3780 943 3808 28.
968 3774 1060 3804 Nemo
1080 3773 1160 3804 illum
1173 3781 1209 3802 ex
1226 3780 1327 3802 trunco

225 3811 349 3849 corporis
361 3811 512 3848 speciabat,
534 3810 581 3839 sed
593 3820 627 3839 ex
647 3811 763 3840 artificio
776 3813 886 3840 comico
899 3812 1057 3842 aei'iimabat.

204 3849 357 3886 Aliquidex
368 3850 495 3882 veritate,
517 3847 559 3876 vel
569 3855 602 3876 ex
613 3849 756 3885 opinione.
782 3850 839 3877 Cic.
851 3860 900 3885 pro
910 3850 987 3879 Rosc.
1002 3851 1081 3880 Com.
1109 3850 1155 3880 Sic
1167 3850 1215 3885 est,
1227 3848 1325 3886 vulgus

224 3897 258 3916 ex
270 3887 382 3916 veritate
394 3896 481 3921 pauca
492 3908 499 3919 ,
520 3895 554 3914 ex
565 3886 700 3921 opinione
711 3886 797 3914 multa
815 3887 935 3916 aestimat.

201 3924 287 3962 Largo
297 3923 500 3960 liberaliterque
515 3924 652 3952 iestiiiizue.
693 3923 723 3952 V.
748 3934 780 3952 ιι
792 3934 806 3952 ιι
817 3934 830 3952 s
840 3934 855 3952 R
867 3946 875 3960 ,
895 3924 982 3953 liberi.

1847 89 1885 124 AE
1978 91 1998 125 S
2098 91 2128 125 T

1401 169 1455 234 ῙΕΓ
1465 168 1532 232 Tim
1544 175 1592 233 Αίιῖζ
1602 177 1613 195 s
1624 189 1631 202 ,
1653 168 1732 197 antis.
1757 169 1862 204 Partica
1884 171 1977 202 Casas.
1992 181 2015 208 3.
2037 171 2104 202 Bell.
2118 170 2188 202 Gall.
2205 181 2228 200 1.
2254 171 2371 201 Perinde
2386 169 2518 203 :estimans
2527 182 2559 203 ae

1452 216 1486 234 iu
1502 215 1532 233 us
1548 214 1562 232 e
1587 212 1622 233 et.

1402 244 1483 274 AEsr
1494 245 1584 271 iiior<
1596 264 1603 277 ,
1634 243 1695 272 aris.
1718 243 1782 281 pass.
1804 245 1869 274 Caes.
1886 256 1910 283 7.
1932 246 2000 276 Bell.
2025 246 2094 276 Gall.
2110 257 2151 282 14.
2183 245 2251 276 Haec
2268 246 2286 275 si
2299 246 2389 284 gravia
2407 254 2454 275 aut
2463 247 2560 278 acerba

1439 281 1586 310 videantur
1597 302 1604 314 ,
1626 280 1714 309 multo
1730 281 1776 310 illa
1790 285 1895 319 gravius
1913 285 2037 314 aestimari
2051 284 2162 314 debere.

1440 319 1581 349 AEiliuiuta
1591 327 1674 360 ιιιιςιιιι
1684 341 1691 352 ,
1713 319 1746 347 ab
1761 321 1880 358 antiquis
1890 322 1923 350 ab
1933 323 1995 352 ffire
2006 323 2080 351 dista
2093 324 2139 357 eli,
2153 323 2199 357 qui
2208 331 2269 350 eam
2279 321 2480 350 :estimaverunt
2489 331 2557 353 rere:

1460 365 1540 384 ovem
1557 355 1670 389 deculii,
1684 356 1782 386 bovem
1794 360 1918 392 centulli.
1931 361 1957 389 h.
1969 370 1993 389 c.
2016 361 2136 395 Decem,
2158 362 2184 388 ὰς
2196 366 2311 388 centum
2321 358 2428 388 assibus.
2456 357 2558 390 Festus.

1465 394 1607 429 [Videtur
1627 393 1776 429 legendum
1795 396 1870 432 Quia
1884 407 1933 434 pro
1956 398 2022 434 Qui.

1403 432 1437 463 ΞΕ
1446 442 1457 460 s
1466 441 1485 459 'r
1496 442 1503 458 ι
1514 443 1532 458 Μ
1544 441 1561 458 Α
1570 441 1589 458 ἰ*
1599 441 1615 458 o
1625 441 1659 473 ιιι
1670 441 1688 459 u
1699 441 1710 460 s
1725 454 1733 467 ,
1764 434 1823 468 [idi.
1848 433 2008 471 [πμηπιρῖς]
2030 442 2060 464 ut
2075 435 2153 463 Aelio
2164 434 2337 463 aestimatoria
2348 456 2356 466 .,
2382 443 2441 471 quse
2452 433 2486 464 de
2496 435 2562 465 resti.

1442 477 1517 498 mato
1531 478 1712 505 proponitur,
1734 473 1843 506 quoties
1855 473 1890 501 de
1900 474 2016 501 nominc
2028 472 2144 507 alicujus
2154 473 2310 501 contrastus
2318 470 2474 508 ambigitur.
2514 473 2575 502 Ul:

1442 508 1518 548 pini.
1533 505 1588 534 inl.
1605 516 1626 534 1.
1650 506 1684 535 D.
1700 507 1736 536 de
1745 509 1865 538 aestimat.
1876 511 1976 539 action.
2003 510 2173 539 Conveniret
2183 516 2279 538 tamen
2290 509 2411 546 aliquam
2423 510 2561 542 actionem

1443 546 1516 586 dari,
1539 544 1648 586 daretur
1658 544 1829 576 aestimatoria
1838 548 2001 585 praescriptis
2015 547 2105 576 verbis
2117 548 2198 575 actio.

1444 583 1624 611 [hitiiiiatotia
1634 584 1802 620 exceptione
1813 595 1899 622 agere.
1919 586 2014 622 Pomp.
2026 585 2081 614 inl.
2104 585 2131 614 Si
2141 591 2244 613 tamen.
2264 583 2300 613 D.
2318 584 2352 613 de
2360 583 2558 616 ffidilit.edit‘t.

1404 620 1437 652 ΖΕ
1447 630 1458 648 s
1473 630 1487 647 r
1497 630 1505 647 i
1516 630 1535 647 M
1546 623 1561 647 ,ξ
1572 629 1617 662 T‘?
1629 629 1644 647 ιι
1654 641 1662 654 ,
1684 621 1748 650 oris.
1773 631 1809 651 m.
1838 624 1980 658 [asan-1⁷7⁵]
2001 623 2057 659 Qui
2070 623 2183 651 aestimat
2195 623 2220 651 ἃ
2230 621 2392 651 considerat.
2415 623 2473 652 Cic.
2487 633 2510 660 3.
2526 625 2562 654 de

1442 658 1502 688 Fin.
1515 667 1565 700 .¹0·
1594 656 1627 685 ht
1639 658 1703 694 quia
1717 666 1744 688 te
1755 661 1937 696 aequissimum
1947 660 2037 689 habeo
2054 670 2150 689 eorum
2168 659 2322 689 studiorum
2334 670 2393 696 quae
2405 661 2474 689 milii
2487 671 2562 692 com..

1442 705 1538 725 munia
1555 701 1649 723 tecum
1660 694 1739 731 sunt,
1761 697 1951 727 aestimatorem
1965 700 1991 728 Sc
2004 698 2138 734 judicem.
2182 697 2214 727 In
2230 697 2305 726 Orat.
2317 707 2377 733 141.
2416 699 2488 736 Quis
2504 706 2562 729 tan-

1442 734 1507 775 deui
1519 733 1548 760 id
1562 733 1647 767 justus
1666 743 1758 763 rerum
1777 736 1923 765 aestimator
1934 736 2150 774 reprehenderet
2160 736 2174 764 ἵ)

1441 770 1616 805 Jhstimator,
1640 770 1698 807 Qui
1711 779 1793 802 taxat.
1816 774 1873 803 Cic.
1891 775 1920 803 in
1935 775 2023 803 Pison.
2040 779 2085 809 89.
2118 773 2193 802 Unus
2201 780 2231 802 tu
2243 773 2390 809 dominus,
2409 784 2481 803 unus
2496 775 2562 804 aesti.
2587 784 2590 789 ·

1461 816 1550 837 mator
1561 830 1568 843 ,
1599 817 1673 838 unus
1685 811 1822 840 venditor.
1864 812 1942 841 Idem
1960 812 2091 841 Paradox.
2109 815 2134 840 6.
2148 811 2191 840 isti
2201 811 2297 841 callidi
2313 821 2405 841 rerum
2418 813 2562 842 aestimato.

1461 856 1503 875 res
1522 852 1598 883 prata
1610 848 1636 875 ok
1647 857 1722 877 areas
1738 850 1870 885 quasdam
1880 860 1981 887 niagno
1995 850 2144 885 aeltimant,
2169 850 2220 878 &a
2445 874 2448 879 .

1441 885 1594 927 Acerrimus
1606 883 1722 927 alicujus
1733 887 1772 915 rei
1782 887 1935 917 aestimator.
1967 888 2025 917 Cic.
2038 888 2068 916 in
2085 887 2158 916 Brut.
2189 887 2232 916 De
2243 886 2345 917 Caesare
2358 888 2384 917 &
2399 887 2456 925 ipse
2471 888 2509 918 ita
2519 889 2562 924 ju-

1461 924 1525 964 dico
1538 924 1651 959 (inquit
1663 925 1788 960 Atticus)
1808 928 1835 954 ἃ
1854 926 1953 955 dehoc
1972 926 2053 961 hujus
2073 925 2180 963 generis
2190 925 2324 955 acerrimo
2341 925 2500 955 aestimatore
2517 926 2562 956 sae.

1459 960 1570 999 pillime
1581 960 1685 1003 audivi,
1704 961 1785 990 illum
1797 964 1925 993 omnium
1933 964 1990 993 fere
1998 964 2148 993 Oratorum
2158 962 2255 993 Latine
2265 962 2343 999 loqui
2352 963 2558 1000 eleganrifflme.

1460 998 1503 1027 De
1521 1007 1655 1026 acerrimo
1665 999 1845 1037 aestimatore,
1868 1002 1885 1030 i.
1909 1012 1933 1031 e.
1956 1002 1991 1030 de
2005 1001 2148 1031 Cicerone.

1440 1034 1613 1065 Immodicus
1630 1036 1835 1068 aestimatorsui.
1860 1039 1935 1069 Curt.
1946 1039 1995 1068 lib.
2008 1046 2034 1074 8.
2050 1049 2074 1068 1.
2085 1048 2130 1069 22.

1441 1073 1539 1103 Parcus
1558 1073 1711 1104 aestimator.
1752 1076 1782 1105 V.
1809 1087 1939 1107 PARCO.

1402 1113 1658 1147 IEs'riiiATio,
1686 1113 1758 1142 onis.
1779 1113 1798 1144 f.
1827 1112 1964 1151 [iris-ema«,
1990 1111 2099 1150 τίμησις,
2124 1111 2282 1150 marianne]
2308 1114 2327 1144 i.
2348 1124 2372 1144 e.
2402 1114 2562 1146 Considera·

1440 1150 1480 1178 tio
1500 1150 1526 1178 Sc
1538 1149 1690 1187 Perpeiilio.
1712 1152 1771 1181 Cic.
1786 1162 1809 1189 3.
1826 1153 1862 1182 de
1871 1153 1931 1183 Fin.
1944 1162 1986 1191 34.
2020 1153 2107 1189 Quod
2124 1151 2237 1191 pondus
2249 1153 2366 1189 dignum
2380 1152 2480 1182 habeat
2496 1154 2562 1183 aesti-

1440 1194 1573 1216 matrone.

1438 1225 1612 1261 AEstimatio‚
1630 1225 1758 1256 Taxatio.
1780 1228 1844 1258 Cres
1862 1238 1886 1257 1.
1908 1228 1977 1258 Bell.
1998 1227 2079 1257 Civil.
2092 1232 2136 1265 87.
2166 1227 2306 1258 Militibus
2320 1238 2398 1266 aequa
2409 1228 2482 1258 facta
2496 1229 2563 1259 aeffi-

1457 1264 1582 1306 matione
1591 1286 1599 1299 ,
1625 1266 1774 1301 pecuniam
1785 1277 1836 1304 pro
1847 1267 1891 1295 his
1900 1266 1980 1295 rebus
1996 1266 2085 1295 solvit.
2577 1278 2580 1282 ⁴

1437 1300 1592 1332 AEstimatio
1613 1303 1719 1332 census,
1758 1305 1823 1334 Non
1843 1305 2024 1334 aestimatione
2043 1303 2156 1339 census,
2176 1313 2272 1334 verum
2290 1304 2366 1334 victu
2384 1309 2467 1341 atque
2484 1303 2561 1336 cultu

1455 1340 1620 1369 terminatur
1627 1341 1755 1378 pecuniae
1764 1343 1883 1372 modus:
1907 1343 1966 1372 Cic.
1979 1342 2073 1372 Parad.
2088 1345 2114 1371 6.

1436 1376 1537 1407 Facere
1551 1378 1771 1410 aestimationem.
1811 1380 1842 1410 V.
1864 1381 1894 1409 in
1914 1390 2039 1409 riticio.
2060 1379 2095 1409 H.
2117 1379 2158 1408 St.

1436 1414 1657 1445 IEstimationem
1676 1418 1812 1455 accipere.
1853 1418 1885 1447 V.
1907 1429 1926 1447 A
1936 1428 1997 1448 cei
2008 1428 2075 1447 Pio.

1434 1451 1690 1497 Inaeiliiiiationeni
1705 1455 1812 1493 aliquid
1822 1457 1956 1494 accipere.
1991 1456 2051 1485 Cic.
2067 1465 2109 1492 13.
2131 1455 2207 1486 Fam.
2228 1461 2255 1490 8.
2284 1454 2307 1486 A
2325 1455 2367 1486 M.
2388 1455 2507 1486 Laberio
2527 1456 2558 1487 C.

1455 1491 1570 1521 Albinus
1581 1493 1687 1530 praedia
1695 1494 1724 1522 in
1736 1495 1948 1524 aestimationem
1956 1495 2075 1532 accepit.
2539 1523 2541 1525 ,

1435 1526 1590 1559 AEstimatio
1604 1552 1612 1566 ‚
1632 1541 1684 1568 pro
1700 1530 1741 1561 Re
1749 1532 1887 1562 aestimata.
1911 1532 1970 1562 Cic.
1989 1543 2014 1568 9.
2035 1532 2110 1562 fani.
2132 1535 2175 1562 16.
2205 1531 2289 1561 Nunc
2303 1542 2390 1568 quum
2405 1538 2462 1561 tam
2481 1529 2560 1570 aeq‘u'o

1453 1568 1550 1596 animo
1561 1568 1634 1597 bona
1643 1570 1751 1606 perdas,
1770 1580 1829 1599 non
1837 1581 1871 1600 eo
1885 1570 1917 1600 sis
1926 1570 2043 1600 conlilio
2053 1593 2061 1605 ,
2082 1578 2114 1599 ut
2132 1579 2219 1607 quum
2228 1579 2273 1599 me
2281 1570 2402 1607 hospitio
2420 1572 2538 1609 recipias
2548 1593 2557 1607 ,

1453 1605 1664 1649 aestimationem
1674 1614 1701 1636 te
1712 1607 1833 1645 aliquam
1843 1615 1924 1647 putes
1935 1609 2071 1646 accipere.
2111 1607 2201 1637 Etiam
2216 1608 2276 1637 haec
2285 1608 2371 1637 levior
2387 1609 2426 1637 est
2434 1608 2515 1646 plaga
2524 1609 2559 1638 ab

1452 1653 1560 1679 amico,
1579 1654 1662 1681 quam
1675 1655 1690 1674 a
1702 1646 1836 1676 debitore.
1875 1647 1971 1676 Allulit
1988 1647 2024 1675 ad
2035 1646 2244 1675 cestimationem
2257 1646 2465 1684 posseilionuni,
2476 1657 2560 1684 quam

1454 1681 1557 1717 Caesar,
1578 1682 1657 1720 pulso
1671 1693 1706 1713 ex
1717 1684 1795 1713 Italia
1811 1685 1946 1723 Pompeio
1961 1707 1969 1720 ,
1991 1694 2078 1722 quum
2096 1684 2216 1714 Romam
2240 1685 2407 1720 revertiss‘et,
2429 1695 2478 1722 per
2488 1685 2558 1715 arbi-
2588 1717 2589 1720 Ἴ

1450 1725 1508 1748 tros
1520 1721 1599 1750 causa
1610 1721 1768 1752 debitorum
1782 1723 1841 1752 fieri
1857 1723 1982 1752 voluerat
1996 1745 2004 1758 ,
2034 1729 2066 1752 ut
2085 1723 2106 1751 ii
2126 1722 2311 1751 creditoribus
2330 1723 2439 1752 facilius
2458 1723 2559 1752 satisfa-

1452 1766 1555 1788 cerent.
1597 1758 1662 1795 Qua
1675 1760 1711 1789 de
1727 1770 1756 1789 re
1774 1762 1854 1790 initio
1870 1761 1918 1790 lib.
1937 1771 1961 1798 3.
1985 1762 2020 1790 de
2036 1760 2103 1790 Bell.
2121 1760 2202 1789 Civil.
2222 1760 2265 1789 his
2290 1760 2394 1790 verbis:
2417 1761 2513 1797 Quum
2527 1761 2559 1790 fi-
2578 1767 2579 1770 ’

1453 1795 1502 1824 des
1520 1803 1578 1826 tota
1596 1796 1676 1826 Italia
1696 1798 1763 1827 esset
1783 1799 1940 1836 angustior,
1974 1809 2066 1836 neque
2086 1799 2199 1828 creditae
2217 1799 2346 1836 pecuniae
2365 1798 2555 1836 solverentur,

1452 1834 1597 1864 constituit
1611 1843 1643 1864 ut
1658 1835 1752 1865 arbitri
1771 1837 1902 1866 darentur
1917 1847 1924 1867 :
1956 1846 2007 1875 per
2025 1847 2073 1866 eos
2087 1836 2186 1866 fierent
2203 1837 2398 1866 aestimationes
2418 1837 2558 1875 polieliio-

1451 1881 1538 1908 num,
1570 1875 1596 1902 Sc
1610 1883 1703 1903 rerum
1717 1896 1726 1910 ,
1754 1876 1848 1912 quanti
1864 1885 1924 1912 quae
1947 1886 1980 1905 ue
1994 1885 2090 1904 earum
2106 1882 2170 1904 ante
2192 1874 2295 1903 bellum
2314 1875 2446 1910 fuilsent,
2475 1885 2558 1912 atque
2603 1885 2604 1890 ¹

1451 1918 1491 1938 eae
1509 1911 1691 1941 creditoribus
1710 1915 1890 1942 traderentur.
1959 1923 1994 1942 oc
2009 1916 2035 1944 ἃ
2053 1914 2230 1943 adtimorem
2242 1921 2377 1941 novarum
2399 1913 2557 1943 tabularum

1450 1947 1610 1978 tollendum
1621 1971 1630 1986 ,
1651 1950 1892 1988 minuendumque
1902 1974 1910 1986 ,
1926 1952 1973 1989 qui
1984 1952 2039 1980 fere
2051 1951 2123 1981 bella
2135 1953 2161 1980 δι
2181 1950 2278 1980 civiles
2294 1950 2557 1989 diffenlionesiequi

1452 1986 1597 2030 consuevit
1611 1997 1618 2017 ε
1651 1990 1678 2017 Sc
1691 1989 1727 2018 ad
1738 1988 1899 2018 debitorum
1916 1991 2050 2019 tuendam
2061 1989 2297 2019 existimationem
2314 1988 2368 2018 esse
2384 1989 2555 2027 aptissinium

1450 2025 1624 2054 existimavit.
1665 2026 1807 2056 Hactenus
1824 2027 1918 2056 Caefar.
1929 2028 2043 2058 Sueton.
2057 2028 2142 2056 etiam
2151 2027 2182 2056 in
2197 2027 2273 2062 julio
2287 2036 2347 2064 cap.
2366 2037 2411 2062 42.
2448 2027 2491 2057 De
2508 2037 2558 2066 pe-

1450 2063 1543 2092 cuniis
1565 2064 1696 2101 (inquit)
1717 2066 1840 2101 mutuis,
1871 2066 1986 2101 disjecta
2006 2075 2142 2095 novarum
2160 2064 2319 2094 tabularum
2341 2066 2555 2103 expectatione,

1450 2109 1511 2142 quee
1526 2101 1622 2131 crebro
1638 2103 1800 2132 movebatur
1811 2125 1819 2139 ,
1839 2103 1961 2133 decrevit
1968 2104 2082 2134 tandem
2097 2111 2128 2133 ut
2136 2104 2276 2133 debitores
2289 2103 2476 2133 creditoribus
2483 2104 2558 2134 fatis-

1448 2138 1572 2169 facerent
1581 2150 1630 2178 per
1640 2142 1852 2170 aestimationem
1859 2141 2056 2179 possessionum
2064 2165 2072 2178 ‚
2093 2142 2190 2179 quanti
2200 2151 2323 2179 quasque
2331 2150 2395 2171 ante
2405 2142 2488 2176 civile
2498 2142 2554 2172 bel-

1449 2175 1510 2205 luni
1526 2178 1878 2216 conparasseiit,'dedusto
1899 2179 2011 2210 sumnia:
2031 2181 2090 2209 aeris
2108 2180 2209 2215 alieni,
2230 2179 2318 2217 liquid
2337 2179 2422 2209 usurae
2440 2181 2556 2210 nomine

1450 2222 1628 2257 numeratum
1638 2224 1686 2246 aut
1692 2217 1875 2256 perscriptum
1886 2217 1996 2248 fuilset:
2018 2228 2072 2255 qua
2079 2218 2245 2247 conditione
2256 2224 2351 2255 quarta
2359 2228 2421 2255 pars
2432 2219 2489 2247 fere
2498 2228 2557 2249 cre-

1451 2253 1502 2281 diti
1516 2254 1669 2292 deperibat.
1712 2256 1779 2285 Haec
1789 2256 1902 2285 Sueton.
1937 2256 2034 2293 Quum
2051 2257 2134 2294 igitur
2147 2256 2270 2293 Papirius
2285 2266 2320 2285 ex
2336 2265 2370 2284 eo
2388 2255 2496 2286 Caesaris
2509 2257 2556 2287 de-

1451 2299 1527 2334 creto
1546 2302 1674 2330 magnam
1689 2303 1705 2322 a
1722 2293 1896 2323 debitoribus
1912 2294 2021 2332 plagam
2041 2294 2205 2331 accepisset,
2227 2294 2365 2323 aestimatis
2377 2304 2473 2323 eorum
2494 2295 2556 2333 pos-

1450 2328 1631 2365 sessionibus,
1663 2341 1722 2360 non
1745 2332 1840 2369 quanti
1861 2334 1956 2362 venire
1978 2341 2046 2362 tunc
2066 2332 2190 2370 possent,
2211 2332 2258 2361 sed
2277 2332 2371 2370 quanti
2387 2338 2451 2361 ante
2473 2332 2555 2363 civile

1450 2366 1556 2410 bellum
1574 2368 1701 2399 fiiilsent:
1724 2370 1818 2405 jocans
1830 2369 1948 2399 Cicero:
1970 2371 2014 2400 Ne
2033 2371 2144 2405 credas,
2164 2371 2275 2406 inquit,
2299 2380 2387 2407 quum
2400 2380 2445 2399 me
2464 2371 2556 2409 hospi-

1450 2412 1490 2434 tio
1502 2407 1618 2444 recipias
1630 2429 1637 2441 ,
1660 2408 1872 2437 (estimationem
1887 2415 1915 2437 te
1924 2408 2044 2445 aliquam
2056 2416 2246 2447 accepturum.
2285 2407 2320 2437 Et
2330 2408 2417 2444 dixit,
2433 2409 2556 2439 AEstima-

1450 2444 1560 2474 tionem
1581 2445 1721 2482 aliquam,
1753 2452 1885 2483 tanquam
1900 2446 1917 2475 li
1929 2469 1937 2481 ‚
1965 2446 2102 2485 Magnum
2120 2447 2234 2484 aliquod
2254 2447 2407 2482 damnum,
2434 2447 2552 2477 dixisset.

1449 2481 1574 2548 Papirius
1590 2485 1666 2512 enim
1694 2484 1907 2519 aestimationes,
1928 2485 1946 2514 i.
1969 2495 1992 2514 e.
2015 2485 2117 2514 Praedia
2129 2495 2178 2523 per
2193 2484 2309 2514 arbitros
2320 2485 2415 2522 inique
2425 2485 2554 2516 aestimata

1450 2530 1466 2549 a
1482 2530 1492 2549 c
1503 2520 1657 2550 ebitoribus
1671 2523 1821 2560 accipiens,
1837 2523 1934 2551 crediti
1942 2524 2075 2559 jacturam
2088 2533 2146 2552 non
2157 2523 2303 2552 minimam
2314 2523 2424 2552 fecerat.
2469 2523 2554 2559 Dein-

1452 2558 1488 2587 de
1505 2558 1643 2596 sequitur:
1666 2559 1757 2589 Etiam
1776 2561 1835 2589 haec
1849 2560 1938 2589 levior
1954 2561 1992 2590 est
2011 2561 2092 2599 plaga
2103 2561 2137 2590 ab
2157 2561 2248 2590 amico
2259 2583 2267 2596 ,
2289 2571 2372 2598 quain
2387 2571 2403 2590 a
2417 2561 2552 2592 debitore.

1450 2596 1478 2625 h.
1500 2606 1524 2626 e.
1557 2597 1591 2627 Et
1603 2604 1714 2633 tamen,
1737 2598 1812 2636 quod
1831 2598 1865 2627 ab
1878 2599 1969 2628 amico
1987 2599 2061 2628 bona
2074 2606 2121 2628 tua
2137 2599 2338 2633 comedantur,
2366 2609 2425 2628 non
2447 2600 2477 2628 id
2502 2600 2555 2630 tibi

1450 2643 1528 2671 aeque
1541 2646 1621 2673 grave
1632 2635 1686 2665 effe
1700 2636 1802 2671 debet,
1823 2645 1904 2674 atque
1923 2636 1995 2666 illud
2012 2637 2067 2672 cst,
2090 2638 2166 2675 quod
2185 2637 2343 2666 debitorum
2363 2637 2442 2667 causa
2456 2638 2561 2676 depes-⁶
2575 2650 2579 2654 ·

1449 2673 1508 2702 dis:
1529 2674 1653 2711 aquibus
1664 2674 1843 2712 poffessiones
1856 2697 1864 2710 ,
1886 2676 1981 2710 quanti
1994 2675 2115 2704 vendere
2132 2685 2276 2712 nunquam
2290 2676 2404 2713 poteris,
2415 2676 2554 2714 accipien-

1449 2711 1631 2741 daetibisunt.
1672 2713 1749 2741 Idem
1762 2723 1787 2748 9.
1810 2712 1886 2742 Fam.
1904 2719 1945 2746 18.
1967 2713 2174 2743 AEstimationes
2183 2720 2243 2742 tuas
2257 2713 2379 2742 vendere
2390 2723 2448 2742 non
2460 2720 2550 2752 potes.

1448 2748 1476 2777 h.
1500 2759 1523 2779 e.
1559 2750 1614 2779 Res
1628 2750 1780 2780 aestimatas.
1804 2751 1937 2787 significat
1957 2751 2032 2780 enim
2053 2751 2232 2789 poilelliones
2250 2761 2300 2788 pei·
2315 2751 2553 2782 iestimationema

1448 2786 1624 2818 debitoribus
1634 2797 1770 2827 acceptas.
1811 2789 1887 2818 Hinc
1901 2789 1957 2824 est,
1979 2789 2054 2826 quod
2064 2789 2119 2827 ipse
2137 2790 2194 2819 Cic.
2218 2790 2386 2826 quandoque
2402 2790 2470 2818 dicit
2481 2790 2553 2819 acci-

1446 2835 1513 2862 pere
1524 2827 1733 2856 :estimationem
1742 2849 1750 2863 ,
1766 2837 1816 2865 pro
1827 2827 1954 2864 accipere
1965 2837 1980 2856 a
1989 2827 2115 2857 debitore
2125 2827 2335 2866 posl'essionem,
2357 2834 2404 2856 aut
2419 2837 2477 2857 rem
2491 2827 2517 2857 le
2536 2831 2560 2857 e‘

1447 2864 1557 2894 Caesaris
1572 2865 1738 2894 aestimatam.
1761 2872 1792 2894 ut
1804 2865 1834 2894 in
1846 2864 1978 2902 exemplo
1997 2864 2148 2902 superiore.
2186 2865 2222 2895 Et
2238 2874 2280 2894 12.
2297 2867 2350 2894 Att.
2362 2875 2407 2895 21.
2430 2866 2510 2896 Oviae
2541 2887 2550 2896 .

1446 2902 1518 2932 Lolii
1531 2903 1652 2932 curanda
1673 2903 1736 2932 sunt
1753 2913 1794 2932 ns.
1818 2912 1843 2932 c.
1866 2911 1948 2939 negat
1959 2902 2026 2932 Eros
2035 2903 2177 2940 polseline
2187 2913 2242 2933 me.
2264 2904 2365 2938 eredo,
2387 2904 2462 2940 quod
2482 2904 2575 2933 acci-·-

1445 2941 1550 2979 pienda
1564 2940 1655 2978 aliqua
1669 2942 1700 2970 {it
1725 2943 1750 2970 ὃς
1769 2941 1860 2970 danda
1873 2941 2023 2970 aestimatio.
2047 2941 2072 2969 h.
2094 2952 2117 2971 e.
2148 2942 2319 2985 Accipienda
2335 2941 2404 2970 mihi
2422 2941 2565 2980 possessio·

1446 2979 1537 3016 aliqua
1548 3002 1555 3014 ,
1576 2981 1602 3009 ὀὶ
1619 2980 1718 3009 domus
1730 3001 1738 3015 ,
1760 2986 1807 3008 aut
1820 2988 1862 3007 res
1880 2988 1894 3007 a
1911 2978 2083 3018 debitoribus
2104 2981 2173 3009 meis
2188 3002 2196 3015 ,
2219 2982 2245 3009 ἃ
2265 2990 2297 3008 ea
2314 2980 2410 3015 Oviae,
2431 2981 2475 3009 cui
2493 2980 2550 3018 ipse

1446 3017 1537 3046 debeo
1547 3040 1555 3052 ,
1576 3017 1719 3046 tradenda.
1762 3017 1795 3047 Et
1810 3016 1901 3055 posuit
1909 3017 1954 3045 hic
1963 3017 2061 3046 Cicero
2069 3017 2290 3047 IEstimationem
2298 3027 2349 3055 pro
2361 3017 2401 3047 Re
2411 3015 2563 3054 aestimatas.

1444 3056 1591 3091 aestimata,
1612 3056 1746 3092 inquam,
1764 3055 1798 3084 ab
1818 3055 1925 3084 arbitris
1942 3055 2101 3085 Caesarianis
2115 3078 2124 3092 ,
2145 3056 2241 3093 quanti
2263 3063 2327 3085 ante
2346 3055 2428 3085 civile
2442 3056 2559 3090 Beliumj

1442 3093 1543 3123 fuill'et.
1565 3094 1637 3123 adde
1653 3094 1726 3123 l’arei
1741 3093 1807 3122 Lex.
1830 3092 1915 3122 Plant.
1932 3103 1959 3130 p.
1974 3104 2017 3129 55.
2556 3114 2557 3117 =

1387 3134 1421 3166 ΖΕ
1430 3143 1442 3162 s
1452 3142 1470 3160 ‘r
1480 3143 1488 3160 1
1498 3143 1519 3161 M
1529 3142 1548 3160 A
1558 3142 1572 3160 s
1582 3133 1617 3160 ῖι.
1627 3142 1635 3159 ι
1645 3142 1658 3160 s
1667 3154 1675 3166 ,
1697 3141 1721 3160 e.
1743 3126 1880 3167 [πμητὲς]
1901 3130 1987 3167 Quod
2001 3131 2124 3160 :estimari
2134 3131 2238 3169 potest:
2263 3131 2339 3160 unde
2348 3131 2556 3168 Inaestimabile.

1427 3170 1513 3208 Quod
1531 3169 1608 3198 nullo
1628 3169 1718 3207 pretio
1732 3168 1822 3206 potest
1841 3169 1975 3198 aestimari.
1998 3168 2057 3198 Cic.
2074 3178 2096 3205 3.
2117 3170 2150 3198 de
2168 3170 2227 3199 fin.
2244 3179 2289 3199 20.
2311 3169 2482 3200 AEstimabile
2496 3168 2561 3210 esses.

1425 3210 1527 3238 dicitur
1567 3209 1618 3237 Sec.
2540 3220 2542 3223 ·

1386 3248 1420 3278 AE
1430 3257 1469 3276 εἰ-
1480 3258 1487 3274 ι
1498 3257 1518 3274 Μ
1529 3230 1565 3274 ιἈ
1578 3267 1586 3281 ,
1608 3255 1646 3280 ae,
1667 3245 1687 3273 f.
1708 3243 1805 3274 Obsol.
1827 3242 1862 3273 sic
1875 3243 2011 3274 AEstimias
2026 3244 2118 3274 Festus
2136 3245 2255 3283 exponit
2269 3245 2462 3275 aestimationes
2481 3240 2549 3275 &iri

1426 3284 1480 3314 ΧΠ
1501 3283 1626 3317 Tabulis,
1643 3283 1768 3319 AEi'isque
1782 3282 1922 3311 aestimiam
1939 3283 2052 3314 iudicati
2068 3283 2228 3320 praedicato.

1386 3323 1515 3353 AEsrrm
1528 3333 1535 3349 1
1547 3332 1593 3350 uir
1606 3343 1614 3355 ,
1636 3321 1672 3354 ii,
1692 3330 1718 3349 n.
1742 3320 1868 3357 Hyginus
1887 3319 1922 3349 de
1935 3319 2005 3349 Lim.
2017 3331 2044 3357 p.
2060 3330 2121 3356 152.
2152 3320 2201 3350 Ed.
2222 3320 2294 3350 Goes.
2306 3320 2484 3351 Posseffiones
2495 3329 2544 3359 pro

1425 3360 1550 3392 AEstimio
1563 3359 1694 3388 ubertatis
1710 3357 1856 3395 assignatae.
1879 3359 1985 3396 Saepius
2001 3357 2085 3388 etiam
2095 3359 2304 3396 apudFrontin.
2327 3358 2362 3387 de
2381 3358 2480 3389 Colon.
2501 3367 2546 3388 oc-

1425 3406 1516 3427 currit.

1386 3436 1418 3465 JF.
1431 3446 1442 3465 s
1451 3446 1471 3464 T
1480 3446 1495 3464 R
1505 3446 1528 3464 ιε
1537 3445 1554 3464 υ
1565 3445 1585 3465 M
1599 3457 1607 3469 ,
1628 3433 1775 3471 Oppidum
1794 3432 1986 3463 Macedoniae:
2009 3435 2036 3464 δε

1386 3474 1419 3503 AE
1429 3484 1440 3502 s
1449 3484 1468 3502 τ
1478 3484 1494 3502 R
1506 3484 1529 3501 ιε
1540 3484 1547 3501 ι
1559 3494 1567 3508 ,
1581 3472 1687 3511 'Populi
1708 3471 1770 3501 sunt
1779 3471 1839 3507 ejus
1854 3471 1928 3500 urbis
1938 3471 2037 3501 incolae
2048 3494 2056 3507 ,
2073 3472 2140 3502 teste
2149 3471 2308 3502 Ptolemaeo.

1386 3511 1647 3546 IEs'ruaaruM,
1677 3509 1822 3541 AEs'ruo.
1862 3509 1893 3538 V.
1925 3519 2059 3539 AEsrus.

1385 3549 1534 3583 AEs'rus,
1561 3549 1599 3577 us.
1622 3558 1659 3576 m.
1684 3542 1815 3584 [nudam.
1833 3546 1927 3583 vm'pc,
1949 3546 2078 3583 ἔρρισμὸς,
2102 3539 2195 3574 κλόὲὶιι
2212 3548 2227 3582 ]
2249 3547 2341 3578 Festus
2355 3571 2362 3585 ,
2384 3548 2473 3578 AEstus
2482 3547 2543 3581 solis

1423 3588 1450 3618 ἃ
1464 3586 1545 3615 aestivi
1556 3586 1691 3623 temporis
1702 3585 1851 3621 flagrantia.
1874 3584 1947 3621 Virg.
1960 3595 1983 3622 3.
2007 3586 2106 3623 Georg.
2120 3594 2180 3622 331.
2543 3606 2545 3609 ⁴

1502 3623 1621 3653 IEslibus
1642 3626 1669 3653 Sc
1682 3623 1780 3652 mediis
1800 3622 1954 3651 umbrosam
1975 3624 2119 3660 exquirere
2137 3622 2247 3652 vallem.
2576 3609 2579 3644 l

1421 3661 1511 3691 IFstus
1522 3683 1529 3695 ,
1548 3662 1582 3689 de
1598 3661 1690 3690 calido
1705 3661 1776 3699 ignis
1792 3670 1894 3698 vapore
1916 3661 2022 3691 dictum
2034 3683 2042 3697 ,
2070 3661 2158 3699 qualis
2175 3662 2233 3690 exit
2249 3671 2264 3691 e
2278 3661 2399 3691 fornace.
2429 3661 2501 3700 Virg.
2515 3670 2540 3691 2.
2575 3645 2579 3730 J

2576 3735 2577 3746 l

2574 3749 2577 3767 ι

2551 3477 2554 3480 ,
2578 3369 2584 3469 i

1441 3699 1504 3728 [En.
1539 3703 1583 3727 06.

1521 3709 1570 3758 7—
1590 3737 1758 3774 propiusque
1775 3735 1852 3764 aestus
1871 3736 2002 3765 incendia
2015 3736 2140 3766 volvunt.
2192 3736 2262 3766 Ibib.
2284 3745 2347 3774 759.

1532 3790 1568 3794 —
1589 3782 1743 3811 exuperant
1757 3774 1891 3803 flammae:
1918 3774 1983 3803 furit
1999 3775 2076 3803 aestus
2093 3774 2127 3804 ad
2145 3784 2230 3804 auras.

1419 3810 1524 3845 IEstuS,
1550 3820 1579 3840 ut
1599 3812 1770 3847 aitNonius,
1792 3812 1829 3841 est
1838 3812 1962 3841 Marinus
1974 3813 2095 3850 impetus
2113 3814 2139 3842 St
2154 3812 2323 3841 Commotio.
2349 3811 2438 3850 Vulgo
2457 3809 2540 3843 Mari:

1438 3850 1530 3879 fluxus
1541 3851 1565 3877 ἃ
1578 3850 1707 3880 refluxus.
1731 3850 1814 3879 Plaut.
1834 3849 1902 3879 Alin.

1500 3887 1565 3923 Quo
1576 3888 1662 3924 magis
1671 3895 1699 3918 tc
1709 3889 1740 3917 in
1753 3887 1840 3918 altum
1851 3886 1974 3926 capellis,
1990 3887 2067 3918 aestus
2081 3894 2108 3918 te
2117 3889 2148 3918 in
2156 3893 2269 3926 portum
2280 3887 2371 3918 refert.

2468 3961 2535 4000 Virg.

2582 3635 2587 3643 =

2582 3731 2587 3739 ι

2580 3770 2584 3785 1

2580 3796 2584 3808 t
