2600 4177
472 87 501 122 C
597 89 624 124 E
719 93 754 128 N

98 168 151 195 que
163 160 230 192 civis
240 171 343 193 nomen
360 165 390 194 in
404 163 468 196 albo
481 166 532 198 suae
551 171 682 201 centuriae
696 173 826 213 scriptum
844 177 940 215 fuisse.
962 184 1092 215 tradidit:
1115 187 1195 216 inde·
1289 189 1424 222 Semiferi.
1448 194 1464 223 i¹
1475 204 1498 224 e.
1521 196 1670 237 Semiequi.
1694 201 1795 233 Lucan.
1811 202 1858 234 lib.
1874 210 1899 236 6.
1913 213 1973 244 386.

97 207 151 233 que
169 208 313 237 exemptos
330 204 375 239 qui
388 213 403 232 a
415 204 527 234 censore
539 209 624 236 aerarii
644 210 750 241 fierent.
771 215 863 251 itaque
882 218 951 247 hanc
971 230 1094 252 veterum
1121 226 1193 261 quasi
1289 227 1504 261 Semihomines.
1530 235 1668 266 Ovidiz.
1681 239 1749 270 Met.
1766 246 1827 277 536.

97 239 306 267 controversiam
318 240 354 268 ita
364 241 541 278 dirimemuS,
564 251 594 274 ut
607 249 761 280 nominatas
771 253 883 286 quidem
895 258 919 285 ἃ
930 261 1082 295 recognitas
1092 261 1119 289 in
1129 272 1194 291 ceri-
1289 264 1401 296 Truces.
1424 270 1527 300 Seneca
1550 273 1630 304 Herc.
1646 276 1697 305 fur.
1714 287 1739 312 9.

96 271 124 300 su
137 272 250 309 lingulas
260 275 346 305 tribus
357 299 364 309 .
385 280 500 308 nomina
510 286 602 310 tamen
614 284 754 316 civiumin
767 288 810 319 sua
821 293 952 330 cuiusque
963 299 1086 327 centuria
1094 298 1193 337 scripta
1289 301 1444 335 Centaurus
1464 309 1501 337 est
1517 309 1599 341 Sidus
1619 314 1732 345 australe
1747 318 1821 354 apud
1842 319 1944 351 Vitruv.
1960 333 1984 359 9.
1996 332 2021 360 7.
2044 324 2181 358 Columel.
2199 339 2238 358 η.
2256 341 2281 362 2.
2303 333 2404 371 Hig'n.

96 309 150 338 esse
162 311 292 341 dicamus.
335 314 367 343 Et
380 317 511 351 quoniam
522 319 573 348 tria
584 330 685 356 genera
696 325 798 356 civium
811 328 888 359 suill'e
898 334 1002 362 constat
1015 356 1022 369 ,
1043 335 1192 372 senatoies,
1308 340 1409 371 Astron.
1426 352 1448 379 3.
1463 351 1504 380 38.

93 348 200 382 equites
210 370 218 382 ,
239 349 350 386 plebem
360 373 368 385 ‚
389 354 415 381 δι
426 374 434 387 ,
456 354 532 390 plebi
543 358 664 394 equites,
685 363 823 398 equitibus
832 366 968 399 senatores
980 372 1114 409 dignitate
1126 384 1192 411 prae·
1289 376 1442 410 Centaurus
1452 404 1459 416 ,
1485 384 1594 414 Nomen
1606 389 1683 418 navis
1694 411 1702 425 ,
1723 392 1798 428 apud
1811 393 1883 430 Virg.
1896 405 1920 430 ς.
1932 397 1993 427 AEn.
2008 409 2068 429 122.
2091 401 2128 431 ob
2138 403 2245 441 Insigne
2255 412 2387 441 centauri.

94 383 187 414 stitisse
196 387 323 416 constat:
345 390 415 418 ratio
430 391 571 428 postulat,
592 395 621 424 id
632 399 707 433 quod
723 401 808 431 etiam
818 412 940 436 veter-um
954 410 1080 447 exempla
1095 412 1192 440 testan-
1289 414 1443 447 Centaurus
1465 421 1489 448 ἃ
1512 421 1622 453 fluvius
1641 427 1748 457 AEtoliae
1770 431 1826 466 est,
1856 433 1902 469 qui
1929 437 2004 471 prius
2028 438 2136 469 Evenus
2165 443 2324 479 dicebatur.
2349 451 2409 485 post

93 426 138 450 tur
148 443 156 455 ‚
179 423 248 451 utin
260 424 342 454 censu
352 427 457 462 primus
469 430 573 460 ordinis
585 431 714 464 senatorii
725 437 812 473 locus,
835 444 959 479 equitum
973 446 1118 483 secundus,
1134 449 1192 486 ple*
1306 452 1512 486 Nesticenmu1·i
1524 468 1641 491 mortem
1653 464 1686 492 ab
1697 465 1768 496 Herc
1809 470 1834 486 ‘'
1910 471 1915 475 ’
1960 474 1964 478 “
2075 477 2079 482 ”
2317 485 2321 489 ’

92 458 134 487 bis
144 468 209 488 vero
220 460 304 504 fuerit
314 463 477 500 postremus.
498 468 619 513 primum
633 471 667 507 igi

672 481 715 503 tur
734 478 920 510 recitabantur
939 485 1066 515 omnium
1084 486 1191 516 senato-
1250 487 1272 516 C
1283 498 1296 516 Β
1307 498 1326 517 Ν
1337 500 1355 517 τ
1365 501 1382 519 A
1393 501 1409 520 υ
1420 502 1435 520 a
1448 497 1461 521 ἱ
1474 504 1489 522 i.-
1501 505 1513 524 s
1525 518 1533 530 ,
1558 508 1572 526 a

92 505 153 525 rum
165 506 287 528 nomma.
310 508 368 530 erat
385 508 478 532 autem
491 523 498 535 ,
520 512 591 536 inter
601 510 674 546 ipsos
690 511 830 544 senatores
867 518 965 548 rimum
978 523 1086 552 recitari

1181 544 1191 549 -
1292 537 1312 557 i.
1330 527 1420 557 Carni.
1439 540 1447 558 1
1475 554 1479 559 .
1513 556 1517 561 .

92 532 276 564 honorificum
288 546 296 565 :
317 537 392 582 isque
402 540 533 580 princeps
544 543 652 575 senatus
661 550 818 581 vocabatur.
842 555 871 583 id
882 556 910 585 in
921 557 1032 588 arbitrio
1044 535 1190 592 censosisrii
1250 562 1272 591 C
1284 572 1296 591 R
1306 574 1325 592 Ν
1336 574 1355 592 Τ
1365 575 1383 594 Α.
1394 577 1410 595 υ
1420 577 1435 595 R
1445 537 1484 610 ii:
1493 538 1510 597 ἶ
1520 580 1532 598 s
1543 593 1550 603 .
1572 572 1788 615 [Κειτοωακές]
1808 581 1883 611 aliud
1897 584 1955 620 Adj.
1979 592 2026 622 ut,
2047 588 2139 621 Lustra
2150 591 2314 627 Centaurica
2330 600 2407 636 apud

89 570 208 608 politum
219 580 293 603 erat:
314 585 329 603 a
343 576 443 642 quibus
462 585 555 624 tam-en
569 585 711 628 neminem
722 609 729 623 ‚
751 589 798 618 nisi
813 590 848 620 de
862 594 1050 626 consularibus
1060 620 1067 632 ‚
1089 600 1191 636 princi·
1287 601 1354 630 Stat.
1367 613 1390 631 1.
1403 605 1490 634 Achil.
1503 611 1566 638 266.

112 617 156 637 em
166 608 274 640 senatus
286 612 338 641 esse
359 615 462 651 e6tum,
476 620 729 654 animadvertimus.
752 627 855 657 eodem

867 632 953 661 modo
968 634 1097 673 princeps
1107 646 1190 674 eque·
1249 637 1272 667 C
1283 648 1296 666 s
1305 649 1323 667 Ν
1334 649 1352 667 τ
1363 650 1380 669 a
1392 651 1409 670 υ
1418 652 1434 670 iz
1445 653 1453 670 i
1463 654 1480 672 c
1490 654 1510 673 M
1522 667 1529 678 ,
1551 646 1599 675 Me

1602 648 1791 684 dicainentum
1809 666 1824 685 a
1841 657 1962 690 Chirone
1974 661 2114 694 Centauro
2131 666 2295 707 inventum,
2316 680 2347 703 ut
2367 676 2407 706 ait

113 646 147 675 ris
157 647 263 678 ordinis
274 649 419 683 dicebatur
432 654 454 683 is
463 676 471 688 ,
491 665 574 692 quem
583 659 709 690 censores
721 664 811 700 primo
826 665 854 694 lo

858 677 891 696 co
901 668 1062 707 scripsissent
1072 674 1099 703 in
1110 675 1142 704 iis
1151 682 1191 705 ta·
1288 676 1388 707 Festus.
1429 680 1459 709 V·
1482 692 1499 710 c
1510 693 1523 710 E
1533 693 1552 711 Ν
1561 693 1580 712 T
1591 695 1607 712 Α
1620 696 1637 714 υ
1648 697 1680 716 ui
1691 699 1719 718 Α.

89 681 171 720 bulis,
192 694 252 722 quae
261 688 385 724 equitum
396 692 508 721 nomina
519 696 711 729 continebant.
732 700 772 730 Ex
783 701 809 732 P.
824 703 930 736 Manut.
943 708 1189 743 observationibus.
1248 712 1272 742 C
1281 723 1294 742 R
1306 723 1325 742 Ν
1335 724 1354 743 T
1365 725 1382 744 A
1393 726 1412 744 o
1423 727 1438 747 R
1447 728 1464 746 o
1473 730 1492 747 Μ
1505 730 1523 748 A
1532 730 1549 749 c
1559 731 1576 750 n
1589 733 1596 750 1
1609 733 1626 751 Α
1638 746 1646 758 ,
1663 735 1693 755 ae.
1709 727 1727 756 f.
1751 728 1844 767 Pugna
1855 741 1919 762 cum
1938 734 2090 768 Centauris.
2112 740 2197 772 Plaut.
2209 743 2288 776 Cure.
2303 756 2326 783 3.
2339 757 2365 781 7.
2379 762 2404 787 ς,

0 732 8 751 >
36 717 203 758 Censuit,
224 723 242 753 i.
266 734 294 754 n.
315 725 394 756 Idem
405 729 481 764 quod
492 730 603 763 Census.
645 734 702 766 Cic.
712 740 787 776 apud
798 739 943 780 Nonium,
958 754 982 781 3.
993 752 1037 785 76.
1060 749 1189 786 Quorum
1287 751 1425 783 Thessalia
1437 755 1493 793 ipsa
1511 757 1671 793 joculariter
1681 785 1689 798 ,
1710 766 1773 801 quia
1786 777 1847 804 pars
1866 772 1926 806 ejus
1953 784 1960 802 i
1973 776 2117 807 Centauris
2134 780 2286 813 inhabitata
2301 783 2405 819 dicitur

0 771 8 791 t·
52 755 190 789 luxuries
207 761 344 792 fortunata
354 766 435 796 censa
445 777 482 804 pe
504 770 563 799 erit.
1286 791 1385 827 poetis.

2 812 7 819 ‹
66 805 80 824 a
91 805 110 824 N
120 805 131 825 s
140 806 159 825 u
168 801 185 826 Ᾰ
196 809 252 835 με
262 821 270 835 ,
292 810 317 830 e.
339 803 485 838 [πμῆτιιιᾷε
528 807 593 846 Ulp.
605 809 665 839 inl.
683 811 780 843 forma.
795 813 829 846 D.
845 818 881 848 de
894 820 994 851 censib.
1016 822 1115 854 Forma
1126 834 1190 855 cen—

1248 825 1553 869 CENTRNAR1US‚
1594 834 1823 876 esurimus,
1862 844 2024 878 Caurnsi

69 832 138 862 suali
148 842 262 866 cavetur
271 859 279 872 ,
301 845 332 868 ut
340 841 396 876 agri
408 842 444 871 fic
454 843 483 871 in
492 845 603 875 censum
613 848 773 881 referantur.

2035 862 2054 880 M
2067 862 2105 882 us
2122 875 2130 889 ‚
2171 856 2402 901 ΟεΝτιοΕΡε,

951 875 957 879 .
1283 865 1465 904 ΕΕΝΤιΕε,
1504 870 1762 913 CnN'risious,
1797 879 2061 923 CENTiromn,
2094 891 2402 937 CENT1GRANUM,

68 871 231 903 Contractus
242 876 375 906 censualis
384 879 421 908 est
431 902 439 914 ,
461 881 556 917 Quum
567 885 627 920 quis
641 886 684 920 jus
699 889 774 923 quod
784 890 813 919 iri
824 901 853 921 re
864 893 957 931 habet,
970 897 1023 928 five
1040 899 1186 937 directum,
1285 902 1307 931 C
1316 912 1402 932 ENT!
1414 916 1436 934 M
1446 915 1465 934 Α
1477 918 1492 935 L
1502 918 1510 935 1
1520 917 1533 937 S
1545 930 1552 943 ›
1582 909 1605 939 C
1614 920 1627 939 Ε
1638 920 1761 944 N'F1MA
1770 925 1791 944 N
1802 927 1820 946 U
1829 927 1842 946 8
1854 940 1861 952 ‚
1905 922 1926 949 C
1937 932 1950 950 Η
1961 933 1980 951 Ν
1991 934 2010 952 'r
2020 936 2028 953 1
2038 938 2057 955 Μ
2067 937 2080 955 13
2089 938 2130 958 ΤΕ
2139 940 2154 958 R
2163 953 2170 966 ,
2208 932 2230 962 C
2239 944 2252 962 s
2261 944 2282 964 Ν
2292 946 2311 965 τ
2322 948 2330 966 ι
2343 948 2363 967 Ν
2373 949 2404 968 o-

85 908 141 938 sive
151 910 221 941 utile
235 913 391 944 dominium
406 917 508 948 alienat
517 921 626 957 prorsus
645 923 673 951 in
690 925 774 956 alium
795 939 845 965 pro
870 940 943 962 certa
961 937 1079 972 pecunia
1090 960 1098 973 ,
1120 946 1188 976 puta
1284 949 1350 970 D1A
1360 962 1368 975 e
1391 941 1412 971 C
1423 952 1437 971 Ε
1446 952 1466 972 Ν
1476 953 1495 973 T
1504 956 1513 974 1
1522 956 1537 974 P
1547 956 1587 975 Εἰ)
1597 957 1614 976 Α
1626 970 1634 984 '³
1657 949 1730 980 CEN
1740 962 1760 981 T
1770 964 1778 981 ¹
1790 964 1803 982 P
1813 964 1826 983 Β
1837 965 1857 984 S·
1889 956 1918 987 ῙΠ
1938 969 1954 987 C
1966 970 2007 990 RN
2016 972 2035 990 T
2045 974 2063 992 U
2072 976 2103 995 Μ.

86 957 138 984 pro
148 955 260 979 centum
271 973 279 986 ,
301 953 465 989 &praeterea
476 958 626 988 constituto
636 970 730 991 annuo
740 966 832 997 censu.
874 970 928 999 Sed
940 982 989 1009 per
1001 976 1187 1014 emphyteuti-
1245 976 1291 1006 (ἴε
1302 987 1351 1007 NT
1360 990 1369 1007 1
1379 988 1399 1008 N
1411 990 1429 1009 U
1438 991 1469 1016 M,
1490 982 1508 1012 i·
1530 993 1558 1013 n·
1583 985 1731 1024 [Kf‘fflw]
1753 990 1874 1022 Umbria:
1886 998 2032 1035 oppidum,
2043 1004 2119 1039 apud
2130 1004 2244 1037 Ptolem.
2258 1009 2402 1058 lib.3.cap.

85 985 189 1015 carium
199 991 371 1019 contractum
382 1001 440 1021 non
450 995 613 1026 transfertur
626 1007 710 1029 omne
721 1001 765 1037 jus
783 1004 812 1033 in
824 1007 1044 1046 emphyteutam.
1063 1013 1081 1043 l.
1101 1024 1123 1044 1.
1153 1015 1184 1045 C.
1285 1025 1309 1044 1·
1332 1017 1383 1046 Alii
1395 1018 1544 1050 Sentinum
1554 1021 1676 1054 scribunt
1690 1034 1740 1062 Der
1757 1038 1770 1058 8
1780 1051 1788 1064 ·›
1813 1031 1912 1067 qulbus
1925 1036 2010 1067 etiam
2027 1038 2095 1070 Plifl·
2111 1041 2288 1083 suffragatur,
2309 1052 2356 1088 qui
2372 1063 2401 1082 in

86 1022 183 1059 dejur,
196 1026 369 1064 emphyteut.
1282 1052 1403 1084 Umbriae
1418 1056 1604 1096 descriptione
1614 1061 1799 1095 Sentinatiuni
1812 1071 1950 1101 meminit.

65 1055 123 1090 Lex
135 1061 278 1093 censualis.
310 1065 405 1096 Alciat.
419 1067 448 1097 in
460 1068 508 1098 lib.
522 1079 544 1100 1.

567 1069 656 1102 Tacit.
680 1075 751 1112 Quae
764 1079 892 1116 regiones
904 1084 947 1119 jus
955 1085 1074 1117 civitatis
1084 1088 1187 1120 Roma.
1241 1089 1266 1120 C
1276 1100 1317 1120 EN
1327 1101 1371 1122 To
1383 1115 1391 1128 ,
1414 1095 1483 1124 finis.
1506 1106 1543 1125 m.
1566 1099 1707 1136 [κεήςων]
1728 1103 1828 1135 Perott.
1852 1108 1993 1140 Centones
2013 1122 2028 1142 a
2052 1114 2181 1148 villorum
2198 1123 2397 1159 multitudine:

0 1122 2 1126 ,
82 1104 125 1126 n'ae
135 1108 192 1128 non
202 1100 361 1139 habebant,
380 1106 550 1141 gravioribus
561 1110 670 1141 tributis
682 1115 860 1148 vexabantur.
886 1122 1007 1153 censuali
1027 1126 1103 1156 enim
1123 1127 1183 1166 lege
1280 1131 1414 1166 qUOtfiam
1425 1131 1519 1162 finitus
1530 1144 1661 1167 numerus
1673 1149 1723 1176 pro
1736 1142 1846 1173 infinito
1860 1148 1981 1183 ponitur.
2021 1151 2050 1180 Si
2147 1157 2151 1162 '

0 1152 3 1173 ς
81 1133 205 1173 profiteri
213 1139 384 1176 cogebantur
392 1151 460 1180 quot
468 1146 559 1183 capita
578 1148 665 1178 essent
682 1151 710 1180 in
725 1153 848 1189 qualibet
860 1157 963 1190 familia
973 1183 981 1195 ,
1002 1170 1071 1199 quot
1092 1165 1183 1203 jugera
1278 1167 1346 1196 fiora
1355 1169 1428 1198 villis
1437 1171 1534 1207 passini
1550 1175 1739 1210 pendentibus
1819 1182 1824 1187 ‘

81 1179 159 1203 terrae
170 1197 179 1210 ,
199 1184 267 1213 quot
277 1177 436 1217 servosquis
448 1182 570 1214 haberet.
592 1186 672 1217 sed&
683 1189 841 1223 delacubus
849 1195 1001 1232 piscatoriis
1019 1202 1117 1233 census
1130 1203 1183 1233 sol·
1277 1205 1435 1236 sternuntur
1446 1229 1454 1242 ,
1478 1210 1692 1244 &tabernacula
1704 1238 1712 1251 ‚
1733 1219 1877 1256 omnisque
1898 1224 2036 1256 castrensis
2049 1227 2172 1266 supellex
2190 1235 2314 1270 pluvioso
2330 1248 2402 1271 teni.

82 1212 190 1242 vendus
200 1222 258 1244 erat
269 1215 388 1254 Ulpiano
400 1219 539 1258 Pauloque
551 1223 746 1258 Jureconsulto
762 1230 882 1263 testibus.
1525 1249 1529 1253 '
1763 1256 1768 1261 ”
2192 1273 2197 1277 ·

0 1258 9 1279 ν,
62 1247 138 1278 Libri
146 1251 296 1283 censuales.
319 1254 337 1284 l.
350 1267 377 1291 4·
391 1256 461 1287 Cod.
473 1259 509 1288 de
518 1260 634 1297 Agricol.
649 1265 674 1293 ὁὶ
685 1265 804 1297 censitis.

0 1304 1 1318 ,
63 1285 179 1318 Vincula
198 1290 344 1322 censualia,
387 1293 518 1332 Ulpianus
537 1299 567 1326 in
587 1299 606 1328 l.
619 1300 717 1332 forma.
740 1305 761 1342 §.
785 1305 866 1344 siquis
886 1309 1065 1348 inquilinum.
1087 1314 1121 1346 D.
1144 1316 1181 1346 de
1277 1318 1393 1350 Non.2.
1409 1330 1470 1357 177.
1494 1324 1558 1353 Caes-
1569 1335 1592 1353 2.
1607 1326 1675 1357 Bell.
1689 1330 1770 1360 Civil.
1787 1342 1829 1362 10.
1852 1336 2064 1376 Centonesque'

47 1327 49 1329 '
81 1325 209 1356 censibus
221 1349 229 1363 ,
250 1328 340 1366 Siquis
349 1331 518 1370 inquilinum
529 1336 573 1365 vel
582 1337 715 1370 colonum
728 1351 786 1372 non
797 1344 880 1376 fuerit
888 1349 1022 1385 professus
1032 1374 1040 1388 ,
1061 1354 1182 1385 vinculis
1277 1364 1326 1385 aut
1337 1357 1392 1387 tela
1402 1362 1548 1391 tormentis
1558 1363 1635 1393 missa
1646 1368 1904 1403 contabulationem
1913 1376 2131 1416 perfringerent,
2153 1392 2201 1414 aut
2210 1386 2271 1417 saxa
2288 1390 2317 1419 in
2329 1398 2401 1423 cata-

79 1362 256 1395 censualibus
271 1372 391 1398 tenetur.
1278 1394 1365 1432 pultis
1375 1395 1527 1428 lateritium
1540 1400 1717 1435 discuterent.

0 1412 2 1431 ι
22 1399 25 1433 Ι
62 1398 212 1432 Volumina
222 1404 367 1437 censualia.
390 1406 407 1437 l.

78 1437 89 1467 1
146 1441 172 1469 ἃ
1276 1432 1387 1468 Cento,
1409 1434 1503 1465 Genus
1512 1438 1782 1475 vestimentirustici.
1824 1447 1893 1478 Cato
1905 1450 1940 1481 de
1950 1451 1983 1482 R.
1995 1452 2027 1484 R.
2041 1464 2102 1494 cap.
2116 1466 2142 1488 2.
2165 1458 2325 1501 Centones,
2348 1468 2402 1498 Cu-

91 1444 126 1468 at.
174 1449 197 1470 C.

1293 1470 1421 1501 culiones
1431 1473 1567 1505 familiam
1582 1481 1732 1515 oportuisse
1744 1483 1791 1512 fibi
1803 1484 1908 1517 sarcire.
1950 1490 2087 1523 Columel.
2100 1495 2147 1526 lib.
2167 1507 2189 1528 1.
2206 1510 2266 1538 cap.
2277 1509 2303 1537 8.
2335 1506 2402 1535 Cui.

454 1485 570 1516 ebantur
579 1509 587 1523 ‚
608 1486 710 1521 Scribae
722 1493 839 1532 publici,
859 1500 905 1534 qui
917 1501 1061 1533 censuales
1072 1504 1179 1536 tabulas
1294 1514 1351 1538 tani
1364 1510 1542 1550 vestitamque
1554 1514 1689 1547 familiam
1699 1522 1787 1557 magis
1799 1524 1902 1554 utiliter
1912 1548 1919 1560 ,
1940 1537 2024 1564 quam
2033 1531 2153 1563 delicate
2163 1535 2263 1568 habeat
2277 1563 2284 1575 ,
2306 1544 2398 1573 muni.

79 1514 274 1547 conficiebant.
309 1519 427 1557 Capitol.
440 1522 468 1552 in
480 1523 627 1556 Gordianis
638 1537 698 1565 cap.
714 1540 754 1560 12.
776 1534 1049 1571 Senatusconsultum
1061 1543 1179 1574 tacitum

1292 1548 1699 1592 tamque-diligenteravento,
1720 1558 1839 1597 frigore,
1862 1562 2031 1603 pluviaque:
2053 1579 2114 1606 quae
2127 1576 2226 1604 cuncta
2244 1579 2398 1614 prohiben-

0 1564 7 1581 ,ι
78 1552 170 1587 fieret,
193 1555 270 1586 itaut
278 1566 337 1586 nori
348 1558 443 1588 scribae
454 1582 462 1596 ,
483 1572 541 1591 non
552 1563 619 1594 servi
628 1567 733 1603 publici
744 1591 751 1604 ,
773 1580 831 1601 non
848 1571 988 1607 censuales
1000 1578 1055 1609 illis
1072 1581 1179 1611 actibus
1293 1590 1338 1613 tur
1350 1585 1470 1622 pellibus
1484 1590 1646 1623 manicatis,
1666 1597 1819 1628 centonibu

1822 1609 1834 1629 s
1857 1602 1993 1634 confessis
2032 1607 2077 1636 vel
2126 1611 2152 1639 σι’
2284 1617 2289 1621 ”
2306 1640 2312 1646 .
2387 1643 2394 1649 .

6 1604 9 1618 .·
21 1599 25 1615 ι
77 1589 248 1629 interessent,
265 1594 413 1627 Senatores
422 1600 594 1638 exciperent,
612 1604 760 1636 Senatores
770 1611 896 1641 omnium
908 1615 998 1645 officia
1007 1617 1178 1649 censualium
1292 1621 1456 1654 Cucullatis.
1496 1626 1644 1663 [Omnino
1657 1632 1813 1666 tollendum
1823 1647 1932 1669 comma
1943 1626 2018 1678 priu's
2030 1644 2077 1675 est.
2097 1608 2123 1639 sa
2143 1615 2398 1692 esssliqeerglllffefflgigs

0 1638 7 1658 12
23 1624 25 1631 ⁸
79 1627 283 1669 scribarumque
293 1634 487 1674 complerent,
506 1648 543 1669 ne
558 1641 625 1677 quid
643 1642 715 1673 forte
730 1647 905 1682 proderetur.
943 1652 974 1682 V.
996 1655 1039 1683 tit.
1049 1664 1075 1686 2.
1088 1655 1137 1687 lib.
1150 1662 1176 1692 8.
1293 1661 1426 1691 manicati
1435 1662 1498 1693 sunt
1512 1686 1520 1700 ‚
1542 1665 1600 1703 Qui
1613 1671 1736 1701 manicas
1749 1674 1880 1710 pelliceas
1891 1677 2004 1711 liabent.

3 1667 25 1696 ’,2
78 1665 149 1697 Cod.
164 1668 275 1700 Theod.
1273 1697 1439 1735 Centones,
1460 1701 1591 1733 Fasciculi
1611 1716 1645 1736 ex
1671 1712 1772 1746 pannis
1790 1720 1838 1742 aut
1853 1713 1946 1745 linteis
1966 1717 2084 1751 sordidis
2104 1728 2244 1762 compa&
2257 1751 2265 1764 ,
2297 1730 2396 1767 quibus

3 1703 9 1735 ζ·
22 1701 217 1736 ’ῦιΝευΑιυ
228 1718 283 1744 us,
306 1719 337 1743 a,
355 1719 411 1740 um.
431 1718 480 1749 ut,
501 1713 692 1748 Liberalitates
700 1721 855 1754 censuariae.
875 1726 1011 1764 Spartian.
1023 1729 1052 1759 in
1065 1730 1176 1762 Adrian.
1291 1736 1394 1766 aedium
1405 1738 1586 1772 instrumenta
1597 1744 1785 1784 deterguntur.
1808 1751 1889 1789 Apud
1906 1753 1968 1792 Ulp.
1987 1756 2005 1786 l.
2020 1767 2061 1787 12.
2076 1760 2098 1797 §.
2113 1771 2155 1792 12.
2167 1764 2200 1793 D.
2217 1766 2252 1795 de
2263 1768 2335 1798 instr.
2350 1770 2395 1800 vel

0 1754 8 1785 ἢ
22 1755 25 1778 ;
60 1751 121 1781 cap.
137 1753 179 1774 ιο.
190 1755 230 1782 pr.
253 1746 272 1775 i.
288 1756 311 1776 e.
334 1748 444 1784 Quibus
454 1751 500 1780 vel
511 1753 608 1784 census
617 1757 771 1794 exigendus
780 1763 940 1801 remittitur,
949 1767 995 1796 vel
1006 1768 1066 1803 ejus
1075 1769 1178 1799 minui..
1291 1774 1366 1803 instr.
1381 1776 1501 1813 positum
1511 1779 1623 1811 videtur
1633 1785 1735 1821 probis
1746 1809 1753 1822 ‚
1775 1789 1820 1825 qui
1834 1791 1945 1827 perticis
1960 1793 1997 1823 im

0 1785 25 1815 ii(
59 1785 104 1810 tur
118 1782 227 1813 modus.
270 1783 311 1814 Ita
323 1785 435 1816 Casaub.
449 1798 484 1818 ex
495 1790 559 1822 Mis.
585 1793 619 1822 al.
642 1794 782 1827 Causariae.
806 1809 831 1837 q.
851 1800 882 1830 V.
1994 1805 2023 1869 ft

2023 1797 2084 1826 oliti
2101 1807 2180 1830 aceto
2195 1803 2398 1844 immerguntur

2024 1842 2096 1865 iven.
2107 1841 2134 1867 6.
2150 1838 2204 1869 Sat.
2221 1851 2282 1872 121.

4 1817 297 1858 iiCsNTAuErus,
318 1823 336 1853 i.
359 1833 396 1854 m.
417 1826 513 1857 Galata
532 1830 644 1866 quidam
663 1832 716 1863 fuit

423 1409 527 1445 3.Cod.
540 1410 651 1444 Theod.
664 1415 700 1445 de
713 1417 838 1458 privileg.
857 1430 914 1453 eor.
934 1426 980 1462 qui
1001 1427 1031 1457 in
1050 1427 1123 1459 sacro
1132 1440 1181 1468 pa-

1290 1812 1328 1841 ad
1338 1812 1505 1845 incendium
1520 1819 1750 1857 extinguendum.
1774 1826 1958 1860 Hotomanus.

726 1856 734 1870 ‚
756 1836 802 1873 qui
822 1838 960 1870 Antiocho
978 1852 1041 1881 rege
1060 1844 1174 1882 occiso,
1350 1850 1468 1882 Intravit
1481 1854 1605 1887 calidum
1618 1861 1705 1890 veteri

1725 1870 1846 1896 centone
1857 1866 1981 1905 lupanar.
2065 1873 2114 1903 ubi
2127 1875 2221 1909 Schol.
2244 1880 2303 1912 Vet.
2326 1882 2394 1915 velo

0 1866 8 1888 Β
22 1883 24 1895 ‹
59 1865 132 1893 equo
151 1858 210 1894 ejus
223 1861 348 1897 potitus,
369 1872 434 1892 eum
450 1874 536 1896 ovans
554 1869 727 1901 conscendit.
766 1874 852 1911 Quod
871 1877 918 1907 ille
934 1879 1048 1918 indigne
1062 1882 1173 1919 ferens,
1290 1896 1327 1916 ex
1337 1891 1437 1925 pannis
1449 1891 1531 1922 facto.

0 1905 9 1924 μ
80 1897 221 1933 raecepsin
230 1897 345 1936 abrupta
355 1899 469 1938 desiliit,
490 1913 600 1942 unaque
616 1916 680 1937 cum
700 1909 798 1942 sessore
812 1914 850 1943 est
870 1917 1045 1949 exanimatus
1056 1940 1065 1955 ,
1086 1926 1117 1950 ut
1138 1930 1174 1951 ex
1269 1924 1412 1956 Centones
1428 1949 1436 1963 ,
1457 1928 1550 1961 Vestes
1562 1941 1578 1961 e
1589 1934 1671 1965 variis
1702 1938 1840 1969 anniculis
1852 1963 1859 1975 ,
1879 1950 1912 1971 ae
1929 1943 2040 1976 diverfis
2057 1949 2143 1980 etiam
2154 1952 2295 1986 interdum
2315 1959 2396 1989 colo-

0 1933 6 1963 ι
57 1904 193 1963 shilarchi
203 1934 338 1966 sententia
345 1938 441 1974 refert,
462 1940 531 1972 Plin.
542 1942 591 1973 lib.
601 1950 626 1979 8.
639 1955 699 1985 cap.
710 1957 756 1984 4²-
1288 1963 1365 1993 ribus
1377 1965 1582 1999 consarcinatae.
1623 1973 1665 2002 Ad
1697 1984 1773 2005 arum
1785 1976 1993 2012 similitudinem
2007 1984 2164 2019 Centonem
2179 2001 2278 2024 vocant
2291 1996 2396 2028 Carmi..

5 1982 9 1987 .
27 1967 96 2000 CEN
105 1979 153 1999 ΤΛ
164 1981 182 2000 u
191 1981 207 2001 R
217 1983 227 2001 1
237 1983 271 2009 Α,
293 1984 323 2003 ae.
346 1975 365 2004 f.
396 1977 448 2007 five
469 1979 570 2009 CuNT
579 1989 599 2010 A
610 1993 671 2012 usr
686 1995 703 2014 u
714 1997 746 2022 M,
766 1987 786 2016 i.
801 1997 828 2018 n.
861 1989 1020 2029 [κεντωάξιον
1039 1990 1064 2021 π)
1085 1995 1152 2031 ,ιιέμι
1161 2017 1171 2033 ‚
1288 2002 1332 2030 nis
1342 2012 1440 2039 genus,
1462 2015 1496 2034 ex
1508 2007 1617 2038 diversis
1628 2013 1797 2044 carminibus
1807 2037 1815 2050 ,
1837 2018 1863 2045 8<
1875 2020 2029 2051 carminum
2041 2024 2202 2062 fragmentis
2213 2052 2220 2065 ,
2238 2031 2305 2062 hinc
2313 2041 2394 2072 atque

0 2012 19 2036 5*
58 2006 192 2044 κενταύριον
208 2008 233 2037 τὲ
251 2013 360 2048 μαζὸν]
381 2014 474 2046 Genus
489 2018 589 2048 herbae.
630 2021 675 2051 Est
683 2030 776 2054 autem
786 2029 947 2058 centaurion
957 2031 1050 2061 minus
1067 2033 1094 2062 <Sc
1114 2043 1172 2064 ma-
1287 2038 1368 2069 illinc
1379 2042 1515 2073 accersitis
1527 2066 1535 2079 ,
1558 2054 1738 2086 contextum,
1760 2053 1889 2091 quasique
1900 2058 2064 2091 consutum:
2088 2064 2175 2095 Graeci
2185 2069 2310 2103 κέντςωνως
2321 2094 2329 2107 ‚
2345 2082 2394 2112 ap.

0 2038 9 2078 ξ
23 2049 24 2055 ’
57 2045 108 2083 jus.
147 2046 216 2078 Plin.
229 2049 330 2085 lib.25.
342 2056 438 2090 cap.6.
462 2054 609 2088 Centauria
619 2059 720 2091 dicitur
732 2071 841 2094 curatus
858 2066 961 2096 Chiron
975 2089 983 2104 ‚
1005 2079 1090 2107 quum
1104 2071 1172 2101 Her·
1287 2076 1395 2114 pellant
1406 2080 1501 2110 addita
1512 2081 1602 2114 littera
1616 2108 1624 2121 ,
1647 2097 1729 2123 quam
1743 2089 1880 2125 abjiciunt
1888 2093 1987 2126 Latini.
2030 2099 2132 2131 Extant
2148 2104 2241 2135 adhuc
2258 2107 2394 2140 Homero-

0 2081 13 2121 ξ·
56 2083 127 2114 'culis
141 2088 253 2124 excepti
267 2087 385 2126 hospitio
404 2095 583 2128 pertractanti
601 2106 692 2134 arma,
714 2100 808 2138 sagitta
831 2104 975 2135 excidisset
994 2106 1023 2135 in
1045 2109 1168 2145 pedem:
1286 2123 1422 2146 centones
1444 2119 1471 2148 δι
1486 2119 1737 2157 vii-giliocentones
1757 2126 1852 2158 Probae
1870 2132 2004 2164 mulieris.
2042 2137 2081 2167 Ex
2094 2139 2196 2171 Erasini
2207 2143 2390 2179 Chiliadibus.

0 2131 7 2161 ς
55 2123 140 2160 qu*
149 2123 233 2160 aliqui
244 2125 399 2157 Chironion
409 2138 518 2162 vocant.
560 2133 706 2166 Centauria
715 2139 803 2174 major
811 2141 850 2169 est
858 2141 904 2171 illa
911 2143 988 2173 radix
998 2154 1057 2182 quae
1066 2156 1080 2175 a
1092 2146 1171 2177 Phar—
1286 2152 1317 2182 V.
1342 2154 1441 2184 nuson.
1455 2157 1483 2185 in
1496 2157 1577 2196 Epist.
1588 2162 1622 2190 ad
1633 2162 1707 2192 Paul.
1719 2164 1840 2196 Centoni
1852 2170 2030 2207 niiptiali,seu
2042 2175 2140 2214 Eidyll.
2157 2189 2197 2212 1²-
2211 2184 2314 2218 praeiix.
2327 2186 2393 2216 Ter.

0 2167 24 2193 w.
50 2161 209 2198 macopolis
217 2163 373 2201 appellatur
382 2169 569 2203 Reuponticum.
607 2172 754 2205 Centauria
763 2184 856 2207 autem
867 2180 959 2210 minor
974 2192 989 2211 a
1002 2184 1170 2215 Senensibus
1285 2190 1347 2220 tull.
1359 2192 1396 2221 de
1408 2192 1557 2234 Praescript.
1571 2208 1631 2237 cap.
1644 2209 1686 2237 39.
1699 2203 1725 2231 &
1737 2202 1828 2233 Isidor.
1837 2205 1913 2244 Orig.
1934 2220 1955 2237 i.
1970 2216 2012 2245 38.
2033 2213 2139 2245 Fabric.
2152 2217 2222 2249 Bibl,
2234 2220 2292 2251 Lat,
2309 2233 2332 2254 ι,
2347 2234 2390 2256 12,

0 2188 24 2230 tl
56 2204 168 2228 vocatur
177 2201 315 2238 BiondeHa,
335 2203 508 2236 Matthiolus.
526 2209 601 2239 conf.
615 2210 705 2242 Ruell.
725 2213 771 2244 lib.
787 2224 810 2251 3.
828 2225 888 2255 cap.
901 2222 926 2247 6.
949 2221 1010 2257 &7.
1033 2223 1079 2258 qui
1100 2223 1170 2253 dicit
1286 2229 1409 2259 &Graee
1421 2240 1447 2262 2.
1461 2241 1485 2269 7.
1502 2242 1525 2270 3.

0 2234 24 2264 ii
56 2234 234 2267 Centaurium
248 2239 341 2270 minus
354 2242 407 2272 esse
421 2265 428 2278 ,
450 2246 525 2281 quod
534 2247 619 2285 aliqui
634 2249 771 2281 Libadion
787 2261 903 2286 vocant.
926 2259 1056 2293 quoniam
1071 2259 1169 2290 secun-
1267 2266 1410 2298 Centones
1421 2269 1520 2301 farcire
1531 2272 1623 2303 alicui.
1663 2275 1853 2310 proverbium.
1868 2280 1954 2313 Plaut.
1967 2285 1995 2314 in
2009 2285 2091 2325 Epid.
2106 2299 2129 2327 3,
2144 2302 2170 2328 4,
2186 2303 2228 2330 19,

0 2267 23 2303 't'
56 2273 122 2303 dum
133 2273 224 2305 fontes
233 2276 365 2308 nascitur:
387 2279 433 2309 alii
444 2281 610 2322 Limnelion,
620 2289 694 2324 quod
702 2297 817 2328 propter
826 2291 937 2323 lacusin
949 2296 1033 2333 riguis
1047 2297 1169 2329 ubertim
1360 2306 1438 2344 Qiin
1450 2313 1481 2338 tu
1492 2331 1500 2345 ,
1522 2310 1608 2340 alium
1621 2321 1724 2349 quaeras
1735 2338 1742 2350 ,
1764 2318 1808 2346 cui
1821 2326 1955 2351 centones
1967 2323 2074 2356 farcias.
2169 2331 2186 2361 i.
2198 2343 2222 2362 e.
2244 2333 2338 2371 Quem
2359 2344 2389 2369 tu

0 2321 8 2345 ῃ
21 2313 23 2342 f
52 2310 192 2350 'jamfiliatz
214 2314 333 2345 officinis
345 2316 430 2348 hodie
440 2323 578 2349 Centauria
586 2326 665 2353 minor
675 2348 682 2361 ‚
704 2328 807 2358 Latinis
818 2329 864 2359 Fel
878 2339 956 2361 terrae
974 2341 1088 2372 propter
1097 2346 1171 2366 ama·
1283 2341 1407 2379 gloriosis
1418 2347 1571 2377 mendaciis
1582 2351 1607 2379 Sc
1618 2351 1815 2384 consarcinatis
1829 2356 2024 2392 fabulamentis
2041 2365 2163 2402 expleas.
2204 2372 2301 2402 Solent
2311 2377 2388 2406 enim

0 2345 23 2389 'is
54 2349 203 2380 titudinem
211 2351 361 2392 summam,
382 2358 525 2389 nonnullis
535 2360 692 2401 Febrifisgia
703 2367 855 2404 vocitatur,
870 2370 922 2399 &c.
946 2370 1017 2402 Vide
1027 2372 1082 2403 illis
1097 2373 1169 2405 locis
1284 2381 1414 2412 homines
1422 2383 1531 2420 gloriosi
1540 2389 1719 2419 mendacium
1732 2392 1808 2422 aliud
1818 2404 1851 2422 ex
1866 2396 1920 2425 alio
1931 2403 2115 2433 connectere:
2138 2406 2389 2444 nullumfacientes

0 2398 6 2418 ι
22 2415 23 2422 ¹
76 2386 141 2417 lura,
381 2421 390 2432 t
1284 2428 1375 2456 neque
1387 2420 1473 2451 finem
1488 2432 1579 2461 neque
1601 2427 1726 2457 modum.
1748 2429 1874 2463 Erasmus
1886 2434 1915 2463 in
1929 2435 2112 2471 Chiliadibus.
2134 2446 2218 2482 Apud
2232 2449 2317 2480 Plaut.
2340 2453 2387 2482 alii·

0 2423 23 2458 kl
78 2432 207 2456 entaurea
228 2437 279 2465 per
301 2428 452 2462 secundam
469 2434 597 2466 vocalem
614 2447 629 2467 E
647 2441 813 2476 produc‘tam
829 2443 858 2472 in
875 2446 1048 2485 penultima,
1068 2449 1170 2488 legitur
1282 2456 1388 2486 Sarcias
1402 2458 1509 2496 legunt.
1717 2504 1722 2509 ¹

0 2467 9 2493 r
71 2464 144 2501 apud
157 2464 227 2502 Virg.
238 2476 263 2501 4.
277 2466 374 2506 Georg.
388 2479 452 2507 270.
642 2501 657 2515 0
1227 2494 1249 2523 C
1259 2502 1273 2522 Ε
1282 2502 1330 2522 ΝΤ
1339 2504 1388 2524 υΝ
1399 2499 1442 2525 οὔ
1452 2508 1514 2528 Lus
1523 2519 1532 2533 ,
1554 2500 1572 2529 i.
1594 2509 1631 2530 m.
1653 2502 1785 2534 diminut.
1805 2508 1985 2546 [κεντξῶνιον]
2002 2512 2058 2544 Liv.
2069 2524 2093 2552 7,
2105 2528 2131 2553 4,
2150 2519 2237 2551 Malis
2249 2523 2328 2555 strata
2340 2527 2388 2557 de,

6 2495 23 2513 *
167 2505 364 2543 ecropiumque
379 2507 506 2546 thymum
518 2533 526 2546 ,
556 2513 583 2543 δι
602 2523 681 2551 grave
698 2516 802 2547 olentia
818 2527 974 2554 centaurea.
1057 2525 1166 2557 Lucret.
1264 2532 1335 2561 trahi
1346 2533 1441 2568 jubet:
1465 2535 1591 2574 binisque
1605 2546 1712 2569 tantum
1726 2545 1904 2576 centunculis
1913 2548 2031 2587 relictis,
2044 2555 2088 2583 &c
2119 2556 2154 2586 Et
2165 2560 2244 2595 Apul.
2261 2572 2270 2590 i
2296 2564 2384 2595 Miles

0 2536 6 2567 Ξ
70 2536 119 2568 ω).
129 2550 154 2576 4·
168 2549 227 2577 123.
1263 2579 1292 2607 p.
1309 2579 1369 2606 104.
1392 2572 1502 2602 Etcum
1516 2574 1592 2605 dicto
1605 2598 1613 2612 ,
1635 2577 1708 2607 sutili
1726 2584 1898 2614 centunculo
1919 2586 2018 2619 faciem
2035 2590 2111 2623 suam
2128 2598 2309 2632 punicantem
2329 2613 2386 2641 prae

22 2578 23 2584 ¹
142 2577 328 2616 Abrotanique
338 2589 434 2618 graves
447 2604 456 2620 ‚
476 2586 503 2615 ἃ
513 2587 596 2618 tristia
603 2596 760 2623 centaurea.
868 2596 944 2633 Quia
955 2597 1042 2629 Graeci
1055 2611 1167 2641 quoque
1262 2608 1373 2645 pudore
1383 2631 1391 2644 ,
1412 2610 1529 2641 obtexit.

0 2620 7 2638 i.
21 2615 24 2641 i
71 2614 219 2651 ’κειταέυςεων
230 2627 279 2654 per
290 2629 307 2644 ει
318 2618 449 2651 scribunt.
1263 2645 1471 2684 Centunculus‚
1493 2649 1586 2680 Herba
1596 2673 1605 2685 .,
1627 2652 1664 2682 de
1686 2663 1738 2691 qua
1757 2656 1826 2688 Plin.
1840 2658 1887 2690 lib.
1902 2670 1947 2697 24.
1967 2673 2030 2702 cap.
2044 2676 2087 2701 15.
2109 2668 2169 2700 Itali
2184 2677 2384 2710 centunculum

0 2644 9 2683 ’μ’
47 2660 141 2683 ΒΝΤΑ
151 2663 195 2682 us
204 2663 223 2682 υ
232 2665 253 2684 M
265 2677 273 2690 ,
294 2656 311 2685 i.
331 2658 414 2687 etiam
426 2669 454 2688 n.
476 2660 575 2699 legitur
584 2666 658 2702 apud
676 2666 782 2699 Lucret.
794 2669 843 2700 lib.
856 2680 881 2701 2.
895 2682 960 2710 402.
974 2674 1022 2704 ubi
1032 2676 1124 2714 inquit
1280 2691 1384 2713 vocant
1394 2686 1512 2717 rostratis
1522 2687 1597 2718 foliis
1609 2690 1643 2719 ad
1653 2690 1862 2727 fimilitudinem
1873 2701 1970 2737 capitis
1983 2705 2145 2740 penularum
2158 2710 2294 2743 iacente-n
2303 2716 2331 2744 in
2344 2727 2372 2745 ar

0 2697 3 2708 ι
142 2691 177 2720 At
187 2701 282 2722 contra
291 2700 359 2724 tetra
369 2696 485 2727 absinthi
495 2709 592 2731 natura
602 2724 609 2737 ,
630 2704 737 2742 ferique
1280 2731 1322 2751 vis
1371 2722 1458 2753 Graeci
1478 2731 1572 2754 autem
1589 2726 1776 2761 Clematidem
1828 2734 1952 2767 Dioscori
1976 2750 2004 2770 es
2020 2750 2113 2774 autem
2134 2746 2173 2776 lib
2200 2758 2211 2784 3
2242 2761 2272 2780 ci
2319 2764 2328 2782 1
2337 2765 2369 2783 12

0 2716 7 2761 '7
142 2728 281 2761 Centauri.
364 2733 430 2771 Quo
451 2735 515 2766 loco
534 2748 591 2768 non
607 2741 722 2772 dubium
735 2744 774 2774 est
787 2746 854 2782 quin
865 2747 1035 2780 intellexerit
1046 2751 1166 2783 Centau·
1279 2759 1491 2791 Centunculuin
1501 2773 1516 2792 a
1531 2763 1663 2795 Romanis
1673 2767 1787 2800 herbam
1798 2775 1889 2803 vocari
1900 2777 1952 2812 ait,
1976 2788 2057 2814 quam
2069 2782 2154 2813 Graeci
2166 2785 2344 2825 Gnaphalion
2355 2794 2382 2822 ὃς

0 2770 15 2795 u.
51 2771 127 2795 reum
138 2788 146 2802 ‚
163 2768 237 2805 quod
248 2768 336 2799 Latini
351 2781 361 2800 x
370 2780 452 2802 ocant
461 2774 481 2803 F
483 2775 510 2804 el
521 2783 597 2807 terrae
610 2800 618 2814 ,
640 2781 665 2809 ἃ
680 2781 794 2812 feritatis
806 2785 948 2821 cujusdam
965 2798 1070 2819 nomen
1082 2791 1108 2819 ei
1120 2793 1153 2821 tri
1280 2796 1478 2829 Chamezelam
1487 2807 1597 2832 vocant.
1636 2803 1719 2835 Ratio
1730 2810 1854 2841 nominis
1865 2815 1950 2844 tracia
1965 2816 2075 2848 videtur
2085 2831 2099 2850 a
2113 2823 2191 2852 molli
2205 2825 2333 2857 foliorum
2344 2830 2383 2859 la-

0 2812 9 2841 μ
52 2799 140 2833 buunt
149 2826 157 2839 ,
178 2815 235 2834 non
245 2806 332 2837 solum
343 2809 379 2838 ob
388 2810 523 2842 feritatem
534 2814 735 2848 Centaurorum
745 2842 753 2855 ,
774 2830 789 2850 a
801 2823 900 2859 quibus
911 2834 1015 2855 nomen
1024 2827 1146 2859 habebat
1154 2852 1163 2866 ,
1280 2836 1384 2872 nugine
1392 2858 1400 2872 ,
1412 2847 1476 2875 *qua
1487 2839 1522 2868 ad
1534 2840 1723 2874 inferciendos
1732 2853 1866 2879 centones
1877 2855 1995 2882 tomenti
2008 2856 2102 2893 inopia
2116 2859 2236 2899 suppleri
2244 2866 2341 2901 posset.

0 2842 22 2867 t.
52 2838 97 2869 sed
106 2842 188 2872 etiam
197 2844 234 2872 ob
243 2847 458 2879 amaritudinem
467 2850 579 2889 saporis.
600 2854 725 2886 Turneb.
780 2859 890 2895 [Immo
907 2863 1039 2902 apocope
1063 2866 1101 2895 est
1120 2877 1166 2905 ge»
1222 2871 1245 2901 C
1255 2881 1451 2904 izNToNARi
1463 2886 1503 2905 us
1514 2898 1522 2912 ‚
1543 2887 1559 2906 a
1571 2900 1579 2913 ,
1600 2888 1657 2910 um.
1687 2888 1738 2919 ut,
1760 2884 1841 2916 More
1862 2893 2026 2922 centonario
2048 2895 2152 2928 Tertul.
2177 2899 2213 2929 de
2230 2902 2377 2943 Praescript.

0 2882 12 2908 ο
51 2884 106 2908 net.
115 2879 179 2918 sing.
203 2887 234 2911 ut
244 2882 376 2914 Absinthi.
1260 2919 1321 2948 cap.
1336 2920 1378 2947 39.
1410 2914 1429 2942 i.
1442 2923 1467 2943 e.
1487 2913 1518 2943 In
1532 2916 1647 2947 modum
1658 2923 1795 2952 centonis.

0 2913 7 2943 'r
44 2923 84 2949 ,ΒΝ
93 2925 140 2947 TA
149 2928 168 2947 u
176 2928 208 2948 ni
218 2929 238 2955 s,
255 2921 286 2950 is.
309 2922 327 2950 f.
350 2921 437 2953 Plinio
447 2926 528 2957 tertia
537 2927 575 2957 est
584 2928 732 2962 Centaurei
741 2932 854 2971 species,
872 2946 1061 2977 cognomento
1072 2941 1165 2972 Trior-
1221 2946 1245 2976 C
1253 2957 1267 2976 a
1278 2957 1297 2976 Ν
1308 2957 1328 2976 T
1338 2959 1355 2977 o
1363 2959 1384 2978 N
1393 2960 1412 2979 A
1422 2960 1439 2979 a
1450 2962 1459 2979 i
1469 2961 1487 2980 u
1495 2962 1507 2981 s
1517 2974 1525 2988 ,
1547 2953 1565 2982 i.
1588 2964 1625 2985 ni.
1650 2956 1707 2994 Qui
1720 2967 1855 2992 centones
1865 2963 1987 3002 conficit,
2005 2969 2033 2998 in
2047 2970 2192 3003 obsidione
2203 2977 2376 3012 necessarios.

0 2946 11 3027 ’ἰὶ
48 2952 125 2993 ‘ibis’
145 2965 182 3000 eo
195 2959 399 3028 quodlqluielassi
407 2961 497 3000 secat,
518 2964 679 2999 aTriorche
692 2972 856 3009 accipitrum
873 2985 975 3012 genere
987 2978 1094 3008 dicatur
1113 2981 1164 3011 im·
1260 2985 1290 3014 V.
1313 2986 1438 3017 Turneb.
1453 2989 1559 3020 Advers.
1574 3001 1618 3027 29.
1635 2998 1676 3024 16.
1703 2997 1773 3028 Sunt
1788 3000 1814 3029 δι
1831 3000 1990 3034 Centonarii
2007 3028 2015 3041 ,
2037 3008 2093 3044 Qui
2111 3010 2286 3044 tabernacula
2299 3019 2378 3048 &ca-

8 3023 9 3026 ,
52 2999 172 3029 pugnari.
229 3006 268 3026 aec
305 3008 342 3026 in.
366 3009 373 3028 i
396 3010 533 3040 .25.,cap.
545 3012 647 3040 7.extr.

1258 3023 1389 3054 strensem
1399 3026 1619 3066 supellectilem,
1643 3041 2048 3078 quoscentonesvo(·:«.verunt,
2072 3046 2295 3085 suppeditabant.

49 3037 286 3064 EN'rAURIDES
299 3057 308 3071 ‚
330 3036 535 3076 [nermeists]
555 3042 649 3074 Genus
660 3048 816 3077 ornamenti
834 3050 997 3088 muliebris,
1018 3055 1093 3090 apud
1102 3055 1163 3086 Pol.
1257 3061 1490 3094 Centonariorum
1503 3066 1670 3106 collegium,
1691 3072 1815 3112 inscript.
1828 3078 1903 3113 apud
1922 3080 2007 3116 Spon.
2024 3082 2137 3114 Miscell.
2160 3087 2261 3119 Erudit.
2282 3093 2374 3131 Antiq.

47 3064 138 3097 ‘lucem
152 3069 201 3099 lib.
216 3078 364 3111 5.cap.i6.
1297 3106 1472 3139 .57.62.63.
1494 3104 1639 3137 &Fabret
1675 3115 1753 3146 ›485-
1785 3113 1826 3142 M.
1851 3114 1969 3147 IVNIVS
1990 3120 2136 3152 SABINVS
2155 3124 2214 3155 IIII.
2240 3127 2299 3159 VIR
2322 3132 2376 3161 ΑΕ.

15 3100 265 3145 ,βιΝτΛυΒυε,
288 3109 305 3140 i.
318 3121 354 3141 m.
374 3111 412 3150 pl.
434 3113 650 3154 CENTAuui,
671 3121 984 3164 qui-&Hippocentauri
1002 3127 1162 3175 [Ks'vmogoi]
1273 3109 1431 3169 BILICIAE
1463 3140 1614 3174 POTEST.
1651 3118 1672 3175 ἕ
1703 3148 1793 3179 LEGE
1824 3151 1917 3183 IVLIA
1948 3156 2158 3191 MVNICIPALI
2180 3163 2376 3200 PATRONVS

51 3141 192 3181 Thessaliae
201 3148 318 3185 populi,
340 3150 494 3182 habitantes
505 3153 658 3186 secundum
675 3158 778 3189 Pelium
795 3170 929 3194 montem.
970 3167 1071 3196 Auctor
1091 3169 1157 3200 l'lin.
1273 3175 1431 3207 COLLEGI
1450 3178 1790 3217 CENTONARIORVM.
1831 3191 1904 3220 conf.
1928 3191 1997 3222 Cod.
2011 3194 2120 3228 Theod.
2138 3209 2180 3236 14.
2198 3207 2224 3236 8.
2249 3204 2284 3234 de
2303 3207 2377 3236 Cen-

50 3177 96 3210 lib.
106 3189 131 3218 7.
145 3192 207 3221 cap.
220 3189 262 3219 56·
284 3186 392 3217 Fabulae
403 3189 482 3219 aiunt
493 3190 647 3225 Centauros
658 3196 711 3226 esse
723 3197 881 3235 semiferos,
902 3201 956 3231 hoc
966 3204 1004 3232 est
1022 3204 1162 3242 superiore
1274 3215 1388 3244 tonariis
1402 3217 1428 3244 &
1441 3216 1654 3256 dendrophoris.

49 3225 125 3256 parte
144 3220 271 3252 homines
283 3246 291 3259 ,
312 3225 443 3256 inferiore
459 3234 553 3259 autem
572 3240 666 3269 equos.
714 3235 796 3266 Unde
815 3238 926 3281 quidam
945 3240 1011 3275 joco
1034 3243 1109 3274 dixit
1130 3246 1160 3275 in

0 3205 2 3214 ι
1217 3248 1466 3283 CENTOBRICA
1478 3276 1485 3289 ,
1507 3256 1550 3286 vel
1574 3257 1596 3287 C
1607 3268 1728 3290 ENTOB
1739 3271 1827 3305 aron
1839 3285 1847 3299 ‚
1865 3275 1895 3294 ae.
1911 3266 1930 3295 f.
1952 3267 2156 3303 Celtiberorum
2166 3275 2231 3306 urbs
2241 3278 2269 3307 in
2279 3279 2375 3320 Hispa-

50 3263 143 3287 natura
153 3259 283 3290 Centauri
292 3272 395 3300 equum
407 3267 530 3296 eruoare
539 3268 683 3300 hominem
693 3294 701 3307 ‚
723 3274 750 3302 &
770 3274 911 3305 hominem
932 3287 1027 3308 cacare
1045 3290 1156 3318 equum.

0 3031 9 3066 Ρ.

0 3110 11 3210 l

0 3222 12 3292 i
1253 3288 1307 3318 nia.
1347 3289 1379 3320 V.
1403 3290 1491 3322 Valer.
1503 3293 1580 3325 Max.
1594 3305 1617 3332 ς.
1633 3307 1655 3326 1.
1672 3309 1696 3333 5.
1737 3299 1811 3329 Hinc

0 3297 12 3323 ti
50 3291 150 3325 Veritas
161 3296 278 3328 historiae
289 3301 343 3330 hoe
354 3301 440 3332 habet
449 3325 457 3338 ‚
478 3304 625 3343 Centauri,
647 3311 745 3347 populi
756 3311 818 3342 sunt
827 3313 982 3351 Thess'aliae,
1003 3317 1159 3350 secundum
1215 3325 1238 3354 C
1248 3335 1262 3354 E
1272 3336 1291 3354 N
1301 3336 1321 3355 0r
1329 3337 1346 3356 o
1356 3338 1372 3356 a
1381 3338 1397 3356 R
1407 3339 1417 3357 r
1428 3339 1445 3358 c
1453 3340 1467 3359 a
1477 3339 1497 3359 Ν
1505 3341 1516 3361 s
1527 3342 1536 3360 i
1547 3342 1558 3361 s
1571 3353 1578 3367 ,
1601 3343 1624 3362 e.
1648 3336 1707 3370 Adj.
1732 3344 1779 3372 ut,
1801 3338 1939 3370 Machinae
1949 3343 2190 3380 Centobricenses.
2201 3351 2370 3388 Valenmax.

0 3330 13 3358 ‘u
43 3329 153 3362 -Pelium
170 3343 295 3366 montem
314 3338 470 3370 habitantes
482 3361 489 3372 .
511 3343 579 3374 dura
594 3344 657 3375 sane
676 3349 701 3377 ἀ
719 3350 827 3385 agrestis
845 3352 931 3382 natio.
971 3354 1006 3383 Hi
1026 3358 1107 3393 primi
1123 3368 1159 3389 ex
1253 3364 1272 3394 l.
1285 3374 1308 3393 c.
1329 3365 1384 3395 Sed
1396 3366 1598 3407 aliiscriptores
1611 3372 1806 3411 Nertobrigam
1818 3386 1927 3408 vocant.

0 3377 9 3395 ιι
22 3383 23 3406 l
49 3370 124 3406 equis
132 3381 255 3409 pugnare
265 3376 444 3407 invenerunt:
467 3389 552 3417 quum
568 3390 632 3413 ante
641 3386 719 3422 equis
732 3388 795 3417 vehi
811 3389 997 3427 Bellerophon
1007 3414 1015 3427 ,
1035 3394 1121 3425 frenis
1132 3398 1159 3426 8:
1216 3400 1238 3430 C

0 3074 7 3107 i

1249 3411 1263 3430 Ε
1273 3411 1321 3431 ΝΤ
1330 3413 1344 3431 R
1353 3414 1413 3433 ιΝΕ
1423 3414 1436 3434 s
1447 3427 1455 3441 ,
1476 3416 1534 3437 um.
1554 3408 1648 3439 Genus
1660 3411 1815 3441 ficariorum
1826 3415 1956 3446 culicum.
1987 3418 2054 3450 Plin.
2068 3421 2116 3452 lib.
2132 3433 2174 3461 17.
2189 3436 2249 3465 cap.
2259 3438 2303 3467 27.
2325 3431 2371 3463 Est

49 3407 185 3447 ephippiis
196 3412 237 3441 uti
247 3413 417 3445 PeletronIus
426 3417 602 3450 invenissent.
644 3423 806 3462 Hincigitur
816 3427 895 3456 datus
907 3429 1005 3459 fabulae
1014 3430 1092 3463 locus
1101 3455 1109 3469 ,
1132 3436 1159 3464 Sc
1252 3440 1278 3469 &
1288 3440 1364 3470 aliud
1374 3452 1461 3479 genus
1471 3445 1591 3475 culicum
1603 3457 1671 3483 quos
1681 3458 1781 3478 vocant
1789 3454 1928 3484 centrinas
1937 3477 1945 3490 ‚
1968 3456 2038 3486 fucis
2055 3469 2138 3497 apum
2148 3463 2249 3496 similes
2260 3468 2370 3505 ignavia

0 3442 9 3473 ξ
49 3453 65 3473 a
73 3444 237 3478 stimulando
248 3451 398 3482 calcaribus
410 3463 482 3492 equo
492 3477 500 3491 ,
522 3456 676 3490 Centaurus
685 3463 839 3499 appellatus
849 3465 900 3494 est:
926 3475 1038 3505 propter
1048 3472 1122 3506 quod
1131 3474 1159 3502 ὁὶ
1252 3478 1411 3516 malitiaque
1422 3490 1486 3511 cum
1497 3484 1621 3520 pernicie
1633 3495 1759 3516 verorum
1770 3490 1796 3517 ἅ
1807 3490 1925 3521 utilium.
1966 3494 2134 3528 interimunt
2146 3503 2222 3532 enim
2232 3504 2306 3542 ilios,
2329 3516 2370 3538 at.

0 3490 3 3496 ’
49 3481 289 3526 Hippocentaurus
300 3511 308 3524 ,
334 3490 435 3520 hocest
444 3493 507 3530 equi
523 3494 676 3527 stimulator
691 3500 730 3529 est
750 3501 850 3532 diosus.
892 3503 1093 3538 Centaurorum
1109 3519 1159 3538 no-
1253 3525 1306 3552 que
1318 3517 1366 3554 ipsi
1379 3520 1542 3549 moriuntur.

0 3515 2 3541 ἶ
49 3527 120 3550 mina
132 3524 177 3558 qui
188 3527 401 3564 magisinfignes
409 3531 536 3567 fuerunt,
558 3533 617 3564 haec
627 3535 688 3566 sunt
698 3559 705 3572 ,
726 3538 831 3568 Chiron
841 3561 849 3576 ,
870 3540 988 3579 Eurytus
997 3565 1005 3578 ,
1027 3546 1157 3584 Amycus,
1213 3551 1236 3582 C
1245 3562 1287 3581 EN
1297 3562 1316 3582 'r
1325 3558 1366 3584 a&
1375 3565 1395 3584 N
1405 3565 1439 3585 Es
1451 3579 1458 3588 ,
1480 3567 1535 3587 um.
1557 3560 1723 3596 [nimum]
1744 3561 1825 3605 Fures
1843 3564 2007 3598 dicebantur
2021 3573 2195 3606 manifestarii
2205 3600 2212 3613 ,
2235 3583 2367 3617 quoniam

0 3560 8 3585 l*
49 3556 181 3596 Gryneus,
196 3562 323 3599 Rhoetus,
335 3567 447 3602 Arneus,
459 3568 585 3607 Lycidas,
600 3573 839 3613 Medon,Pisenor,
852 3577 979 3615 Caumas,
992 3582 1155 3623 Mermeros,
1251 3590 1320 3620 dum
1330 3593 1359 3621 in
1375 3594 1523 3630 quaestione
1533 3595 1699 3626 haberentur
1711 3620 1717 3631 ,
1739 3599 1863 3642 stimulos
1873 3625 1880 3637 ,
1906 3614 1965 3640 quae
1974 3616 2075 3638 vocant
2085 3623 2168 3647 nemea
2181 3636 2189 3651 ‚
2210 3616 2264 3647 illis
2275 3622 2370 3651 admo.

0 3592 5 3622 'l‘
48 3592 161 3632 Pholus,
200 3601 227 3629 ui
237 3599 379 3640 suscepisse
389 3605 539 3637 Herculem
548 3608 668 3648 hospitio
679 3613 789 3644 dicitur.
809 3614 910 3646 Lucan.
923 3617 972 3648 lib.
984 3622 1009 3649 6.
1025 3629 1085 3657 391.
1250 3636 1314 3658 vere
1332 3639 1394 3659 mos
1408 3631 1473 3661 fuit:
1507 3634 1583 3675 unde
1603 3635 1769 3675 Centrotyjpi
1790 3639 1978 3681 (gewrm'mi)
1999 3655 2152 3685 vocantur,
2173 3656 2277 3693 Aufjgae
2289 3680 2298 3693 ,
2320 3661 2368 3697 qui

0 3658 2 3670 ἰ
136 3635 180 3665 Ho
192 3641 276 3675 pes&
285 3641 386 3671 Alcidae
396 3645 487 3681 magni
498 3645 583 3681 Phole
1250 3666 1364 3697 stimulis
1374 3678 1460 3705 equos
1472 3677 1620 3707 exagitant.
1635 3672 1710 3712 ‚Haec
1721 3674 1784 3717 Czel.
1798 3675 1845 3705 lib.
1862 3688 1903 3721 πρ.
1915 3690 1975 3718 cap.
1986 3693 2008 3714 ς.

0 3672 5 3696 i
47 3667 184 3703 Furentes,
207 3675 278 3714 virg,
291 3687 318 3707 2.
328 3679 427 3717 (georg,
436 3692 500 3719 455„
1213 3703 1235 3732 C
1245 3714 1258 3732 E
1268 3714 1288 3732 N
1299 3714 1342 3733 ΤΒ
1352 3710 1369 3735 5
1379 3715 1398 3734 Ν
1407 3716 1421 3734 Ε
1431 3716 1458 3740 s,
1476 3708 1648 3743 [neumam]
1670 3710 1761 3748 Alpini
1784 3715 1883 3750 populi
1896 3739 1903 3752 ,
1927 3719 2165 3755 Octodurenfibus
2182 3727 2293 3761 finitimi
2306 3755 2313 3765 ,
2336 3735 2365 3764 in

0 3707 2 3735 l
47 3705 188 3741 Ixionidae.
209 3712 236 3743 h.
246 3724 270 3744 e.
292 3715 396 3746 Ixionis
407 3718 465 3749 iilii.
505 3720 586 3751 Ixion
594 3724 668 3753 enirn
678 3731 796 3757 amatam
805 3727 946 3763 Junonem
958 3730 992 3760 de
1003 3733 1097 3772 stupro
1114 3736 1155 3765 in·
1249 3752 1366 3778 quorum
1381 3746 1468 3774 tractu
1483 3744 1676 3789 Sallustianum
1687 3757 1722 3777 aes
1734 3757 1872 3787 repertum
1890 3755 1929 3784 est
1939 3778 1946 3790 ,
1968 3760 2043 3794 quod
2063 3760 2221 3799 aliquandiu
2240 3771 2365 3802 maximo

65 3747 227 3784 terpellavit.
267 3752 318 3782 Illa
326 3755 514 3793 confeffajovi
526 3760 577 3790 est:
600 3763 625 3791 ἀ
637 3772 671 3791 ex
686 3764 744 3799 ejus
754 3765 896 3796 voluntate
908 3768 1012 3800 nubem
1030 3772 1059 3800 in
1077 3773 1152 3804 suam
1247 3780 1300 3808 fuit
1311 3781 1339 3809 iri
1350 3782 1450 3818 pretio.
1490 3782 1521 3810 V.
1544 3782 1838 3832 Phn.11b.3.cap.25>.
1862 3792 1887 3820 Sc
1903 3793 1949 3822 lib.
1964 3804 2006 3832 34.
2017 3806 2077 3833 cap.
2090 3809 2116 3829 2,

64 3782 178 3816 formam
189 3791 347 3821 conversam
357 3792 446 3823 ixioni
456 3796 568 3832 obtulit,
578 3800 654 3828 unde
669 3801 796 3831 feruntur
806 3805 864 3833 nati
875 3805 928 3835 esse
937 3806 1076 3840 Centauri.
1093 3812 1154 3842 Ser.
1209 3816 1232 3845 C
1241 3826 1254 3846 u
1265 3827 1312 3845 Ντ
1320 3827 1336 3845 a
1347 3828 1365 3846 u
1373 3829 1395 3847 M
1404 3840 1411 3853 ‚
1432 3819 1449 3848 i.
1472 3820 1508 3862 τῇ
1527 3821 1660 3864 [κέντρον]
1693 3823 1753 3854 Lat.
1783 3826 1915 3859 Stimulos
1925 3853 1932 3866 ,
1961 3833 2122 3871 Spiculum:
2156 3839 2364 3876 mathematicis

0 3823 1 3843 1
28 3827 31 3848 9
63 3820 121 3851 vius
129 3823 157 3852 in
166 3824 236 3855 illud
248 3830 273 3856 6.
285 3828 347 3858 AEn.
357 3836 419 3864 286.
442 3832 572 3864 Centauri
583 3837 613 3866 in
621 3837 725 3869 foribus
735 3840 878 3872 stabulant.
1246 3855 1367 3884 punctus
1378 3856 1406 3884 in
1415 3856 1507 3885 medio
1519 3858 1614 3887 eirculi
1628 3881 1634 3893 ,
1646 3870 1671 3901 0¹⁶¹
1679 3871 1733 3897 quo
1746 3872 1844 3895 omnes
1854 3866 1935 3898 lineae
1946 3872 1980 3900 ad
1991 3873 2173 3905 circumferen

0 3854 6 3879 Γ·
28 3860 31 3887 l
47 3855 195 3898 Nubigenae
208 3885 216 3897 ,
238 3864 450 3899 &Bimembres.
473 3871 544 3910 Virg.
554 3878 580 3909 8.
590 3874 650 3905 AEn.
664 3886 727 3914 293.

1245 3891 1556 3930 suntintcrseaequales.
1579 3893 1625 3922 >²⁷13
1644 3901 1662 3924 >3²
1686 3902 1779 3930 κεντᾶν.
1822 3903 1879 3934 Cic.
1893 3916 1916 3935 r.
1934 3907 2014 3938 Tusc.
2023 3921 2068 3946 40.
2101 3914 2264 3947 Persuadent
2282 3922 2359 3952 enim

0 3903 5 3912 ·
28 3895 30 3908 ¹
47 3893 142 3928 Saevus.
164 3899 250 3932 Ovid.
263 3912 274 3931 ι
282 3912 307 3933 2.
318 3904 387 3935 Met.
396 3916 412 3937 2
421 3917 429 3935 i
439 3918 465 3943 9,
1244 3929 1437 3960 Mathematici
1447 3933 1584 3962 terramin
1594 3935 1688 3965 medio
1696 3940 1803 3969 mundo
1813 3940 1891 3973 sitam
1900 3945 1935 3974 ad
1945 3947 1991 3976 un*
2131 3953 2136 3957 '
