2604 4222
144 66 190 103 82
614 58 905 97 AEGE

181 145 261 176 fuisse
271 146 352 176 Ponti
365 148 390 176 Sc
401 146 492 175 Terrae
503 145 601 178 filium,
611 144 639 171 in
650 143 772 179 marique
782 138 913 169 habitasse
926 160 933 172 ‚
951 146 982 166 ac
994 133 1221 179 iude'si'itanibus
1230 142 1296 177 con-

181 190 223 213 tra
236 185 303 213 deos
311 194 393 222 opem
404 182 502 212 tul'u‘l‘e.
543 182 681 211 Homerus
691 180 769 209 Iliad.
789 189 810 206 1.
824 177 917 217 scribit
928 175 1002 203 hunc
1013 184 1028 201 a
1038 174 1092 201 dus
1104 173 1243 214 Briarcum
1255 171 1297 200 di-

181 223 218 257 ci,
229 222 261 251 ab
274 221 436 251 hominibus
448 221 586 257 AEgaeom,
605 219 851 251 centimanumque
863 214 927 241 elle.
948 210 1124 253 Nondesunt
1134 217 1180 252 qui
1196 216 1297 251 putent

181 260 275 295 AEgaeo
287 259 354 287 mari
367 268 471 287 nomen
488 257 586 286 abhoc
602 256 732 292 AEgzeone
743 253 871 282 inditum.
912 249 962 290 Ion
972 248 1096 290 Chius-ln
1106 246 1296 283 D1thyrambis

180 298 263 326 refert
270 297 429 333 ffigaeonem
439 303 584 324 evocatum
596 304 612 322 a
622 292 744 322 Thetide
754 312 762 325 ,
783 289 844 324 Jovi
856 286 945 316 tulisse
956 285 1107 322 suppetias,
1115 283 1241 313 adversus
1249 284 1296 327 Ju-

180 335 264 363 nonis
278 334 458 371 Neptunique
469 331 638 370 &Apollinis
648 329 758 358 infidias
770 349 777 361 .
803 326 848 362 qui
857 324 955 359 Jovem
966 332 1081 365 ererum
1101 321 1296 359 gubernaculis

180 373 283 408 ejicere
300 371 494 401 moliebantur.
535 370 634 398 Conon
647 369 675 395 in
692 363 822 395 Heraclea
833 360 926 390 scribit
936 361 1075 389 Brlareum
1085 369 1149 389 cum
1160 360 1296 397 Neptuno

179 410 295 448 gradum
306 407 451 438 contulisse
466 429 473 442 2
493 406 541 436 sed
557 405 657 442 abipso
671 405 723 432 deo
738 402 912 438 superatum.
934 397 1143 435 demersumque
1152 398 1182 426 in
1198 407 1230 426 ea
1239 407 1297 425 ma-

179 448 218 476 ris
238 453 314 484 parte
323 468 331 481 ,
352 446 427 483 quod
437 445 575 482 ffigaeonis
589 446 802 471 monumentum
810 447 875 465 cum
884 435 1033 474 Apollonio
1047 435 1174 473 plerique
1182 441 1294 464 vocant.

179 485 220 514 Ab
234 485 339 514 Ovidio
354 490 522 512 memoratur
537 483 607 510 inter
626 479 707 508 maris
726 476 843 505 numina
856 496 864 509 ,
885 481 944 503 tum
959 474 1023 511 quia
1032 474 1112 503 Ponti
1127 473 1201 502 filius
1211 495 1218 507 ‚
1235 479 1296 502 tum

182 523 258 559 quod
267 522 388 558 Opyiam
399 520 523 557 Neptuni
539 518 624 547 filiam
644 515 740 544 habuit
754 515 784 542 in
796 512 992 546 matrimonio,
1020 519 1052 540 ut
1064 512 1140 540 canit
1149 510 1293 540 Hesiodus.

179 560 304 597 AEgaeoni
330 557 524 587 Chalcidenses
539 565 596 584 rem
614 554 739 582 divinam
759 550 900 579 iaciebant
914 572 921 585 ,
955 549 1024 579 sicut
1038 549 1147 578 Briareo
1170 548 1293 585 Carystii.

180 597 255 627 Nam
267 597 360 625 omnis
373 596 460 624 ferme
477 594 582 623 Euboea
592 592 727 621 Titanum
736 598 852 625 regnum
861 588 923 617 fuit.
963 587 1069 616 Author
1081 586 1201 616 Solinus.

180 635 294 672 AEgaeon
304 633 437 671 Cycladas
452 630 604 668 amplexus
625 629 692 657 Stat.
702 639 725 663 5.
747 626 837 656 Theb.
853 631 917 660 288.
946 625 1012 662 Quo
1022 626 1051 654 in
1060 624 1124 654 loco
1134 625 1296 661 IEgoeonem

196 682 250 710 pro
259 673 328 700 mari
340 670 432 707 AEgaeo
443 668 561 706 putarim
573 666 673 703 accipi.
715 665 756 694 Ita
765 663 883 702 Hesych.
906 663 1010 698 Αἰγιέων
1030 659 1055 690 τὲ
1073 665 1124 700 mg&
1141 659 1184 689 τοὶς
1199 662 1294 688 κυκλοῖ.

200 706 247 736 δὶις
268 706 379 745 nimpe.
424 707 470 736 Sic
485 707 511 735 Sc
529 704 619 742 AEgon
637 703 788 740 usurpatur.

176 747 292 814 AEAEaeon
313 744 561 781 centumgeminus.
602 741 700 771 Claud.
721 741 756 770 de
766 738 977 778 Rapt.Proserp.
993 738 1044 768 lib.
1055 747 1079 776 3.
1094 747 1156 775 345.
1177 736 1251 775 Virg.
1266 738 1292 766 6.

232 795 259 813 n.
279 789 314 816 28
337 807 342 812 .

184 793 333 851 &uentus-,l
351 818 448 849 Claud.
460 818 496 847 de
505 818 587 856 Rapt.
605 815 727 854 Proserp.
738 815 787 845 lib.
802 826 824 845 1.
836 825 882 852 45.

143 861 202 892 AEG
214 871 236 888 112.
246 869 264 888 υ
274 870 294 887 M
317 858 394 887 Mare
404 879 411 891 ,
430 858 443 892 [
456 858 553 890 Αἰγαῖον
575 854 678 892 νι-έλοιῃρς
693 855 707 890 ]
727 854 766 883 est
779 864 868 891 prope
877 852 1011 882 Graeciam
1023 849 1149 888 amplum
1159 851 1185 880 ἃ
1195 850 1296 879 multas

174 897 280 927 habens
292 895 406 924 insulas:
429 894 537 923 dietum
547 893 581 922 ab
590 893 677 930 AEgeo
689 902 753 929 rege
764 914 772 927 ,
794 902 848 929 quo
858 892 892 920 de
906 891 937 920 V.
949 890 969 919 s.
985 889 1003 919 l.
1024 888 1068 918 vel
1086 888 1208 925 quodam
1223 888 1252 915 in
1259 896 1295 916 eo

173 934 257 968 saxo.
297 933 353 962 uod
368 932 579 970 habetspeciem
592 928 658 967 02129‘5
680 931 699 959 i.
720 940 744 959 e.
768 929 870 968 Caprae.
899 928 943 957 Est
953 927 1124 957 auteminter
1133 925 1231 954 Helles
1247 934 1296 953 on-

174 980 236 1002 tum
250 944 450 1001 &qsenedumz
480 969 563 1006 vulgo
577 968 663 998 hodie
688 968 791 996 dicitur
810 967 989 1001 Archipelagy,
1010 964 1055 994 vel
1074 963 1201 999 Archipel.
1242 962 1292 991 lin.

173 1009 223 1039 lib.
240 1021 266 1045 4.
285 1019 347 1047 cap.
379 1018 420 1037 11.
455 1007 548 1045 AEgaeo
570 1007 638 1035 mari
649 1015 754 1034 nomen
773 1005 853 1034 dedit
869 1003 999 1040 scopulus
1016 1003 1086 1031 inter
1101 999 1252 1030 Tenedum
1267 1001 1295 1029 Sc

175 1047 377 1076 Chiumverius
389 1044 583 1083 quaminsula,
605 1043 657 1073 AEx
668 1043 798 1077 nomine,
820 1041 935 1079 aspecie
949 1050 1038 1078 caprae
1049 1062 1057 1074 ‚
1078 1049 1137 1076 quae
1146 1039 1185 1067 ita
1193 1038 1295 1067 Graecis

173 1085 331 1123 appellatur
340 1091 455 1122 repente
468 1084 496 1112 in
507 1083 602 1112 medio
612 1082 680 1110 mari
698 1080 824 1110 exiliens.
866 1079 991 1108 Cernunt
1000 1087 1065 1107 eum
1079 1087 1094 1106 a
1109 1077 1222 1105 dextera
1236 1084 1297 1112 par·-

173 1129 202 1152 te
216 1123 338 1152 Andrum
360 1122 521 1159 navigantes
536 1120 570 1149 ab
602 1120 717 1153 Achaia,
739 1118 831 1147 dirum
854 1126 887 1145 ac
897 1116 1063 1154 pestiferum.
1106 1114 1198 1144 Festus
1212 1113 1296 1142 aliam

173 1160 255 1190 affert
263 1160 388 1190 nominis
408 1160 545 1188 rationem
559 1180 567 1193 ‚
588 1157 663 1195 quod
681 1158 710 1185 in
729 1166 763 1185 eo
773 1156 946 1184 Amazonum
954 1154 1049 1190 regina
1062 1152 1153 1189 AEgaea
1172 1151 1294 1189 perierit.

172 1198 240 1233 Vel.
260 1199 324 1227 eod.
339 1199 450 1227 auctore
464 1219 471 1232 ‚
492 1196 568 1233 quod
578 1194 677 1224 crebrae
692 1195 720 1223 in
735 1203 769 1222 eo
784 1193 836 1222 lint
847 1191 943 1221 Insulae
967 1201 1027 1228 quae
1045 1189 1145 1228 procul
1161 1189 1297 1218 intuenti-

172 1236 226 1265 bus
243 1236 312 1270 οιιγὲν
332 1236 485 1273 Caprarum
494 1235 615 1272 speciem
628 1233 776 1271 praebeant.
798 1230 872 1259 conf.
897 1229 968 1257 Varr.
985 1229 1020 1258 de
1030 1228 1063 1258 R.
1078 1227 1110 1257 R.
1133 1237 1158 1256 2.
1184 1237 1206 1256 1.
1228 1227 1296 1256 Dra-

173 1273 258 1304 kenb.
271 1274 307 1303 ad
316 1273 364 1302 Sil.
381 1283 403 1302 1.
420 1276 484 1307 468.
506 1272 612 1300 derivat
621 1271 654 1299 ab
669 1268 736 1304 κῑμς
752 1269 852 1298 fluetus
865 1289 872 1302 ‚
893 1266 1033 1305 procellae,
1049 1275 1109 1304 quae
1119 1266 1149 1294 in
1165 1264 1215 1293 illo
1225 1264 1296 1292 mari

173 1312 297 1341 maxime
305 1311 472 1341 sentiuntur.
487 1310 559 1338 adde
571 1309 654 1338 Boch.
672 1307 769 1344 Geogr.
789 1307 861 1335 Sacr.
874 1311 945 1343 part.
954 1314 980 1335 2.
997 1304 1017 1334 l.
1034 1314 1058 1334 1.
1078 1313 1102 1333 c.
1116 1312 1157 1340 13.
1193 1301 1296 1332 Produ-

174 1350 215 1379 cit
228 1349 423 1388 penultimam.
446 1348 512 1377 Hor.
528 1357 550 1376 1.
574 1346 596 1376 Ε
619 1346 659 1375 ist.
680 1355 721 1375 11.
738 1348 779 1373 16.

254 1387 365 1417 Idcirco
383 1386 475 1416 navim
490 1394 562 1414 trans
616 1393 706 1421 gaeum
723 1392 797 1412 mare
809 1380 923 1412 vendas.

174 1425 269 1455 Altum
288 1425 419 1463 AEgaeum.
441 1422 537 1460 Virgil.
560 1432 602 1452 12.
622 1421 685 1451 AEn.
709 1424 771 1458 365.

174 1465 268 1501 Aquae.
292 1463 375 1492 Ovid.
398 1472 422 1497 9.
447 1461 515 1490 Met.
537 1471 602 1498 447.

175 1501 282 1530 Caerula
291 1501 391 1538 AEgaea.
414 1499 500 1528 Valer.
518 1498 607 1528 Flacc.
623 1508 646 1526 1.
665 1497 765 1534 Argon.
784 1499 847 1531 561.

173 1538 297 1576 IEgaeum
316 1539 434 1575 navigat.
456 1533 651 1570 Proverbium‚
673 1544 728 1572 quo
743 1531 831 1563 utitur
846 1531 981 1562 AElianus.
1021 1528 1085 1560 Hoc
1100 1538 1175 1559 mare
1191 1527 1296 1559 caeteris

194 1577 233 1606 est
253 1576 430 1614 periculosius
447 1574 482 1603 ob
492 1575 649 1611 frequentes
664 1571 801 1610 scopulos.
842 1569 998 1607 Quadrabit
1021 1569 1105 1605 igitur
1122 1568 1152 1596 in
1173 1577 1237 1611 eum
1249 1567 1298 1603 qui

192 1615 225 1645 in
235 1615 367 1644 maximis
378 1613 497 1642 versatur
507 1610 725 1641 difficultatibus.
768 1609 801 1638 In
821 1609 967 1637 hominem
987 1616 1099 1644 quoque
1115 1605 1152 1635 ob
1166 1604 1298 1635 lucnstu-

192 1653 273 1682 dium
283 1652 355 1681 nihil
376 1651 493 1681 omnino
508 1649 626 1688 periculi
640 1648 821 1678 recusantem.
862 1646 892 1676 V.
917 1644 991 1675 Chil.

171 1690 272 1720 Patens
290 1689 424 1727 IEgteum.
440 1688 553 1718 subaud.
573 1687 660 1717 Mare.
680 1687 747 1716 Hor.
766 1695 791 1714 2.
814 1683 870 1714 Od.
891 1688 934 1713 16.
953 1693 976 1712 1.

172 1728 357 1759 Profundum.
379 1726 436 1756 Val.
449 1726 537 1756 Flacc.
560 1736 583 1754 1.
605 1726 705 1763 Argon.
722 1727 782 1753 160.

173 1766 299 1803 AEgaeum
317 1765 448 1802 scaphula
462 1764 655 1793 transmittere.
689 1763 719 1791 in
730 1772 779 1792 eos
798 1759 918 1794 dicitur,
939 1758 998 1795 Qui
1016 1767 1074 1787 rem
1084 1757 1165 1795 supra
1180 1755 1300 1786 modum

192 1804 308 1833 arduam
321 1803 375 1832 levi
386 1813 470 1840 opera
479 1801 616 1831 conficere
624 1807 741 1830 tentant.
765 1799 858 1829 Utitur
866 1796 981 1827 Lucian.
993 1796 1024 1826 in
1032 1796 1129 1826 Sec'tis.

172 1841 278 1879 AEquor
295 1841 423 1878 IEgaeum.
447 1840 531 1869 Ovid.
546 1850 588 1869 11.
611 1839 681 1868 Met.
702 1841 766 1875 663.

174 1879 311 1918 Cyclades
322 1878 428 1916 AEgaeae.
449 1878 532 1908 Ovid.
548 1888 571 1908 1.
593 1877 674 1907 Trist.
691 1886 734 1905 11.
748 1881 775 1910 8.

171 1917 294 1948 Fluctus.
315 1917 381 1946 Stat.
402 1926 427 1946 2.
450 1915 539 1945 Achil.
559 1926 582 1944 1.

173 1955 290 1993 Gurges.
312 1955 378 1984 Stat.
391 1964 416 1983 2.
438 1954 530 1984 Theb.
546 1964 591 1990 45.
615 1952 674 1982 Cic.
695 1952 725 1981 in
735 1951 805 1981 Arat.
819 1952 883 1986 426.

173 1993 305 2031 Hyemes.
328 1993 395 2022 Stat.
413 2002 436 2021 1.
458 1991 514 2027 Syl.
529 2001 551 2028 3.
567 2002 612 2027 95.

172 2031 282 2061 Nereus
294 2030 409 2068 AEgaeus.
431 2031 449 2059 i.
474 2040 498 2059 e.
521 2029 598 2059 Mare
618 2027 750 2065 AEgaeum.
772 2026 876 2063 Stat.5.
898 2022 990 2055 Theb.
1003 2033 1048 2060 49.

172 2069 333 2106 Neptunus.
357 2068 459 2097 eodem
477 2067 535 2096 usu.
557 2067 630 2105 Virg.
649 2066 711 2096 AEn.
727 2074 751 2102 3.
765 2074 810 2102 74.

172 2106 287 2137 Pontus.
311 2107 374 2135 Sen.
395 2106 425 2134 in
438 2105 547 2143 OEdip.
561 2111 626 2141 488.

172 2144 280 2174 Portus.
306 2143 403 2173 Claud.
424 2144 454 2172 in
471 2143 585 2181 Eutrop.
607 2141 656 2171 lib.
669 2150 694 2171 2.
709 2143 773 2177 246.

172 2182 314 2212 Procellae.
338 2182 405 2211 Stat.
427 2192 450 2210 1.
477 2180 566 2210 Achil.
589 2189 651 2217 390.

173 2220 278 2250 Salum.
301 2219 424 2257 Propert.
444 2229 467 2248 1.
480 2222 506 2248 6.
520 2229 546 2248 2.

173 2258 284 2295 Stagna.
307 2257 373 2286 Stat.
391 2261 416 2286 6.
438 2256 529 2286 Theb.
544 2267 592 2287 20.

173 2296 326 2326 Tumultus
352 2295 448 2332 AEgaei.
470 2295 489 2324 i.
512 2305 537 2324 e.
576 2293 664 2324 Maris
691 2292 776 2331 AEgaei
795 2289 982 2330 tempestates.
1022 2288 1091 2322 Hor.
1111 2294 1137 2326 3.
1167 2284 1224 2318 Od.
1255 2294 1300 2323 29.

174 2370 278 2401 Venus.
301 2370 366 2401 Stat.
385 2377 411 2405 8.
435 2370 528 2401 Theb.
550 2377 615 2407 477.

176 2409 278 2439 Undae.
300 2408 396 2439 Tibul.
417 2418 473 2445 1.3.
491 2418 513 2437 1.

141 2447 175 2478 AE
188 2458 207 2477 c
217 2458 236 2476 A
246 2459 262 2476 L
271 2457 285 2476 a
294 2457 310 2476 o
320 2457 332 2476 s
344 2469 352 2480 .
375 2442 557 2482 [Αὶγέλεῶι]
576 2443 689 2474 Nomen
699 2443 804 2473 montis
814 2442 890 2480 apud
899 2441 1073 2472 Strabonem.
1094 2439 1142 2470 lib.
1155 2445 1178 2471 8.
1190 2438 1240 2469 sub
1249 2448 1307 2476 quo

178 2486 294 2522 antiqua
301 2484 382 2521 Pylos
391 2482 527 2514 Messenia
543 2483 640 2512 civitas
657 2490 721 2511 erat.
762 2481 806 2511 Est
825 2480 946 2510 &Mons
960 2480 1058 2509 Atticae
1076 2478 1214 2514 ὲμῶννμΘ·
1230 2487 1246 2506 e
1264 2487 1307 2506 re-

179 2524 263 2560 gione
275 2522 434 2552 Salaminis.
457 2521 561 2551 Herod.
576 2526 602 2555 8.
618 2531 663 2556 90.
684 2518 813 2557 Thucyd.
826 2518 874 2548 lib.
889 2528 915 2548 2.

138 2559 173 2591 AE
183 2571 202 2590 G
213 2571 227 2589 a
239 2572 260 2589 M
270 2570 286 2589 o
296 2570 316 2589 N
328 2582 337 2594 ‚
358 2554 492 2596 [Αἰγέμων
505 2560 520 2594 ]
541 2558 631 2588 Poetae
647 2557 734 2587 Graeci
746 2567 852 2585 nomen
866 2556 922 2591 est,
944 2555 991 2593 qui
1008 2552 1114 2583 bellum
1130 2552 1306 2582 Leuctricam

180 2599 256 2665 isnter
264 2598 416 2664 Thlebanos
432 2598 458 2627 ἃ
468 2596 693 2627 Lacedaemonios
704 2595 810 2634 gestum
820 2594 942 2624 carmine
953 2591 1119 2630 complexus
1132 2591 1185 2627 est.
1208 2589 1302 2628 Calep.

191 2646 236 2665 ine
257 2642 304 2666 aut
325 2645 381 2665 ore.

143 2673 271 2708 AEcsn.
293 2683 382 2711 aegra,
404 2681 515 2709 aegrum.
538 2668 711 2708 [ὃύθυμῶι,
743 2666 893 2705 ἔπῦλυπῶ,
910 2667 1022 2704 bibliam,
1049 2666 1177 2702 νόστμῶε]
1196 2665 1305 2701 Festus,

178 2711 294 2749 IEgrum
305 2721 340 2741 ex
351 2711 446 2740 Graeco
464 2709 547 2745 αἰάζω
564 2708 721 2755 appellatur
735 2717 742 2737 ε
756 2718 780 2737 =a
800 2706 967 2745 quibusdam
990 2711 1102 2743 putatur
1113 2714 1128 2733 a
1144 2713 1214 2733 voce
1228 2703 1308 2732 dolo-

178 2750 215 2779 ris
231 2761 247 2779 a
269 2748 367 2787 pellari
381 2771 389 2783 ,
411 2757 471 2785 quae
488 2747 527 2776 est
546 2741 573 2775 αἳ
588 2746 624 2775 αι’.
646 2746 744 2784 superl.
770 2745 947 2783 AEgerrimus.
970 2742 1050 2781 Apul.
1067 2747 1092 2772 6.
1112 2742 1181 2771 Met.
1194 2751 1223 2779 p.
1243 2747 1304 2778 178.

177 2786 244 2825 Psyc
266 2798 281 2816 e
293 2787 441 2824 aegerrima.
470 2785 596 2819 Servius,
617 2784 700 2821 IEger
716 2786 742 2813 δι
753 2792 868 2821 corpore
885 2784 911 2812 &
929 2782 1023 2811 animo
1041 2781 1161 2809 diciturx
1184 2780 1253 2808 licut
1268 2785 1308 2808 et-

178 2826 234 2855 iam
254 2825 391 2863 AEgrotus.
414 2823 473 2853 Cic.
490 2833 515 2852 2.
532 2823 567 2852 de
585 2822 650 2851 Nat.
666 2821 747 2851 Deor.
764 2831 804 2850 12.
827 2820 870 2849 Ne
888 2820 952 2857 regri
967 2818 1082 2856 quidem
1097 2827 1195 2847 omnes
1207 2826 1308 2847 conva-

178 2863 294 2893 lescunt.
335 2862 378 2893 De
397 2860 495 2891 morbo
515 2866 607 2890 autem
619 2859 714 2889 animi.
746 2859 820 2896 Virg.
835 2868 858 2887 1.
879 2858 1018 2890 AEn.208.

374 2915 412 2921 ——-
431 2899 559 2936 curisque
577 2897 738 2935 ingentibus
757 2906 836 2933 aeger.
919 2895 996 2925 Idem
1015 2894 1044 2922 in
1055 2905 1081 2929 4.
1095 2893 1158 2923 JEn.
1180 2902 1224 2930 35.

259 2953 297 2960 ——-
317 2947 416 2976 aegram
436 2936 508 2966 nulli
521 2936 664 2974 quondam
684 2935 787 2964 flexere
804 2933 904 2962 mariti.
942 2933 961 2961 i.
983 2942 1007 2962 e.
1031 2930 1168 2960 Moestam.

180 2976 262 3014 AEger
274 2986 389 3011 amore,
420 2984 471 3013 pro
491 2984 526 3003 ex
545 2983 648 3003 amore.
688 2973 707 3002 i.
729 2982 752 3001 e.
776 2971 821 3001 Ob
841 2980 974 3000 amorem.
1006 2969 1065 2999 Liv.
1090 2979 1132 2998 ιο.
1149 2968 1217 2998 Bell.
1235 2967 1304 2998 Pun.

199 3014 364 3044 Stimulabat
377 3022 479 3051 aegrum
490 3021 584 3042 amore
601 3020 685 3046 uxor,
711 3009 852 3047 socerque.

181 3053 283 3082 Animi.
306 3052 364 3081 Liv.
382 3062 406 3081 2.
419 3054 461 3085 36.
485 3050 599 3085 Curt.4.
617 3059 642 3087 3.
662 3058 705 3078 11.

181 3090 292 3119 Animo.
314 3089 382 3118 Plin.
404 3088 452 3118 lib.
470 3093 495 3122 8.
524 3087 608 3126 Epist.

181 3126 221 3157 Ab
239 3127 352 3162 animo,
373 3128 389 3157 i.
413 3137 437 3156 e.
461 3126 607 3163 Quantum
626 3124 662 3154 ad
680 3124 816 3153 animum.
839 3119 926 3151 Plaut.
945 3119 1027 3159 Epid.
1055 3130 1077 3149 1.
1090 3129 1116 3150 2.
1132 3122 1177 3150 26.

180 3165 285 3195 Avidus
299 3174 387 3201 aeger.
410 3165 438 3194 h.
459 3174 484 3194 e.
506 3164 707 3202 intemperans.
729 3161 780 3191 Por
802 3161 861 3197 hyr.
881 3159 946 3189 Hor.
964 3170 986 3188 1.
1009 3159 1063 3188 Sat.
1084 3169 1110 3193 4.
1132 3159 1193 3186 126.

182 3201 306 3232 Consilii.
327 3203 392 3231 Stat.
414 3212 455 3231 11.
478 3201 569 3231 Theb.
593 3211 653 3237 141.
675 3200 703 3229 h.
723 3209 747 3229 e.
799 3199 872 3227 ristia
887 3198 1032 3234 cogitans,
1052 3196 1105 3225 five
1120 3194 1242 3224 Confilio
1257 3194 1308 3224 im-

200 3239 319 3268 becillis.
369 3240 451 3276 [lmo
467 3239 549 3278 [nops
565 3238 690 3272 consilii,
712 3235 823 3273 Zimq&.
1117 3270 1122 3276 1
1269 3269 1274 3275 ,

180 3276 285 3307 Delicti
304 3298 312 3312 ‚
341 3276 368 3306 h.
390 3287 414 3306 e.
442 3277 547 3307 Dolens
577 3278 614 3308 ob
638 3276 772 3306 delidtum
795 3285 810 3303 a
831 3273 859 3303 se
882 3271 1067 3302 commissum.
1095 3269 1143 3300 Sil.
1164 3269 1225 3299 Ital.
1255 3268 1305 3299 lib.

205 3324 246 3350 13.
263 3324 306 3349 52.

181 3352 223 3382 Ex
233 3351 355 3381 vulnere.
378 3351 434 3380 Liv.
448 3356 474 3382 6.
490 3352 557 3383 Bell.
571 3353 641 3382 Pun.
665 3351 742 3382 Curt.
756 3359 782 3388 7.
796 3359 821 3387 7.
838 3359 863 3385 5.

181 3390 290 3421 Fluore.
311 3388 380 3419 Cels.
392 3389 440 3418 lib.
455 3399 478 3425 3.
493 3400 552 3428 cap.
565 3394 589 3419 6.

180 3426 284 3458 Morbo
296 3428 377 3464 gravi.
398 3426 457 3456 Cic.
476 3437 497 3456 1.
509 3428 537 3456 in
549 3428 628 3458 Catil.
644 3437 689 3465 31.

181 3464 312 3495 Pedibus.
334 3463 439 3494 Sallust.
454 3464 518 3493 Bell.
537 3466 616 3495 Catil.
630 3477 657 3504 p.
673 3476 718 3502 54.
739 3464 877 3494 Antonius
887 3461 1007 3501 pedibus
1030 3466 1109 3497 aeger.

182 3503 316 3532 Timoris.
340 3502 388 3531 Sil.
402 3501 459 3531 Ital.
476 3501 524 3530 lib.
540 3511 564 3538 3.
579 3511 623 3539 72.

182 3539 362 3569 Valetudine.
385 3539 475 3569 Tacit.
490 3539 537 3568 lib.
558 3551 599 3575 14.
622 3550 666 3577 47.

181 3577 263 3614 AEger
281 3576 374 3606 alicui.
397 3576 482 3606 Ovid.
503 3586 526 3613 3.
551 3577 641 3607 Amor.
658 3589 698 3607 11.
721 3587 766 3613 25.

268 3614 350 3643 Dicta
371 3621 429 3644 crat
448 3624 517 3650 {egra
537 3614 615 3643 mihi.
638 3625 778 3653 praeceps,
797 3621 947 3651 amensque
963 3610 1089 3643 cucurri:

303 3651 370 3680 Veni
381 3674 389 3687 ,
410 3654 437 3681 «Sc
454 3651 532 3680 rivali
544 3661 601 3680 non
612 3660 669 3681 erat
680 3663 748 3689 aegra
762 3663 834 3682 meo.

183 3689 281 3720 Pedes.
305 3688 374 3717 Geli.
394 3689 441 3718 lib.
466 3699 506 3724 19.
529 3699 589 3726 cap.
611 3700 653 3718 10.

183 3726 288 3758 Morbi.
312 3726 399 3755 Valer.
423 3727 499 3756 Max.
521 3737 543 3761 5·
559 3736 584 3764 7.
598 3737 620 3755 1.
661 3727 702 3756 Ex
726 3727 805 3755 Pulsu
822 3736 954 3757 venarum
974 3724 1113 3763 comperit
1127 3723 1206 3759 cujus
1219 3721 1310 3752 morbi

203 3774 275 3801 aeger
286 3763 361 3792 esset.
384 3765 400 3792 i.
417 3775 440 3793 e.
464 3764 529 3799 Quo
542 3764 640 3793 morbo
653 3771 803 3799 aegrotaret.

183 3803 282 3839 AEger,
304 3800 339 3829 de
353 3802 436 3830 mutis
456 3802 622 3831 animalibus
634 3802 690 3830 diti
707 3802 799 3838 potius
816 3811 898 3837 quam
911 3801 1038 3838 AEgrotus
1049 3822 1057 3836 ‚
1077 3798 1251 3829 observatum
1260 3797 1308 3828 est.

204 3840 276 3877 Virg.
288 3848 312 3873 3.
328 3838 436 3881 Ἰ(Ἳιεῑοηζ.
455 3848 518 3874 497.
650 3855 688 3859 —
707 3841 733 3868 ok
751 3839 839 3875 quatit
860 3849 945 3871 zearos

260 3877 286 3907 T
289 3876 352 3906 ullis
372 3876 471 3907 anhela
489 3875 557 3906 sues.
652 3876 698 3906 Sic
717 3877 747 3905 in
766 3875 846 3914 prola
870 3876 995 3905 oratione
1018 3875 1075 3905 fere
1094 3874 1231 3905 invenies.

1783 50 1821 86 ΖΕ
1920 48 1952 84 G
2049 47 2083 84 R

1389 133 1490 199 stimans
1513 141 1591 170 aegra.
1613 132 1694 171 ²Virg.
1716 142 1740 162 1.
1761 131 1831 162 Ἔτι.
1855 136 1919 169 355.
1941 131 1960 160 i.
1984 140 2009 160 e.
2039 130 2141 160 Moesta
2160 129 2186 160 ἅ
2210 129 2314 164 anxia,
2342 125 2433 165 inquit
2455 124 2505 158 se.

1432 181 1470 200 us.

1389 209 1473 238 Amor
1485 217 1562 244 aeger.
1584 207 1658 244 Virg.
1672 218 1698 242 4.
1719 207 1819 244 Georg.
1832 209 1897 243 464.

1388 247 1534 275 Anhelitus
1544 254 1613 281 teger
1625 246 1714 282 quatit
1730 246 1818 274 vastos
1829 252 1910 274 artus.
1931 243 2005 281 Virg.
2022 250 2046 279 ς.
2068 242 2130 272 AEn.
2148 251 2212 279 432.

1389 284 1518 314 Animam
1529 293 1628 320 aegram
1645 292 1750 320 ponere
1766 292 1772 311 :
1795 284 1813 311 i.
1836 293 1860 311 e.
1882 278 1983 311 Vitam.
2002 281 2111 310 Lucret.
2127 280 2178 310 lib.
2188 284 2214 310 6.
2228 289 2308 313 1221.

1389 322 1518 351 Animam
1530 330 1628 357 aegram
1636 321 1750 349 auferre.
1773 320 1857 349 Ovid.
1868 331 1893 355 9.
1909 319 1978 349 Met-
1997 326 2058 354 179.

1390 360 1506 388 Animus
1526 368 1605 395 aeger.
1628 357 1758 387 Ovid.de
1767 358 1846 387 Rem.
1868 359 1927 386 Am.
1941 364 2002 392 129.

1389 397 1508 426 Ausonia
1525 405 1594 431 aegra
1610 395 1733 424 vulnere.
1755 395 1802 425 Sil.
1819 395 1880 425 Ital.
1898 405 1923 432 7.

1386 433 1497 464 Balatus
1517 434 1588 468 aegri.
1622 433 1707 462 Ovid.
1722 440 1749 470 7.
1767 434 1838 463 Met.
1855 444 1916 468 540.

1390 472 1452 501 Cor.
1474 471 1561 513 Ovid3
1580 480 1604 506 3.
1625 470 1707 500 Trist.
1725 479 1751 500 2.
1770 475 1811 500 16.
1835 471 1893 500 Val.
1909 469 1998 499 Flacc.
2017 475 2041 502 3.
2064 467 2163 505 Argon.
2174 472 2220 505 ¹74.

1391 510 1508 547 Corpus.
1532 508 1604 545 Virg.
1627 518 1651 545 3.
1681 509 1743 538 AEn.
1760 519 1820 545 140.
1843 508 1902 538 Cic.
1919 508 1954 535 ad
1970 506 2072 542 Quirit.
2099 506 2160 543 post
2176 506 2257 535 redit.
2283 504 2361 534 Bona
2375 503 2506 535 valetudo

1408 547 1559 583 jucundior
1570 546 1608 574 est
1626 547 1666 575 eis
1678 547 1725 583 qui
1743 556 1759 576 e
1769 546 1842 584 gravi
1857 545 1956 576 morbo
1972 543 2087 573 recreati
2101 542 2180 579 sunt,
2201 552 2284 582 quam
2298 544 2346 581 qui
2363 552 2508 580 nunquam

1389 584 1756 665 offiigsssssf⁰i22sreetfff¹isi¹f¹3tl
1766 626 1830 658 913.

1390 660 1515 690 Familia.
1538 658 1597 688 Cic.
1621 663 1663 689 16.
1689 661 1742 689 Att.
1764 666 1789 694 8.

1390 698 1499 728 Femur.
1532 697 1602 734 Virg.
1618 707 1660 727 10.
1681 697 1744 727 AEn.
1764 702 1828 733 856.

1389 736 1495 765 Genua.
1524 734 1598 772 Virg.
1617 745 1640 770 ς.
1663 735 1726 765 AEn.
1739 739 1803 771 468.
1844 754 1855 761 .

1388 773 1497 803 Hiatus.
1518 773 1584 801 Stat.
1604 776 1629 802 6.
1652 772 1742 803 Theb.
1760 779 1824 810 870.

1387 809 1498 878 113?ssan
1519 809 1588 877 laet6is
1612 820 1699 848 aegra:
1738 811 1785 841 Ob
1806 810 1927 842 alienam
1947 810 2056 841 scilicet
2074 808 2241 839 felicitatem
2264 804 2355 839 tristis.
2391 804 2507 840 Statsx.

1456 859 1471 877 e
1492 871 1499 878 .
1524 858 1555 877 12
1577 871 1584 877 .

1389 886 1502 917 Luetus.
1528 886 1612 915 Ovid.
1630 896 1655 916 2.
1678 886 1748 916 Met.
1772 896 1835 923 329.
1856 886 1963 917 Lucret.
1980 885 2028 915 lib.
2044 893 2068 922 3.
2089 888 2153 922 946.

1390 962 1493 992 Mdnus
1527 940 1622 990 OViE-
1630 925 1820 992 ²niussis-gzgris
1831 924 1966 991 &ustibus
1982 924 2132 961 indulges?
2152 924 2206 953 διο.

1425 972 1432 977 ’
1497 984 1502 990 .
1605 984 1611 990 .
1649 985 1656 992 .
1729 973 1736 991 1
1762 985 1768 991 .
1793 972 1808 992 2
1850 985 1857 991 .

1389 999 1527 1030 Membra.
1549 998 1634 1028 Ovid.
1652 1009 1694 1029 11.
1728 995 1798 1037 ‹pist.
1811 974 1858 1037 {8-
1880 1000 1948 1030 Stat.
1961 1002 1988 1029 6.
2007 996 2101 1028 Theb.
2114 1007 2177 1035 511.

1389 1038 1482 1068 Mens.
1505 1037 1590 1066 Ovid.
1610 1037 1659 1066 lib.
1674 1048 1700 1074 4.
1732 1038 1813 1068 Trist.
1827 1047 1851 1075 3.
1864 1048 1909 1068 21.

1389 1075 1478 1106 Mors.
1499 1074 1573 1113 Virg.
1593 1084 1617 1118 3:
1639 1075 1738 1113 Georg.
1762 1086 1823 1119 512.

1408 1188 1419 1218 1
1458 1113 1864 1218 tD1s01ff0.¹113.s:3{¹?1{23{2333¹.
1882 1113 2126 1182 ”agaibissbsstzff
2171 1151 2200 1181 h.
2221 1159 2247 1181 e.
2270 1149 2387 1181 Difficili
2408 1151 2435 1181 ει
2452 1149 2513 1181 via.

1421 1198 1457 1218 en
1471 1199 1494 1218 a.

1389 1226 1534 1258 Mortales.
1562 1226 1636 1264 Virg.
1657 1237 1683 1257 2.
1705 1226 1767 1257 AEn.
1791 1231 1855 1262 268.

1471 1265 1598 1308 Tempus
1618 1272 1675 1294 erat
1696 1275 1751 1302 quo
1765 1263 1855 1304 prima
1870 1265 1949 1302 quies
1971 1263 2137 1295 mortalibus
2152 1265 2230 1303 aegris

1473 1303 1586 1340 Inciplt.
1702 1304 1721 1332 i.
1744 1313 1768 1332 e.
1790 1304 1888 1333 Anxiis
1907 1305 1934 1333 ἃ
1952 1303 2076 1333 solicitis.

1393 1340 1493 1371 Oculis
1513 1350 1534 1369 ae
1556 1341 1590 1369 ris
1606 1339 1713 1378 aliquid
1730 1341 1858 1379 aspicere.
1884 1341 1968 1371 Tacit
1983 1350 2009 1371 2.
2030 1341 2100 1371 Hist.
2116 1347 2162 1371 20.

1394 1379 1445 1408 Os.
1467 1378 1514 1408 Sil.
1549 1378 1596 1407 tal.
1614 1377 1665 1408 lib.
1686 1388 1727 1413 13.

1391 1417 1483 1460 Partes
1494 1415 1662 1454 reipublicae.
1684 1416 1742 1446 Cic.
1758 1427 1809 1454 pro
1820 1416 1922 1447 Milon.
1935 1420 1980 1451 63.
2001 1417 2056 1446 Sed
2066 1417 2128 1454 quis
2141 1426 2200 1446 non
2210 1410 2342 1454 intelligit
2354 1420 2452 1446 omnes
2461 1411 2515 1446 tibi

1413 1454 1652 1521 Reipubdpartes
1671 1464 1752 1492 aegras
1772 1456 1798 1485 ἃ
1820 1455 1946 1484 labantes
1966 1455 2020 1484 effe
2035 1454 2192 1485 commissas
2204 1456 2218 1485 ‘2

1393 1493 1493 1523 Paslus.
1515 1492 1537 1520 V
1567 1516 1573 1521 .
1594 1492 1684 1522 Flacc.
1705 1501 1729 1529 3.
1761 1493 1794 1522 Ar
1813 1503 1859 1522 on.
1883 1502 1947 1530 357.

1394 1530 1508 1560 Peetora
1524 1540 1593 1567 aegra
1612 1531 1693 1560 curis.
1726 1530 1784 1559 Val.
1796 1502 1892 1560 gFlacc.
1911 1535 1937 1560 6.
1957 1531 2056 1569 Argon.
2071 1534 2136 1569 623.

1393 1569 1494 1598 Pudor.
1515 1568 1573 1597 Val.
1591 1567 1679 1598 Flacc.
1700 1577 1726 1606 7.
1750 1570 1850 1606 Argon.
1874 1578 1934 1605 125.

1393 1606 1512 1644 Respub.
1544 1605 1603 1635 Cic.
1628 1616 1650 1636 1.
1675 1606 1748 1636 Verr.
1773 1617 1797 1641 ς.
1838 1606 1933 1644 Itaque
1955 1605 2027 1636 mihi
2051 1607 2151 1643 videor
2173 1615 2320 1645 magnam,
2349 1607 2377 1636 δε
2393 1606 2516 1635 maxime

1412 1654 1512 1711 aegffilm
1523 1666 1531 1679 ‚
1559 1645 1586 1674 ἃ
1604 1654 1694 1683 prope
1707 1644 1860 1682 depositam
1874 1645 1944 1683 reip.
1960 1654 2070 1684 partem
2084 1643 2236 1684 suscepisse.
2277 1644 2309 1674 V.
2333 1644 2446 1682 AEgrota
2462 1653 2517 1673 res-

1412 1693 1450 1720 pu
1494 1692 1533 1711 ca.

1392 1721 1485 1758 Seges.
1508 1720 1580 1757 Virg.
1594 1728 1618 1756 3.
1639 1719 1701 1748 AEn.
1717 1729 1779 1756 140.

1414 1757 1595 1830 6ggfflebant
1614 1756 1726 1793 herbae,
1753 1759 1780 1787 ἃ
1796 1757 1902 1788 vietum
1918 1758 1993 1796 seges
2015 1768 2085 1797 aegra
2107 1759 2234 1798 negabat.
2273 1755 2359 1789 Ovid.
2381 1768 2405 1787 1.
2445 1757 2515 1787 Fast.

1392 1835 1543 1901 διόιςὲὶυε,
1564 1843 1615 1900 pffi
1634 1833 1841 1900 tmetonymiam
1860 1842 1896 1863 ex
1914 1834 2035 1871 effectu,
2063 1832 2141 1874 quod
2155 1834 2286 1866 homines
2306 1840 2393 1872 aegros
2410 1831 2519 1864 reddat.

1445 1882 1471 1901 vi
1495 1895 1500 1900 .
1519 1882 1529 1899 1
1556 1893 1561 1900 .
1617 1880 1632 1899 e
1647 1894 1653 1900 .
1673 1881 1683 1899 1
1728 1894 1734 1900 .

1395 1911 1473 1948 Spes.
1497 1883 1593 1939 Clesud.
1614 1909 1649 1938 de
1668 1880 1757 1947 N‘i13pt.
1771 1908 1846 1939 Hon.
1868 1911 1895 1940 ἃ
1909 1909 2006 1940 Mariae
2019 1933 2028 1948 ‚
2053 1921 2096 1941 10.
2113 1921 2157 1948 14.

1395 1948 1524 1985 Suspiria.
1546 1948 1613 1976 Stat.
1631 1951 1656 1976 6.
1679 1946 1769 1976 Theb.
1787 1955 1828 1984 17.

1396 1985 1534 2015 Valetudo
1553 1985 1662 2014 infirma
1680 1991 1762 2022 atque
1780 1995 1858 2022 aegra.
1884 1985 1943 2016 Cic.
1966 1986 1998 2016 in
2014 1986 2090 2017 Brut.
2104 1992 2169 2021 180.

1397 2023 1497 2053 Verba.
1522 2022 1578 2052 Val.
1598 2022 1687 2052 Flacc.
1706 2029 1731 2057 8.
1753 2023 1852 2061 Argon.
1871 2033 1933 2061 145.

1399 2061 1456 2091 Vis.
1478 2062 1544 2091 Stat.
1564 2067 1590 2094 8.
1611 2060 1703 2090 Theb.
1728 2070 1790 2105 53¹·
1825 2099 1830 2105 ·
1987 2097 1994 2105 ἱ

1399 2138 1532 2168 Graviter.
1555 2107 1892 2180 εῑαῗῗῖἢᾱῖῃῦῗῖἵὶέἶξῗ
1901 2098 2400 2176 Ιῖἀὲἓὲῗςῗιῗῗῑὸρἑὲἒῑὲἓξὲἒῖὴεε
2417 2141 2522 2176 aegmm

1416 2176 1573 2206 Eudemum
1585 2174 1664 2204 fuisse
1675 2197 1683 2210 ‚
1704 2182 1735 2204 ut
1751 2185 1849 2204 omnes
1864 2175 1969 2205 medici
1990 2176 2155 2206 diffiderent.
2499 2206 2502 2210 ,

1398 2214 1589 2281 Nilediocriter.
1612 2212 1672 2279 (ίῖὶίο.
1688 2223 1713 2250 3.
1735 2213 1817 2242 Tusc.
1831 2222 1876 2243 22.
1918 2213 2027 2252 Corpus
2046 2214 2153 2243 etiamsi
2162 2213 2342 2244 mediocriter
2355 2222 2459 2251 aegrum
2472 2211 2520 2248 est3

1431 2261 1514 2281 anum
1528 2261 1585 2280 non
1601 2261 1617 2279 e
1642 2272 1648 2279 .

1400 2290 1530 2327 AEgrum.
1552 2290 1570 2318 i.
1587 2299 1615 2317 n.
1637 2288 1760 2318 absolute
1774 2289 1892 2327 politum
1906 2311 1914 2325 ‚
1933 2299 1985 2328 pro
1996 2289 2090 2319 Animi
2103 2289 2276 2327 aegritudine.
2296 2288 2316 2319 i.
2328 2297 2353 2318 e.
2377 2287 2481 2318 Dolore
2490 2294 2524 2318 ac

1420 2327 1557 2359 Molestia.
1578 2327 1665 2357 Plaut.
1676 2327 1774 2365 Amph.
1785 2336 1809 2356 2.
1827 2337 1853 2356 2.
1873 2337 1915 2356 11.
2038 2343 2076 2347 —
2097 2327 2160 2365 plus
2172 2327 2235 2365 aegri

1440 2365 1482 2395 Ex
1494 2365 1569 2394 abitu
1580 2365 1630 2394 viri
1645 2387 1653 2399 ,
1675 2374 1757 2408 quam
1770 2374 1805 2408 ex
1814 2365 1938 2409 adventu
1947 2363 2099 2408 voluptatis
2108 2365 2180 2403 cepi.
2226 2364 2335 2394 Lucret.
2355 2362 2404 2394 lib.
2421 2374 2445 2400 5.
2458 2368 2523 2401 172.

1572 2419 1610 2424 —
1628 2402 1677 2432 sed
1694 2411 1740 2432 cui
1761 2402 1832 2431 nihil
1848 2403 1952 2432 accidit
1964 2412 2037 2440 aegrr.

1366 2447 1400 2479 Ε
1411 2449 1429 2470 c,
1439 2451 1455 2470 R
1465 2451 1479 2469 a
1487 2450 1499 2469 s
1509 2450 1526 2469 c
1535 2450 1552 2470 o
1563 2463 1572 2475 ,
1601 2439 1819 2484 [δθυοὸυμοῧμριι]
1850 2442 1905 2470 ere.
1927 2450 1943 2470 a
1956 2441 2072 2469 nomine
2087 2439 2170 2478 AEger
2184 2438 2340 2470 derivatum
2350 2449 2359 2475 3
2390 2438 2526 2477 fignificat

1403 2479 1556 2517 AEgriorem
1566 2478 1625 2507 fieri
1636 2501 1643 2514 ‚
1665 2476 1812 2516 &proprie
1821 2478 1937 2508 refertur
1946 2479 1980 2507 ad
1992 2479 2126 2507 animum.
2164 2478 2239 2516 Virg.
2255 2488 2298 2509 12.
2315 2478 2377 2507 AEn.
2395 2481 2441 2511 46.

1551 2533 1588 2559 -Ι-
1606 2523 1742 2554 exuperat
1756 2517 1859 2553 magis,
1881 2516 2057 2553 aegrescitque
2073 2516 2224 2545 medendo.
2320 2515 2375 2545 Ubi
2396 2510 2524 2550 Servius,

1403 2554 1473 2584 lude
1489 2564 1587 2591 magna
1597 2555 1656 2590 ejus
1669 2564 1690 2582 ae
1711 2554 1803 2583 ritudo
1817 2553 1970 2589 crescebat,
1991 2554 2068 2583 unde
2084 2553 2111 2583 se
2130 2554 2156 2583 ei
2171 2551 2285 2583 Latinus
2298 2550 2455 2582 remedium
2465 2551 2526 2590 spe-

1404 2592 1481 2621 rabat
1498 2592 1601 2621 afferre.
1643 2591 1693 2621 Val
1706 2601 1738 2627 a,
1760 2591 1914 2628 Quomodo
1934 2592 2024 2621 curari
2036 2592 2096 2629 quis
2115 2598 2179 2621 ante
2190 2591 2290 2629 poslit‚
2311 2599 2394 2628 quam
2407 2595 2526 2627 aegrotus

1405 2630 1456 2659 sit‘?
1476 2629 1591 2659 Neceffe
1601 2629 1639 2659 est
1646 2639 1710 2667 ergo
1722 2637 1753 2658 ut
1763 2636 1826 2658 ante
1836 2638 1966 2667 aegrotare
1980 2630 2114 2668 coeperit:
2137 2631 2164 2659 ἃ
2179 2639 2244 2659 cum
2258 2630 2359 2658 dicitur
2371 2627 2525 2666 aegrescere3

1405 2677 1437 2697 ut
1447 2668 1617 2704 intelligatur
1634 2668 1707 2696 inter
1723 2667 1896 2697 medendum
1906 2668 2048 2705 aegriorem
2060 2667 2127 2696 fieri.
2168 2667 2202 2696 Et
2210 2668 2264 2696 hoc
2278 2667 2313 2703 de
2331 2666 2430 2696 Turno
2440 2665 2527 2702 Virgia

1402 2705 1456 2735 lius
1474 2705 1621 2742 intelligit,
1656 2705 1734 2741 cujus
1761 2705 1910 2742 augebatur
1926 2706 2061 2742 aegritudo
2093 2706 2128 2734 ad
2147 2704 2237 2734 Latini
2260 2704 2379 2734 salubria
2401 2702 2524 2733 consilia.

1402 2743 1470 2774 Haec
1480 2743 1555 2772 Valla
1572 2743 1619 2772 lib.
1639 2753 1661 2772 1.
1684 2742 1733 2772 ubi
1743 2743 1778 2772 de
1789 2742 1879 2772 verbis
1895 2744 1924 2771 in
1939 2752 2004 2772 sco
2024 2751 2121 2772 contra
2138 2742 2307 2772 Priscianum
2318 2742 2447 2780 disputat.

1403 2781 1573 2819 IEgrescere,
1594 2791 1645 2818 pro
1658 2781 1807 2818 AEgrotare.
1828 2780 1897 2810 Plin.
1917 2780 1966 2810 lib.
1987 2791 2028 2810 10.
2046 2790 2107 2819 cap.
2132 2790 2173 2809 12.
2205 2779 2288 2810 Corvi
2302 2787 2366 2809 ante
2383 2775 2527 2808 solstitium

1422 2825 1571 2862 generant:
1593 2819 1681 2848 iidem
1698 2818 1847 2856 aegrescunt
1863 2818 2005 2856 sexagenis
2023 2818 2123 2848 diebus
2138 2818 2180 2848 siti
2202 2818 2324 2848 maxime
2338 2822 2402 2847 ante
2413 2839 2421 2853 ,
2443 2826 2528 2855 quam

1421 2858 1466 2886 nei
1479 2863 1631 2894 coquantur
1643 2857 1790 2886 Autumno.

1403 2895 1518 2925 Animus
1539 2894 1667 2932 aegreseit.
1690 2894 1796 2923 Lucret.
1819 2893 1867 2923 lib.
1886 2902 1912 2930 3.
1936 2901 1999 2929 52'0.

1404 2933 1484 2962 Cura.
1506 2933 1573 2962 Stat.
1594 2943 1615 2961 1.
1645 2932 1735 2962 Theb.
1756 2942 1820 2968 400.

1484 2970 1607 3000 Tantum
1623 2971 1652 2998 in
1671 2970 1755 2999 corde
1772 2970 1869 2999 sedens
1883 2968 2004 3006 aegrescit
2024 2978 2089 2998 cura
2105 2968 2238 3007 parentis.

1404 3007 1513 3038 Morbis
1531 3008 1683 3046 aegrescere.
1706 3007 1813 3037 Lucret.
1829 3007 1878 3036 lib.
1899 3017 1923 3043 ς.
1948 3016 2009 3041 350.
2143 3024 2150 3031 -

1405 3046 1504 3113 erelssug
1528 3046 1598 3075 laetis
1624 3045 1768 3083 aegrescere
1787 3066 1796 3081 ‚
1838 3044 1885 3074 Ob
1915 3043 2035 3073 alienam
2064 3044 2228 3074 felicitatem
2256 3043 2360 3074 dolere.
2400 3043 2468 3074 Stat.
2497 3053 2525 3074 ².

1470 3094 1485 3113 e
1508 3108 1513 3112 .
1536 3088 1576 3113 16.

1405 3122 1572 3152 Anhelantes
1590 3122 1740 3159 aegrescunt
1757 3119 1871 3158 pulvere
1888 3120 1962 3156 ripae.
1997 3119 2077 3148 Idem
2093 3131 2118 3154 4.
2141 3119 2230 3149 Theb.
2252 3130 2313 3155 114.

1405 3160 1478 3189 Cura
1492 3160 1654 3197 aegrescente
1672 3159 1773 3188 ducere
1795 3157 1929 3186 dolorem.
1952 3156 1999 3186 Sil.
2015 3156 2074 3186 Ital.
2096 3156 2144 3186 lib.
2157 3163 2182 3191 8.
2197 3166 2260 3187 212.

1368 3199 1428 3230 AEG
1439 3208 1453 3226 a
1465 3208 1495 3233 a,
1528 3199 1625 3233 [μόλις
1636 3219 1644 3232 ,
1659 3197 1791 3232 χαλεπῶς,
1816 3193 1959 3229 δυσκόλως]
1989 3195 2055 3223 Adv.
2080 3195 2218 3231 <nuditatis
2231 3217 2238 3230 ,
2263 3192 2297 3224 ab
2324 3194 2406 3238 AEger
2423 3194 2529 3223 deriva-

1404 3242 1473 3265 tum.
1498 3235 1568 3273 Virg.
1584 3245 1608 3271 3.
1631 3235 1729 3271 Georg.
1744 3242 1804 3269 534.
1846 3232 1995 3268 Ergoaegre
2008 3233 2096 3271 rastris
2107 3240 2206 3262 terram
2217 3233 2359 3261 rimantur.
2381 3243 2398 3261 1.
2421 3241 2444 3261 e.
2470 3231 2529 3261 Dif-

1404 3273 1530 3308 fieulter,
1551 3272 1590 3302 ait
1608 3272 1723 3302 Servius.
1747 3270 1805 3300 Cic.
1829 3270 1863 3298 de
1879 3270 1987 3298 Provin.
2007 3270 2118 3299 Consul.
2142 3275 2168 3299 6.
2198 3271 2270 3300 Cum
2288 3270 2417 3307 Byzantii
2436 3274 2528 3299 totum

1404 3311 1525 3341 Pontum
1550 3317 1685 3339 armatum
1701 3308 1925 3338 effervescentem
1947 3308 1976 3336 in
1996 3308 2100 3344 Aliam3
2120 3314 2203 3346 atque
2219 3315 2429 3346 erumpentem,
2458 3314 2529 3345 aegre

1404 3348 1545 3386 repulsum
1559 3347 1730 3377 sustinerent.
2541 3340 2546 3358 ‘

1405 3387 1487 3422 ffigre
1498 3385 1581 3415 risum
1598 3386 1751 3414 continere.
1773 3383 1858 3413 Plaut.
1871 3382 1940 3412 Asin.
1956 3388 1979 3419 3.
1997 3393 2022 3413 2.
2040 3388 2084 3421 36.

1405 3424 1487 3460 AEgre
1501 3430 1633 3461 repertus.
1656 3423 1725 3452 Plin.
1746 3422 1793 3451 lib.
1807 3426 1832 3458 7.
1853 3431 1884 3450 ea
1893 3429 1913 3449 υ.
1935 3432 1982 3455 44.

1405 3461 1486 3499 AEgre
1500 3462 1538 3490 est
1549 3481 1557 3497 ,
1578 3471 1629 3499 pro
1648 3459 1798 3527 lsslpllestum
1815 3459 1861 3526 elib
1903 3458 1966 3487 laut.
1989 3459 2078 3490 Casm.
2097 3470 2124 3490 2.
2140 3464 2166 3491 2l
2183 3460 2209 3495 8.

1599 3515 1637 3520 —
1667 3509 1681 3527 e
1722 3507 1780 3535 qui(
1808 3507 1823 3526 e

1485 3536 1572 3572 Quod
1582 3543 1630 3566 tuo
1642 3542 1719 3565 nunc
1729 3535 1823 3564 animo
1837 3543 1907 3571 aegre
1923 3533 1982 3562 est‘?
2013 3533 2092 3564 Idem
2111 3534 2189 3565 Men.
2202 3545 2228 3571 4.
2243 3542 2268 3564 2.
2279 3533 2324 3563 62.

1485 3573 1539 3603 Dic
1552 3583 1614 3603 mea
1626 3584 1711 3613 uxor,
1736 3573 1801 3610 quid
1823 3572 1875 3601 tibi
1892 3581 1962 3608 aegre
1977 3571 2039 3601 est?
2133 3573 2197 3603 Ter.
2217 3572 2295 3602 Adel.
2312 3580 2335 3602 1.
2357 3580 2382 3602 2.
2405 3578 2448 3609 57.
2470 3566 2532 3610 sup·—

1424 3611 1513 3648 prem>
1535 3611 1596 3640 casu
1611 3621 1618 3640 ε
1659 3612 1739 3647 IEgre
1754 3610 1799 3639 est.

1405 3649 1486 3686 AEgre
1506 3649 1574 3677 ferre
1586 3671 1594 3684 ‚
1615 3649 1712 3678 vitiose
1729 3648 1856 3677 scribitur
1870 3648 2045 3682 coniunctim
2057 3670 2065 3683 ‚
2086 3657 2153 3677 cum
2165 3648 2227 3677 duae
2245 3645 2298 3676 {int
2310 3646 2463 3676 dietionese
2480 3656 2531 3684 pro

1425 3697 1460 3752 {o
1481 3686 1754 3752 qued&e¹}EMOlestq
1773 3686 1851 3715 ferre.
1874 3685 1932 3714 Cic.
1951 3695 1972 3714 1.
1994 3685 2029 3715 de
2040 3685 2134 3715 Divin.
2147 3692 2191 3723 73.
2214 3684 2339 3715 Discellit
2349 3690 2419 3722 aegte
2429 3684 2529 3714 ferens.

1454 3732 1536 3752 icitur
1666 3734 1681 3753 e
1719 3731 1764 3752 ati.

1405 3761 1532 3798 IEgrius,
1552 3734 1715 3790 DifficfiriusP
1730 3761 1789 3790 Cic.
1799 3772 1825 3797 4.
1847 3759 1923 3789 Verr.
1949 3764 2008 3795 146.
2031 3760 2110 3789 Nihil
2120 3756 2216 3798 aegrius
2224 3760 2328 3789 faetum
2340 3759 2378 3788 est
2394 3758 2484 3788 multo
2494 3759 2533 3788 la-

1426 3798 1492 3842 bore
1502 3807 1588 3841 .n¹e⁰³
1611 3809 1692 3834 quam
1703 3805 1734 3827 ut
1745 3808 1843 3828 manus
1854 3797 1887 3827 ab
1899 3797 1948 3827 illo
1959 3798 2130 3836 appellatore
2146 3799 2355 3828 abstinerentur.

1404 3837 1573 3873 Ihgernme.
1596 3835 1775 3866 Difficillime.
1799 3835 1864 3866 Caes.
1878 3846 1902 3866 1.
1914 3835 1983 3866 Bell.
2006 3835 2076 3866 Gau.
2089 3845 2130 3873 13.
2150 3836 2302 3874 AEgerrime
2313 3834 2491 3864 confecerant
2500 3840 2532 3863 ut

1423 3874 1531 3904 flumen
1551 3873 1704 3903 transirent.
2459 3905 2461 3908 y

2450 3906 2531 3947 AEgre
