2641 4187
473 124 502 162 A
597 123 626 157 C
719 124 749 157 C

77 210 225 246 Acceptam
240 208 329 236 facere
352 205 567 243 stipulationem.
600 203 631 232 V.
657 204 850 232 ST1PU1,0R.

77 247 189 284 Accepti
206 244 315 274 Vitellio
335 243 450 277 annuli,
479 252 548 280 pro,
564 241 708 270 aVitellio.
736 240 825 270 Tacit.
845 239 909 268 Hist.
929 249 954 274 4.
970 249 993 273 3.
1025 238 1192 268 Solatiosuit

96 284 187 313 servus
202 282 322 319 Verginii
332 281 492 318 Capitonis,
511 289 595 316 quern
604 279 776 315 proditorem
794 277 1032 307 Tarracinensium
1051 276 1171 305 diximus
1183 298 1191 311 ,

97 321 223 360 patibulo
233 320 338 353 affixum
350 320 377 347 in
388 318 486 347 iisdem
496 317 605 346 annulis
633 326 684 344 uos
695 322 824 352 acceptos
838 314 947 343 Vitellio
960 314 1086 351 gestabat.

41 360 236 394 Aceaprffi,
257 367 342 386 arum.
374 356 391 385 f.
412 356 482 393 plur.
502 354 591 384 Etiam
608 364 624 382 a
645 353 732 382 solute
749 353 880 382 dicuntur
901 352 956 388 agri
978 352 1120 389 portiones
1132 351 1196 378 viri-

79 396 294 463 tipiffallignatze
309 416 317 429 ,
349 400 397 422 aut
424 403 484 431 quae
511 391 606 421 sortito
636 391 788 428 unicuique
819 390 986 426 obtigerunt.
1028 388 1059 417 V.
1084 387 1194 425 Rigaltii

80 435 133 464 Go
156 457 162 463 .
185 434 204 462 A
226 433 284 461 riiii.
326 455 331 460 .
354 441 369 460 2
390 442 415 460 0.

43 474 88 505 Ac
96 482 113 501 c
123 482 138 500 E
148 481 162 499 Ρ
172 480 190 499 T
198 443 244 499 ἔνι
252 492 260 503 ,
282 442 336 505 i.p[
345 442 460 503 ΛηΞ-θὲν]
480 466 604 496 absolute
615 466 717 495 dicitur
726 487 734 499 ,
762 465 905 502 Quicquid
915 465 948 494 ab
958 465 1018 494 aliis
1033 463 1196 501 accipimus,

79 510 125 539 seu
135 508 230 543 dono,
247 507 293 536 seu
303 514 401 536 mutuo
412 528 420 540 ,
449 505 495 534 seu
507 505 561 534 alio
581 504 678 541 quovis
695 504 790 532 modO.
814 502 898 532 l'laut.
921 503 1035 532 Trucul.
1053 513 1077 537 4.
1102 510 1126 529 2.
1152 505 1193 535 36.

80 547 134 578 Hic
145 546 214 574 ratio
224 546 331 583 accepti
341 544 473 574 scribitur.
508 543 565 572 Cic.
585 542 620 571 de
631 541 739 571 Amicit.
757 544 816 574 168.
841 541 901 569 Hoc
917 541 1030 578 quidem
1052 539 1089 568 est
1116 538 1199 567 nimis

80 585 180 621 exigue
192 584 217 612 Sc
227 583 335 612 exiliter
346 583 382 612 ad
390 580 511 610 calculos
524 589 622 610 vocare
638 579 787 609 amicitiani
797 600 804 613 ,
822 584 853 606 ut
869 588 917 615 par
934 578 965 607 lit
985 578 1053 607 ratio
1071 582 1200 613 accepto-

81 632 142 652 rum
165 622 192 650 &
211 621 346 650 datorum.

83 660 205 702 Accepto
224 658 294 687 ferre
318 656 510 694 [ἁνατιέέναι]
534 656 631 685 Sermo
648 655 687 683 est
699 653 846 692 peculiaris
870 652 1145 688 jurisconsultorum,
1174 652 1201 680 ὃς

102 696 235 734 significat
254 697 407 733 Acceptum
421 694 521 724 habere
539 694 615 730 quod
626 692 707 721 nobis
717 701 752 720 ex
770 690 946 728 stipulatione
965 689 1125 728 promissum
1144 689 1199 717 est:

101 735 155 764 sive
166 740 197 800 ui
204 733 286 771 vulgo
297 733 454 772 loquimur,
475 731 583 761 Habere
600 740 651 769 pro
660 735 792 767 recepto,
810 729 894 758 etiam
915 728 932 757 si
952 728 1028 758 nulla
1048 727 1147 756 solutio
1162 726 1204 754 in-

101 774 186 801 tercel
198 771 258 801 erit.

84 810 193 841 Dicitur
203 816 297 838 autem
312 810 433 846 Accepto
443 808 512 837 ferre
522 829 530 842 ,
555 808 581 836 δι
591 812 738 843 acceptum
750 804 835 833 ferre:
858 803 980 841 Accepto
991 804 1082 834 facere
1091 825 1099 838 ,
1121 803 1147 832 &
1161 810 1205 830 ac-

103 854 217 885 ceptum
228 847 334 882 facere,
355 846 502 876 seiif.·.cere
515 851 679 882 acceptum:
703 843 772 871 item
786 863 794 877 ,
818 841 926 871 Habere
945 848 1109 879 acceptum:
1136 840 1207 869 Om.

104 886 151 914 nia
169 895 219 923 pro
241 885 350 914 eodeni.
386 884 417 913 V.
440 890 732 913 ACCEP'FILATIO.

84 923 120 954 Et
128 923 157 952 in
166 922 269 961 pailivo
281 922 421 952 declinam
432 923 552 958 Accepto
562 920 634 953 ferri,
651 920 677 948 δι
689 922 836 954 acceptum
845 916 908 946 ferri
924 927 930 945 ε
960 918 1084 955 Accepto
1093 916 1160 950 fieri,
1178 916 1206 944 Sc

104 967 253 998 acceptum
267 960 334 990 fieri.
356 960 450 994 Adde,
470 958 545 996 quod
554 957 644 986 verbis
656 956 735 994 supra
746 955 826 984 dietis
838 955 962 991 jungitur
983 954 1157 992 (acceptum)
1177 953 1207 981 iii

105 1000 184 1028 omni
201 1008 301 1035 genere
321 999 462 1035 utriusque
472 996 596 1025 numeri:
618 1001 667 1030 ut,
688 996 838 1031 Acceptum
851 992 920 1022 ferre
935 993 1104 1030 pecuniam,
1124 991 1209 1021 Acce,

106 1043 170 1074 ptos
190 1037 259 1066 ferre
279 1045 424 1070 nummos,
451 1036 502 1064 Sco.

86 1075 211 1112 Accepto
222 1074 284 1108 fert,
299 1073 344 1103 seu
356 1080 472 1110 accepto
481 1071 550 1100 facit
558 1069 711 1108 stipulator,
725 1077 827 1105 nempe
836 1069 883 1105 qui
918 1067 1089 1097 romifforern
1099 1077 1148 1105 per
1165 1075 1210 1095 acn

106 1113 317 1150 ceptilationem
330 1111 445 1140 liberat:
467 1110 589 1147 Accepto
599 1108 685 1137 fertur
694 1130 702 1142 ,
717 1107 763 1136 seu
774 1113 890 1143 accepto
898 1078 931 1134 gt
943 1106 987 1141 ei,
1011 1107 1058 1143 qui
1067 1105 1208 1139 liberatur,

107 1150 163 1180 hoc
172 1150 227 1185 est,
246 1148 409 1179 Promiss'ori.
449 1147 550 1177 Rursus
561 1169 568 1182 ,
588 1151 711 1184 Accepto
721 1149 798 1182 rogat
808 1143 969 1181 proiiiilsor3
999 1149 1116 1181 accepto
1133 1152 1211 1180 roga-

108 1194 154 1217 tur
168 1187 317 1227 stipulator.
356 1186 398 1215 De
410 1185 510 1223 quibus
520 1185 650 1213 omnibus
661 1182 800 1221 permulta
810 1181 939 1220 exempla
952 1182 1089 1217 invenies,
1099 1180 1147 1210 lib.
1160 1183 1208 1217 46.

108 1225 290 1263 Digestorum,
313 1223 363 1253 sub
373 1222 456 1253 titulo
466 1223 501 1252 de
511 1220 786 1260 Acceptilationibus.

88 1264 242 1301 Acceptum
267 1261 385 1297 referre,
410 1264 436 1291 ὁὶ
456 1260 613 1298 Expensum
627 1259 715 1294 ferre,
739 1257 892 1287 Venustum
914 1256 1049 1294 loquendi
1073 1265 1159 1293 genus
1177 1264 1213 1284 ex

108 1311 186 1331 more
195 1300 382 1337 antiquorum.
422 1299 490 1328 Duae
506 1299 582 1327 enim
593 1304 683 1336 partes
702 1297 841 1326 rationum
852 1294 934 1324 sunt:
966 1295 1059 1332 prior,
1077 1294 1210 1331 Accepti:

107 1338 258 1377 posterior,
277 1337 413 1375 Expensi:
436 1337 588 1374 Receptam
600 1335 683 1373 vulgo
693 1335 812 1367 dicimus
829 1334 856 1362 Sc
873 1332 1036 1370 lrnpensam.
1067 1331 1111 1361 Est
1130 1332 1214 1369 igitur

109 1377 262 1414 Acceptum
273 1375 391 1411 referre,
411 1375 529 1405 scribere
547 1374 574 1403 se
591 1372 734 1411 accepisse,
771 1371 833 1400 Hoc
845 1371 902 1406 est,
925 1370 956 1400 Iri
974 1376 1155 1408 acceptorum
1168 1379 1216 1407 pa-

110 1415 204 1452 ginam
217 1414 325 1443 referre.
366 1412 526 1451 Expensum
535 1421 600 1441 vero
611 1412 681 1441 serre
693 1433 700 1446 ,
724 1410 762 1439 est
771 1409 888 1438 scribere
897 1408 924 1438 se
934 1408 1039 1438 dedisse
1050 1430 1059 1447 ,
1079 1413 1110 1438 ut
1124 1408 1216 1444 inquit

109 1451 261 1487 Asconius:
286 1457 388 1480 utcum
396 1461 446 1489 per
460 1449 565 1488 singula
585 1448 696 1487 expensi
708 1448 839 1482 nomina,
867 1446 1001 1480 summam
1018 1445 1157 1483 quandam
1169 1454 1218 1474 ex-

109 1489 224 1529 pensam
230 1489 398 1519 ascribimus.
440 1489 564 1522 Nomina
571 1495 666 1520 autem
677 1485 848 1519 vocanturiii
859 1484 1012 1513 rationibus
1024 1507 1032 1519 ,
1054 1493 1123 1527 quos
1139 1491 1219 1512 nunc

112 1527 250 1558 Articulos
263 1527 411 1557 &partitas
421 1526 550 1556 dicimus.
596 1525 630 1555 Et
639 1524 801 1557 sciendum,
819 1523 848 1552 in
863 1522 914 1552 hac
932 1522 1130 1559 fignificatione
1149 1521 1216 1557 dici,

111 1565 393 1604 Acceptumreferre,
415 1575 475 1595 non
485 1571 580 1594 autem
591 1564 661 1593 ferre
673 1572 679 1592 :
702 1561 809 1596 rursus,
832 1560 991 1598 Expensuni
1001 1560 1070 1589 ferre
1081 1578 1087 1586 ·
1106 1569 1165 1588 non
1176 1557 1218 1589 re-'

111 1603 190 1633 ferre.
214 1603 272 1633 Cic.
283 1613 334 1641 pro
346 1603 448 1633 Caecin.
465 1612 505 1639 17.
527 1602 587 1631 Hac
600 1601 744 1639 emptione
754 1600 825 1630 facta
837 1621 845 1634 ,
870 1599 991 1636 pecunia
1007 1597 1120 1627 solvitur
1139 1607 1154 1626 a
1165 1597 1217 1627 Ce-

111 1641 223 1675 sennia:
246 1642 325 1677 cujus
332 1641 371 1670 rei
380 1647 461 1679 putat
471 1640 518 1669 iste
530 1640 666 1670 rationem
676 1638 756 1668 reddi
767 1647 825 1666 non
833 1636 909 1674 posse
921 1658 929 1671 ,
955 1636 1031 1674 quod
1045 1634 1100 1674 ipse
1110 1635 1217 1664 tabulas

113 1679 260 1715 averterit,
284 1679 311 1708 se
332 1684 426 1708 autem
444 1678 546 1708 habere
563 1677 710 1715 argentarii
729 1675 853 1709 tabulas,
871 1675 900 1703 in
915 1675 1015 1711 quibus
1032 1673 1080 1702 sibi
1098 1683 1133 1702 ex
1155 1673 1219 1702 ensa

112 1716 352 1761 pecunialatafit,
373 1723 542 1754 acceptaque
552 1715 653 1745 relata:
676 1714 750 1752 quasi
760 1712 876 1742 idiiliter
886 1712 943 1741 fieri
953 1712 1115 1750 oportuerit.
1134 1684 1218 1740 kidem

111 1765 143 1785 in
153 1755 226 1785 Verr.
244 1755 357 1793 Propter
393 1755 450 1784 uod
468 1755 560 1783 minus
577 1752 724 1783 Dolabella
738 1751 815 1781 Verri
832 1757 980 1788 acceptum
998 1749 1111 1785 retulit,
1134 1759 1219 1786 quarn

112 1793 209 1822 Verres
228 1792 269 1822 illi
285 1803 378 1830 expen
391 1803 438 1822 uni
458 1793 531 1822 tulit.

92 1830 126 1865 In
138 1838 285 1870 acceptum
297 1831 360 1861 ferri
375 1831 475 1860 dicitur
491 1839 562 1868 opus
570 1828 716 1868 publicum
727 1850 735 1864 ,
763 1837 829 1857 cum
839 1826 1017 1863 magistratus
1037 1835 1108 1863 opus
1118 1847 1124 1859 ,
1145 1824 1222 1861 quod

112 1868 237 1902 locatum
253 1869 300 1904 est,
311 1876 444 1907 tanquam
456 1868 562 1905 exlege
582 1867 656 1897 dista
672 1867 787 1902 factum,
806 1864 923 1905 probare
935 1864 961 1894 se
971 1864 1090 1899 testatur.
1109 1862 1127 1892 l.
1137 1863 1184 1893 vii.
1198 1863 1218 1900 §.

112 1906 194 1936 illud.
215 1907 249 1936 D.
263 1907 298 1938 ad
316 1907 334 1936 l.
352 1906 407 1943 Jul.
428 1905 575 1945 repetund.

94 1944 129 1976 In
139 1952 286 1983 acceptum
296 1945 405 1974 referre.
428 1944 486 1974 Cic.
500 1954 523 1980 3.
546 1944 620 1973 Verr.
639 1953 699 1979 149.
725 1941 817 1976 Primo
829 1940 948 1978 negabat
957 1949 1027 1978 opus
1037 1940 1222 1977 inacceptum

114 1984 215 2013 referre
225 1983 310 2021 posse.
332 1983 389 2015 Ter
405 1982 511 2013 ibidem
529 1981 697 2019 usurpatum.

96 2021 249 2059 Acceptum
262 2021 361 2051 referre
368 2020 498 2050 translate
507 2020 609 2049 dicitur
617 2019 652 2048 de
662 2017 793 2048 omnibus
805 2026 865 2054 quae
877 2015 959 2045 alicui
971 2015 1108 2045 debemus
1123 2037 1131 2050 ,
1151 2024 1224 2052 qute-

114 2069 169 2097 que
178 2059 294 2094 alicujus
304 2069 368 2097 ope,
381 2065 429 2088 aut
436 2069 487 2097 per
496 2057 616 2095 aliquem
627 2056 763 2087 habemus
778 2066 786 2091 ;
808 2057 834 2085 St
850 2061 905 2084 tam
922 2055 950 2083 in
961 2054 1065 2084 bonam
1075 2063 1157 2091 quam
1168 2062 1225 2081 ma-

113 2097 285 2136 ‚lampartcm
295 2097 440 2135 accipitur.
462 2097 519 2126 Cic.
534 2106 584 2134 pro
599 2095 690 2125 Deiot.
707 2100 751 2130 38.
797 2093 887 2122 Vitam
906 2098 1050 2130 acceptam
1069 2092 1153 2121 refert
1170 2090 1226 2119 cle-

114 2136 227 2167 mentiae
237 2141 301 2164 tuae.
341 2134 421 2165 Idem
430 2135 483 2165 Att.
495 2135 544 2164 lib.
559 2144 579 2163 1.
596 2145 619 2169 9·
645 2133 683 2163 Ut
692 2133 729 2162 ita
737 2132 861 2166 diceret,
882 2130 908 2160 se
927 2130 1003 2168 quod
1016 2128 1082 2159 esset
1098 2129 1223 2164 Senator,

116 2173 269 2211 quodcivis
279 2195 287 2209 ,
307 2173 384 2213 quod
399 2172 469 2202 liber
481 2195 489 2207 ,
509 2172 585 2214 quod
596 2172 700 2201 viveret
714 2193 721 2205 ,
745 2169 815 2199 mihi·
826 2175 974 2206 acceptum
992 2169 1101 2197 referre.
1143 2166 1223 2196 Idem

116 2221 144 2246 2,
155 2211 274 2250 Philipp.
290 2222 333 2247 55.
356 2211 461 2241 Omnia
470 2211 592 2247 denique
605 2219 665 2247 quae
673 2209 794 2239 vidimus
813 2207 899 2244 (quid
911 2213 1004 2236 autem
1016 2205 1081 2234 mali
1090 2214 1148 2234 non
1155 2205 1226 2233 vidi-

115 2252 222 2282 musN
244 2250 346 2279 sirecte
355 2248 600 2283 ratiocinabimur,
626 2248 675 2282 uni
690 2252 805 2284 accepta
813 2246 963 2275 referemus
974 2244 1103 2274 Antonio.
1125 2243 1158 2272 Id
1177 2243 1224 2277 est,

117 2287 255 2317 Omnium
266 2286 403 2317 malorum
415 2297 476 2324 quae
485 2287 605 2315 vidimus
616 2308 624 2321 ,
644 2285 735 2315 solum
744 2284 898 2314 Antonium
914 2282 1061 2317 authorem
1071 2281 1151 2311 fuiss'e
1169 2281 1227 2310 exi-

116 2325 294 2355 stimabimus.
317 2325 401 2362 Quasi
411 2325 504 2360 dicat,
526 2323 648 2355 Antonio
673 2322 884 2361 imputabimus.

98 2363 250 2403 Acceptam
266 2363 357 2393 facere
378 2362 563 2402 sponsionem.
591 2361 650 2391 Cic.
672 2372 696 2398 ς.
732 2360 807 2390 Verr.
833 2358 1007 2390 Scandilium
1026 2357 1111 2395 cogis.
1135 2357 1226 2395 quid‘)

117 2401 297 2441 sponlionem
306 2408 451 2440 acceptam
465 2401 555 2430 facete
564 2401 578 2429 ²?
1062 2398 1068 2401 “

99 2440 222 2479 Accepto
231 2440 348 2469 liberare
361 2462 369 2476 ,
392 2439 437 2469 Est
448 2439 556 2477 accepti
575 2437 720 2475 rogatione
729 2436 865 2471 liberare,
885 2436 1004 2471 cumei,
1025 2434 1072 2471 qui
1081 2433 1227 2471 stipulatus

119 2479 158 2550 pst
165 2501 173 2517 ,
188 2488 231 2556 §an
241 2478 272 2507 id
270 2477 497 2546 §luodergmlixiit
505 2482 654 2515 acceptum
664 2476 785 2505 creditor
795 2474 903 2510 habeat,
921 2473 1104 2512 respondetur
1114 2473 1227 2507 habere.

134 2523 177 2553 .8.
203 2540 208 2546 .
224 2526 245 2546 1.
308 2525 331 2552 3.
365 2539 388 2551 ,.
420 2526 436 2545 e
471 2523 519 2545 cce
541 2522 560 2544 t.

64 2556 254 2589 Accam-us
275 2553 402 2590 [zecue-³,
419 2525 561 2589 ὶπιχᾳςὲ]
578 2552 691 2581 Nomen
710 2561 745 2581 ex
755 2550 852 2580 Partic.
870 2549 972 2578 dicitur
982 2549 1012 2578 id
1028 2548 1115 2585 Quod
1145 2547 1227 2583 lacet,

101 2594 155 2624 sive
166 2592 243 2630 quod
251 2591 418 2628 jucundum,
433 2597 481 2621 aut
489 2597 597 2628 gratum
604 2590 650 2619 est.
663 2589 728 2620 Caes.
744 2599 767 2618 1.
780 2588 847 2618 Bell.
858 2586 927 2618 Gall.
939 2597 967 2626 p.
982 2597 1008 2625 7.
1029 2586 1103 2621 Edit.
1124 2558 1227 2625 Delph.

102 2631 227 2662 Maxime
236 2629 314 2669 plebi
324 2636 456 2668 acceptus
465 2635 531 2658 erat.

102 2670 258 2707 Acceptum
268 2667 378 2698 habere.
414 2667 472 2697 Cic.
487 2678 510 2703 ς.
524 2666 607 2697 Tusc.
618 2676 665 2703 45.
698 2664 785 2702 Quod
795 2673 862 2694 vero
882 2662 1060 2701 approbaris,
1080 2662 1111 2692 id
1121 2667 1230 2700 gratum

120 2712 323 2745 acceptumque
338 2705 510 2735 habendum.

101 2747 257 2812 ,Acceptursp
266 2744 370 2778 animo.
391 2743 577 2777 Plaut.Merc.
594 2752 617 2779 3,
630 2752 657 2778 4.
671 2751 715 2779 70.
748 2741 776 2771 Si
792 2740 822 2776 id
834 2740 905 2774 forte
923 2740 961 2769 ita
979 2739 1019 2768 sat
1035 2739 1128 2769 animo
1154 2749 1233 2769 acce-

143 2789 227 2812 tume
252 2805 258 2812 .

104 2794 251 2859 Aigceptior
263 2820 340 2859 plebi
351 2820 449 2850 oratio.
471 2819 528 2849 Liv.
542 2828 566 2855 3.
580 2817 614 2847 ab
622 2817 707 2850 Urbe.
730 2816 788 2846 Cic.
802 2817 831 2846 in
844 2816 940 2851 Somn.
954 2815 1027 2853 Scip.
1036 2826 1064 2852 4.
1100 2814 1181 2846 Nihil
1194 2815 1233 2845 est

122 2859 199 2890 enim
217 2858 257 2888 illi
273 2859 391 2897 principi
407 2858 462 2887 deo
477 2857 619 2895 acceptius
630 2879 638 2892 ,
678 2865 742 2885 uam
753 2856 805 2889 ἃς.
1045 2855 1048 2857 ’

105 2896 339 2934 ,Acceptissimusa
362 2897 435 2926 udte
444 2895 544 2925 servus.
564 2894 650 2924 Plaut.
686 2899 742 2932 apt.
755 2903 778 2930 3.
794 2904 817 2928 ς.
832 2895 873 2928 5⁶·
896 2891 955 2921 Cic.
973 2892 1129 2929 Antequam
1139 2892 1192 2921 iret
1203 2891 1233 2920 in

122 2934 188 2965 exil.
208 2935 250 2968 Sit
266 2935 289 2964 is
299 2945 332 2964 ve
346 2935 392 2968 *ris
408 2934 508 2963 animis
525 2931 729 2970 acceptissimus
740 2953 748 2966 ,
770 2932 817 2968 qui
838 2931 889 2960 Sec.

103 2972 408 3011 Acceptuminvulgus.
431 2972 494 3001 Hoc
505 2972 552 3006 est,
582 2971 697 3000 Gratum
707 2968 800 3006 vulgo.
832 2968 923 2997 Tacit.
936 2967 984 2997 lib.
1000 2978 1024 3001 ς.

67 3014 251 3047 Accepso,
273 3010 305 3039 is.
330 3010 366 3040 de
383 3020 438 3053 quo
455 3009 491 3039 sie
512 3009 622 3039 Nonius
645 3018 672 3038 2.
698 3018 740 3044 51.
774 3006 913 3044 Accepso,
944 3006 1068 3043 Accipio.
1097 3004 1233 3034 Pacuvius

105 3049 218 3081 Teucro
232 3071 241 3085 ‚
269 3047 354 3078 Haud
385 3050 472 3078 sinam
497 3047 648 3085 quicquam
666 3045 787 3085 profari,
821 3045 897 3082 prius
922 3053 1005 3082 quam
1023 3042 1138 3081 accepso
1158 3042 1235 3081 quod

127 3093 183 3119 eto.
574 3089 577 3090 ⁷
666 3089 670 3090 ⁷

67 3098 140 3161 Age
150 3133 250 3160 izi’To,
261 3127 315 3154 are.
340 3123 534 3162 frequentativ.
547 3121 582 3151 ab
594 3123 708 3161 Accipio
718 3144 727 3158 ‚
748 3121 882 3160 fignificat
896 3120 1029 3157 Accipere
1038 3117 1124 3148 soleo.
1145 3116 1231 3147 Plaut.

113 3162 210 3195 Pseud.
221 3171 247 3192 2.
273 3172 299 3192 2.
320 3172 364 3199 32.
386 3164 540 3199 Argentum
560 3167 688 3199 accepto.
768 3161 772 3164 ⁷
963 3162 967 3163 ⁷

111 3203 263 3239 Acceptare
275 3201 381 3238 iugum.
404 3199 452 3229 Sil.
465 3199 524 3229 Ital.
539 3197 587 3228 lib.
610 3208 635 3236 7.
655 3208 701 3235 40.

199 3238 349 3268 Veientum
364 3236 464 3276 populi
480 3236 584 3267 violata
604 3246 674 3274 pace
695 3235 836 3273 negabant

126 3315 152 3348 R
196 3277 349 3315 Acceptare
364 3277 471 3314 jugum.
567 3274 601 3305 Id
617 3274 672 3310 est,
691 3274 825 3312 Accipere
845 3271 1022 3307 servitutem,
1051 3269 1187 3306 subjicere
1209 3268 1236 3299 se

154 3325 210 3345 om.

71 3354 279 3389 Acciti’Tio,
304 3351 429 3382 Verbale.
454 3348 579 3387 [λῆψις]
607 3351 689 3380 Actus
706 3349 764 3388 ipse
788 3347 954 3386 accipiendi.
1002 3345 1061 3375 Cic.
1086 3346 1116 3375 in
1133 3345 1235 3383 Topic.

123 3402 156 3436 .7·.
175 3391 250 3458 Nais
268 3399 361 3428 neque
373 3389 566 3424 deditionem,
587 3398 679 3426 neque
701 3388 885 3419 donationem
903 3385 959 3415 fine
975 3384 1140 3423 acceptione
1157 3382 1240 3413 intel-

122 3440 129 3459 i
150 3440 158 3458 i
200 3439 217 3458 o
241 3439 264 3458 e.

107 3439 242 3506 A<g3cegtio
264 3466 405 3496 veteribus
435 3464 609 3503 Philosophis
639 3464 677 3494 est
693 3463 863 3502 Propositio,
888 3471 949 3499 quae
968 3459 1133 3490 conceditur
1152 3469 1168 3488 a
1184 3458 1239 3488 Re-

125 3505 282 3543 spondente
292 3514 328 3534 ex
336 3505 485 3542 quaestione
496 3502 644 3541 proposita,
662 3512 688 3531 v.
704 3512 729 3539 g.
763 3502 843 3532 Estne
855 3509 939 3530 omne
952 3498 1098 3528 honesturn
1108 3497 1216 3526 bonum
1224 3497 1238 3526 ²?

126 3543 280 3614 P¹⁰ss⁰ffi⁰
288 3542 328 3609 gili
341 3552 347 3571 z
369 3548 398 3571 at
416 3551 500 3571 omne
510 3540 656 3570 honestum
670 3540 709 3569 est
724 3540 831 3569 bonum
841 3561 849 3575 ,
875 3538 913 3572 est
923 3536 1066 3575 Acceptio.
1096 3535 1127 3570 V.
1154 3534 1235 3573 Apul.

147 3604 153 3611 .
203 3591 219 3610 O
264 3604 270 3610 .
320 3587 355 3610 at.
399 3603 405 3610 .
465 3602 471 3608 .

107 3590 242 3659 A³cceptio
257 3619 334 3648 vocis
353 3590 395 3647 est³
407 3589 602 3655 Iiit4erpretatio
622 3625 658 3648 ex
681 3620 776 3644 mente
793 3615 853 3650 ejus
873 3613 921 3651 qui
939 3612 1052 3650 excipit.
1096 3609 1139 3641 Ita
1162 3610 1240 3640 Sicu-

126 3657 170 3724 lsus
200 3667 229 3695 p.
253 3662 295 3691 18.
328 3665 364 3690 ex
383 3655 458 3689 Edit.
491 3654 584 3688 Goesii.
634 3653 821 3691 Acceptiones
845 3652 876 3681 in
905 3651 1038 3686 centuriis
1066 3649 1240 3688 explicandaej

139 3698 206 3727 unts
1100 3692 1105 3693 ⁷

118 3733 252 3771 Acceptio
277 3732 458 3766 Personarum
481 3740 517 3760 an
538 3729 636 3760 Latine
658 3729 714 3763 dici
728 3728 832 3767 poss'it,
855 3723 1057 3758 ωσωπυληψιόι
1069 3724 1241 3764 disputatum

127 3771 168 3802 ,est
187 3770 344 3808 aliquando.
366 3769 398 3803 V,
430 3768 568 3798 Guntheri
585 3767 642 3801 Lat.
655 3767 727 3798 Rest.
746 3777 774 3805 p.
794 3776 859 3803 440.
883 3764 997 3794 Veteres
1014 3763 1108 3802 potIus
1125 3763 1239 3802 dixere,

128 3808 284 3843 Discrimen
301 3814 350 3842 aut
363 3806 566 3845 contemplatio
584 3805 771 3844 personarum.

71 3847 280 3882 AccanOR,
300 3856 338 3875 m.
363 3845 504 3882 [ambe]
524 3844 611 3874 Plaut.
636 3843 764 3873 Trinum.
782 3851 843 3871 1.2.
858 3844 918 3877 167.
947 3840 1005 3876 Qui
1030 3839 1242 3869 illorumverbis

128 3884 200 3918 falsis
209 3890 340 3922 acceptor
349 3883 400 3912 fui.
422 3882 486 3913 Hoc
495 3882 543 3919 est,
558 3882 617 3919 Qui
625 3880 743 3911 assensus
753 3880 813 3909 sum
822 3878 867 3908 vel
880 3878 997 3907 credidi.
1026 3876 1144 3908 Hieron.
1155 3877 1238 3915 Epist.

131 3928 175 3959 89.
188 3931 249 3959 cap.
270 3931 296 3953 2.
318 3923 345 3952 ἃ
357 3920 438 3963 Vulg.
455 3921 514 3955 Act.
530 3930 572 3950 10.
585 3929 630 3962 34.
666 3919 803 3962 Acceptor
820 3916 1008 3957 personarum.
1040 3915 1086 3950 Gr.
1108 3922 1241 3947 waram.-

126 3962 228 3993 λᾴπτης.

467 4018 480 4033 l

1688 122 1962 163 ACC
2352 138 2394 177 311.

1244 204 1264 231 A
1272 211 1288 230 c
1299 211 1315 230 c
1324 211 1338 230 r.
1347 212 1359 229 ι’
1367 212 1385 230 T
1394 212 1408 230 iz
1416 206 1428 231 ῑ
1437 212 1453 231 c
1463 213 1479 232 A
1491 225 1499 237 ,
1520 212 1549 231 m.
1563 202 1713 240 [λνῖπτςιω]
1731 204 1878 232 formatum
1889 204 1998 232 videtur
2008 212 2023 231 a
2035 203 2138 232 verbali
2150 204 2303 242 Acceptrix.
2311 205 2397 237 Plaut.

1284 239 1398 282 'l'rucul
1412 250 1475 282 2.ss
1491 246 1529 271 ¹8.
1547 241 1656 269 Nomen
1668 242 1705 269 est
1717 241 1835 270 insolens
1851 244 1876 270 ὁὶ
1890 241 2055 270 inulitatum.
2071 242 2120 270 Alii
2132 241 2227 278 legunt
2239 244 2400 280 Acccptrici,

1282 287 1298 305 a
1309 287 1479 306 nominativo
1494 279 1647 315 iicet-latrix.

1248 315 1319 348 Ace
1331 324 1343 342 r,
1353 324 1365 341 i»
1379 325 1391 342 s
1404 326 1434 342 ιι,
1444 326 1459 343 Λ
1469 326 1486 343 vs
1497 327 1502 342 i
1513 326 1539 349 ο,
1559 317 1627 344 (mis,
1654 316 1671 345 f,
1689 315 1817 351 [dn-2713]
1857 316 1914 344 uod
1927 315 1959 343 ab
1970 316 2136 352 Acceptum,
2157 318 2183 345 ὁὶ
2195 316 2293 353 supino
2304 318 2402 350 Latum

1285 351 1421 393 derivatur
1437 362 1443 380 t
1465 353 1501 380 cit
1519 361 1610 382 nutem
1625 350 1804 391 Acceptilatio
1817 375 1825 387 ,
1859 353 1983 381 ibt-ratio
2001 355 2061 387 ejus
2079 353 2254 390 obligationis
2277 365 2336 391 quie
2356 367 2404 394 per

1288 389 1696 431 itiiitiliitiiineiiicontractae-st.
1743 391 1890 420 Modestin.
1903 390 1919 419 l.
1937 401 1957 420 i.
1980 389 2013 419 D.
2030 391 2064 419 de
2074 391 2199 428 zuccepril.
2214 392 2394 430 Acceptilatio

1290 426 1328 453 est
1338 425 1462 454 liberatio
1475 437 1521 467 per
1531 438 1653 470 mutuam
1675 429 1917 465 interrogationem
1930 451 1937 462 ,
1975 438 2028 465 qua
2042 429 2148 464 utrique
2163 430 2300 466 contingit
2317 431 2349 459 zib
2361 417 2407 460 eoi

1290 463 1356 505 dem
1371 464 1594 505 nexiiubioiutio.
1619 466 1679 505 Ulp.
1693 468 1758 495 ibid.
1785 468 1937 503 Acceptum
1949 466 2005 494 lieri
2017 475 2072 495 non
2083 467 2180 502 potest,
2194 467 2241 495 nili
2259 478 2268 494 r
2279 468 2334 496 uod
2350 479 2408 498 ver-

1291 499 1336 545 bis
1348 500 1553 542 obligatunrelt.
1577 504 1755 544 Arcceptilssio
1769 505 1842 533 enim
1863 505 2008 533 verborum
2028 503 2225 540 obligationem
2238 479 2328 537 tollit.
2347 508 2410 543 quia

1293 539 1319 566 ἁ
1330 537 1484 574 ipsaverbis
1494 539 1541 567 ht:
1574 540 1670 576 Neque
1680 544 1753 570 enim
1765 543 1851 579 potest
1868 542 1957 570 verbis
1973 540 2031 570 tolli
2044 563 2051 575 ,
2068 542 2143 577 quod
2156 551 2211 570 non
2236 543 2324 571 verbis
2343 554 2409 573 cori-

1293 577 1411 617 tractum
1422 575 1476 603 est:
1500 583 1557 604 tota
1566 587 1607 605 res
1617 580 1781 607 manifestior
1795 581 1840 609 liet
1853 580 1905 608 lioc
1922 579 2061 616 exemplo.
2104 579 2206 608 Decem
2225 590 2321 609 aureos
2339 593 2352 610 u
2363 593 2407 612 iiie

1295 611 1438 649 stipulatus
1450 622 1488 647 ες,
1499 613 1566 647 <hoc
1576 615 1621 649 est,
1632 617 1720 657 verbis
1730 618 1838 653 rogasti)
1862 618 1958 646 decem
1970 616 2088 655 promisi.
2132 617 2222 645 Foster
2241 617 2346 647 libcrari
2365 631 2413 648 vo-

1295 649 1382 691 19113,ἢ
1393 650 1507 692 accedo
1520 651 1554 697 ⁴:th
1574 660 1621 692 te,⁴
1640 654 1665 680 ot
1692 655 1727 681 lic
1751 655 1906 689 interrogo,
1940 655 2025 691 Quod
2046 665 2097 690 ego
2116 654 2164 683 tibi
2183 656 2291 692 promili
2307 678 2315 691 ,
2335 667 2411 686 acce-

1318 693 1347 728 to
1367 688 1420 715 icrs
1441 687 1533 728 milii?
1564 688 1743 731 lielpondes,
1768 691 1840 720 Fero.
1889 692 1927 721 lta
1947 692 2032 721 solutu
2055 693 2092 721 eli
2115 692 2269 729 stipulatio:
2293 694 2344 722 lioc
2365 698 2401 724 est

1321 724 1507 767 iberiitiisluiii
1522 724 1708 768 obligatione,
1731 728 1811 756 etium
1829 729 1845 757 si
1868 739 1922 757 non
1942 730 2074 759 solverim.
2117 730 2150 758 Et
2168 730 2220 759 hoc
2233 734 2342 767 pactum
2361 719 2413 762 iiie

1298 762 1345 797 hic
1357 763 1433 804 aetus
1448 762 1553 807 'dieitur
1574 764 1772 805 Acceptilatio:
1803 776 1862 802 quar*
1878 767 2005 796 videlicet
2025 768 2129 797 constat
2147 778 2180 797 ex
2201 769 2415 799 inoerr<=znitioiie

1298 800 1485 842 prornilloris,
1508 802 1897 839 &relponlionestipulatoris.
1943 805 2027 834 Potest
2044 809 2069 835 5.-
2088 816 2120 834 ex
2141 813 2216 843 purte
2236 796 2416 840 Accciliilntio

1298 840 1359 872 heri
1370 859 1378 871 ,
1394 837 1448 865 hoc
1458 838 1542 865 modo
1555 847 1616 879 ,qex
1632 839 1753 867 nummis
1765 840 1860 868 decem
1872 862 1880 873 ,
1898 843 2022 876 qiiostibi
2035 844 2152 879 promili,
2165 856 2172 871 ι
2185 845 2287 873 uimine
2299 845 2415 874 li'ibesne

1299 875 1545 946 {pggpkosssqltem
1560 878 1605 904 iic.
1627 876 1714 912 Quod
1725 887 1775 913 ego
1785 877 1833 905 tibi
1843 879 1961 914 promisi,
1973 881 2000 908 id
2012 890 2061 916 pro
2078 890 2153 918 parte
2163 855 2278 911 dimidii
2298 883 2417 913 hams&-

1368 923 1385 950 p
1401 923 1426 941 ui
1463 936 1467 940 .

1302 950 1484 993 Acceptiliitio
1493 950 1644 993 &Apocha
1654 951 1708 980 hoc
1718 951 1859 986 differunt,
1869 954 1943 989 quod
1956 954 2169 990 Acceptil.irione
2178 957 2341 986 omnimodo
2353 958 2420 987 libe-

1321 995 1390 1016 ratio
1401 995 1548 1031 contingit,
1563 988 1630 1030 licet
1640 989 1853 1029 peciiniiissiluta
1863 1000 1919 1019 non
1932 991 1962 1020 lit
1978 1001 1984 1019 ε
2017 993 2125 1028 Apoelizi
2138 1003 2191 1021 non
2202 995 2265 1023 eilias
2309 1006 2389 1031 (iiiam
2402 997 2420 1025 si

1321 1035 1441 1093 Becunia
1456 1026 1543 1055 soluta
1554 1028 1593 1069 lit.
1624 1026 1685 1064 Ulp.
1701 1026 1716 1056 1.
1750 1028 1777 1056 Si
1790 1034 1913 1065 accepto.
1948 1028 1980 1056 D.
1996 1028 2031 1057 de
2046 1032 2156 1067 Accept.
2171 1030 2198 1058 V.
2212 1017 2358 1062 Aloisestin.
2372 1039 2418 1070 46.

1350 1086 1356 1092 .
1371 1063 1405 1092 D.
1422 1063 1457 1092 de
1471 1064 1604 1102 Acceptil.
1621 1066 1647 1094 δε
1669 1064 1738 1094 Voss.
1756 1066 1790 1094 de
1808 1065 1860 1094 Vir.
1882 1065 1908 1094 L.
1931 1065 1959 1094 L.
1976 1076 1997 1094 1.
2012 1072 2045 1100 3ss

1267 1102 1440 1144 Acetisro
1451 1111 1531 1130 Rius
1547 1124 1558 1145 1
1576 1112 1599 1137 a,
1619 1112 1675 1144 um.
1696 1110 1742 1137 ut,
1763 1104 1943 1141 Acceptorius
1961 1104 2091 1133 modulus
2103 1126 2110 1138 ,
2129 1105 2173 1140 qui
2194 1109 2344 1143 opponitur
2358 1109 2422 1138 Ero-

1306 1146 1412 1182 gatorio
1428 1160 1436 1173 ,
1453 1141 1527 1182 apud
1541 1139 1661 1181 brontin.
1677 1141 1872 1182 deliquaeduct
1887 1152 1907 1169 i.
1918 1151 1944 1178 p.
1960 1150 2021 1176 233.
2045 1142 2235 1179 Acceptori'uni
2247 1145 2319 1174 enini
2332 1157 2374 1174 vo<
2385 1154 2411 1175 at

1306 1187 1354 1243 (Ἧι
1371 1183 1458 1243 pdl'tteo
1477 1179 1618 1207 numerius
1637 1188 1736 1215 aquam
1757 1179 1860 1215 haulit,
1883 1178 2089 1216 Erogatorium,
2113 1181 2157 1216 qui
2178 1181 2206 1208 in
2220 1180 2305 1211 altum
2322 1169 2422 1214 relatu}

1307 1224 1322 1247 e
1347 1224 1384 1243 un
1408 1225 1436 1243 l.

1268 1252 1340 1288 Aee
1351 1262 1493 1282 εΡτΑτο
1505 1262 1530 1288 R,
1549 1254 1610 1283 oris.
1626 1264 1662 1283 ni.
1686 1254 1743 1290 Qui
1753 1260 1887 1291 acceptat.
1908 1253 2026 1283 Tertull.
2043 1254 2078 1283 tle
2088 1254 2114 1283 P.
2131 1264 2189 1292 ciip.
2204 1265 2229 1284 2.

1271 1292 1488 1334 Acciii'rari
1498 1300 1516 1319 0
1529 1312 1537 1325 ,
1559 1293 1628 1321 onis.
1642 1292 1661 1321 f.
1674 1291 1754 1330 Apul.
1774 1292 1809 1321 de
1819 1292 1924 1331 Syllog.
1934 1302 1962 1330 p.
1977 1298 2038 1329 382.
2069 1292 2142 1329 lluic
2162 1293 2245 1331 junge
2259 1294 2369 1325 alteram
2381 1308 2424 1326 :ic-

1309 1336 1507 1366 ceptationem.
1529 1331 1604 1358 conf.
1620 1330 1685 1359 ibid.
1699 1340 1725 1367 p.
1741 1335 1803 1366 389.

1270 1367 1342 1402 Ace
1354 1377 1367 1395 r:
1378 1376 1419 1394 PT
1429 1377 1447 1394 A
1457 1377 1470 1394 r.
1481 1368 1492 1395 i
1502 1376 1554 1396 tis
1564 1389 1572 1402 ,
1594 1369 1620 1398 ἃ
1632 1378 1655 1397 e.
1669 1368 1740 1397 Lacr.
1755 1368 1827 1406 Epit.
1844 1377 1905 1405 cap.
1925 1377 1946 1396 1.
1960 1373 2029 1396 extr.
2056 1368 2238 1405 Acceptabilis
2250 1370 2368 1400 victima.
2381 1373 2427 1401 ad-

1312 1405 1348 1433 de
1357 1403 1475 1434 Tertull.
1493 1404 1528 1440 de
1541 1405 1589 1434 Or.
1604 1416 1629 1443 7.
1652 1405 1769 1435 Salvian.
1783 1407 1818 1435 dc
1828 1405 1948 1435 Gubern.
1966 1405 2025 1434 Dei.
2046 1416 2073 1442 p.
2089 1415 2149 1442 127.

1272 1443 1346 1486 Acc
1359 1445 1581 1486 izv—*rixantem
1593 1466 1601 1479 ,
1622 1444 1639 1479 if.
1664 1453 1691 1473 n.
1708 1443 1802 1472 Herm.
1813 1443 1889 1472 Barb.
1914 1444 1942 1473 in
1957 1442 2024 1472 Plin.
2040 1453 2080 1479 ¹9·
2092 1453 2151 1483 cap.
2162 1443 2210 1474 ult.
2248 1445 2426 1476 Acctabuliim

1312 1481 1369 1510 dici
1387 1487 1442 1515 ait,
1478 1482 1550 1517 quasi
1572 1481 1812 1519 Acceptabulum3
1844 1481 2021 1518 {imiliterque
2048 1482 2189 1517 Acetaria,
2211 1482 2282 1519 quali
2302 1485 2428 1521 Accepti-

1310 1520 1359 1548 ria.
1379 1516 1520 1561 improbat
1529 1519 1600 1548 hanc
1610 1520 1773 1548 sententiam
1784 1519 1890 1550 Vossius
1901 1519 1988 1556 Etym.
2001 1529 2026 1556 p.
2043 1530 2066 1553 ς.
2080 1526 2109 1547 ut
2121 1522 2146 1549 δε
2158 1519 2281 1549 Beroald.
2299 1522 2379 1550 'soum
2403 1533 2423 1551 i.

1311 1557 1394 1587 Tliel.
1406 1557 1450 1599 Cr.
1462 1567 1488 1595 p.
1506 1562 1566 1594 306.
1590 1558 1638 1587 ubi
1656 1557 1703 1586 ille
1721 1557 1907 1595 Acceptabula
1923 1557 1999 1594 apud
2014 1556 2132 1588 Plinium
2151 1557 2236 1595 legit,
2264 1559 2301 1587 uti
2315 1562 2339 1588 ἃ
2356 1561 2429 1597 apud

1312 1595 1376 1624 Seri.
1390 1594 1471 1632 Epist.
1489 1605 1533 1630 45.
1556 1595 1602 1624 ubi
1620 1595 1769 1624 Acetabula
1784 1595 2009 1632 Praestigiatorum
2025 1594 2134 1624 caliculi
2158 1595 2202 1624 [cu
2226 1595 2330 1625 vascula
2350 1597 2426 1627 sunt:

1311 1633 1358 1662 sed
1382 1634 1408 1662 ὃς
1425 1632 1490 1662 Caes.
1508 1633 1578 1668 Scal,
1601 1635 1635 1662 de
1651 1633 1717 1663 Hist.
1733 1634 1781 1669 An,
1804 1644 1846 1669 10.
1870 1642 1893 1670 3.
1923 1629 2092 1668 κοτυληδόνας,
2120 1634 2308 1672 Acceptabula
2331 1636 2356 1664 ἃ
2375 1635 2430 1673 ipse

1313 1670 1442 1709 appellat.
1466 1671 1496 1699 V.
1517 1681 1535 1699 A
1545 1682 1561 1700 e
1570 1682 1583 1699 E
1592 1681 1612 1700 'r
1620 1682 1638 1700 A
1648 1682 1662 1699 B
1671 1682 1689 1700 u
1698 1682 1713 1699 L
1723 1681 1742 1700 u
1750 1683 1780 1700 M.

1275 1708 1421 1752 Aeetes
1433 1710 1514 1751 iro,
1547 1719 1599 1739 are.
1622 1719 1672 1747 pro
1691 1709 1822 1747 Accepto,
1850 1708 1936 1744 Plaut.
1962 1708 2037 1748 apud
2054 1708 2179 1738 Nonium
2194 1718 2219 1738 2.
2242 1714 2303 1745 508.
2325 1710 2432 1749 Stipen-

1314 1748 1393 1776 dium
1409 1747 1584 1784 acceptitfisti.
1625 1752 1628 1753 ⁷

1275 1786 1381 1819 Acci,
1403 1784 1474 1813 Urbs
1488 1785 1626 1822 llispaniae
1636 1784 1786 1815 Ptolemaeo
1801 1807 1808 1818 ,
1831 1784 1891 1813 Adi
1909 1784 1977 1813 olim
1988 1784 2061 1813 dit-“ta
2071 1806 2079 1819 ,
2103 1783 2188 1814 hodie
2202 1786 2312 1814 Guadix.

1276 1824 1491 1857 AcciPi'rEii,
1512 1824 1577 1857 tris,
1594 1833 1630 1852 m.
1651 1823 1760 1860 [tegni]
1780 1822 1851 1857 Virq.
1869 1832 1908 1850 11.
1932 1822 1993 1851 AEn.
2008 1831 2071 1853 721.

1390 1861 1483 1902 Quam
1501 1860 1581 1892 facile
1596 1861 1727 1899 accipiter
1740 1860 1803 1889 saxo
1818 1860 1890 1891 sacer
1907 1859 1962 1889 ales
1981 1859 2015 1888 ab
2028 1859 2084 1893 alto

1389 1899 1573 1935 Conlequitur
1593 1900 1692 1937 pennis
1706 1898 1851 1928 sublimem
1867 1899 1895 1926 in
1919 1897 1994 1926 nube
2017 1896 2185 1933 columbam.

1311 1937 1375 1967 Avis
1397 1936 1431 1965 ab
1454 1937 1626 1975 Accipiendo
1643 1937 1735 1971 dicta,
1758 1936 1871 1965 aliarum
1882 1936 1974 1965 avium
1983 1945 2075 1974 rapax.
2107 1934 2262 1973 Appellatio
2279 1938 2435 1968 communis

1314 1975 1353 2004 est
1368 1974 1498 2004 omnibus
1513 1975 1721 2013 propemodum
1736 1974 1831 2003 avibus
1851 1973 2004 2011 rapacibus.
2051 1973 2117 2002 Plin.
2145 1973 2191 2002 lib.
2215 1984 2255 2002 10.
2276 1984 2335 2011 cap.
2354 1980 2378 2008 8.
2399 1976 2434 2005 de

1315 2013 1509 2079 Accipitqbnus.
1531 2013 1614 2048 Ther.
1628 2012 1736 2042 Pliorni.
1750 2022 1775 2048 2.
1791 2022 1811 2041 1.
1830 2016 1871 2048 16.
1920 2012 1987 2048 Non
2008 2017 2065 2041 rete
2082 2011 2206 2050 accipitri
2225 2012 2367 2048 tenditur,
2387 2023 2434 2046 ne,

1318 2061 1372 2089 que
1396 2060 1501 2085 nii-vio.

1315 2089 1454 2126 Accipiter
1473 2088 1542 2118 nulli
1563 2089 1605 2118 avi
1623 2087 1684 2117 satis
1696 2098 1797 2125 aequus.
1827 2087 1910 2117 Ovid.
1926 2097 1968 2116 11.
1985 2086 2053 2117 Met.
2071 2096 2132 2123 344.

1315 2127 1484 2164 Accipitrem
1503 2128 1623 2165 pingunt
1636 2126 1780 2164 ffitliiopes
1793 2149 1801 2160 ,
1821 2125 1892 2154 Rem
1910 2126 1966 2154 ciro
1979 2125 2077 2154 factam
2095 2124 2284 2161 ligtnificaturi:
2307 2125 2438 2162 quoniam

1317 2165 1377 2194 haec
1387 2164 1500 2196 aliarum
1512 2166 1598 2194 ferme
1607 2165 1735 2193 omnium
1746 2165 1801 2193 avis
1813 2164 1843 2193 sit
1852 2162 2030 2194 velocilsima.
2053 2163 2168 2192 Diodor.
2180 2163 2228 2194 lib.
2238 2174 2264 2199 4.
2274 2173 2333 2201 cap.
2351 2174 2375 2193 1.
2430 2159 2435 2163 ’

1321 2203 1462 2242 Accipiter
1475 2226 1483 2238 ,
1503 2203 1520 2232 s.
1535 2203 1643 2232 Lucret.
1657 2202 1704 2231 lib.
1718 2213 1743 2237 4.
1762 2211 1840 2237 1003.
2368 2197 2372 2200 ’

1391 2242 1542 2279 ‘Accipitres
1563 2240 1660 2269 somno
1680 2240 1709 2268 in
1728 2239 1802 2275 leni,
1825 2240 1861 2268 sic
1880 2239 1974 2276 praelia
1990 2248 2152 2277 pugnasque

1392 2279 1482 2309 Edere
1500 2279 1561 2308 sunt
1577 2278 1778 2316 persectantes,
1798 2277 1915 2314 visaeque
1935 2276 2070 2306 volantes.

1315 2317 1455 2355 Accipiter
1482 2318 1683 2358 pecuniarum,
1718 2326 1768 2354 per
1786 2316 1908 2354 metaph.
1930 2325 1981 2353 pro
1997 2315 2119 2352 Homine
2137 2316 2236 2354 rapaci.
2259 2313 2345 2351 Plaut.
2370 2314 2438 2344 Pers.

1282 2394 1551 2438 Accrr’mRINA,
1565 2404 1596 2423 ae.
1610 2393 1628 2423 f.
1651 2391 1753 2429 Herba.
1775 2391 1855 2430 Apul.
1866 2401 1925 2430 cap.
1943 2400 1985 2429 30.
2008 2390 2128 2420 Lat‘tuca
2136 2390 2281 2429 sylvatica,
2303 2390 2362 2419 aliis
2377 2390 2443 2420 Hie-

1318 2441 1433 2461 racium.
2150 2434 2153 2437 “

1284 2471 1504 2504 AceiPiTRo,
1521 2473 1575 2499 are.
1595 2468 1675 2504 Idem
1685 2467 1899 2507 significatquod
1915 2466 2054 2496 Lacerare.
2077 2466 2199 2496 Verbum
2209 2465 2374 2503 obsoletum,
2395 2467 2442 2496 sed

1320 2518 1376 2547 quo
1386 2507 1449 2537 usus
1458 2508 1495 2537 est
1505 2507 1625 2536 Naevius.
1652 2507 1785 2536 Meminit
1802 2505 1871 2536 Cell.
1886 2505 1934 2534 lib.
1949 2516 1990 2541 19.
2009 2514 2069 2542 cap.
2087 2513 2111 2541 7.
2132 2505 2177 2533 ubi
2192 2505 2221 2534 V.
2235 2504 2359 2533 Gronov.

1284 2547 1357 2576 Ace
1368 2556 1424 2582 isi,
1445 2544 1543 2583 Populi
1557 2545 1664 2574 suntad
1674 2544 1809 2578 Maeotim,
1822 2553 1940 2581 quorum
1956 2543 2085 2572 meminit
2097 2542 2164 2572 Plin.
2181 2542 2228 2572 lib.
2243 2546 2268 2579 6.
2283 2552 2342 2580 cap.
2355 2551 2380 2579 7.

1284 2585 1357 2620 Ace
1367 2595 1376 2612 i
1386 2594 1418 2613 ss
1429 2594 1447 2612 A
1457 2594 1495 2612 RE
1516 2583 1666 2619 [οἱκκιζειν]
1686 2582 1815 2620 ineptire.
1838 2582 1934 2611 Graeco
1945 2580 2030 2610 verbo
2046 2579 2107 2610 usus
2121 2581 2168 2610 est.
2194 2581 2251 2617 Cic.
2276 2581 2329 2610 Att.
2340 2590 2364 2609 2.
2380 2590 2421 2616 19.

1321 2622 1400 2659 Quid
1420 2622 1573 2657 ἂκκιζόμεθσι
1589 2620 1719 2650 tamdiu?
1745 2620 1775 2649 V.
1789 2621 1817 2649 ln
1835 2629 1939 2648 ACCO.

1284 2661 1488 2696 AccirANA
1518 2668 1684 2688 COLONIA
1712 2658 1868 2688 recensetur
1886 2667 1902 2686 a
1919 2656 2008 2686 Plinio
2026 2657 2063 2692 in
2080 2656 2211 2694 Hispania
2237 2656 2388 2693 Citeriore,
2414 2655 2444 2684 in

1322 2704 1463 2733 conventu
1481 2696 1695 2735 Carthaginensi.
1722 2695 1791 2732 Plin.
1813 2695 1861 2731 lib.
1884 2704 1907 2733 3.
1929 2704 1989 2733 cap.
2012 2704 2036 2732 3.

1286 2737 1441 2771 AcciTo,
1463 2745 1500 2765 as.
1523 2735 1554 2764 V.
1581 2744 1706 2764 ACCio.
1886 2734 1890 2738 ’
1962 2739 1966 2740 ⁷

1286 2776 1375 2805 Acci
1386 2784 1422 2803 us
1444 2773 1596 2803 Priscus
1616 2773 1670 2802 fuit
1688 2772 1831 2810 quondam
1850 2773 1940 2809 pictor
1956 2769 2059 2806 nobilis
2070 2792 2079 2806 ,
2099 2770 2147 2807 qui
2159 2770 2279 2799 Honoris
2290 2770 2316 2798 ἃ
2333 2768 2443 2798 Virtutis

1327 2811 1572 2849 aedeslmperatori
1588 2810 1749 2849 Vespasiano
1761 2811 1880 2847 Augusto
1898 2809 2052 2846 restituenti
2072 2818 2127 2838 una
2144 2817 2207 2844 cum
2227 2806 2356 2836 Cornelio
2375 2805 2443 2834 Pino

1324 2851 1427 2889 pinxit.
1443 2850 1512 2879 Plin.
1525 2849 1573 2879 lib.
1589 2858 1631 2884 35.
1654 2859 1714 2887 cap.
1731 2859 1773 2877 10.

1287 2890 1405 2925 Accic
1416 2898 1428 2917 s
1439 2911 1446 2923 ,
1470 2888 1552 2917 Poeta
1567 2887 1780 2924 Tragoediarum
1794 2885 1909 2925 scriptor
1919 2884 2031 2923 insignis
2042 2907 2049 2920 ,
2065 2890 2145 2912 natus
2162 2882 2276 2912 traditur
2285 2881 2444 2919 parentibus

1325 2927 1464 2962 libertinis
1476 2948 1483 2961 ,
1507 2925 1642 2955 Mancino
1657 2927 1683 2955 &
1701 2925 1818 2954 Serrano
1830 2923 1900 2959 Coss,
1925 2923 1988 2959 Ejus
2003 2921 2142 2959 tragoedia:
2157 2922 2265 2950 fuerunt
2276 2919 2425 2949 clarissiniae
2436 2941 2445 2954 ‚

1326 2965 1459 3002 gravitate
1482 2963 1698 2998 sententiarum,
1727 2962 1875 2992 verborum
1904 2962 2046 2999 pondere,
2078 2961 2104 2989 δε
2128 2959 2290 2988 authoritate
2320 2957 2447 2995 persona„-

1326 3013 1397 3032 rum.
1421 3001 1540 3039 Quintil.
1563 3001 1612 3031 lib.
1634 3011 1674 3031 10.
1690 3011 1750 3039 cap.
1775 3011 1798 3029 1.
1838 3000 1910 3029 Eum
1929 3005 2022 3028 tamen
2033 3004 2065 3027 ut
2081 2995 2266 3026 duriusculum
2279 3002 2363 3024 notat.
2385 2995 2445 3023 Cic.

1326 3041 1381 3071 Att.
1404 3040 1499 3070 Sed&
1518 3039 1641 3068 Licinius
1656 3039 1776 3068 ferreum
1795 3038 1956 3076 scriptorem
1974 3035 2140 3074 appellabat,
2160 3033 2233 3071 quod
2262 3034 2329 3062 dum
2347 3040 2447 3069 tragoe-

1327 3080 1386 3109 dias
1413 3087 1449 3108 ex
1475 3077 1615 3115 Sophocle
1632 3083 1751 3106 verteret
1774 3077 1803 3105 in
1823 3075 1970 3112 Latinum,
2008 3074 2145 3110 duriorem
2170 3071 2195 3105 se
2212 3071 2373 3108 praestiterit.
2414 3071 2448 3100 ld

1327 3116 1405 3155 quod
1426 3115 1546 3153 Quintil.
1562 3116 1591 3144 in
1601 3122 1728 3153 tempora
1745 3114 1792 3144 illa
1802 3114 1900 3150 rejicit.
1939 3113 2015 3149 Quin
2030 3120 2114 3148 quum
2129 3111 2179 3145 iter
2188 3109 2328 3138 faceretin
2348 3109 2446 3144 Asiam,

1327 3155 1442 3190 divertit
1464 3154 1500 3189 ad
1517 3160 1631 3192 poetam
1647 3153 1815 3189 Pacuvium,
1856 3151 1903 3189 qui
1921 3150 2034 3180 Tarenti
2054 3147 2148 3183 agebat
2160 3169 2168 3181 ,
2197 3157 2317 3184 cunique
2336 3157 2370 3176 eo
2387 3147 2446 3180 dies

1327 3193 1435 3230 aliquot
1450 3191 1571 3227 versatus
1589 3191 1636 3221 est.
1678 3190 1750 3220 Cum
1767 3197 1859 3219 autem
1877 3188 2038 3226 tragoediam
2053 3185 2126 3214 sunm
2138 3207 2145 3217 ,
2165 3185 2208 3213 cui
2230 3185 2326 3214 Atreus
2341 3194 2445 3214 nomen

1328 3231 1383 3266 est,
1408 3230 1449 3259 illi
1465 3231 1607 3264 recitaret,
1637 3228 1761 3258 laudavit
1779 3237 1840 3257 eam
1864 3227 2012 3256 Pacuvius:
2052 3226 2077 3252 δε
2098 3222 2175 3251 limul
2196 3223 2324 3259 grandia,
2345 3223 2448 3259 inquit,

1329 3269 1463 3299 &sonora
1477 3268 1546 3304 esse,
1569 3277 1629 3305 quse
1640 3266 1674 3295 ab
1684 3267 1767 3295 Accio
1780 3266 1879 3302 scripta
1888 3265 1985 3293 forent.
2026 3261 2117 3295 Videri
2130 3260 2279 3290 tameniibi
2290 3259 2446 3290 duriuscule

1326 3308 1356 3343 §c
1371 3306 1509 3336 subacida.
1551 3305 1638 3342 Quod
1650 3305 1749 3334 Accius
1774 3304 1887 3341 quidem
1909 3301 2022 3330 mininie
2040 3299 2163 3336 negavit:
2197 3308 2249 3328 nec
2272 3298 2313 3331 se,
2338 3299 2445 3335 inquit,

1327 3345 1482 3384 poenitere:
1514 3344 1647 3381 quoniam
1665 3343 1740 3371 idem
1761 3341 1846 3371 ferme
1864 3339 1982 3376 ingeniis
2002 3335 2070 3365 solet
2090 3336 2215 3371 accidere
2227 3359 2234 3372 ,
2254 3336 2329 3374 quod
2344 3336 2444 3374 pomis.

1327 3383 1401 3420 Quae
1418 3383 1494 3411 enim
1513 3383 1580 3411 dura
1597 3380 1750 3410 admodum
1770 3381 1795 3409 S.-
1814 3377 1910 3407 acerba
1927 3375 2073 3404 nascuntur
2090 3396 2098 3409 ,
2126 3373 2257 3411 paulatim
2282 3375 2361 3410 mitia,
2376 3373 2447 3409 fiunt

1330 3422 1357 3450 ἃ
1371 3420 1503 3457 jucunda.
1546 3419 1616 3456 Quae
1634 3419 1785 3456 gignuntur
1805 3416 1891 3445 statim
1910 3414 1983 3442 vieta
2002 3414 2029 3442 Se
2046 3411 2159 3448 mollia,
2181 3422 2238 3441 non
2257 3419 2363 3441 matura
2380 3420 2447 3447 mox

1327 3458 1419 3494 fiunt,
1440 3458 1487 3488 sed
1508 3458 1606 3495 putria.
1645 3457 1758 3490 Autlior.
1772 3454 1840 3484 Gell.
1853 3453 1901 3482 lib.
1918 3461 1956 3485 1³-
1983 3460 2043 3493 cap.
2067 3460 2091 3479 2.
2124 3450 2148 3480 Is
2161 3451 2245 3479 etiam
2264 3449 2339 3486 Julio
2350 3449 2444 3478 Caesari

1329 3496 1496 3534 amplissimo
1517 3497 1542 3525 ἃ
1561 3493 1751 3524 florentissimo
1773 3493 1830 3521 viro
1853 3491 1880 3519 iii
1906 3488 2055 3525 collegium
2073 3496 2219 3525 poetarum
2237 3488 2360 3517 venienti
2376 3497 2447 3517 nun:

1328 3545 1412 3572 quam
1431 3534 1589 3567 affurrexit,
1622 3541 1679 3560 non
1694 3530 1838 3564 maiestatis
1866 3529 1925 3564 ejus
1944 3528 2091 3561 immemor
2114 3549 2121 3562 ,
2156 3525 2202 3555 sed
2227 3525 2303 3563 quod
2325 3526 2353 3553 in
2371 3534 2447 3553 coni-

1350 3573 1474 3601 aratione
1501 3570 1695 3600 communium
1714 3567 1865 3596 studiorum
1885 3565 2027 3601 aliquanto
2059 3563 2228 3602 superiorem
2256 3563 2282 3591 se
2307 3562 2360 3599 else
2382 3571 2448 3591 con-

1329 3582 1444 3640 sideret:
1488 3614 1655 3646 quapropter
1672 3605 1824 3634 insolentiae
1844 3603 1960 3632 crimine
1981 3602 2084 3632 caruit:
2114 3602 2178 3639 quia
2198 3601 2237 3629 ibi
2251 3600 2446 3635 voluminum,

1329 3658 1389 3677 non
1412 3648 1565 3685 imaginum
1580 3644 1730 3678 certamina
1749 3641 1956 3683 exercebantur.
1998 3639 2113 3669 Author.
2136 3639 2222 3668 Valer.
2243 3637 2291 3667 lib.
2307 3648 2331 3675 3.
2348 3648 2408 3675 cap.
2421 3646 2447 3679 ἓν,

1329 3686 1414 3721 Porro
1429 3686 1498 3715 tanti
1516 3693 1580 3713 eum
1598 3682 1665 3717 fecit
1689 3681 1723 3710 D.
1747 3680 1865 3714 Brutus,
1891 3680 2014 3707 lummus
2033 3678 2182 3715 imperator
2195 3699 2203 3711 ,
2224 3677 2304 3713 eique
2323 3675 2447 3705 amicilli-

1329 3734 1411 3759 mus,
1440 3730 1471 3758 ut
1491 3722 1573 3760 ipsius
1593 3718 1759 3749 carminibus
1783 3717 1958 3749 exornaverit
1974 3716 2086 3745 suorum
2105 3714 2274 3753 templorum
2293 3723 2324 3750 ac
2351 3722 2450 3743 monn,

1331 3768 1490 3792 mentorum
1510 3760 1609 3793 aditus.
1650 3756 1739 3786 Testis
1751 3755 1809 3791 Cic.
1830 3765 1881 3792 pro
1898 3754 1996 3783 Archia
2013 3763 2056 3790 27.
2097 3752 2161 3782 Erat
2179 3751 2278 3781 humili
2296 3750 2449 3780 admodum

1330 3800 1462 3835 brevique
1490 3805 1606 3834 corpore
1615 3805 1624 3830 ,ε
1646 3793 1743 3827 sedeo
1763 3792 1930 3829 dissimulato
1948 3814 1957 3827 ,
1992 3792 2106 3827 statuam
2129 3791 2159 3819 in
2177 3789 2236 3825 aede
2255 3789 2449 3824 Camoenarum

1351 3835 1483 3875 raegrandi
1498 3835 1596 3863 statura
1614 3832 1661 3861 {ibi
1700 3831 1778 3867 osuit.

1330 3848 1393 3906 Pnit
1412 3875 1438 3903 Sc
1467 3872 1501 3903 T.
1524 3872 1622 3901 Accius
1640 3870 1670 3899 Pi
1683 3869 1811 3900 aurienfis
1829 3891 1838 3906 ,
1872 3869 1953 3901 cuius
1974 3865 2141 3903 accusationi
2162 3864 2217 3898 Cic.
2239 3863 2380 3901 respo-idit
2400 3871 2454 3899 -pro

1328 3912 1480 3944 Cluentio,
1502 3911 1573 3939 inter
1591 3908 1678 3937 oiaros
1700 3914 1823 3937 oratores
1842 3906 1876 3935 ab
1896 3906 1996 3935 eodem
2013 3906 2044 3934 iri
2070 3903 2146 3933 Orat.
2168 3902 2280 3939 positus.
2317 3901 2379 3934 fuit
2397 3909 2455 3941 rur7

1324 3950 1387 3986 sum
1414 3949 1513 3979 Accius
1530 3947 1643 3977 Naevius
1657 3967 1666 3981 ,
1697 3955 1784 3983 augur
1811 3943 2026 3978 celeberrimus,
2046 3943 2107 3978 iqui
2126 3940 2197 3976 jussu
2214 3939 2361 4005 Tarquing
2373 3936 2456 3973 Prisci

2361 3984 2454 4004 oman.
