2667 4145
231 129 256 157 Ι»)

789 112 818 148 Δ

288 199 426 230 utebaris:
457 197 559 227 deinde
569 202 678 233 emptor
690 201 718 224 te
728 192 899 232 prohibuerit
911 213 917 225 ,
939 191 1005 218 licet
1015 187 1085 217 clam
1099 186 1216 230 videaris
1226 185 1265 228 ‘ab
1277 194 1310 213 eo
1327 183 1378 227 uti,

290 240 377 273 (nam
391 237 436 273 qui
454 234 610 273 prohibitus
631 235 732 267 utitur,
764 232 834 261 clani
860 229 944 258 utitur
957 228 988 257 ἱ)
1020 232 1112 254 tamen
1132 223 1309 266 interdictum
1329 222 1380 251 tibi

290 281 448 312 competere
460 275 529 302 intra
540 281 652 300 annum.
692 270 775 299 Paulo
792 268 865 306 post:
897 265 925 294 Si
942 264 1001 301 quis
1019 263 1051 305 ab
1069 263 1180 304 auctore
1191 271 1253 289 meo
1269 271 1312 303 w?
1333 265 1380 288 aut

290 313 361 341 clam
372 335 379 347 ,
405 317 450 339 aut
467 310 590 348 precario
602 308 664 337 usus
675 308 729 342 est,
759 308 832 335 recte
844 315 859 332 a
876 312 918 330 me
936 302 978 329 via
995 307 1034 329 uti
1047 299 1226 336 prohibetur,
1255 299 1280 328 8<
1299 304 1381 339 inte-r·

289 350 397 379 dictum
407 349 431 377 ei
450 347 548 376 inutile
558 347 610 375 est:
644 346 706 382 quia
725 354 739 373 a
757 354 801 372 ine
819 342 926 371 videtur
940 348 964 366 vi
978 359 985 371 ,
1015 344 1063 366 aut
1079 337 1150 365 clam
1161 359 1168 371 ,
1197 336 1239 379 vel
1256 345 1380 378 preca-rio

312 386 426 415 ollidere
436 407 443 421 ,
465 385 511 421 qui
529 383 562 412 ab
573 385 684 412 aufftore
698 391 760 410 meo
771 378 864 409 vitiose
875 375 999 413 polsidet.
1038 374 1110 403 Nam
1126 374 1258 404 &Pedius
1271 373 1378 402 lcribit:

288 398 317 453 ξί
329 425 373 459 vi,
402 429 448 452 aut
459 421 546 455 clani,
567 427 614 449 aut
624 420 746 458 precario
759 418 791 446 ab
805 426 838 445 eo
854 414 914 443 usus
926 413 974 447 sit,
1000 422 1059 441 non
1077 413 1106 441 in
1123 412 1202 448 cujus
1221 412 1313 440 locum
1328 411 1381 439 hae-

288 462 421 495 reditate,
442 459 486 488 vel
497 459 639 496 emptione
649 480 657 492 ,
679 456 767 485 aliove
780 463 833 490 quo
847 453 905 487 jure
915 449 1027 479 succeffi
1037 472 1044 485 ,
1067 450 1142 479 idem
1153 449 1206 479 esse
1218 449 1377 478 dicendum.

289 500 311 529 A
329 508 373 527 nie
393 499 435 526 via
449 498 488 526 uti
501 496 556 530 est,
578 505 642 524 cum
653 504 704 531 ego
721 492 849 521 dominus
862 489 945 518 essein
959 488 1058 523 fundi,
1078 488 1128 516 tibi
1139 487 1276 521 concelli,
1297 487 1381 515 utvia

287 537 319 565 in
332 545 395 564 meo
406 535 493 563 fundo
504 534 623 562 utereris.
663 532 702 560 Ab
716 531 825 558 auctore
846 537 928 561 mee,
958 527 1017 569 uti,
1045 535 1110 555 cum
1123 527 1217 555 auftor
1237 534 1314 553 meus
1332 524 1382 569 gui

290 574 358 602 mihi
373 573 491 601 fundum
504 570 646 603 vendidit,
666 568 714 597 tibi
726 576 786 595 eam
796 566 869 594 viani
880 564 1018 593 concessit.

270 611 311 641 Ab
326 611 410 639 altero
421 610 481 638 frui.
513 608 575 644 Ulp.
597 606 653 634 inl.
669 616 690 633 1.
713 605 741 632 in
758 604 846 641 princ.
877 602 910 631 D.
928 602 962 630 de
972 599 1175 639 superficiebus.
1213 599 1286 629 Alter
1297 599 1330 628 ab
1345 598 1382 628 al-

268 672 271 675 .
288 655 348 677 tero
359 647 495 676 fruemini.
528 646 559 674 ld
570 644 607 672 est
617 666 624 678 ,
645 643 736 671 Altero
746 641 823 670 alteri
833 640 954 669 fructum
965 639 1148 668 concedente.

269 686 310 716 Ab
327 686 419 722 aliquo
434 692 531 720 aquam
547 682 646 710 ducere
657 702 664 714 ,
692 680 720 708 id
740 680 795 714 est,
826 678 875 707 Per
893 677 1008 712 alicuius
1019 676 1138 705 fundum
1156 676 1185 704 in
1201 674 1280 704 suum
1296 673 1383 704 dedu-

289 725 364 752 ctam⁴
379 721 485 751 habere.
517 719 578 756 Ulp.
602 717 664 746 inl.
682 728 703 747 1.
725 716 896 755 §.Deinde
917 716 955 744 ait
974 715 1082 744 Praeror.
1121 713 1155 743 D.
1176 714 1210 742 de
1227 723 1296 750 aqua
1315 722 1382 749 quo-

288 761 392 789 tidiana
407 762 432 788 ot
452 758 547 787 aestiva.
585 756 631 785 Uti
646 756 737 794 priore
757 754 844 784 :estate
863 763 979 790 aquam,
1011 762 1062 789 qua
1081 751 1115 780 de
1135 751 1240 788 agitur,
1269 760 1321 779 nec
1338 750 1380 784 vi,

288 808 341 827 nec
352 797 422 826 clani
432 818 440 829 ,
469 804 519 823 nec
539 793 662 831 precario
676 793 709 822 ab
727 792 774 821 illo
790 791 888 821 duxisti
901 813 908 826 ,
933 790 1090 828 quominus
1102 790 1140 818 ita
1157 789 1240 818 ducas
1253 788 1309 817 vim
1323 787 1381 816 fieri

287 843 351 864 veto
363 857 370 869 ,
393 833 483 866 idest,
505 833 545 860 uti
557 841 604 868 per
614 831 687 860 illius
701 830 819 859 fundum
831 830 858 858 in
870 836 949 858 tuum
964 827 1072 857 duxistI.

266 871 426 901 Consimilia
440 870 522 898 etiam
540 869 602 898 sunt
617 869 757 906 sequentia
768 890 776 903 ,
801 868 841 896 Ab
856 866 947 903 aliquo
961 866 1064 895 solvere
1075 887 1083 899 ,
1112 864 1176 893 dare
1187 886 1195 899 ,
1226 873 1379 892 numerare.

288 909 345 938 Cic.
361 920 383 943 5.
400 908 453 937 Att.
467 917 510 936 21.
550 907 616 935 Nori
630 906 715 935 modo
736 916 792 934 non
810 904 950 940 recusare,
979 903 1025 932 sed
1044 904 1127 931 etiam
1140 902 1194 930 hoc
1213 902 1304 930 dicere
1317 923 1324 935 ,
1354 900 1381 929 se

286 957 301 976 a
314 956 357 975 ine
374 945 485 974 solvere.
524 945 610 981 Quod
626 945 701 973 enim
712 943 821 972 Przetori
833 943 896 971 dare
908 940 1080 970 consiiess'ent
1090 962 1097 975 ,
1119 940 1250 977 quoniam
1261 949 1312 976 ego
1323 948 1382 967 non

286 993 447 1021 acceperam
458 1005 466 1017 ,
485 982 512 1011 se
524 992 538 1011 a
549 992 594 1011 me
611 981 819 1018 quodammodo
835 981 908 1009 dare.
948 979 1009 1008 Hoc
1021 979 1075 1013 est,
1097 978 1171 1014 quasi
1182 978 1216 1006 de
1230 987 1293 1005 ineo
1304 999 1312 1012 ,
1337 976 1382 1005 vel

287 1023 323 1051 de
336 1031 398 1050 mea
408 1021 536 1059 pecunia.
574 1020 631 1049 Cic.
646 1029 670 1050 7.
688 1019 740 1048 Att.
758 1025 798 1053 18.
831 1018 922 1047 Frater
933 1016 1055 1050 laborat,
1084 1022 1115 1044 ut
1130 1015 1179 1044 tibi
1200 1015 1276 1052 quod
1288 1014 1380 1048 debet,

286 1059 321 1089 ab
342 1057 458 1096 Egnatio
478 1057 571 1087 solvat.
613 1055 713 1092 id'est,
744 1057 810 1086 Sum
831 1062 888 1084 tam
908 1054 941 1084 ab
959 1054 1074 1091 Egnatio
1092 1053 1217 1082 debitore
1235 1052 1282 1082 suo
1299 1062 1383 1090 pecu-

287 1098 363 1126 niam
386 1096 437 1125 tibi
458 1104 593 1125 numeret.
642 1095 720 1125 Idem
741 1104 791 1132 pro
820 1093 899 1122 ‘lace
917 1102 962 1127 44.
1005 1091 1023 1120 si
1044 1091 1144 1120 Praetor
1164 1091 1258 1125 dedit,
1293 1097 1324 1119 ut
1344 1090 1382 1119 est

285 1135 435 1173 scriptum,
456 1144 471 1162 a
488 1133 629 1170 Qiiaestore
642 1133 813 1161 numeravit:
846 1130 970 1166 Quaestor
986 1139 1001 1158 a
1021 1128 1114 1158 mensa
1130 1128 1258 1166 publica:
1290 1127 1383 1157 mensa

286 1179 336 1202 aut
346 1182 380 1201 ex
390 1171 516 1209 vectigali
527 1193 534 1206 ,
562 1177 609 1199 aut
624 1181 658 1199 ex
669 1170 781 1199 tributo.
822 1170 843 1197 A
858 1167 1015 1204 Qiiaestore,
1044 1166 1135 1203 inquit
1145 1188 1152 1201 ,
1182 1166 1253 1203 quali
1265 1166 1285 1195 A
1301 1166 1383 1202 Quae-

286 1211 357 1240 store
374 1216 533 1247 acceptam,
562 1208 685 1246 intellige
699 1207 855 1236 Pecuniam.
895 1205 1048 1234 Persolvere
1065 1204 1098 1233 ab
1114 1203 1215 1240 aliquo.
1254 1204 1311 1233 Cic.
1332 1213 1382 1241 pro

286 1247 379 1278 Plane.
392 1258 437 1283 42.
478 1247 564 1276 Sinite
575 1256 620 1275 nie
631 1269 638 1282 ,
670 1245 746 1283 quod
757 1244 834 1274 vobis
845 1244 930 1273 fretus
943 1242 1088 1280 huicfiepe
1104 1242 1234 1280 promisi,
1262 1241 1291 1270 id
1305 1252 1319 1270 a
1335 1251 1383 1271 vo-

288 1285 329 1316 bis
341 1287 365 1315 ei
378 1284 538 1322 persolvere.

267 1322 471 1361 Reprzesentare
485 1322 631 1359 pecuniam
649 1320 683 1349 ab
694 1320 795 1357 aliquo.
817 1323 820 1326 ’
834 1318 891 1349 Cic.
909 1328 950 1348 12.
972 1318 1025 1348 Att.
1039 1328 1082 1353 25.
1116 1316 1239 1354 Reliquae
1256 1315 1383 1354 pecuniae

286 1361 331 1391 vel
349 1361 456 1390 usuram
475 1360 542 1390 Silio
561 1359 715 1397 pendemus
727 1381 734 1393 ,
764 1359 831 1387 duni
847 1367 862 1386 a
874 1356 987 1386 Faberio
1000 1379 1007 1392 ,
1032 1355 1077 1384 vel
1091 1354 1124 1384 ab
1135 1354 1227 1392 aliquo
1239 1377 1247 1389 ,
1275 1354 1321 1390 qui
1336 1353 1384 1382 Fa-

286 1399 364 1428 berio
379 1398 477 1433 debet,
497 1396 758 1435 repraesentabimus.
799 1395 879 1431 Quali
893 1395 967 1423 dicat
977 1416 984 1429 ,
1009 1394 1095 1431 Spero
1105 1393 1162 1421 fore
1173 1414 1180 1427 ,
1201 1398 1233 1420 ut
1243 1402 1257 1420 a
1269 1391 1383 1420 Faberio

287 1438 429 1474 exigamus
445 1437 482 1464 ita
500 1436 574 1468 cito,
604 1441 635 1463 ut
656 1433 788 1471 polliinus
807 1432 874 1462 Silio
892 1431 995 1461 solvere
1013 1438 1076 1461 ante
1094 1430 1169 1460 diem
1188 1430 1382 1459 constitutam:

287 1475 393 1504 idcirco
404 1473 558 1512 pendemus
570 1471 676 1510 usuram
685 1494 693 1507 ,
714 1472 781 1500 duni
792 1470 1024 1508 repraesentemus.
1386 1475 1388 1477 ’

269 1512 451 1550 Suppeditare
465 1511 499 1540 ab
512 1510 613 1547 aliquo,
654 1510 711 1538 Cic.
732 1519 756 1538 2.
779 1515 867 1538 contr.
889 1507 963 1537 Rull.
986 1517 1029 1545 32.
1070 1506 1219 1544 Sumptum
1239 1504 1330 1534 haurit
1350 1512 1386 1533 ex

289 1551 382 1579 :erario
392 1572 399 1585 ,
420 1549 577 1587 suppeditat
588 1558 603 1576 a
612 1547 700 1577 sociis.

268 1588 290 1619 A
308 1589 396 1617 cauda
414 1587 448 1616 de
467 1596 519 1615 ovo
537 1586 620 1615 exire.
658 1584 727 1614 Plin.
750 1582 797 1613 lib.
813 1593 854 1612 10.
871 1586 913 1612 16.
954 1580 1039 1620 Hylas
1060 1581 1144 1610 tradit
1157 1582 1306 1615 noctuam,
1336 1579 1386 1608 bu-

289 1626 391 1655 bonem
401 1647 409 1660 ,
430 1625 525 1662 picum
535 1623 643 1652 arbores
654 1629 796 1652 cavantem
806 1644 814 1657 ,
841 1627 987 1658 trogonein
997 1642 1005 1654 ,
1035 1620 1176 1649 cornicem
1186 1641 1194 1653 ,
1221 1629 1237 1647 a
1248 1618 1335 1647 cauda
1350 1618 1385 1646 de

288 1674 343 1693 ovo
356 1663 449 1692 exire:
480 1662 611 1699 quoniam
626 1661 749 1698 pondere
766 1660 888 1697 capitum
905 1657 1029 1696 perversa
1044 1667 1095 1686 ova
1107 1679 1114 1692 ,
1138 1657 1316 1695 posteriorem
1327 1665 1387 1693 par-

288 1708 347 1731 tem
357 1708 505 1738 corporum
521 1699 670 1728 fovendam
682 1698 761 1727 matri
776 1697 926 1735 applicent.
967 1696 999 1725 Iri
1013 1695 1144 1724 similibus
1163 1703 1257 1723 tamen
1268 1693 1387 1722 locutio-

288 1739 370 1769 nibus
382 1738 522 1767 interdum
532 1736 709 1774 supprimitur
727 1735 900 1773 praepositio:
930 1740 961 1763 ut
972 1734 1046 1772 apud
1063 1733 1184 1762 eundem
1197 1742 1220 1769 7.
1237 1738 1262 1765 8.
1299 1731 1387 1760 Nero-

286 1787 354 1812 nem
364 1775 482 1814 pedibus
495 1775 618 1812 genitum
629 1783 726 1811 parens
739 1774 797 1807 eius
809 1772 901 1802 scribit
911 1772 1067 1809 Agrippina.
1105 1771 1171 1800 Ritu
1182 1777 1285 1799 naturae
1296 1769 1387 1806 capite

285 1814 432 1845 hominem
443 1814 516 1850 gigni
528 1822 587 1841 mos
598 1812 651 1846 est,
673 1811 791 1849 pedibus
801 1810 900 1839 efferri.
932 1810 980 1839 ubi
996 1810 1026 1838 V.
1040 1809 1123 1838 Hard.

287 1852 358 1882 Item
368 1858 488 1880 mutatur
500 1852 527 1879 in
539 1850 760 1888 praepositionem
770 1849 801 1878 In
813 1848 970 1885 aliquando.
989 1847 1057 1876 Plin.
1075 1858 1115 1875 10.
1126 1850 1170 1881 64.
1193 1844 1386 1881 Quaecunque,

287 1891 327 1919 ait
337 1911 345 1922 .
369 1889 470 1918 animal
484 1889 610 1927 pariunt,
631 1888 661 1916 in
672 1888 762 1925 capita
780 1887 913 1924 gignunt,
943 1886 1110 1914 circuinat‘to
1122 1883 1169 1913 sub
1180 1883 1295 1912 enixum
1306 1882 1386 1917 foetu,

288 1927 341 1957 alia
351 1928 381 1956 in
395 1935 474 1956 utero
488 1928 623 1964 porrecto.

269 1966 291 1997 A
302 1972 388 1994 matre
398 1965 467 2002 pulli
479 1974 485 1993 :
515 1965 544 1992 id
556 1964 611 1998 est,
631 1963 768 1992 Recentes
780 1972 794 1991 a
805 1961 873 1990 nido
887 1961 1005 1999 accepti.
1037 1958 1175 1989 Columel.
1187 1958 1235 1988 lib.
1247 1964 1272 1992 8.
1287 1968 1346 1996 cap.
1361 1969 1384 1994 5.

290 2004 311 2032 A
321 2010 407 2032 mati-e
420 2002 487 2040 pulli
499 2012 556 2030 non
571 2002 677 2038 exiguis
688 2001 783 2038 pretiis
795 2006 926 2029 veneunt.

240 2053 249 2070 .-
269 2041 417 2078 Elephanti
434 2050 521 2077 nuper
535 2050 549 2068 a
560 2039 639 2076 sylva.
678 2038 748 2068 Flor.
761 2049 787 2074 4.
801 2048 826 2067 2.
864 2036 1011 2074 Elephanti
1021 2034 1159 2065 bellorum
1168 2033 1250 2063 rudes
1262 2034 1288 2063 Sc
1298 2043 1387 2071 nuper

291 2078 405 2116 asylva,
427 2077 591 2107 consternati
601 2076 690 2105 subito
704 2075 847 2113 clangore,
871 2076 922 2104 &a

270 2116 403 2147 Alenone
416 2125 500 2144 manu
515 2114 636 2143 afferere.
677 2113 762 2143 Plaut.
778 2113 846 2142 Pers.
862 2124 883 2141 1.
900 2122 923 2148 3.
944 2118 988 2148 83.
1031 2110 1173 2140 Continuo
1188 2116 1219 2139 tu
1236 2108 1311 2138 illam
1324 2118 1339 2137 a
1350 2108 1388 2137 le-

289 2164 365 2183 none
376 2153 483 2182 asl'erito
496 2163 589 2181 manu.
629 2152 725 2181 Sermo
743 2152 780 2181 est
795 2150 920 2180 concisus
931 2172 938 2185 ‚
960 2158 1010 2188 pro
1021 2159 1054 2178 eo
1070 2149 1145 2186 quod
1159 2148 1197 2177 est
1207 2170 1214 2183 ,
1246 2150 1267 2176 A
1277 2147 1387 2176 lenonis

289 2191 452 2229 poss'efsione
465 2190 510 2219 vel
521 2190 656 2219 dominio.

269 2230 311 2261 Ab
332 2229 412 2258 exule
432 2238 518 2271 prope
540 2227 601 2256 eise.
638 2227 728 2257 Tacit.
750 2237 772 2256 1.
794 2226 861 2256 Hist.
882 2236 924 2255 10.
964 2224 1086 2254 Licinius
1101 2223 1262 2258 Mutianus,
1292 2223 1333 2252 vir
1351 2221 1389 2251 se-

290 2267 390 2297 cundis
400 2267 570 2302 adverlisque
583 2266 661 2301 juxta
678 2264 796 2294 famosus
806 2287 813 2299 ,
845 2263 967 2302 suspecta
983 2262 1091 2292 Claudii
1101 2262 1243 2290 iracundia
1259 2261 1288 2289 in
1304 2260 1389 2289 secre-

289 2312 351 2334 tum
362 2304 426 2334 Aiize
436 2303 568 2342 repolitus
576 2325 584 2338 ,
604 2309 660 2332 tain
671 2313 757 2342 prope
768 2302 802 2331 ab
813 2302 894 2331 exule
904 2301 973 2336 fuit,
994 2309 1075 2337 quam
1086 2299 1179 2336 postea
1190 2309 1205 2327 a
1216 2299 1351 2336 principe.

272 2344 294 2374 A
305 2341 483 2375 contumelia,
500 2351 582 2378 quam
593 2341 699 2370 alaude
711 2341 824 2379 propius
835 2340 926 2374 fuerit,
944 2339 1004 2376 post
1013 2337 1155 2366 Vitellium
1166 2336 1238 2373 eligi.
1261 2336 1350 2365 Tacit.
1361 2345 1387 2365 2.

290 2380 359 2411 Hist.
374 2383 417 2417 76.
458 2379 520 2408 Hoc
532 2379 588 2414 est,
608 2378 723 2416 Propius
734 2377 911 2407 contumeliae
927 2386 1010 2414 quam
1024 2375 1118 2409 laudi,
1150 2373 1389 2404 Contumeliosum

290 2418 378 2456 magis
389 2439 397 2453 ,
419 2426 501 2454 quam
515 2416 670 2453 gloriosum.

273 2456 313 2487 Ab
323 2465 416 2484 amore
425 2455 549 2483 scribere.
578 2453 677 2483 Balbus
688 2453 745 2482 Cic.
759 2463 784 2489 9.
804 2452 857 2482 Art.
872 2457 897 2486 8.
930 2451 997 2481 Haec
1008 2460 1090 2488 quam
1104 2450 1255 2488 prudenter
1266 2449 1315 2478 tibi
1329 2449 1391 2478 scri-

293 2493 366 2529 bam,
378 2492 486 2522 nescio:
509 2492 554 2520 sed
564 2491 634 2520 illud
645 2498 718 2520 certe
728 2491 792 2527 scio,
805 2500 849 2519 me
858 2491 891 2519 ab
902 2489 1026 2527 singulari
1038 2498 1130 2518 amore
1141 2487 1390 2524 benevolentiaque

292 2540 465 2569 quaecunque
475 2529 578 2564 scribo,
597 2529 647 2558 tibi
657 2529 781 2558 scribere.
811 2528 915 2558 Gallice
926 2528 1027 2556 dicitur
1037 2549 1045 2562 ,
1068 2531 1105 2554 De
1112 2529 1195 2562 grand
1203 2535 1299 2554 amour.

273 2569 314 2601 Ab
330 2568 440 2606 aspectu
458 2568 593 2596 decorus:
623 2577 673 2605 pro
685 2577 718 2595 eo
736 2566 812 2604 quod
831 2565 935 2595 Gallice
952 2565 1071 2599 dicitur,
1093 2568 1160 2591 Beau
1175 2573 1190 2590 a
1205 2565 1273 2592 voir.
1308 2561 1392 2592 Colu-

292 2606 358 2636 mel.
373 2610 398 2634 6.
415 2616 437 2634 1.
469 2605 629 2642 Apenninus
640 2604 724 2633 boves
734 2610 897 2642 progenerat
906 2602 1076 2637 durissimos,
1097 2610 1266 2638 omnemque
1276 2600 1393 2630 difficul-

293 2650 380 2674 tatem
389 2643 536 2672 tolerantes
547 2664 554 2677 ,
576 2652 628 2671 nec
646 2641 679 2671 ab
690 2642 800 2679 aspectu
815 2641 939 2670 decoros.
980 2640 1077 2669 Cicero
1092 2640 1161 2669 dicit
1171 2661 1179 2674 ,
1199 2639 1240 2668 Ad
1252 2638 1391 2676 aspectum

313 2681 438 2711 raeclarus
449 2703 456 2715 ,
478 2681 519 2709 Ad
530 2679 668 2717 asper‘tuin
681 2679 804 2717 pulcher.
825 2679 857 2708 V.
873 2678 926 2708 suis
937 2678 1014 2707 locis.

274 2720 296 2750 A
334 2719 427 2756 aliquo
444 2717 604 2747 describere.
645 2717 702 2746 Cic.
719 2727 760 2753 13.
780 2718 833 2746 Att.
848 2722 891 2745 21.
933 2715 1044 2753 Scripsit
1058 2713 1157 2744 Balbus
1172 2714 1206 2742 ad
1218 2723 1279 2749 me,
1299 2713 1327 2743 se
1339 2719 1392 2744 ate

293 2758 423 2795 quintum
435 2756 469 2784 de
479 2755 592 2785 Finibus
602 2755 703 2784 librum
715 2753 887 2792 descripsisse.
921 2753 952 2783 Id
964 2754 1020 2788 est,
1041 2752 1082 2782 Ex
1095 2758 1144 2781 tuo
1159 2751 1238 2780 libro.

274 2795 296 2825 A
315 2795 342 2824 se
359 2793 463 2831 aliquid
478 2793 567 2822 facere
579 2815 586 2827 ,
616 2792 645 2821 id
662 2793 700 2821 est
718 2792 805 2821 Ultro.
846 2791 904 2820 Cic.
922 2801 944 2820 1.
967 2791 1002 2820 de
1017 2791 1093 2820 Orat.
1113 2800 1173 2818 111.
1213 2789 1315 2818 Videor
1334 2799 1392 2819 non

294 2832 350 2871 ipse
359 2831 464 2867 aliquid
474 2841 490 2859 a
500 2841 545 2859 me
556 2829 713 2868 promisisse,
725 2829 770 2858 sed
780 2830 894 2858 fortuito
906 2829 932 2857 in
945 2828 1098 2857 sermonem
1109 2827 1226 2856 vestrum
1238 2826 1370 2856 incidisse.

275 2871 296 2901 A
317 2880 361 2899 me
381 2869 495 2898 salutem
515 2869 560 2898 dic
579 2868 725 2897 Ciceroni:
755 2867 785 2896 id
804 2867 860 2902 est,
889 2866 984 2895 Verbis
999 2867 1067 2895 meis
1083 2887 1091 2901 ,
1121 2864 1167 2894 seu
1183 2865 1296 2893 nomine
1317 2875 1388 2895 mee.

295 2908 353 2937 Cic.
376 2911 401 2936 6.
425 2907 479 2936 Att.
501 2916 526 2936 2.
567 2905 675 2935 Valebis
695 2906 797 2943 igitur,
827 2906 852 2934 Sc
870 2904 959 2933 valere
978 2904 1073 2933 Piliam
1093 2904 1119 2933 Sc
1138 2902 1278 2932 Caeciliam
1296 2903 1393 2934 nostris

293 2945 402 2982 jubebis
412 2945 498 2974 literis
508 2967 516 2979 ,
538 2945 563 2973 ἃ
574 2943 686 2972 salvebis
698 2953 712 2971 a
723 2953 785 2972 ineo
803 2942 947 2972 Cicerone.

275 2985 295 3013 A
307 2993 352 3012 me
363 2982 426 3012 illos
436 2981 506 3011 habe
516 2980 807 3010 coinniendatissimos.
839 2980 896 3009 Cic.
913 2989 954 3009 12.
976 2979 1050 3009 Fam.
1064 2988 1108 3014 25.

275 3022 297 3051 A
312 3021 368 3050 sole
381 3021 463 3049 calor.
504 3019 561 3048 Cic.
573 3029 599 3048 2.
622 3019 656 3047 de
675 3019 737 3047 Nat.
759 3018 841 3047 Deor.
857 3027 917 3053 129.
959 3016 1072 3046 Gallina:
1092 3016 1184 3054 pullos
1196 3025 1260 3045 cum
1271 3015 1394 3045 excluse-

294 3059 367 3093 rint,
389 3059 426 3087 ita
437 3063 550 3086 tuentur
559 3079 567 3092 ,
589 3058 657 3086 ut&
668 3056 767 3094 pennis
776 3056 906 3091 foveant,
928 3064 963 3084 ne
975 3065 990 3084 a
1000 3055 1099 3092 frigore
1111 3053 1262 3083 laedantur:
1285 3055 1311 3083 Sc
1321 3054 1339 3083 si
1355 3054 1393 3083 est

293 3096 367 3125 calor
382 3106 396 3124 a
406 3095 461 3124 sole
472 3117 480 3131 ,
500 3094 527 3124 se
538 3105 574 3132 op
597 3100 691 3123 onant.

276 3133 297 3163 A
309 3133 364 3161 sole
375 3133 459 3162 dolet.
494 3132 562 3162 Plin.
575 3104 622 3162 lib.
636 3141 680 3167 24.
701 3140 760 3169 cap.
777 3141 800 3167 5.
837 3129 960 3168 Cupreffi
976 3129 1041 3159 folia
1052 3129 1133 3164 trita,
1153 3128 1322 3166 serpentium
1334 3128 1394 3158 16ῑί-

294 3170 346 3199 bus
359 3172 541 3208 imponuntur
553 3180 558 3199 z
582 3172 608 3200 St
617 3170 700 3207 capiti
711 3179 776 3198 cum
787 3167 900 3206 polenta
910 3190 917 3203 ,
940 3168 959 3197 si
973 3178 987 3197 a
997 3167 1051 3196 sole
1063 3166 1164 3196 doleat.

274 3208 408 3245 Astirpe,
429 3208 457 3236 id
472 3208 509 3237 est
528 3209 549 3237 A
567 3207 726 3243 majoribus
767 3206 872 3236 Sallust.
892 3206 920 3234 in
936 3205 1062 3243 Jugurth.
1082 3214 1123 3239 14.
1163 3203 1296 3241 Jugurtha
1308 3204 1393 3234 homo

296 3246 422 3274 omnium
435 3255 503 3282 quos
513 3252 583 3274 terra
597 3244 709 3274 sustinet
724 3243 940 3273 sceleratissimus
950 3265 958 3278 ,
988 3249 1150 3280 contempto
1168 3243 1284 3278 irnperio
1294 3243 1392 3276 vestro,

296 3282 440 3313 Masiniss‘ae
454 3293 498 3311 me
512 3290 644 3320 nepotem
655 3305 663 3318 ,
691 3282 776 3311 etiam
796 3281 830 3310 ab
849 3281 929 3319 stirpe
948 3280 1053 3310 socium
1064 3286 1145 3316 atque
1162 3280 1282 3308 amicum
1295 3280 1392 3318 populi

296 3320 434 3355 Romani,
455 3330 539 3356 regno
552 3321 723 3357 fortunisque
736 3319 865 3349 omnibus
876 3319 991 3357 expulit.
1033 3317 1137 3347 Gallice
1147 3339 1154 3351 ,
1177 3321 1214 3344 De
1229 3327 1292 3344 race.

278 3358 300 3387 A
314 3357 394 3395 stirpe
406 3379 413 3391 ,
434 3367 484 3394 pro
500 3358 553 3386 Stir
575 3360 628 3387 itus
642 3360 668 3388 Sc
681 3357 816 3387 funditus.
855 3356 913 3386 Liv.
932 3356 980 3385 lib.
999 3365 1042 3392 34.
1078 3354 1109 3384 E<
1119 3354 1213 3383 uidem
1231 3353 1352 3383 fabulam
1366 3356 1393 3384 St

297 3394 388 3437 fictam
406 3404 464 3423 rem
476 3369 614 3436 fluceliain
626 3396 679 3425 ess'e
689 3419 697 3430 ,
719 3396 839 3425 virorum
854 3403 937 3424 omne
955 3403 1041 3432 genus
1052 3393 1083 3422 in
1123 3392 1185 3428 'qua
1200 3391 1287 3421 insula
1297 3393 1394 3428 conju-

296 3439 403 3461 ratione
414 3431 540 3461 muliebri
556 3444 570 3461 a
581 3434 660 3470 stirpe
672 3433 808 3463 sublatum
818 3431 881 3461 else.

279 3469 319 3501 Ab
331 3479 396 3499 auro
410 3469 508 3505 fulgor.
537 3470 643 3499 Lucret.
657 3471 703 3500 lib.
717 3481 742 3500 2.
758 3481 802 3507 49.

354 3507 542 3543 Aiidadterque
553 3508 623 3536 inter
634 3518 708 3544 reges
718 3531 725 3543 ,
746 3517 893 3545 rerumque
908 3511 1038 3545 potentes

353 3543 497 3572 Versantur
509 3554 515 3572 :
538 3554 627 3581 neque
638 3544 771 3582 fulgorem
783 3551 940 3575 reverentur
951 3544 983 3573 ab
995 3553 1071 3573 auro,

278 3581 300 3611 A
310 3581 352 3610 bis
362 3581 479 3618 septenis
494 3582 583 3611 undis.
615 3582 646 3611 ln
657 3592 703 3611 eos
715 3584 866 3620 competit,
888 3583 960 3620 quia
970 3582 1054 3610 noxia
1063 3590 1115 3618 qua
1125 3579 1191 3609 iiam
1201 3579 1307 3618 purgati
1320 3578 1391 3614 sunt,

295 3625 443 3684 propterea
462 3619 537 3655 quod
554 3620 704 3656 antiquitus
721 3630 780 3649 mos
799 3620 882 3655 effer,
910 3619 1061 3649 homicidio
1075 3590 1197 3657 pollutos
1208 3639 1215 3652 ,
1238 3616 1322 3645 vestes
1334 3616 1392 3645 suas

319 3666 340 3684 is
351 3656 469 3693 leptenis
479 3657 705 3686 inundationibus
717 3658 990 3694 immersionibusque
1001 3656 1099 3685 lavare.
1120 3655 1207 3685 Testis
1216 3654 1321 3683 Suidas.

279 3694 299 3724 A
320 3701 428 3722 mortuo
446 3692 579 3722 tributum
595 3694 704 3729 exigere
721 3694 765 3723 vel
782 3695 919 3732 colligere.
960 3695 1102 3731 Competit
1120 3693 1149 3721 in
1160 3692 1299 3731 principes
1317 3691 1393 3728 expi-

298 3730 397 3759 latores
406 3730 493 3768 pit-bis
505 3752 512 3765 ,
533 3732 579 3767 qui
599 3731 674 3760 nulla
692 3741 749 3760 nori
762 3740 796 3760 ex
807 3742 835 3761 re
849 3734 956 3761 lucrum
968 3733 1127 3769 exprimunt
1136 3753 1143 3766 ,
1164 3736 1211 3759 aut
1221 3728 1335 3765 vectigal
1347 3737 1394 3757 ex-

298 3773 437 3805 torquent.
459 3768 489 3796 In
501 3778 547 3796 eos
559 3769 650 3801 etiani,
670 3769 715 3805 qui
727 3779 775 3811 per
786 3770 824 3797 fas
835 3771 965 3807 nefasque
975 3770 1083 3798 divitias
1095 3769 1218 3805 undique
1228 3772 1392 3804 congerunt,

299 3810 345 3834 aut
355 3814 370 3833 e
382 3804 461 3833 rebus
472 3805 585 3833 minutis
596 3815 627 3834 ac
637 3805 751 3834 sordidis
762 3808 787 3835 ἃ
798 3807 933 3843 turpibus.
970 3807 1011 3836 Ex
1023 3807 1096 3836 Arist.
1110 3806 1191 3835 Rhet.
1204 3805 1250 3834 lib.
1263 3814 1288 3833 2.

279 3843 300 3872 A
317 3852 387 3880 puro
407 3852 474 3884 pura
487 3842 584 3871 defluit
595 3852 672 3879 aqua.
713 3843 837 3879 Quadrat
854 3845 883 3872 iii
902 3844 1044 3873 hominem
1062 3852 1257 3881 usquequaque
1270 3840 1393 3878 inculpa-

298 3886 358 3908 tum
371 3881 396 3908 δι
409 3886 585 3907 innocentem
598 3901 605 3913 ,
627 3889 708 3915 quein
721 3880 822 3908 etiainii
835 3882 895 3916 quis
913 3880 1060 3916 aliquando
1075 3888 1157 3910 vocet
1173 3881 1199 3909 in
1211 3881 1315 3909 crimen
1325 3901 1334 3913 ,
1355 3886 1394 3907 ta-

298 3926 363 3946 men
381 3925 437 3945 non
452 3915 539 3944 solum
556 3917 709 3945 iiiiiiaillius
727 3927 783 3945 non
800 3918 1002 3946 contaminatur
1014 3940 1022 3953 ,
1053 3927 1149 3947 verum
1168 3918 1250 3947 etiam
1267 3916 1395 3946 illustrior

299 3954 431 3982 redditur.
463 3952 502 3982 Ex
513 3953 678 3991 'I'lieognide
689 3954 718 3983 in
729 3954 870 3984 sententiis
881 3954 1014 3991 elegiacis.

1974 102 2002 136 A

1470 182 1491 212 A
1509 182 1644 212 contraria
1662 192 1725 211 aure
1746 181 1900 211 instillares
1919 182 1987 212 Plin.
2009 182 2056 211 lib.
2071 191 2115 217 24.
2131 189 2190 219 cap.
2208 191 2248 210 10.
2287 179 2453 210 Erasistratus
2473 181 2582 210 hederae

1489 222 1582 249 acinos
1600 221 1721 256 quinque
1732 221 1809 248 tritos
1826 221 1854 248 in
1870 220 1979 249 rosaceo
1999 220 2079 254 oleo,
2101 219 2300 256 calefactosque
2314 219 2343 246 in
2354 218 2457 246 cortice
2474 219 2580 261 punici,

1489 258 1627 287 instillavit
1637 258 1762 286 dentium
1774 257 1862 286 dolori
1871 279 1879 291 ,
1899 269 1914 287 a
1924 259 2059 287 contraria
2071 267 2143 286 aure.

1470 296 1493 326 A
1507 303 1589 324 vento
1612 295 1715 331 aliquid
1732 305 1882 332 opponere.
1923 295 1991 324 Plin.
2010 295 2056 323 lib.
2075 304 2115 331 17.
2134 304 2194 331 cap.
2211 303 2236 323 2.
2270 294 2304 322 de
2322 292 2481 326 arboribus,
2502 293 2584 329 Aqui-

1489 333 1555 362 lone
1567 333 1685 360 maxime
1695 333 1816 368 gaudent
1824 354 1831 367 ,
1853 332 1989 362 densiores
2001 332 2033 361 ab
2045 332 2135 360 afflatu
2147 333 2205 367 ejus
2215 331 2386 366 lietioresque
2396 352 2403 364 ,
2426 332 2452 358 ἅτ
2462 331 2582 359 materiae

1490 370 1626 400 firmioris.
1668 370 1731 405 Qua
1742 371 1770 398 in
1782 380 1809 399 re
1821 370 1944 407 plerique
1954 370 2086 398 fiilliintur
2096 392 2103 403 ,
2125 379 2189 398 cum
2200 370 2227 397 in
2238 368 2324 396 vineis
2340 368 2506 404 pedamenta
2523 377 2583 397 non

1490 408 1543 437 sint
1552 418 1566 436 a
1576 413 1659 435 vento
1670 417 1703 435 eo
1713 408 1881 445 opponenda
1890 430 1897 441 ,
1919 410 1945 437 ἅ
1956 408 1984 436 id
1994 414 2102 436 tantum
2113 417 2128 436 a
2139 406 2334 443 Septentrione
2345 404 2515 434 servandum.

1471 446 1512 475 Ab
1525 456 1575 479 eo,
1598 455 1647 481 pro
1663 444 1736 480 Ejus.
1775 445 1837 474 Ter.
1857 445 1983 474 Eunuch.
1999 455 2022 481 3.
2038 456 2061 479 ς.
2076 455 2100 480 9.
2142 444 2247 476 Adibo,
2275 448 2356 479 atque
2372 442 2404 470 ab
2423 452 2456 471 eo
2471 443 2583 480 gratiam

1491 483 1562 512 hanc
1573 505 1580 517 ,
1602 492 1683 518 quain
1691 482 1773 511 video
1785 482 1854 512 velle
1865 505 1872 518 ,
1893 483 1979 511 inibo.
2007 482 2060 511 Ubi
2070 482 2212 510 Donatus:
2235 480 2301 509 Haec
2312 480 2350 508 est
2360 479 2498 515 elocutio,
2520 480 2585 509 Gra-

1491 522 1558 549 tiam
1569 519 1601 548 ab
1611 530 1645 548 eo
1660 520 1736 548 inibo
1746 541 1754 555 ,
1775 530 1825 558 pro
1838 521 1901 556 Ejus
1916 521 2029 557 gratiam
2039 519 2173 548 merebor.
2214 518 2286 547 Nam
2296 539 2304 553 ,
2325 516 2365 546 Ab
2376 527 2410 547 eo
2419 539 2427 553 ,
2448 524 2522 547 amat
2530 518 2585 548 Te-

1492 558 1596 587 rentius
1608 567 1656 594 pro
1666 579 1674 592 ,
1695 557 1759 593 Ejus
1769 580 1777 593 ,
1798 566 1910 595 ponere.

1473 596 1513 625 Ab
1532 595 1578 623 illo
1597 595 1704 630 injuria.
1741 595 1804 625 Ter.
1823 596 1852 624 in
1869 596 1938 625 And.
1956 605 1978 623 1.
1998 605 2020 623 1.
2041 604 2100 630 129.
2141 593 2180 623 Ea
2199 593 2320 630 primum
2343 592 2376 621 ab
2396 591 2444 621 illo
2462 593 2585 622 animad-

1491 632 1623 662 vertenda
1635 633 1733 668 injuria
1743 634 1788 662 est.
1829 633 1921 669 Quem
1939 633 2033 661 locum
2052 632 2087 660 sic
2105 632 2222 668 exponit
2237 630 2378 659 Donatus:
2410 631 2585 660 Animadver-

1491 671 1585 704 tenda,
1604 670 1772 707 castiganda,
1791 671 1965 700 vindicanda.
1996 669 2035 699 Ab
2046 669 2219 704 illoinjuria,
2239 678 2321 704 quarn
2330 668 2414 702 facit,
2434 678 2490 697 non
2503 678 2585 705 quam

1492 709 1602 747 paritur.
1642 708 1727 744 Qiod
1744 708 1761 737 li
1779 708 1905 744 dixisset,
1926 708 2029 743 Injuria
2040 708 2099 743 ejus
2110 729 2118 741 ,
2139 704 2338 744 amphiboliam
2349 704 2470 741 fecisset,
2491 712 2587 736 utrum

1493 756 1575 783 quam
1586 745 1675 782 passus
1686 745 1723 775 est
1734 745 1768 775 ab
1781 746 1835 775 alio
1844 768 1851 781 ,
1873 756 1907 775 an
1918 755 2002 783 quam
2010 744 2066 783 ipse
2077 743 2136 774 aliis
2147 743 2249 773 intulit.

1474 784 1514 814 Ab
1532 794 1560 813 re
1579 791 1644 818 tua,
1676 792 1726 821 pro
1745 784 1765 813 A
1785 785 1902 821 negotiis
1923 785 1977 813 tuis
1995 781 2181 812 familiaribus.
2223 781 2280 810 Cic.
2303 789 2345 809 12.
2373 781 2426 811 Att.
2447 785 2473 810 6.
2512 781 2586 810 Tan-

1492 828 1589 850 tumne
1600 820 1633 849 ab
1649 830 1678 850 re
1694 827 1741 850 tua
1758 821 1796 851 est
1812 822 1861 850 otii
1874 822 1943 857 tibi,
1964 828 1996 850 ut
2011 821 2093 850 etiam
2104 820 2251 849 Oratorem
2269 818 2366 856 legas‘.>
2395 819 2536 858 sumptum
2551 829 2586 849 ex

1491 859 1633 889 Terentio.
1667 859 1698 888 V.
1721 869 1846 888 orion.

1473 898 1514 927 Ab
1533 896 1623 932 aliqua
1641 906 1669 925 re
1686 897 1774 925 otium
1784 896 1828 926 vel
1847 904 1958 934 tempus
1977 895 2089 925 habere.
2128 894 2192 924 Ter.
2213 893 2322 923 Photni.
2339 904 2362 930 5.
2377 905 2400 930 5.
2423 903 2446 931 3.
2488 895 2587 925 Otium

1493 946 1508 964 a
1527 934 1634 963 senibus
1654 934 1689 963 ad
1705 934 1858 972 potandum
1879 942 1910 963 ut
1929 933 2051 963 habeam.
2093 931 2150 962 Cic.
2168 943 2190 962 1.
2213 931 2287 961 Verr.
2304 942 2348 967 41.
2386 932 2420 961 Et
2438 932 2485 969 qui
2503 943 2586 962 omne

1492 980 1602 1009 tempus
1615 971 1690 1008 quod
1708 971 1776 1001 mihi
1793 972 1826 1001 ab
1845 972 1997 1002 amicorum
2016 971 2134 1009 negotiis
2149 971 2246 1006 datur,
2275 970 2305 999 in
2318 969 2361 999 his
2378 969 2473 1000 studiis
2489 969 2588 1000 labori-

1491 1010 1597 1046 busque
1608 1009 1774 1039 consumam.

1473 1048 1514 1078 Ab
1527 1050 1552 1078 St
1565 1048 1584 1076 A
1597 1054 1774 1085 exponuntur
1784 1047 1922 1077 interdum
1933 1057 1982 1085 per
1991 1047 2077 1077 varias
2088 1046 2303 1085 praepositiones.

1474 1087 1553 1116 Ante.
1576 1091 1623 1119 ut,
1644 1084 1729 1114 Plaut.
1745 1086 1806 1115 Cist.
1818 1096 1843 1121 4.
1860 1095 1882 1114 1.
1896 1095 1921 1122 7.
1951 1085 1989 1114 Ab
2002 1085 2070 1114 ostio
2081 1086 2219 1120 jacentem
2230 1083 2331 1113 sustuli.
2371 1082 2451 1113 Idem
2459 1082 2584 1114 Mercyz.

1492 1136 1520 1160 4.
1535 1135 1559 1160 9.
1590 1123 1692 1153 Omnia
1703 1133 1754 1161 ego
1765 1122 1910 1152 auscultavi
1921 1122 1953 1152 ab
1966 1123 2041 1151 ostio.
2064 1123 2130 1152 Stat.
2146 1133 2168 1153 1.
2188 1122 2252 1152 Silv.
2264 1132 2289 1150 2.
2303 1131 2346 1158 23.

1567 1160 1730 1190 -dominae
1748 1161 1835 1190 niveis
1853 1172 1868 1190 a
1885 1160 2006 1190 vultibus
2025 1160 2121 1189 obstas.
2211 1160 2243 1189 Id
2261 1159 2314 1195 est,
2343 1159 2402 1188 Stas
2421 1164 2486 1188 ante
2500 1158 2589 1188 domi-

1494 1208 1567 1228 nam.
1609 1198 1702 1234 Quam
1719 1198 1880 1227 familiarem
1896 1198 2030 1235 loquendi
2047 1198 2164 1227 formam
2180 1197 2294 1235 Papinio
2310 1197 2363 1226 effe
2380 1197 2522 1226 Gevartius
2539 1197 2590 1226 ibi-

1495 1238 1560 1303 (Ἐξι
1569 1236 1696 1265 ostendit.
1735 1235 1865 1266 Similiter
1877 1236 2025 1266 Frontinus
2041 1236 2155 1273 Strateg.
2170 1246 2192 1264 1.
2210 1246 2233 1271 5.
2249 1246 2291 1264 10.
2331 1235 2454 1265 Universi
2468 1245 2484 1264 a
2500 1235 2589 1264 limite

1494 1285 1511 1303 o
1555 1280 1664 1304 iterunt.

1476 1312 1586 1343 Contra.
1616 1311 1732 1349 Virg.,7.
1754 1311 1808 1341 Ecl.
1822 1315 1846 1340 6.
1928 1330 1961 1336 —
1973 1311 2039 1340 dnm
2055 1317 2162 1340 teneras
2180 1309 2302 1339 defendo
2321 1319 2337 1339 a
2355 1309 2455 1347 frigore
2474 1315 2587 1347 myrtos.

1495 1351 1550 1380 hoe
1561 1350 1614 1384 est,
1645 1350 1748 1379 Contra
1763 1350 1855 1386 frigus.
1896 1348 1953 1378 Cic.
1968 1358 2018 1392 pro
2037 1348 2117 1378 Font.
2133 1355 2201 1378 extr.
2244 1349 2265 1377 A
2282 1357 2337 1385 quo
2349 1348 2473 1385 periculo
2495 1348 2591 1377 defen-

1495 1389 1552 1418 dite
1570 1388 1676 1423 iudices
1691 1387 1779 1417 civem
1791 1388 1898 1416 fortem.
1936 1386 2005 1416 Plin.
2022 1386 2070 1416 lib.
2083 1396 2127 1416 20.
2147 1396 2208 1424 cap.
2223 1395 2264 1424 17.
2303 1386 2394 1415 Vestes
2407 1395 2517 1423 quoque
2528 1395 2543 1414 a
2557 1386 2591 1414 ti-

1495 1427 1554 1455 neis
1565 1425 1705 1463 defendit.
1746 1425 1830 1454 Plaut.
1852 1424 1922 1454 Alin.
1938 1435 1960 1453 1.
1994 1447 2000 1454 .
2015 1434 2059 1461 71.
2108 1424 2190 1453 Haud
2208 1423 2241 1452 ab
2260 1433 2289 1452 re
2307 1424 2430 1462 aucupis.
2462 1423 2525 1453 Hoc
2542 1423 2590 1459 est,

1494 1464 1560 1494 Non
1574 1463 1688 1498 inutile,
1709 1469 1755 1491 aut
1772 1469 1869 1501 praeter
1880 1434 2058 1500 propositum.
2098 1462 2138 1491 Ab
2150 1472 2179 1491 re
2190 1461 2332 1491 consulere
2345 1461 2443 1491 alicui:
2472 1460 2526 1491 lioe
2542 1461 2589 1496 est,

1496 1501 1599 1530 Contra
1617 1501 1805 1530 commodum.
1846 1500 1931 1530 I’laut.
1951 1500 1976 1529 T
1978 1501 2077 1529 rinum.
2097 1509 2122 1529 2.
2148 1510 2170 1529 1.
2195 1509 2235 1528 12.
2268 1500 2303 1528 de
2319 1500 2437 1535 Amore3
2467 1498 2591 1528 Subdole

1495 1539 1646 1574 blanditur,
1656 1539 1689 1567 ab
1699 1548 1727 1568 re
1737 1538 1861 1568 consulit.
1883 1539 1922 1567 Ab
1932 1548 1959 1567 re
1969 1534 2167 1577 aliqi'orare.
2188 1537 2386 1575 Plautcaptz.
2399 1547 2424 1566 2.
2436 1543 2479 1571 28.
2503 1537 2593 1573 Quid-

1496 1578 1554 1612 vis,
1583 1577 1651 1605 dum
1665 1576 1698 1605 ab
1715 1586 1743 1605 re
1757 1577 1861 1614 nequid
1872 1586 1949 1611 ores,
1969 1576 2076 1605 faciam.
2117 1575 2149 1604 Id
2168 1575 2225 1610 est,
2254 1575 2272 1604 fi
2286 1575 2353 1612 quid
2372 1585 2432 1604 ores
2450 1584 2509 1603 non
2528 1574 2593 1603 alie-

1496 1625 1565 1644 nuni
1575 1615 1607 1644 ab
1619 1614 1740 1643 honesto.
1763 1615 1829 1643 Non
1837 1614 1876 1644 Ab
1888 1614 1986 1649 orbita,
1998 1614 2081 1642 Varro
2091 1613 2170 1648 dixit,
2183 1613 2268 1649 Quod
2280 1622 2337 1641 non
2346 1612 2467 1641 alienum
2477 1612 2515 1641 est
2524 1622 2539 1641 a
2548 1612 2593 1642 via

1498 1654 1525 1683 ἃ
1537 1653 1658 1681 instituto
1669 1674 1677 1687 ,
1704 1651 1750 1681 sed
1761 1662 1795 1681 ex
1812 1652 2013 1681 consuetudine
2030 1652 2056 1680 Sc
2068 1651 2118 1680 via.
2158 1651 2223 1686 Ejus
2239 1650 2322 1679 verba
2338 1650 2401 1680 sunt
2415 1651 2450 1679 de
2468 1650 2525 1679 vita
2543 1649 2593 1679 Po-

1497 1691 1556 1729 puli
1568 1691 1705 1725 Romani,
1736 1690 1833 1727 Neque
1848 1690 1878 1719 id
1895 1689 1928 1718 ab
1947 1689 2035 1718 orbita
2052 1688 2288 1718 matrumfamilias
2305 1689 2438 1724 instituti,
2460 1688 2536 1726 quod
2553 1697 2596 1717 eae

1497 1730 1610 1766 pectore
1621 1738 1652 1756 ac
1664 1727 1770 1757 lacertis
1781 1734 1857 1757 erant
1869 1727 1968 1765 apertis
1977 1749 1985 1762 ,
2006 1736 2058 1755 nec
2070 1727 2170 1764 capitia
2180 1726 2325 1755 habebant.

1478 1766 1537 1801 De,
1558 1766 1625 1795 teste
1636 1765 1755 1795 Donato.
1794 1766 1907 1795 Sueton.
1928 1765 1957 1793 in
1976 1764 2053 1802 Vesp.
2076 1774 2135 1801 cap.
2149 1773 2192 1800 23.
2230 1764 2271 1793 Ad
2289 1763 2399 1799 ,Iuniam
2417 1763 2559 1793 Calvinam
2578 1773 2594 1792 a

1498 1812 1579 1842 gente
1597 1803 1707 1841 Augusti
1726 1804 1864 1841 pertinere
1882 1802 2008 1838 dicebat,
2029 1812 2079 1839 pro
2091 1802 2132 1830 De
2145 1807 2235 1839 gente.
2267 1801 2385 1831 Martial.
2399 1800 2447 1831 lib.
2464 1812 2506 1831 10.
2528 1811 2591 1838 104.

1518 1842 1576 1880 lpsa
1587 1842 1712 1879 protinus
1723 1852 1738 1870 a
1748 1841 1792 1870 via
1801 1841 1907 1870 salutes.
1931 1841 1961 1869 V.
1984 1850 2002 1868 A
2011 1851 2024 1868 r
2032 1849 2049 1868 o
2059 1850 2075 1868 R
2084 1851 2092 1868 1
2100 1850 2121 1869 s.

1479 1879 1538 1911 Per.
1579 1879 1664 1909 Plaut.
1685 1879 1757 1908 Rud.
1772 1888 1796 1907 2.
1813 1890 1835 1915 5.
1853 1889 1897 1908 21.
1935 1878 1974 1907 Ab
1996 1878 2022 1906 se
2043 1884 2135 1907 cantat
2153 1877 2215 1913 cuja
2233 1877 2273 1906 sit.
2312 1876 2392 1906 Idem
2411 1876 2510 1906 Bacch.
2524 1888 2550 1913 4.
2565 1880 2590 1906 6.

1499 1928 1544 1948 22.
1574 1918 1658 1947 Nunc
1669 1916 1702 1946 ab
1713 1916 1856 1946 transenna
1872 1916 1917 1946 hic
1933 1916 2029 1945 turdus
2040 1915 2208 1944 lumbricum
2224 1915 2312 1953 petit:
2342 1915 2371 1944 id
2382 1915 2437 1949 est,
2460 1914 2507 1944 Per
2522 1920 2595 1944 tran-

1498 1956 1620 1985 sennam.
1660 1954 1723 1984 Hoc
1739 1954 1884 1993 proverbio
1902 1954 2082 1990 lignificamus
2092 1952 2212 1990 aliquem
2227 1954 2256 1981 in
2268 1962 2370 1990 magno
2387 1951 2484 1981 versari
2503 1952 2595 1982 discri-

1499 1995 1593 2029 mine,
1622 1992 1725 2030 suoque
1744 1992 1867 2030 periculo
1888 1993 1941 2021 esse
1958 1992 2125 2030 proximum.
2165 1990 2196 2020 V.
2218 1990 2318 2020 Erasm.
2341 1990 2412 2019 Chil.
2440 1990 2497 2020 Cic.
2513 2000 2538 2027 3.
2558 1990 2594 2020 de

1498 2031 1592 2069 Legib.
1614 2041 1656 2067 35.
1706 2030 1757 2060 Cui
1778 2040 1812 2059 ne
1833 2030 1936 2059 reditus
1956 2030 2069 2067 quidem
2089 2030 2124 2057 ad
2142 2028 2230 2059 bonos
2242 2051 2250 2063 ,
2279 2028 2395 2058 salutem
2413 2038 2429 2057 a
2447 2028 2527 2058 bonis
2545 2038 2596 2066 po-

1498 2070 1553 2099 tuit
1573 2069 1676 2098 afferre.
1709 2069 1738 2097 id
1757 2068 1810 2103 est,
1840 2067 1888 2097 Per
1907 2068 2004 2096 bonos.
2044 2067 2122 2096 Idem
2142 2076 2192 2104 pro
2209 2065 2310 2096 Milon.
2327 2070 2368 2102 56.
2409 2066 2487 2095 Adde
2502 2066 2594 2102 casus,

1499 2108 1571 2137 adde
1585 2108 1708 2144 incertos
1726 2106 1815 2136 exitus
1834 2115 1988 2143 pugnarum
2000 2127 2008 2140 ,
2038 2104 2213 2141 Martemque
2232 2113 2428 2133 communem:
2460 2106 2505 2142 qui
2525 2103 2558 2133 sae
2580 2114 2595 2133 e

1500 2145 1664 2183 spoliantem
1682 2145 1737 2179 jam
1757 2145 1783 2173 Sc
1800 2143 1971 2173 e'xultantein
1989 2144 2103 2178 evertit,
2134 2143 2160 2172 «Sc
2177 2142 2296 2180 perculit
2306 2142 2340 2171 ab
2357 2141 2473 2178 abjecto.
2495 2142 2525 2171 id
2541 2150 2565 2171 ei
2585 2164 2593 2177 ,

1498 2183 1548 2213 Per
1569 2193 1632 2212 eum
1650 2183 1696 2219 qui
1715 2181 1835 2217 abjectus
1853 2181 1890 2210 est
1911 2183 1937 2220 St
1957 2181 2113 2219 prostratus.
2159 2180 2238 2209 Ideni
2261 2191 2285 2216 5.
2305 2180 2358 2209 Att.
2380 2189 2423 2209 21.
2463 2179 2504 2209 Ex
2523 2179 2594 2209 Idib.

1499 2221 1568 2252 Maii
1583 2222 1610 2249 in
1629 2220 1771 2255 Ciliciam,
1801 2226 1832 2248 ut
1849 2219 1887 2248 ibi
1903 2219 2001 2254 Junius
2019 2218 2212 2253 consumatur,
2242 2218 2326 2247 velim
2344 2217 2490 2254 tranquille
2502 2228 2524 2247 a.
2537 2217 2597 2247 Par·-

1498 2260 1562 2288 this.
1591 2258 1644 2287 lioe
1659 2258 1715 2293 est,
1742 2257 1815 2287 Mihi
1833 2267 1882 2295 per
1899 2257 2010 2286 Parthos
2026 2257 2108 2289 liceat
2118 2262 2210 2285 totuin
2226 2255 2343 2291 junium
2360 2265 2439 2293 agere
2449 2255 2602 2293 tranquille
2651 2262 2653 2264 ’

1499 2298 1530 2326 in
1548 2297 1652 2326 Cilicia.

1480 2334 1546 2364 Prae.
1579 2335 1599 2363 A
1618 2333 1801 2363 verecundia:
1832 2333 1862 2362 id
1872 2333 1928 2368 est,
1957 2332 2013 2362 Prae
2024 2332 2199 2361 verecundia.
2241 2330 2299 2361 Liv.
2314 2340 2357 2368 39.
2371 2341 2415 2367 49.
2452 2330 2597 2366 Jacentem

1500 2374 1589 2402 hostes
1602 2371 1730 2410 superfusi
1741 2370 1946 2409 oppresserunt:
1978 2371 2176 2408 cognitumque
2196 2371 2317 2408 primum
2328 2379 2343 2398 a
2359 2370 2526 2398 verecundia
2541 2380 2598 2399 me-

1500 2411 1641 2447 moriaque
1654 2410 1824 2443 meritorum,
1836 2409 1910 2438 haud
1921 2408 2007 2443 secus,
2028 2418 2110 2445 quam
2121 2408 2222 2436 ducem
2231 2408 2310 2436 suum
2322 2406 2453 2436 attollunt
2465 2409 2516 2437 Sec.
2556 2407 2597 2436 Ab

1501 2448 1550 2477 illo
1561 2449 1649 2485 friget,
1669 2448 1698 2476 id
1708 2447 1754 2482 est,
1772 2447 1826 2485 Prre
1838 2446 1896 2481 illo,
1907 2446 1952 2475 seu
1964 2446 2037 2475 illius
2049 2446 2264 2483 comparatione.
2305 2444 2427 2474 Erafinus
2437 2446 2466 2474 in
2481 2451 2522 2479 18.
2535 2456 2567 2475 ca
2589 2468 2596 2474 .

1500 2486 1582 2516 Lucre
1593 2509 1600 2521 ,
1621 2486 1684 2515 Scio
1697 2485 1733 2514 sic
1749 2484 1849 2514 alicubi
1862 2484 1937 2522 loqui
1955 2484 2076 2514 Gellium
2087 2506 2095 2520 ,
2121 2483 2213 2521 Friget
2223 2484 2256 2512 ab
2268 2483 2317 2512 illo
2327 2505 2334 2519 ‚
2354 2492 2406 2520 pro
2417 2493 2451 2512 eo
2463 2484 2539 2521 quod
2550 2486 2575 2513 el

1502 2524 1595 2562 Friget
1607 2529 1780 2561 comparatus
1790 2523 1824 2551 ad
1836 2522 1923 2551 illum.

1482 2560 1543 2591 Pro.
1584 2562 1642 2591 Cic.
1665 2562 1693 2590 in
1711 2561 1784 2590 Brut.
1798 2569 1860 2597 273.
1899 2560 1936 2588 Ut
1953 2569 2036 2588 nemo
2056 2565 2151 2589 contra
2171 2559 2275 2588 civium
2292 2558 2466 2596 perditorum
2484 2557 2601 2596 popula-

1500 2610 1560 2629 rem
1570 2599 1812 2636 turbulentamque
1830 2598 2016 2633 dementiam,
2038 2607 2053 2626 a
2068 2597 2162 2626 senatu
2175 2598 2201 2626 ἃ
2215 2607 2230 2625 a
2249 2596 2386 2625 bonorum
2403 2595 2482 2625 causa
2497 2596 2601 2625 steterit

1501 2638 1678 2667 constantius.
1718 2637 1797 2666 Idem
1808 2645 1858 2673 pro
1871 2635 1981 2665 Cluent.
1993 2644 2036 2672 93.
2074 2635 2140 2664 Non
2154 2635 2239 2664 modo
2252 2634 2363 2663 dicendi
2374 2634 2407 2663 ab
2422 2643 2469 2662 reo
2478 2656 2485 2669 ,
2506 2633 2554 2663 sed
2564 2644 2600 2663 ne

1501 2676 1629 2713 surgendi
1642 2675 1754 2712 quidem
1771 2673 1887 2711 potestas
1904 2680 1970 2702 erat.
2009 2673 2087 2702 Idem
2104 2682 2129 2701 2.
2147 2672 2229 2701 Tusc.
2243 2682 2267 2709 7.
2309 2672 2388 2709 Quid
2402 2672 2477 2700 enim
2495 2672 2599 2706 dicant,

1504 2715 1530 2743 δε
1541 2714 1607 2750 quid
1618 2713 1735 2742 sentiant
1746 2712 1790 2746 hi,
1820 2712 1866 2749 qui
1883 2711 1945 2740 sunt
1960 2711 1993 2740 ab
2013 2720 2045 2739 ea
2056 2710 2218 2748 disciplina,
2247 2720 2331 2739 nemo
2349 2710 2526 2738 mediocriter
2542 2710 2602 2747 qui-

1504 2752 1570 2780 dem
1582 2752 1678 2780 doctus
1690 2751 1804 2787 ignorat.
1845 2748 1961 2778 Rursum
1980 2759 2001 2779 1.
2022 2749 2056 2777 de
2074 2747 2180 2777 Invent.
2196 2758 2239 2783 90.
2281 2747 2437 2777 Commune
2449 2747 2502 2782 est,
2524 2748 2601 2784 quod

1503 2788 1592 2818 nihilo
1612 2789 1696 2826 inagis
1717 2787 1750 2816 ab
1772 2786 1927 2816 adversariis
1940 2809 1947 2822 ,
1983 2796 2065 2824 quam
2083 2795 2098 2815 a
2118 2785 2198 2814 nobis
2216 2785 2288 2815 facit.
2340 2785 2390 2814 Pro
2416 2785 2601 2823 superioribus

1502 2827 1692 2856 locutionibus
1703 2826 1801 2855 dicunt
1817 2825 1901 2854 etiam
1915 2824 2053 2862 eleganter
2065 2823 2174 2859 Latini,
2203 2822 2275 2852 Cum
2291 2822 2383 2860 aliquo
2395 2823 2501 2858 eicere,
2529 2823 2601 2852 Cum

1503 2864 1595 2901 aliquo
1615 2865 1680 2893 stare
1692 2886 1699 2898 ,
1731 2863 1779 2892 Pro
1799 2862 1890 2899 aliquo
1909 2862 1972 2892 else.
2011 2861 2066 2891 Sed
2084 2863 2109 2890 St
2125 2871 2188 2890 cum
2202 2861 2242 2890 his
2254 2871 2381 2898 magnam
2396 2861 2502 2890 habent
2516 2861 2603 2890 affini-

1503 2908 1588 2931 tatem
1599 2912 1659 2940 quae
1671 2902 1820 2939 sequuntur
1831 2900 1967 2938 exempla.
2005 2899 2063 2928 Cic.
2077 2909 2100 2928 2.
2124 2900 2158 2928 de
2170 2899 2276 2928 Invent.
2290 2903 2334 2927 61.
2376 2898 2465 2928 Locus
2476 2908 2602 2928 commu-

1503 2941 1546 2970 nis
1559 2951 1573 2969 a
1585 2940 1780 2973 translatione,
1802 2940 1828 2968 δε
1839 2945 1934 2967 contra
1952 2947 2034 2972 eum,
2057 2938 2103 2975 qui
2122 2936 2332 2965 translationem
2350 2937 2473 2966 inducet.
2514 2936 2549 2966 Et
2566 2936 2602 2966 ad

1503 2978 1606 3007 Heren.
1619 2989 1643 3007 2.
1659 2989 1683 3013 9.
1723 2977 1891 3006 Communes
1904 2976 1958 3005 loci
1975 2975 2054 3005 sunt:
2084 2985 2098 3003 a
2114 2975 2242 3009 testibus,
2264 2983 2360 3003 contra
2370 2975 2465 3003 testes:
2498 2983 2513 3003 a
2530 2984 2603 3012 quie·

1503 3016 1636 3045 stionibus
1648 3022 1743 3045 contra
1753 3014 1914 3051 quaestiones
1926 3023 1932 3043 :
1961 3014 1994 3042 ab
2006 3013 2172 3050 argumentis
2184 3035 2191 3046 ,
2213 3019 2309 3041 contra
2324 3019 2500 3049 argumenta:
2530 3022 2545 3042 a
2559 3022 2603 3041 ru-

1505 3054 1626 3084 moribus
1636 3076 1644 3089 ,
1664 3059 1761 3082 contra
1773 3061 1903 3081 rumores.

1484 3091 1607 3129 Propter.
1639 3098 1685 3127 ut,
1717 3091 1755 3119 Ab
1772 3090 1899 3119 secundis
1918 3088 1998 3118 rebus
2010 3089 2133 3123 incauti,
2160 3088 2254 3123 idest,
2285 3087 2330 3117 Ob
2342 3097 2383 3117 res
2398 3087 2539 3125 prosperas
2556 3096 2602 3124 pa-
2646 3088 2652 3097 ⁸

1503 3140 1565 3159 rum
1578 3130 1624 3159 libi
1636 3135 1773 3158 caventes.
1814 3127 1869 3156 Liv.
1886 3131 1928 3161 36.
1941 3137 1985 3162 24-
2023 3127 2089 3155 Non
2100 3133 2157 3155 tam
2173 3125 2206 3155 ab
2225 3127 2279 3160 ira,
2302 3135 2354 3154 nec
2369 3125 2402 3154 ab
2414 3122 2479 3154 odii)
2490 3147 2497 3159 ,
2519 3134 2602 3162 quain

1504 3176 1536 3198 ut
1546 3168 1625 3197 miles
1640 3168 1766 3201 sentiret,
1789 3167 1840 3194 Cve.
1862 3165 1890 3193 id
1903 3165 1940 3193 est
1951 3186 1958 3199 ,
1987 3164 2099 3201 Propter
2111 3165 2186 3192 iram.
2227 3163 2295 3192 Plin.
2309 3163 2356 3192 lib.
2370 3173 2394 3192 2.
2409 3173 2468 3200 cap.
2481 3169 2506 3196 8.
2536 3162 2604 3191 Tei·-

1504 3207 1575 3235 tium
1588 3206 1659 3235 sidus
1676 3204 1789 3238 Martis,
1816 3200 1891 3240 quod
1911 3202 2023 3239 quidam
2042 3201 2167 3231 Herculis
2186 3208 2304 3236 vocant,
2334 3201 2426 3238 ignei,
2456 3201 2576 3236 ardentis
2588 3210 2604 3229 a

1504 3244 1568 3273 solis
1579 3244 1738 3277 vicinitate,
1760 3241 1831 3270 binis
1848 3240 1903 3268 fere
1916 3241 1994 3269 iinnis
2012 3240 2153 3273 converti,
2176 3242 2227 3268 &Q
2269 3239 2325 3268 Liv.
2342 3249 2364 3267 1.
2387 3248 2427 3275 17.
2470 3238 2603 3275 Quinque

1506 3282 1614 3311 dierum
1632 3280 1719 3318 spatio
1736 3278 1881 3308 finiebatur
1900 3278 2065 3315 imperium,
2095 3287 2125 3306 ac
2137 3287 2185 3314 per
2197 3286 2294 3306 omncs
2306 3277 2335 3305 in
2350 3276 2445 3304 orbem
2462 3275 2535 3310 ibat,
2557 3285 2604 3304 an-

1504 3329 1647 3356 nuumque
1658 3316 1832 3346 intervallum
1844 3316 1896 3344 fuit
1909 3325 1915 3344 :
1946 3315 1975 3344 id
1986 3315 2019 3344 ab
2035 3325 2063 3344 re
2073 3337 2080 3351 ,
2101 3315 2176 3352 quod
2192 3325 2269 3344 nunc
2280 3323 2390 3353 quoque
2400 3320 2476 3342 tenet
2488 3323 2602 3348 nomen,

1505 3357 1695 3394 interregnum
1707 3354 1884 3392 appellatum.
2320 3382 2323 3385 .

1487 3394 1631 3431 Quantum
1646 3393 1745 3422 attinet
1756 3392 1800 3421 ad.
1841 3391 1898 3420 Cic.
1911 3400 1961 3428 pro
1971 3389 2050 3419 Rosc.
2070 3391 2160 3420 Amer.
2172 3395 2216 3423 85.
2256 3389 2303 3418 Vir
2321 3388 2353 3418 ab
2372 3389 2531 3417 innocentia
2549 3388 2605 3417 cle-

1505 3431 1695 3461 mentilsimus.
1736 3429 1820 3459 Plaut.
1839 3428 1923 3467 Truc.
1940 3438 1961 3457 1.
1979 3438 2000 3457 1.
2016 3431 2059 3457 26.
2100 3427 2143 3457 Bis
2162 3427 2246 3493 lperiit
2265 3434 2388 3461 amator,
2409 3425 2442 3455 ab
2454 3436 2499 3461 re,
2521 3433 2604 3462 atque

1506 3471 1599 3498 animo
1613 3468 1699 3497 liniul.
1739 3467 1818 3497 Idem
1836 3465 1925 3495 Cistel.
1944 3476 1965 3495 1.
1989 3476 2010 3494 1.
2030 3469 2074 3494 62.
2115 3465 2158 3494 Do
2172 3474 2206 3494 eo
2217 3464 2250 3494 ab
2261 3465 2372 3498 animo,
2394 3463 2477 3492 doleo
2493 3463 2526 3493 ab
2538 3474 2604 3492 ocu-

1505 3506 1558 3542 lis,
1589 3506 1672 3536 doleo
1692 3505 1725 3535 ab
1745 3504 1915 3542 aegritudine.
1962 3503 2024 3532 Ter.
2048 3503 2154 3532 Phorm.
2176 3512 2200 3531 2.
2227 3513 2248 3531 1.
2276 3505 2320 3531 26.
2361 3501 2472 3530 Otiosus
2493 3501 2526 3530 ab
2546 3502 2604 3530 ani-

1506 3555 1562 3573 mo.
1604 3545 1661 3573 Cic.
1679 3554 1719 3572 10.
1740 3543 1813 3572 Fani.
1836 3552 1877 3576 15.
1915 3540 1948 3570 Et
1966 3541 2101 3570 Antonius
2120 3540 2153 3569 ab
2172 3541 2295 3577 equitatu
2314 3539 2407 3568 firmus
2426 3539 2478 3568 esse
2495 3539 2604 3568 diceba-

1505 3588 1558 3611 tur.
1599 3582 1677 3611 Idem
1690 3587 1715 3615 8.
1738 3580 1811 3610 Fam.
1836 3590 1876 3608 10.
1917 3578 1974 3614 Ego
1996 3579 2108 3616 quidem
2129 3579 2301 3615 praecipuum
2318 3584 2442 3611 metum,
2473 3577 2548 3613 quod
2569 3576 2603 3605 ad

1505 3626 1533 3648 te
1544 3619 1695 3655 attinebat,
1716 3618 1817 3651 habui,
1839 3617 1884 3654 qui
1896 3615 1992 3645 scirem
2010 3626 2092 3653 quain
2110 3622 2218 3653 paratus
2235 3615 2268 3644 ab
2279 3615 2400 3643 exercitu
2413 3613 2487 3643 esses.
2526 3614 2603 3643 ldem

1506 3658 1535 3685 in
1546 3657 1618 3686 Brut.
1634 3661 1678 3692 63.
1720 3656 1797 3685 Acuti
1810 3654 1888 3689 sunt,
1910 3653 2066 3690 elegantes,
2089 3653 2187 3686 faceti,
2210 3653 2313 3682 breves.
2354 3653 2408 3681 Sed
2426 3651 2472 3680 ille
2493 3652 2604 3680 Graecus

1506 3694 1539 3723 ab
1557 3695 1632 3723 oinni
1649 3694 1730 3723 laude
1745 3693 1860 3722 felicior.
1902 3691 1980 3720 ldem
1996 3691 2057 3720 Post
2075 3690 2196 3719 reditum
2207 3690 2242 3718 ad
2261 3690 2339 3726 Qiir.
2357 3700 2397 3724 15.
2438 3688 2485 3718 Me
2496 3688 2603 3717 nudum

1506 3742 1522 3761 a
1541 3733 1703 3770 propinquis
1715 3754 1723 3767 ,
1752 3730 1828 3760 nulla
1842 3729 2007 3766 cognatione
2025 3729 2182 3761 munitum,
2204 3728 2254 3756 Sec.
2296 3726 2346 3765 Pro
2363 3726 2456 3756 Domo
2473 3726 2535 3761 sua,
2560 3732 2601 3761 58.

1507 3769 1577 3798 Tam
1591 3771 1670 3806 inops
1684 3776 1776 3798 autem
1794 3777 1845 3804 ego
1856 3776 1930 3795 eram
1942 3766 1974 3795 ab
1992 3766 2087 3794 amicis
2101 3787 2108 3800 ,
2139 3772 2186 3793 aut
2203 3772 2259 3793 tani
2270 3765 2345 3793 nuda
2364 3763 2531 3801 Respublica
2549 3773 2604 3793 ma-

1507 3807 1681 3843 gistratibus?
1711 3807 1743 3836 ln
1760 3806 1833 3835 Brut.
1852 3814 1915 3841 227.
1956 3802 2019 3832 Erat
2036 3803 2070 3831 ab
2090 3802 2251 3832 Oratoribus
2270 3802 2395 3839 quaedam
2415 3802 2444 3830 in
2463 3802 2522 3830 foro
2544 3800 2605 3829 soli-

1505 3845 1583 3874 tudo.
1624 3845 1664 3873 Ad
1684 3845 1782 3880 Quint.
1799 3843 1925 3875 fratrem,
1948 3851 1973 3870 2.
1992 3845 2032 3869 16.
2073 3840 2117 3869 Sic
2134 3841 2208 3868 enim
2226 3839 2344 3874 habeto,
2366 3848 2508 3875 nunquam
2526 3848 2569 3867 me
2589 3849 2605 3867 a

1507 3882 1591 3911 caulis
1609 3883 1635 3911 ἃς
1652 3882 1762 3917 judiciis
1783 3880 1973 3910 districtiorem
1990 3876 2077 3907 fuill'e.
2114 3876 2157 3912 „lta
2176 3877 2215 3906 Ab
2237 3877 2287 3906 hae
2306 3885 2382 3914 parte
2400 3899 2408 3912 ,
2439 3885 2489 3913 pro
2510 3876 2605 3912 Quan-

1507 3926 1565 3948 tum
1587 3920 1620 3948 ad
1642 3919 1712 3947 hanc
1732 3924 1838 3956 partein
1857 3917 1963 3947 attinet.
2010 3915 2089 3945 Idem
2111 3925 2152 3944 ιο.
2182 3914 2256 3944 Fam.
2279 3924 2323 3950 ²4·
2364 3915 2482 3943 Securos
2501 3923 2550 3943 vos
2570 3913 2604 3942 ab

1505 3957 1557 3987 hac
1575 3964 1650 3994 parte
1669 3957 1825 3985 reddemus.

2457 3987 2605 4022 Instruchie
