2604 4222
200 81 266 116 132
624 74 651 109 A
750 71 783 108 G
879 75 914 110 O

239 152 340 180 Animo
355 152 509 182 mensuram
520 154 637 190 alicujus
653 155 700 185 rei.
723 154 791 185 Plin.
810 155 857 185 lib.
871 164 897 184 2.
914 164 973 192 cap.
994 164 1017 183 r.
1050 155 1136 184 Furor
1145 154 1184 183 est
1200 153 1357 185 mensuram

259 191 319 224 ejus
328 191 421 218 animo
430 192 565 227 quosdam
573 192 690 229 agitasse.
732 193 772 221 De
782 193 889 221 mundo
896 192 1028 229 loquitur.

241 226 313 256 Cum
334 229 428 256 animo
445 228 559 265 aliquid.
591 229 697 258 Sallust.
719 229 753 258 ad
775 229 927 263 Caesarem,
947 230 981 258 dc
994 229 1063 266 Rep.
1087 229 1156 258 Ord.
1176 228 1273 266 Itaque
1290 229 1359 257 mihi

259 265 348 293 multa
362 275 427 294 cum
441 267 535 295 animo
545 267 668 304 agitanti,
690 267 835 295 consilium
844 267 905 302 fuit,
926 266 1027 295 samam
1042 267 1260 304 modestiamque
1268 276 1360 296 meam

260 304 321 340 post
331 309 406 331 tuam
424 303 587 340 dignitatem
603 304 712 333 habere.

241 339 274 369 In
289 341 373 369 corde
388 340 501 377 aliquid.
534 341 619 370 Plaut.
635 341 718 370 Truc.
733 350 758 369 2.
774 351 797 375 ς.
811 349 836 377 3.

242 377 340 407 Mente
350 378 462 414 aliquid.
494 378 552 407 Liv.
564 388 589 416 7.
612 379 696 408 Nunc
709 387 768 414 quae
779 383 874 406 mente
885 378 1003 415 agitem,
1024 378 1126 407 audite.

240 414 274 444 In
284 423 377 444 mente
388 415 502 451 aliquid.
524 417 582 446 Cic.
595 425 617 445 1.
630 416 665 445 de
674 416 737 445 Nat.
748 415 831 444 Deor.
866 415 958 445 Habet
968 417 1044 445 enim
1052 416 1124 446 nihil
1134 416 1211 446 aliud
1220 417 1294 454 quod
1306 417 1361 455 agi-

260 458 301 481 tet
318 463 346 481 in
362 460 465 483 mente.

242 490 359 524 Secum,
381 490 456 519 idem
468 490 609 528 fignificat.
640 490 725 519 Ther.
746 489 855 519 Phorm.
869 501 896 526 4.
910 500 934 527 3.
947 501 974 526 9.
1010 490 1069 528 Ego
1084 501 1194 530 quoque
1203 494 1233 523 id
1246 494 1361 531 quidem

262 528 367 564 agitans
379 537 489 557 mecum
499 527 606 561 sedulo,
622 528 726 563 inveni,
735 528 845 565 opinor,
855 530 1011 558 remedium
1018 529 1084 558 huic
1097 531 1146 559 rei.

241 565 349 601 Agitare
361 575 415 594 rem
426 566 545 602 aliquam
556 564 664 594 secretis
675 566 920 602 imaginationibus
934 589 942 603 ,
965 566 993 596 h.
1005 576 1029 596 e.
1048 569 1149 597 Animo
1160 569 1274 605 versare,
1287 570 1313 598 <Sc
1322 568 1361 598 se-

262 613 327 631 cum
342 603 504 631 consultare.
526 602 616 631 Tacit.
640 614 682 638 15.
701 604 770 632 Ann.
786 607 829 640 36.

242 641 349 677 Agitare
368 650 466 669 aevum.
504 639 576 676 Virg.
595 652 620 676 4.
645 640 745 677 Georg.
766 650 827 678 154.
844 642 880 670 de
899 641 1007 679 apibus,

400 694 438 698 —
456 678 618 715 magnisque
629 679 734 716 agitant
741 679 789 708 sub
799 679 907 717 legibus
915 689 1013 709 aevum.

260 722 336 751 gunt.

240 753 371 782 Animum
383 753 454 781 curis
465 753 576 790 agitare.
613 753 671 783 Liv.
701 754 753 784 His
770 754 842 783 curis
860 754 1133 792 cogitationibusque
1143 756 1267 786 animum
1277 756 1361 793 agita-

260 799 335 818 verat
352 790 385 818 ab
407 791 522 819 ineunte
540 797 628 821 aetate.
665 792 684 820 i.
704 802 728 821 e.
750 792 924 822 Exercuerat.

240 829 348 864 Agitare
366 835 458 865 caput.
481 828 619 858 Columel.
644 828 692 859 lib.
704 834 729 859 6.
745 840 806 867 cap.
823 834 849 859 6.

242 865 366 900 Chorus,
390 866 407 894 i.
428 875 452 895 e.
475 866 596 896 Choreas
610 877 746 898 exercere.
770 869 844 905 Virg.
859 878 885 903 4.
910 868 1008 906 Georg.
1024 878 1086 905 533.

242 903 348 931 Coetus.
370 903 477 933 Sallust.
504 905 610 941 Nequis
626 906 655 934 in
664 907 731 935 urbe
744 913 834 936 coetus
844 907 994 936 nocturnos
1012 917 1027 935 a
1048 906 1129 935 itarit.

240 940 361 969 Conlilia
373 963 380 976 ,
404 941 480 971 idem
496 943 570 980 quod
583 943 712 973 Tractare
725 943 846 973 consilia.
868 943 926 972 Liv.
939 955 966 980 4.
1016 944 1028 973 l
1051 944 1173 974 isecreta
1182 944 1294 974 consilia
1303 945 1359 983 agi-

258 985 316 1007 tare
329 988 335 1008 :
364 980 439 1016 queri
454 979 480 1008 se
494 990 509 1009 a
545 980 607 1009 lebe
621 982 692 1010 adeo
708 981 821 1020 spretos.

239 1015 415 1046 Convivium.
448 1017 512 1046 Ter.
559 1028 599 1048 ec.
621 1029 644 1048 1.
661 1029 687 1049 2.
704 1026 745 1053 18.
780 1019 919 1056 Agitarem
930 1019 1002 1048 inter
1015 1028 1065 1048 vos
1080 1018 1167 1048 libere
1184 1021 1354 1051 convivium.

260 1053 313 1083 Ubi
322 1054 464 1089 Donatus,
484 1057 570 1093 Agere
580 1079 588 1091 ‚
608 1057 646 1086 est
655 1057 761 1095 aliquid
778 1056 823 1086 vel
843 1055 1023 1085 necessarium
1038 1057 1142 1086 facere:
1168 1057 1277 1095 Agitare
1287 1080 1295 1093 ,
1310 1068 1358 1087 vo-

256 1090 417 1158 lup}arium.
440 1092 526 1123 Plaut.
539 1094 608 1123 Asin.
624 1106 647 1131 ς.
661 1105 684 1124 1.
702 1105 727 1133 7.
751 1095 813 1124 Hoc
827 1094 962 1132 agitemus
973 1095 1134 1124 convivium
1142 1095 1210 1125 vino
1223 1096 1358 1127 &sermo-

258 1139 294 1158 ne
320 1140 390 1159 uavi.

1061 680 1087 709 h.
1111 690 1135 711 e.
1162 681 1253 710 Vitam
1268 680 1361 710 transi-

1857 76 1885 110 A
1982 74 2015 109 G
2114 76 2151 110 O

1455 153 1575 190 Jac‘tatus
1588 158 1671 190 atque
1684 155 1801 192 agitatus
1814 155 1929 191 injuriis.
1953 155 2010 184 Cic.
2020 165 2070 193 pro
2084 155 2181 192 Quint.
2197 166 2238 185 ιο.
2262 156 2332 186 Orat
2346 161 2430 194 atque
2441 155 2573 198 obsecrat,

1478 198 1508 220 ut
1522 192 1616 220 multis
1634 193 1740 225 iniuriis
1751 194 1879 228 jactatam
1897 202 1979 230 atque
1999 194 2128 230 agitatam
2140 195 2296 231 :equitatem
2311 217 2320 230 ,
2342 196 2372 223 in
2394 196 2448 224 hoc
2461 197 2572 229 tandem

1429 237 1431 239 ·
1476 229 1540 257 loco
1555 229 1698 258 consistere
1715 231 1740 258 cst
1750 230 1905 259 confirmari
1917 231 2072 267 patiamini.

1458 266 1602 296 Tractatus
1613 269 1638 295 S<
1648 267 1774 302 agitatus.
1796 268 1853 297 Cic.
1867 278 1890 305 3.
1907 270 1942 297 de
1950 268 2026 297 Orat.
2039 279 2080 303 51.
2102 268 2204 298 Verum
2216 269 2292 298 enim
2306 270 2426 306 oratori,
2446 280 2505 307 quae
2513 270 2573 303 sunt

1478 305 1507 332 in
1519 304 1665 332 hominum
1679 305 1752 339 vita,
1773 306 1868 334 omnia
1886 306 2010 343 quaesita,
2030 306 2141 342 audita,
2171 306 2259 342 ledta,
2280 306 2431 345 disputata,
2452 309 2569 347 tractata,

1476 343 1576 378 agitata
1593 341 1646 370 eise
1660 342 1772 371 debent.

1460 379 1581 416 Adoptio
1596 379 1779 416 Theophanis
1793 380 1891 417 agitata
1908 381 1953 409 est.
1977 380 2035 410 Cic.
2052 390 2102 417 pro
2114 380 2191 410 Balb.
2211 389 2253 418 57.

1460 417 1515 446 Res
1534 417 1633 455 agitata
1647 417 1674 445 in
1685 418 1869 447 concionibus
1881 441 1888 454 ,
1909 419 2008 454 jactata
2018 419 2047 446 in
2054 418 2176 454 judiciis,
2191 425 2407 449 commemorata
2420 420 2451 448 in
2462 420 2569 454 Senatu.

1479 455 1536 482 cic.
1554 464 1604 491 pro
1616 454 1726 483 Cluent.
1739 466 1764 490 4.

1459 491 1603 520 Sententia
1617 492 1725 529 agitata.
1749 492 1807 522 Cic.
1819 503 1870 531 pro
1880 493 1973 522 Domo
1984 492 2030 521 sua
2040 515 2047 527 ,
2069 502 2095 528 9.

1421 529 1443 558 A
1453 538 1470 557 G
1481 540 1489 556 1
1499 539 1519 557 T
1527 539 1545 557 A
1553 538 1589 557 τι
1600 539 1616 557 o
1627 539 1642 557 R
1651 552 1658 563 ,
1680 540 1801 568 compar.
1813 538 1853 566 ut,
1874 531 2006 567 Agitatior
2016 531 2134 567 animus,
2146 540 2196 568 pro
2211 531 2322 569 Agilior.
2344 532 2408 562 Sen.
2419 532 2503 571 Epist.
2511 544 2570 572 109.

1460 567 1638 603 Agitatiorem
1650 568 1717 596 mihi
1733 569 1856 598 animum
1874 568 1928 598 effe
1944 567 2100 598 credebam.
2131 568 2264 606 Loquitur
2275 570 2353 599 deco
2368 576 2503 609 tempore,
2519 583 2572 610 quo

1460 604 1613 633 abstinebat
1629 615 1644 634 a
1664 606 1800 636 carnibus.

1422 642 1626 671 AorrATus
1639 664 1646 678 ,
1675 644 1715 672 us.
1737 653 1775 673 m.
1796 644 1922 673 Macrob.
1942 653 1968 672 2.
1988 653 2032 678 14.
2053 643 2214 681 spontaneo
2230 644 2293 674 ferri
2312 644 2423 681 agitatu.
2454 646 2533 677 Idem
2545 657 2570 686 7.
2598 647 2599 650 ’

1461 679 1569 708 Saturn.
1584 685 1609 713 8.
1632 687 1701 710 extr.
1715 682 1905 719 A'erliquidior
1920 681 1946 710 se
1959 682 2046 710 factus
2061 682 2165 718 agitatu
2180 683 2260 712 flatus
2267 682 2392 713 efficitur.
2402 684 2477 713 conf.
2494 694 2517 715 1.
2528 696 2570 717 20.

1460 719 1486 746 ἃ
1504 726 1529 745 2.
1549 721 1589 746 16.
1620 718 1702 747 Varro
1715 729 1738 754 ς.
1749 720 1783 748 de
1792 720 1818 749 L.
1832 719 1862 749 L.
1886 731 1909 755 5.
1968 719 2011 748 uo
2022 719 2055 747 ab
2070 719 2171 756 agitatu
2180 720 2260 749 facta.

1421 755 1638 790 AcrrATro,
1669 758 1741 786 onis.
1762 758 1780 786 f.
1803 754 1933 793 [h'vnm]
1984 756 2060 786 lotus
2071 756 2124 785 five
2142 757 2312 787 Commotio.
2335 759 2393 788 Cic.
2411 769 2437 789 2.
2457 759 2493 789 de
2509 759 2571 792 Nat.

1459 792 1542 821 Deor.
1556 797 1600 822 26.
1627 793 1687 823 Nec
1699 795 1774 824 enim
1785 795 1833 824 ille
1844 802 1974 824 externus
1985 796 2011 824 Sc
2024 794 2192 824 adventitius
2206 795 2351 826 habendus
2363 797 2400 827 est
2410 803 2505 835 tepor:
2526 797 2571 830 fed

1458 839 1493 858 ex
1503 830 1608 860 intimis
1620 832 1700 861 maris
1712 833 1834 870 partibus
1846 833 1995 870 agitatione
2007 832 2150 862 excitatus.

1456 868 1577 904 Agitatio
1598 870 1624 898 Sc
1643 877 1744 899 motus.
1775 870 1832 900 Cic.
1842 880 1866 899 2.
1879 871 1914 899 de
1926 871 1989 899 Nat.
2004 870 2087 900 Deor.
2106 879 2149 908 35.
2179 871 2335 909 Agitatione
2352 873 2378 902 ἃ
2394 872 2516 903 motibus
2524 873 2586 905 lin:-

1476 916 1536 942 guae
1550 905 1628 935 cibus
1640 907 1795 937 detruditur
1809 908 2021 946 depelliturque.
2562 932 2565 934 -

1457 943 1630 980 Agitationes
1644 945 1789 975 fluctuum.
1814 946 1872 975 Cic.
1885 956 1935 983 pro
1949 946 2061 976 Mur-en.
2082 955 2125 983 35.
2166 946 2252 983 Quod
2264 947 2340 975 enim
2353 946 2470 982 fretum,
2492 958 2574 992 quem

1473 981 1631 1048 glug'pum‘3
1662 989 1705 1012 tot
1720 991 1814 1014 motus
1825 1006 1833 1020 ‚
1861 991 1966 1020 tantas,
1996 990 2055 1012 tam
2070 985 2158 1014 varias
2175 984 2278 1014 habere
2291 985 2396 1023 putatis
2413 986 2574 1022 agitationes

1496 1029 1527 1048 ut
1543 1029 1610 1048 uum
1623 1044 1628 1049 .
2504 1036 2508 1040 ·
2565 1051 2570 1054 .

1455 1056 1576 1094 Agitatio
1585 1064 1671 1088 terrae.
1689 1058 1826 1089 Columel.
1838 1059 1887 1089 lib.
1902 1069 1929 1089 2.
1945 1069 2006 1097 cap.
2018 1068 2044 1088 2.
2066 1057 2212 1088 Actionem
2223 1059 2365 1098 significat,
2381 1061 2488 1098 &quasi
2500 1071 2572 1092 exer.

1475 1095 1656 1132 citationem;
1678 1106 1735 1126 non
1750 1097 1840 1134 quase
1855 1106 1966 1127 exercet
1979 1105 2051 1126 terra
2062 1120 2070 1133 ‚
2088 1097 2136 1127 sed
2151 1107 2206 1134 qua
2226 1104 2371 1128 exercetur
2392 1098 2426 1128 ab
2437 1099 2570 1136 agricolis.

1475 1133 1549 1162 Nam
1559 1135 1585 1163 ἃ
1594 1134 1667 1172 Virg.
1678 1135 1750 1164 dixit
1764 1146 1787 1164 1.
1809 1135 1907 1173 Georg.
1921 1147 1965 1172 99.

1537 1171 1709 1210 Exercetque
1728 1173 1856 1210 frequens
1876 1174 2014 1203 tellurem.

1456 1208 1577 1245 Agitatio
1595 1211 1714 1245 mentis,
1748 1211 1787 1239 est
1807 1211 1932 1241 Assiduus
1954 1212 2001 1240 ille
2020 1216 2113 1240 motus
2122 1211 2208 1240 animi
2219 1212 2248 1240 in
2266 1211 2349 1242 rebus
2358 1212 2438 1242 variis
2453 1208 2583 1250 cogitati-¹¹

1477 1247 1519 1276 dis
1531 1269 1539 1282 ,
1563 1249 1590 1277 Sc
1605 1248 1678 1285 quasi
1692 1249 1794 1278 mentis
1807 1249 1889 1287 ipsius
1905 1250 2075 1279 exercitatio,
2101 1249 2159 1278 Cic.
2174 1260 2198 1279 1.
2215 1248 2272 1279 Off.
2290 1261 2330 1285 19·
2371 1249 2447 1279 Tum
2460 1252 2571 1288 agitatio

1475 1286 1577 1314 mentis
1587 1308 1594 1321 ,
1610 1296 1670 1323 quae
1679 1296 1822 1324 nunquam
1833 1287 1997 1324 acquiescit,
2013 1288 2103 1325 potest
2117 1297 2169 1316 nos
2177 1288 2207 1317 in
2215 1288 2311 1317 studiis
2326 1288 2522 1330 cogitationis,
2533 1295 2578 1319 etv
2590 1311 2591 1314 ,

1474 1322 1530 1351 iam
1541 1323 1596 1353 sine
1606 1333 1689 1362 opera
1699 1325 1788 1353 nostra
1797 1326 1949 1354 continere.
1972 1325 2091 1362 Quintil.
2115 1325 2164 1354 lib.
2184 1336 2207 1355 1.
2228 1336 2289 1363 cap.
2306 1337 2329 1355 1.
2369 1326 2447 1356 Sicut
2461 1337 2524 1357 aves
2537 1327 2587 1358 ad*-

1473 1360 1598 1390 volatum
1611 1384 1618 1396 ,
1640 1363 1704 1399 equi
1716 1362 1751 1391 ad
1770 1362 1877 1392 cursum
1889 1386 1897 1397 ,
1917 1364 1952 1392 ad
1964 1363 2094 1393 saevitiam
2103 1363 2168 1392 ferae
2179 1364 2344 1402 gignuntur:
2366 1364 2405 1393 ita
2421 1364 2502 1394 nobis
2510 1371 2587 1404 pro-¹

1474 1399 1536 1436 pria
1544 1400 1582 1428 est
1594 1401 1695 1429 mentis
1705 1401 1819 1437 agitatio
1829 1423 1837 1435 ,
1858 1407 1940 1438 atque
1957 1401 2073 1430 solertia.
2575 1415 2581 1421 -

1454 1436 1574 1473 Agitatio
1586 1436 1702 1475 spiritus.
1726 1438 1791 1468 Plin.
1812 1438 1859 1468 lib.
1873 1449 1917 1468 20.
1932 1449 1992 1477 cap.
2008 1450 2032 1474 ς.
2054 1439 2089 1468 de
2099 1448 2237 1476 caeparum
2246 1438 2594 1478 purgamentisloquens‚-·

1473 1475 1509 1504 Et
1525 1474 1637 1511 fijejuni
1652 1477 1777 1513 quotidie
1790 1477 1893 1511 edant,
1914 1476 2072 1506 firmitatem
2080 1476 2248 1507 valetudinis
2261 1478 2409 1507 custodiri:
2431 1478 2571 1509 stomacho

1474 1512 1555 1541 utilia
1569 1513 1622 1541 effe
1641 1514 1751 1551 spiritus
1761 1515 1920 1551 agitatione.

1453 1550 1573 1588 Agitatio
1587 1551 1739 1581 studiorum
1754 1575 1761 1587 ,
1784 1562 1843 1589 quae
1854 1553 2008 1582 studiorum
2018 1550 2186 1581 Exercitatio
2202 1552 2313 1582 dicitur.
2342 1552 2400 1582 Cic.
2417 1552 2452 1582 de
2462 1554 2569 1585 Senect.

1473 1598 1518 1624 23.
1551 1589 1591 1618 An
1603 1599 1661 1618 non
1673 1590 1701 1618 in
1711 1590 1840 1619 omnibus
1854 1590 1896 1619 his
1905 1590 2059 1619 studiorum
2068 1590 2181 1626 agitatio
2189 1591 2253 1619 vitae
2260 1590 2371 1627 aequalis
2381 1591 2436 1620 fuit
2445 1592 2459 1621 ⁵?

1415 1626 1483 1657 Aer
1494 1630 1538 1655 'ra
1549 1636 1619 1655 ‘ron
1631 1650 1639 1662 ,
1660 1628 1724 1657 oris.
1744 1637 1783 1656 m.
1802 1626 1939 1664 [ἐλατῆς]
1962 1629 2136 1657 Hocnomen
2152 1628 2226 1663 fere,
2248 1629 2322 1667 apud
2334 1634 2442 1658 autores
2453 1629 2569 1662 relatum

1451 1664 1565 1693 invenio
1576 1665 1611 1693 ad
1630 1675 1764 1703 equorum
1778 1676 1943 1695 curruumve
1957 1667 2101 1695 restorem.
2137 1665 2195 1695 Cic.
2216 1676 2256 1704 13.
2282 1668 2391 1696 Att.21.
2432 1667 2469 1696 Ut
2480 1667 2583 1698 bonus*

1450 1702 1520 1739 saepe
1536 1703 1661 1739 agitator.
1703 1704 1757 1733 Hic
1773 1705 1973 1741 metaphorice.
2010 1703 2088 1733 Idem
2096 1714 2122 1739 4.
2145 1704 2228 1733 Acad.
2241 1715 2285 1741 94.
2316 1705 2371 1741 Ego
2383 1704 2458 1734 enim
2472 1713 2503 1734 ut
2515 1707 2569 1744 agi-

1448 1745 1523 1769 tator
1537 1740 1654 1770 callidus
1664 1765 1671 1778 ,
1692 1743 1767 1781 prius
1779 1752 1860 1778 quam
1868 1743 1903 1771 ad
1919 1742 2003 1771 finem
2014 1741 2125 1770 veniam
2140 1763 2149 1776 ,
2170 1751 2256 1779 equos
2272 1742 2418 1772 sustinebo.
2457 1743 2527 1781 Virg.
2542 1755 2566 1774 1.

1448 1778 1511 1808 AEn.
1521 1783 1585 1814 476.
1663 1797 1699 1800 —
1723 1781 1748 1809 Sc
1767 1789 1902 1816 equorum
1923 1780 2037 1816 agitator
2051 1778 2164 1808 Achillis
2574 1803 2577 1814 ,

1522 1817 1646 1854 Armiger
1665 1819 1849 1846 Automedon.
1921 1818 1975 1847 Hic
1993 1818 2076 1846 etiam
2094 1817 2193 1854 Auriga
2217 1816 2361 1846 dicebatur
2376 1840 2384 1853 ,
2405 1818 2474 1848 ficut
2495 1820 2521 1849 Sc
2537 1819 2569 1852 in

1448 1853 1529 1921 gaoris
1555 1855 1753 1885 certaminibus
1763 1877 1771 1891 ,
1800 1856 1848 1893 qui
1874 1855 1965 1893 bigas,
2006 1861 2055 1884 aut
2079 1855 2223 1894 quadrigas
2250 1855 2390 1893 regebant.
2447 1856 2520 1895 Virg.
2541 1866 2566 1887 1.

1475 1901 1577 1929 eorg.2
1602 1902 1624 1929 3.

1520 1902 1600 1968 Saepie
1620 1931 1684 1961 oleo
1699 1931 1770 1961 tardi
1789 1931 1875 1960 costas
1891 1931 2006 1967 agitator
2024 1930 2099 1960 aselli

1519 1968 1626 1998 Vilibus
1645 1976 1692 1999 aut
1712 1976 1808 1999 onerat
1829 1970 1930 2007 pomis.
1972 1969 2000 1998 h.
2022 1978 2046 1998 e.
2069 1968 2173 2006 agaso,
2197 1968 2232 1997 ab
2255 1969 2373 2006 agendo.

1408 2005 1648 2043 Acrrsi‘rmx,
1678 2008 1738 2037 icis.
1761 2008 1779 2037 f.
1802 2007 1994 2037 Gubernatrix.
2024 2007 2105 2044 Apul.
2119 2007 2155 2035 de
2166 2006 2267 2040 Dogm.
2291 2007 2355 2037 Plat.
2371 2011 2468 2047 r.p.6.
2505 2008 2566 2039 Ani-
2603 2017 2604 2021 ¹

1445 2053 1491 2073 ma
1499 2045 1625 2082 agitatrix
1636 2046 1754 2075 aliorum
1767 2067 1774 2081 ,
1795 2055 1855 2082 quae
1866 2052 1962 2074 natura
1970 2044 2017 2074 sua
2027 2045 2143 2073 immota
2151 2044 2214 2073 sunt
2222 2051 2304 2082 atque
2316 2046 2401 2083 pigra.
2423 2046 2524 2077 Arnob.
2535 2058 2567 2085 4.
2603 2047 2604 2050 ’

1446 2092 1473 2119 p.
1490 2093 1550 2117 141.
1582 2082 1717 2113 Silvarum
1735 2084 1862 2121 agitatrix
1876 2083 1972 2112 Diana.
2602 2110 2604 2122 ,

1406 2119 1658 2157 ΑςιτΑῃῑως,
1690 2131 1714 2150 e,
1735 2121 1796 2157 Adj,
1818 2117 1960 2156 [hm-1235]
1990 2119 2076 2156 Quod
2094 2119 2174 2150 facile
2193 2119 2250 2150 huc
2270 2125 2352 2158 atque
2367 2120 2436 2151 illuc
2447 2121 2565 2159 agitatur

1446 2158 1472 2187 ἃ
1492 2158 1655 2195 impellitur.
1679 2159 1763 2189 Ovid.
1780 2169 1803 2188 1.
1825 2159 1895 2188 Met.
1913 2169 1957 2196 75.

1517 2196 1603 2226 Terra
1614 2198 1683 2226 feras
1704 2197 1795 2235 cepit,
1814 2196 1939 2225 volucres
1957 2195 2095 2232 agitabilis
2105 2197 2159 2225 ae‘r.

1405 2233 1428 2262 A
1438 2243 1455 2262 c
1465 2243 1481 2262 o
1491 2243 1530 2263 cs
1540 2257 1548 2269 ,
1570 2244 1608 2264 es.
1649 2235 1762 2267 Nomen
1777 2234 1851 2264 urbis
1861 2235 2027 2272 AEthiopiae‚
2051 2243 2112 2271 quae
2126 2234 2164 2263 est
2181 2233 2229 2263 sub
2240 2234 2370 2273 AEgypto.
2391 2234 2462 2265 Plin.
2472 2234 2520 2265 lib.
2536 2237 2562 2266 6.
2600 2244 2601 2266 1

1444 2281 1505 2309 cap.
1519 2282 1563 2307 29.
2600 2302 2601 2307 ,

1405 2310 1553 2345 Aeaeis,
1583 2312 1597 2346 [
1617 2305 1729 2346 famma),
1758 2303 1771 2337 ’ὃ
1789 2310 1872 2346 ἀμφὶ
1891 2310 1906 2344 ]
1935 2308 2019 2338 Fossae
2040 2308 2104 2338 sunt
2132 2309 2162 2338 in
2190 2309 2308 2339 metallis
2335 2311 2447 2340 aurariis
2464 2332 2472 2346 ‚
2511 2321 2561 2349 per
2599 2318 2602 2344 τ

1443 2357 1510 2384 quas
1530 2358 1600 2385 aqua
1618 2358 1715 2377 aurum
1734 2348 1845 2377 trahens
1865 2347 1977 2376 ducitur
1991 2369 1999 2382 ,
2019 2346 2093 2376 ulice
2110 2346 2212 2377 frutice
2226 2370 2233 2382 ,
2255 2348 2302 2385 qui
2323 2347 2376 2377 illis
2397 2349 2509 2378 insterni
2521 2348 2564 2378 so-
2598 2380 2600 2390 ‚

1442 2385 1483 2414 let
1498 2408 1506 2419 ,
1534 2396 1632 2416 aurum
1657 2387 1802 2417 retinente.
1823 2385 1892 2414 Plin.
1911 2385 1960 2414 lib.
1988 2394 2029 2422 33.
2053 2395 2112 2423 cap.
2134 2396 2161 2421 4.
2202 2385 2326 2415 Hermol.
2348 2385 2449 2416 Inlices
2472 2385 2563 2417 vocari
2598 2400 2599 2419 ι

1442 2424 1534 2452 tradit.
2566 2438 2567 2441 ¹
2598 2426 2599 2433 ¹

1404 2461 1581 2528 AqJOLUM,
1610 2460 1743 2491 Pastorale
1762 2460 1893 2491 baculum
1915 2470 1971 2499 quo
1991 2461 2115 2498 pecudes
2139 2466 2269 2498 aguntur.
2315 2460 2418 2491 festus.
2461 2461 2493 2491 V.
2521 2461 2577 2507 ibi,
2597 2470 2604 2509 ,j

1470 2509 1539 2529 acer.
2597 2514 2599 2518 ⁴

1403 2537 1527 2573 Aaou,
1546 2537 1631 2567 Nom.
1650 2537 1707 2566 Viri
1723 2546 1815 2575 propr.
1857 2536 1889 2565 V.
1914 2546 1933 2564 A
1944 2545 2056 2565 GNON.
2097 2537 2143 2565 Sic
2159 2537 2235 2565 enim
2253 2536 2448 2566 Scribendum.
2596 2571 2597 2576 ¹

1403 2575 1507 2604 AGON
1519 2597 1527 2608 ,
1557 2576 1629 2605 onis.
1651 2585 1688 2604 m.
1722 2571 1833 2611 [ἁμὶν]
1854 2573 2012 2609 Certamen,
2029 2574 2150 2603 studium
2165 2575 2365 2604 contentionis.
2389 2574 2447 2604 Cic.
2461 2585 2484 2604 1.
2504 2575 2557 2605 Att.
2596 2587 2599 2606 t

1444 2617 1486 2642 16.
1508 2612 1628 2642 Remoto
1648 2613 1697 2642 illo
1711 2613 1800 2643 studio
1821 2613 2029 2647 contentionis,
2051 2622 2135 2649 quem
2156 2615 2231 2645 eodm
2247 2622 2295 2641 vos
2314 2612 2468 2649 appellatis.
2494 2613 2558 2643 Fre-

239 1166 399 1197 Custodiam
411 1190 418 1203 ,
441 1169 458 1198 i.
477 1179 500 1198 e.
524 1169 676 1200 Custodire.
700 1168 785 1199 Plaut.
802 1169 875 1198 Rud.
891 1178 915 1205 3.
932 1173 958 1198 6.
972 1179 1016 1199 20.

238 1204 330 1234 Diem.
356 1206 440 1235 Plaut.
459 1207 527 1236 Pers.
544 1219 567 1243 5.
583 1218 605 1237 1.
622 1216 663 1245 17.
703 1210 759 1245 Age
775 1206 910 1237 accumbe
923 1229 931 1243 ,
952 1207 1029 1237 hunc
1045 1207 1122 1237 diem
1135 1207 1246 1238 suavem
1262 1218 1358 1239 meum

257 1243 379 1310 gatalzm
398 1245 470 1273 inter
489 1255 541 1275 nos
562 1246 699 1283 agitemus
717 1255 870 1275 amoenum.
927 1245 990 1275 Hoc
1010 1246 1095 1275 etiam
1114 1246 1217 1276 dicitur
1231 1256 1281 1285 per
1299 1258 1358 1277 ver-

279 1290 324 1309 um
377 1291 430 1311 ere.

236 1317 330 1348 Festos
342 1291 400 1348 <siges
411 1342 419 1354 ,
443 1319 612 1350 Consumere
625 1321 685 1350 dies
702 1320 784 1350 festos
796 1321 824 1350 in
845 1320 935 1355 ludis,
957 1321 1231 1358 compotationibus,
1253 1324 1280 1352 ἃ
1297 1322 1358 1353 aliis

255 1357 394 1390 eiusmodi
409 1358 666 1395 rebusvoluptariis.
706 1359 736 1388 V.
761 1360 847 1396 Agere
862 1359 936 1388 diem
953 1359 1060 1388 festum.
1083 1359 1142 1388 Clc.
1154 1371 1181 1396 4.
1204 1360 1277 1390 Verr.
1294 1371 1355 1397 154.

256 1393 343 1430 Cujus
357 1396 471 1424 nomine
479 1397 554 1433 apud
561 1397 669 1426 Siculos
681 1396 740 1425 dies
750 1396 807 1425 festi
819 1397 964 1433 agitantur.

236 1431 339 1469 Agitari
351 1433 496 1462 diversum.
523 1434 628 1463 Sallust.
641 1435 670 1463 in
680 1434 805 1471 jugurth.
829 1435 921 1464 Primo
937 1441 1110 1470 commotus,
1131 1441 1210 1465 metu
1223 1441 1305 1473 atque
1326 1436 1358 1465 li-

258 1469 354 1499 bidine
366 1470 485 1500 diversus
494 1472 654 1509 agitabatur.
681 1473 699 1501 i.
722 1482 746 1501 e.
780 1471 871 1502 Modo
883 1472 939 1502 huc
949 1495 957 1508 ‚
978 1474 1065 1502 modo
1078 1473 1146 1503 illuc
1161 1473 1358 1511 impellebatur

259 1508 289 1536 in
303 1508 420 1538 diversas
437 1508 593 1538 sententias.

235 1543 345 1582 Equum
360 1546 520 1576 calcaribus.
550 1547 634 1577 Plaut.
656 1547 725 1577 Afin.
739 1557 762 1584 3.
777 1556 801 1584 3.
816 1553 877 1581 118·
910 1547 1015 1577 Calcari
1027 1548 1239 1586 quadrupedem
1248 1550 1357 1587 agitabo

254 1583 380 1613 adversus
391 1585 503 1614 clivum.
526 1585 660 1622 Allegoria
671 1585 726 1622 est3
749 1585 821 1623 quafi
835 1586 910 1615 dicat
919 1608 927 1620 ,
944 1586 1014 1616 Eum
1025 1587 1142 1624 perinde
1156 1587 1263 1616 vexabo
1274 1594 1357 1626 atque

254 1630 358 1658 equum
367 1645 374 1656 ,
395 1623 441 1659 qui
457 1630 583 1652 montem
594 1623 765 1653 adscendens
779 1624 896 1658 agitatur
906 1623 1066 1653 calcaribus.

234 1656 325 1694 Feras,
346 1660 431 1689 Cursu
446 1661 574 1698 fatigare:
601 1668 632 1690 ut
652 1661 683 1691 iit
702 1662 731 1690 in
746 1670 857 1691 venatu.
881 1661 939 1691 Cic.
961 1671 984 1699 3.
1011 1662 1068 1692 Off.
1082 1666 1125 1697 ⁶8.
1148 1663 1256 1693 Suntne
1273 1663 1357 1701 igitur

253 1697 374 1733 insidiae,
395 1699 509 1728 tendere
525 1699 633 1737 plagas,
654 1699 757 1728 etiamsi
778 1700 948 1729 excitaturus
962 1710 1021 1729 non
1040 1700 1089 1737 fis,
1111 1711 1164 1731 nec
1182 1702 1354 1739 agitaturus?

253 1734 320 1772 lpsae
338 1736 413 1765 enim
426 1736 488 1766 ferae
503 1737 581 1766 nullo
592 1737 754 1774 insequente
765 1737 836 1776 saepe
847 1738 986 1767 incidunt.

234 1770 355 1810 Fugam,
377 1775 394 1802 i.
419 1784 441 1803 e.
464 1775 576 1812 Fugere.
601 1775 671 1812 Virg.
688 1785 713 1805 2.
734 1776 797 1806 AEn.
816 1779 880 1812 640.
920 1776 974 1805 Vos
987 1776 1088 1813 agitate
1100 1776 1202 1813 fugam.

234 1810 373 1840 Gaudium
384 1812 550 1842 &laetitiam
562 1813 668 1843 Sallust.
681 1815 712 1843 in
726 1813 805 1843 Catil.
819 1823 843 1843 c.
857 1819 903 1849 48.
915 1813 1081 1843 Ciceronem
1089 1814 1124 1843 ad
1134 1814 1238 1844 coelum
1245 1814 1353 1852 tollere,

251 1848 336 1877 veluti
349 1859 383 1878 ex
393 1850 521 1880 servitute
532 1858 627 1889 erepta
644 1873 652 1886 ,
679 1852 811 1889 gaudium
834 1857 917 1889 atque
931 1852 1056 1881 laetitiam
1067 1851 1196 1889 agitabat.

231 1885 379 1924 Ingenium
395 1897 443 1925 per
453 1890 540 1918 studia
551 1911 558 1923 ,
580 1899 630 1927 pro
642 1889 787 1919 Exercere.
816 1889 880 1919 Sen.
890 1889 974 1927 Epist.
997 1900 1057 1925 109.
1084 1890 1158 1926 Quia
1170 1890 1225 1920 hoc
1240 1896 1353 1929 tempus

250 1924 384 1954 idoneum
396 1926 433 1954 est
441 1925 579 1956 laboribus
591 1949 599 1963 ,
622 1927 757 1956 idoneum
767 1928 902 1965 agitandis
910 1937 960 1965 per
969 1928 1057 1957 studia
1072 1928 1199 1966 ingeniis.

231 1961 323 1998 Jocos.
346 1963 454 1996 Pers.‚6.
470 1965 524 1994 Sat.
540 1976 563 2000 ς.
604 1965 798 2001 Moxjuvenes
809 1965 910 2003 agitare
923 1967 1011 2002 jocos.
1038 1966 1066 1995 h.
1087 1975 1111 1995 e.
1139 1966 1281 2001 Juveniles
1298 1966 1352 1996 five

250 2000 385 2035 juvenum
395 2012 501 2032 amores
513 2003 674 2032 describere.

230 2037 367 2074 justitiam
379 2040 490 2077 agitare.
510 2040 578 2070 Plin.
591 2041 673 2078 Epist.
696 2041 767 2071 Mihi
779 2047 871 2071 autem
882 2042 1024 2079 egregium
1034 2042 1063 2070 in
1073 2041 1170 2079 primis
1179 2041 1298 2076 videtur,
1319 2047 1352 2071 ut

249 2076 315 2105 foris
326 2099 333 2111 ,
354 2077 391 2105 ita
402 2079 495 2108 domi:
518 2086 549 2107 ut
559 2080 588 2107 in
602 2080 707 2115 magnis
717 2101 725 2115 ,
746 2080 784 2108 ita
794 2080 822 2108 in
833 2081 938 2117 parvis:
962 2086 993 2110 ut
1007 2080 1038 2110 in
1051 2080 1151 2110 alienis
1161 2101 1169 2116 ‚
1193 2080 1232 2109 ita
1248 2080 1279 2108 in
1295 2079 1351 2109 suis

247 2114 349 2151 agitare
360 2115 497 2150 justitiam.
519 2117 536 2146 i.
560 2126 584 2145 e.
606 2117 716 2146 Assidue
731 2127 869 2147 exercere.

227 2150 393 2182 Latrocinia.
414 2154 481 2183 Tac.
499 2164 540 2183 12.
562 2157 631 2184 Ann.
645 2165 686 2191 39.

227 2189 407 2219 Mentionem
427 2192 462 2221 de
479 2202 508 2220 re
527 2192 626 2229 aliqua.
648 2193 704 2222 Liv.
722 2203 745 2222 1.
763 2193 870 2222 Decad.
883 2192 931 2222 lib.
942 2202 968 2230 7.

227 2227 331 2257 Morus.
362 2228 466 2259 Sallust.
498 2230 540 2259 Ne
560 2240 649 2260 moras
667 2231 796 2268 agitando
808 2253 815 2266 ‚
833 2231 910 2261 aliud
928 2240 1010 2268 quam
1029 2230 1135 2262 bellum
1155 2230 1259 2261 mallet.
1282 2232 1300 2261 i.
1321 2241 1346 2262 e.

248 2265 430 2301 Cunctando,
451 2267 616 2298 differendo,

226 2303 348 2377 Noctlem
364 2305 438 2371 aplud
456 2315 554 2342 aquam
567 2306 673 2336 Marius
685 2305 788 2344 Syllam
795 2315 860 2336 cum
870 2307 1009 2344 equitibus
1019 2306 1215 2344 agitareJubet.
1239 2307 1346 2337 Sallust.

246 2352 276 2369 1n
313 2352 328 2370 u
351 2350 421 2371 urti.

226 2351 455 2416 Pacemgagitare.
478 2380 582 2411 Sallust.
604 2382 633 2410 in
648 2382 775 2420 Jugurth.
800 2391 862 2420 cap.
881 2392 923 2418 14.
963 2381 1030 2412 Laeti
1050 2392 1150 2421 pacem
1167 2382 1346 2420 agitabamus.

246 2418 264 2446 i.
283 2427 306 2446 e.
329 2417 396 2447 Pace
415 2419 567 2448 utebamur.
609 2419 639 2448 V.
663 2420 737 2450 Cort.
748 2420 784 2449 ad
801 2430 824 2450 c.
840 2430 901 2456 109.

223 2452 338 2491 Plebem
347 2455 537 2486 seditionibus.
560 2457 628 2486 Plin.
642 2458 690 2486 lib.
701 2469 743 2494 14.
758 2468 818 2496 cap.
828 2469 854 2494 4.

224 2491 363 2530 Praecepta
375 2494 608 2527 alicuius.Sallust.
621 2496 650 2524 in
658 2496 785 2534 Jugurth.
805 2506 829 2526 e.
848 2507 891 2531 14.
904 2496 933 2524 in
942 2496 1066 2525 oratione
1075 2495 1254 2532 Adherbalis;
1276 2496 1347 2533 Quae

243 2538 381 2568 praecepta
398 2533 483 2569 patris
500 2534 555 2561 mei
575 2543 660 2572 quum
677 2535 817 2572 agitarem.
870 2533 985 2571 [Verba
1000 2534 1076 2570 haec,
1104 2534 1244 2572 Praecepta
1262 2536 1347 2572 patris

243 2569 299 2597 mei
319 2570 418 2599 merito
431 2570 560 2607 suspecta.

224 2605 388 2636 Praefidium.
422 2608 527 2637 Sallust.
542 2609 570 2637 in
581 2608 707 2647 Jugurth.
738 2609 874 2639 Cohortes
890 2619 956 2638 cum
966 2609 1045 2638 omni
1056 2609 1180 2646 equitatu
1189 2609 1347 2648 praesidium

244 2654 259 2673 a
279 2645 393 2674 itabant.
1441 2651 1617 2687 quentissime
1644 2652 1699 2680 hoc
1724 2651 1838 2680 nomine
1867 2649 2078 2687 appellabantur
2102 2650 2252 2679 certamina
2276 2649 2402 2685 ludicra,
2432 2657 2464 2680 ut
2486 2650 2560 2689 apud
2596 2653 2597 2660 ¹

223 2680 262 2712 Pu
276 2692 390 2712 monem
407 2683 509 2721 agitare
529 2682 583 2713 risu
606 2691 761 2722 perpetuo,
801 2685 820 2714 i.
842 2695 867 2714 e.
893 2684 1004 2714 Affidue
1026 2684 1125 2714 ridere.
1176 2684 1276 2720 Juven.
1301 2695 1343 2715 10.
1440 2688 1550 2718 Graecos
1565 2689 1717 2727 Olympia,
1738 2688 1851 2726 Pythia,
1873 2688 2000 2722 Isthmia,
2022 2688 2144 2716 Nemea:
2166 2688 2240 2725 apud
2262 2688 2419 2728 Romanos,
2441 2689 2557 2726 Aetiacm

242 2721 296 2750 Sat·
316 2730 357 2757 33·
1439 2726 1560 2762 Albana,
1582 2726 1758 2765 Capitolina,
1778 2725 1955 2760 Neroniana,
1976 2726 2011 2754 de
2026 2725 2126 2762 quibus
2140 2726 2194 2755 vid.
2218 2725 2308 2755 Pitisci
2332 2725 2456 2755 Lexicon
2475 2726 2554 2757 Romi
2595 2762 2597 2766 ,

303 2758 440 2796 Perpetuo
462 2757 515 2788 risu
535 2758 699 2796 pulmonem
717 2760 818 2798 agitare
832 2759 938 2789 solebat
1046 2760 1231 2790 Democritus.
1440 2765 1503 2793 Ant.

1401 2802 1425 2830 A
1435 2811 1453 2830 c
1462 2812 1478 2830 o
1488 2812 1508 2830 N
1518 2812 1551 2831 Es
1563 2824 1570 2837 ,
1611 2804 1625 2838 [
1646 2801 1757 2836 Α’ᾳῶνες]
1777 2801 1845 2829 dicti
1856 2800 1918 2829 sunt
1927 2800 2001 2838 apud
2017 2800 2159 2830 Romanos
2170 2822 2178 2835 ,
2200 2800 2256 2837 Qui
2272 2800 2466 2838 percutiebant
2480 2801 2573 2831 victi:-

1439 2849 1530 2875 mam,
1555 2840 1631 2877 quod
1648 2849 1682 2868 ex
1692 2849 1768 2868 more
1785 2839 1859 2876 prius
1870 2848 1950 2875 quam
1972 2838 2083 2867 ferirent
2095 2861 2102 2874 ,
2123 2838 2261 2876 populum
2279 2838 2430 2876 rogabant.
2453 2840 2531 2876 Agon
2542 2839 2556 2868 ἶ)
2568 2874 2576 2879 -

1438 2877 1457 2905 i.
1480 2887 1502 2907 e.
1529 2879 1642 2915 Agone‘?
1664 2879 1788 2914 ligonum
1810 2877 1940 2904 meminit
1950 2875 2107 2905 Lactantius
2118 2877 2197 2905 Statii
2215 2884 2363 2905 enarrator.
2403 2876 2557 2913 Quadrabit

1436 2915 1497 2944 haec
1506 2925 1561 2944 vox
1574 2917 1602 2944 in
1618 2917 1792 2944 cunctatores
1806 2936 1814 2946 ,
1836 2915 1882 2950 qui
1892 2913 1999 2951 semper
2009 2914 2163 2943 deliberant
2173 2936 2181 2949 ,
2201 2924 2291 2951 neque
2308 2915 2455 2952 quicquam
2466 2923 2571 2952 aggre„
2602 2947 2604 2950 ¹

1437 2953 1560 2982 diuntur.
1584 2953 1683 2982 Erasm.
1701 2953 1729 2981 in
1744 2951 1861 2981 Chiliad.
2597 2959 2600 2971 ·

1398 2990 1421 3019 A
1430 3000 1447 3018 G
1456 3000 1472 3019 0
1483 3000 1502 3019 Ν
1512 3001 1531 3020 A
1542 3001 1574 3019 1.1
1585 3001 1602 3019 A
1614 3013 1621 3024 ,
1651 2991 1725 3019 Festa
1735 2989 1883 3028 quotannis
1895 2988 2033 3030 celebrata
2045 2988 2222 3019 inhonorem
2240 2989 2310 3025 Jani.
2340 2988 2424 3019 Ovid.
2439 2999 2463 3019 1.
2486 2988 2551 3019 Fast.

1439 3037 1501 3065 3¹7-
1543 3028 1573 3057 V.
1596 3028 1714 3065 suprain
1730 3038 1747 3056 A
1759 3037 1857 3056 ctae.
1880 3026 1927 3055 sub
1943 3028 1990 3055 nn.

1398 3065 1611 3101 AGoNAtrs,
1633 3076 1656 3095 e.
1694 3065 1778 3094 Ovid.
1803 3075 1825 3093 1.
1847 3064 1911 3093 fast.
1933 3070 1992 3098 318.

1509 3103 1594 3138 Janus
1612 3103 1725 3140 Agonali
1742 3103 1803 3131 luce
1819 3102 1938 3140 piandus
1956 3102 2015 3130 erit.
2596 3129 2598 3136 ‚

1398 3140 1471 3169 AGo
1481 3151 1500 3169 N
1512 3151 1530 3169 A
1541 3151 1572 3175 x,
1602 3141 1751 3170 Zoroastris
1767 3140 1819 3168 suit
1833 3146 1996 3177 praeceptor.
2026 3139 2094 3168 Plin.
2107 3139 2154 3168 lib.
2167 3149 2211 3176 30.
2228 3149 2290 3178 cap.
2304 3149 2327 3169 1.
2364 3138 2448 3168 Hunc
2460 3145 2552 3180 tamen
2601 3147 2604 3154 ¹

1436 3178 1483 3206 alii
1503 3181 1657 3207 Azonacem
1671 3187 1778 3207 vocant.

1397 3216 1419 3245 A
1428 3225 1446 3244 G
1455 3226 1472 3244 0
1482 3226 1502 3244 N
1512 3227 1548 3244 [Α
1560 3238 1568 3251 ,
1589 3215 1682 3252 Hostia
1696 3217 1812 3244 mactata
1830 3215 1858 3242 in
1879 3214 2048 3249 agonalibus.
2086 3214 2187 3244 Festus.

1396 3254 1542 3282 Aeonis
1556 3276 1564 3289 ,
1598 3254 1660 3282 idis.
1693 3253 1797 3283 Mulier
1817 3252 2004 3290 Lilybaetana,
2025 3251 2123 3281 liberta
2135 3251 2249 3281 Veneris
2268 3251 2401 3288 Erycinae.
2442 3251 2501 3280 Cic.
2525 3259 2547 3279 1.
2594 3272 2604 3282 ,.

1394 3291 1456 3357 Acy
1453 3301 1517 3357 gisi}
1528 3302 1576 3357 1555]ss
1593 3351 1601 3365 ,
1624 3324 1761 3364 [apium]
1782 3327 1849 3356 Dies
1867 3326 2074 3364 appellabatur,
2097 3336 2151 3364 quo
2170 3335 2218 3355 rex
2240 3325 2356 3356 hostiam
2375 3325 2546 3355 immolabat.

1432 3366 1533 3395 Festus.

1393 3403 1416 3432 A
1426 3413 1443 3431 G
1453 3413 1469 3431 o
1479 3414 1497 3432 Ν
1508 3415 1516 3432 1
1528 3414 1546 3432 U
1556 3413 1567 3432 s
1579 3426 1587 3437 ,
1608 3403 1684 3433 Deus
1696 3404 1742 3440 qui
1753 3402 1833 3432 rebus
1850 3402 1963 3438 agendis
1974 3400 2141 3438 praesidebat.
2185 3401 2269 3430 idem.

1393 3442 1613 3470 aconensis
1629 3463 1637 3475 ,
1667 3451 1690 3470 e.
1713 3442 1772 3477 Adj.
1789 3446 1818 3469 ut
1833 3461 1840 3474 ,
1865 3439 1942 3468 Porta
1968 3439 2130 3476 Agonensis,
2162 3439 2179 3467 i.
2203 3449 2228 3468 e.
2251 3437 2377 3474 Collina,
2407 3438 2482 3476 apud
2499 3438 2548 3468 Fe-

1429 3479 1508 3507 stum.
1548 3478 1685 3508 Saliorum
1699 3487 1855 3515 cognomen
1869 3477 2053 3514 Agonensium
2065 3476 2140 3514 apud
2150 3477 2171 3505 V
2175 3486 2224 3505 arr.

1391 3516 1581 3551 Acouizo,
1619 3516 1781 3553 [ἀφωνίζειν]
1808 3518 1861 3545 are.
1894 3516 2012 3544 Certare.
2044 3514 2123 3551 Vulg.
2151 3514 2234 3544 Sirac.
2254 3525 2279 3550 4.
2301 3523 2345 3551 27.
2379 3514 2429 3543 Pro
2447 3513 2546 3550 justitia

1429 3563 1584 3582 a‘omzare.

1389 3565 1594 3620 AoiinrsrA
1609 3611 1616 3625 ‚
1638 3599 1667 3620 ae.
1691 3599 1728 3618 m.
1751 3588 1912 3625 [damma]
1933 3588 2132 3624 concertator,
2154 3590 2258 3626 peritus
2279 3589 2412 3618 certandi.
2453 3588 2527 3618 Hinc

1389 3628 1464 3656 Aoo
1475 3638 1653 3658 Νιετιυυς
1669 3650 1677 3664 ,
1699 3638 1729 3662 a,
1751 3637 1806 3656 um.
1829 3623 2001 3663 [anans-wic]
2024 3627 2062 3656 Ad
2075 3636 2176 3662 agonas
2194 3627 2346 3664 pertinens.
2369 3625 2486 3655 Tertull.
2508 3625 2543 3654 de

1428 3665 1530 3694 Coron.
1549 3665 1611 3694 Mil.
1626 3675 1685 3703 cap.
1708 3674 1748 3701 13.
1791 3664 1936 3699 Numquid
1954 3666 1980 3693 St
2000 3665 2155 3701 agonisticae
2167 3664 2252 3693 causae
2265 3664 2496 3701 disputabuntur‘.>
2509 3662 2545 3692 Et

1427 3703 1557 3739 Cyprian.
1576 3703 1687 3732 Exhort.
1699 3703 1781 3732 Mart.
1796 3701 1948 3738 Agonistica
1961 3712 2072 3730 corona.
2357 3735 2362 3745 1

1389 3739 1678 3775 ΑεοΝοΤΗΕτΑ,
1711 3740 1763 3769 live
1792 3739 1922 3769 Acono
1936 3741 2096 3772 ruii’rss,
2123 3749 2154 3768 ae.
2176 3748 2212 3767 m.
2242 3738 2429 3773 [A'Jwvo'fivnr]
2460 3737 2541 3767 Erant
2590 3742 2591 3746 ’

1426 3782 1540 3811 autem,
1571 3778 1768 3814 Agonothetae,
1800 3778 1925 3813 Agonum
1947 3778 2149 3811 moderatores,
2178 3775 2358 3813 praesidesque
2376 3777 2402 3805 ἃ
2426 3775 2538 3809 iudices.

1424 3813 1581 3843 Decemviri
1598 3823 1674 3843 crant
1692 3816 1826 3843 sacrorum
1842 3815 2024 3843 certaminum
2041 3814 2166 3850 praesides
2181 3812 2277 3849 singull
2297 3823 2312 3841 e
2328 3812 2438 3854 singulis
2458 3813 2542 3842 tribu-

1424 3850 1484 3878 bus.
1532 3852 1637 3881 Horum
1656 3853 1765 3881 lictores
1792 3852 1956 3880 dicebantur
1982 3851 2194 3888 Mastigophori,
2223 3851 2239 3878 i.
2264 3860 2288 3878 e.
2328 3850 2491 3892 Flagril‘em,
2506 3847 2540 3878 ad

1423 3887 1651 3920 summovendam
1665 3890 1789 3925 turbam,
1811 3889 2016 3921 &cohibendas
2025 3887 2182 3918 seditiones.
2223 3888 2397 3926 Spartian.in
2407 3888 2537 3955 Haqlfflialn.
2584 3922 2585 3934 χ

2450 3931 2461 3955 l
2485 3935 2501 3954 u
2513 3930 2539 3953 ta
2584 3941 2589 3947 υ

224 2795 423 2832 Quaestionem.
464 2795 495 2825 V.
519 2807 564 2833 Qu
574 2808 597 2825 Α
607 2807 619 2826 s
628 2807 647 2825 ‘r
658 2808 667 2825 1
677 2807 702 2826 ο.

222 2833 293 2863 Rem
308 2834 428 2871 aliquam
440 2833 631 2869 sermonibus,
653 2845 703 2872 pro
714 2835 852 2864 Tractare.
872 2834 930 2864 Liv.
949 2844 973 2872 3.
995 2834 1137 2865 Versarent
1156 2836 1184 2864 in
1196 2836 1294 2866 animis
1306 2837 1344 2867 se-

241 2882 306 2901 cum
315 2881 538 2909 unamquamque
549 2882 616 2907 rem,
627 2873 760 2909 agitarent
773 2873 875 2901 deinde
886 2872 1066 2909 sermonibus,
1081 2880 1163 2911 atque
1173 2874 1203 2902 in
1216 2875 1342 2905 medium

242 2910 309 2947 quid
318 2910 345 2938 in
361 2919 469 2947 quaque
480 2918 509 2938 re
523 2909 585 2947 plus
598 2910 724 2939 minusve
733 2910 800 2939 effet
809 2911 975 2940 conferrent.

221 2947 435 2985 Rempublicam
449 2969 457 2982 ,
478 2956 529 2985 pro
543 2947 676 2976 Turbare.
705 2948 811 2977 Sallust.
823 2949 852 2977 in
867 2948 946 2977 Catil.
970 2958 993 2977 c.
1008 2954 1051 2983 38.

220 2986 302 3015 Sacra
312 3007 320 3020 ,
347 2995 397 3023 pro
417 2988 521 3022 Agere,
552 2985 597 3014 vel
624 2985 791 3023 frequenter
811 2996 898 3024 agere.
938 2985 1027 3015 Catul.
1059 2985 1094 3015 de
1121 2986 1286 3024 Berecynth.
1315 2990 1342 3018 &a

241 3024 299 3053 Atv.
325 3033 340 3052 2
363 3046 369 3052 .

220 3056 289 3098 Spes
301 3035 406 3090 inaliies.
439 3060 522 3090 Ovid.
542 3068 568 3098 7.
591 3059 661 3090 Met.
680 3064 742 3097 336.

220 3099 292 3128 Vias.
322 3100 385 3128 Sen.
404 3098 520 3136 Hippol.
544 3107 568 3133 3.
591 3102 654 3134 964.
694 3099 750 3127 Cur
766 3097 819 3127 tibi
834 3103 910 3127 tanta
927 3099 965 3128 est
974 3108 1057 3134 cura,
1078 3108 1215 3136 perennes
1233 3101 1342 3138 Agitare

239 3138 295 3166 vias
311 3137 419 3166 aethcris
435 3135 507 3167 alti?
531 3137 582 3166 ἃς.
614 3135 747 3174 Naturam
766 3135 924 3172 alloquitur.

220 3174 343 3211 Vigilias.
366 3174 451 3203 Plaut.
463 3174 542 3203 Trin.
556 3185 582 3209 4·
594 3183 619 3203 2.
636 3183 680 3210 27.
721 3174 738 3202 i.
757 3183 781 3202 e.
802 3173 904 3202 Totam
922 3175 1034 3204 not‘tem
1046 3173 1168 3210 vigilare.

219 3211 319 3241 Vitam.
340 3211 446 3241 Sallust.
459 3212 488 3240 in
503 3211 582 3240 Catil.
600 3220 624 3241 c.
637 3221 662 3240 2.
696 3211 729 3240 Et
741 3212 869 3247 jamtum
879 3212 937 3241 vita
957 3211 1105 3240 hominum
1119 3212 1174 3241 line
1185 3213 1341 3250 cupiditate

240 3250 400 3286 agitabatur.
434 3259 486 3287 pro
497 3271 504 3285 ,
533 3249 679 3287 Agebatur.

219 3288 360 3324 Agitatur,
380 3297 447 3317 num
468 3287 526 3316 haec
538 3287 630 3325 regula
640 3287 749 3325 lougius
762 3285 944 3324 producenda
959 3286 998 3315 sit.
1020 3285 1119 3315 Paulus
1130 3286 1186 3315 inl.
1203 3297 1226 3317 1.
1238 3289 1259 3325 §.
1290 3288 1341 3318 Ve.

238 3330 318 3354 teres.
350 3324 382 3354 D.
405 3325 441 3354 de
461 3325 563 3362 acquir.
577 3324 683 3363 poiseff.

218 3363 386 3400 Agitandum
395 3363 433 3391 est
442 3372 543 3400 corpus
552 3362 605 3391 levi
614 3363 772 3400 gestatione.
793 3360 862 3391 Cels.
871 3359 919 3389 lib.
934 3369 957 3395 3.
970 3370 1031 3398 cap.
1044 3364 1069 3390 6.
1092 3360 1336 3398 Oppositumibid.

239 3403 396 3430 Concutere
407 3400 619 3429 vehementibus
633 3399 830 3438 gestationibus
849 3408 958 3435 corpus.

181 3441 203 3470 A
213 3449 277 3468 (31T
288 3449 306 3466 A
317 3448 357 3467 Ns
368 3460 376 3472 ,
399 3438 493 3467 Partic.
517 3439 681 3473 [ἀνακινῶν]
703 3438 762 3467 Cic.
775 3447 798 3466 2.
813 3438 848 3465 de
860 3436 918 3465 Fin.
932 3446 977 3471 45.
1010 3435 1096 3471 Quod
1111 3435 1129 3464 si
1143 3436 1277 3466 rationem
1292 3438 1338 3467 ha-

219 3477 303 3506 beant
313 3486 327 3504 a
341 3482 438 3504 natura
447 3476 535 3504 menti
546 3476 638 3505 datam
650 3497 657 3511 ,
679 3477 705 3505 Sc
719 3485 811 3504 acrem
823 3476 848 3504 S<
864 3474 1004 3511 vigentem
1014 3495 1022 3508 ,
1041 3473 1240 3510 celerrimeque
1250 3476 1337 3505 multa

219 3515 386 3551 agitantem,
407 3514 459 3542 &a
1047 3548 1052 3553 ·
1130 3548 1135 3553 Ι

183 3552 362 3583 ΑοιΤΑΤυ
374 3560 401 3585 s,
433 3551 529 3579 Partic.
551 3556 602 3585 ut,
634 3551 758 3587 Agitatus
772 3550 798 3579 ἃ,
814 3549 981 3578 exercitatus
996 3557 1068 3576 curis
1091 3557 1200 3577 animus
1222 3548 1337 3585 [ἐληλα-

219 3585 333 3623 fistuca]
353 3588 410 3617 Cic.
429 3589 457 3616 in
470 3589 565 3617 Somn.
577 3588 650 3626 Scip.
662 3598 705 3617 21.
743 3588 814 3616 Sunt
822 3586 1035 3628 autemoptimrr.
1051 3595 1123 3628 cura:
1140 3585 1175 3614 de
1191 3586 1275 3615 salute
1292 3599 1337 3624 pa-

217 3627 292 3655 triae:
315 3626 414 3663 quibus
428 3626 544 3663 agitatus
564 3627 590 3654 Sc
606 3627 771 3655 exercitatus
794 3625 917 3660 animus,
939 3623 1103 3653 vclOClusln
1120 3623 1193 3652 hanc
1203 3623 1297 3653 sedem
1309 3628 1336 3655 Sc

220 3665 335 3693 domum
347 3663 420 3692 suam
434 3663 594 3700 pervolabit.
1146 3698 1151 3703 ¹

219 3701 357 3738 Agitutum
369 3703 393 3730 ok
406 3701 533 3735 fluitans,
555 3701 633 3735 cujus
647 3700 830 3734 contrarium,
861 3698 1092 3736 Tranquillum&
1106 3704 1239 3735 quietum.
1273 3699 1333 3728 Cic.

238 3738 272 3767 de
289 3736 408 3767 Univers.
425 3746 449 3774 7.
490 3738 562 3766 Nam
580 3747 665 3773 quum
688 3736 868 3766 constituisset
884 3737 956 3765 {leus
976 3736 1056 3765 bonis
1079 3735 1208 3765 omnibus
1223 3736 1335 3773 explere

236 3775 391 3807 mundum,
414 3775 729 3808 malinihiludmilccrc,
752 3775 949 3811 quoadn.1u¹ra
959 3780 1114 3811 pateretur:
1136 3774 1267 3810 quicquid
1278 3781 1335 3803 crat

237 3813 311 3851 quod
323 3813 350 3841 in
365 3813 496 3841 cernendi
510 3813 734 3841 sensumcaderet
748 3833 755 3846 ,
778 3813 804 3839 id
816 3812 862 3840 sibi
878 3811 1029 3849 affumpiit,
1051 3821 1108 3840 non
1118 3811 1296 3848 tranquillum
1307 3813 1333 3841 Sc

236 3851 361 3888 quietum
373 3871 380 3884 ‚
401 3849 446 3878 sed
456 3850 636 3879 immoderate
650 3850 782 3887 agitatum
798 3852 824 3879 <Sc
837 3850 947 3878 fluitans
961 3859 967 3878 :
993 3849 1077 3886 idque
1088 3858 1122 3879 ex
1134 3849 1292 3878 inordinato
1303 3849 1333 3878 in

234 3889 363 3918 ordinem
383 3887 507 3918 adamat.
