2604 4222
106 126 174 158 602
572 107 603 143 C
699 104 735 139 Ο
831 100 871 135 Μ

143 193 743 271 1118ξὲἚέίεὶῖῗῖἒέἑῗξεῖτεῐὲὲάζῗίἑῖιὶῗτιεὶειῃ.
784 221 842 250 Cic.
854 227 881 248 ².
895 217 947 246 att.
964 225 1005 252 17.
1033 214 1184 252 Nunquam
1198 212 1256 242 huc

164 276 316 308 venissent,
337 272 385 301 nili
397 272 432 300 ad
442 269 509 299 alias
519 276 560 297 res
574 264 714 304 pestiferas
726 257 949 301 aditus-sibicom
963 260 1086 297 ararent.

146 314 255 346 Bellum
267 321 323 341 nori
332 317 491 347 comparare
507 328 515 341 ,
534 304 580 334 sed
591 304 645 338 jam
656 308 758 338 gerere.
791 296 849 325 Cic.
865 303 889 329 3.
902 293 947 322 Phi
962 301 1019 328 ipp.
1032 300 1073 327 pr.
1095 289 1193 325 Quum
1200 285 1259 316 bel.

168 353 227 382 lum
239 350 373 380 nefarium
383 353 479 376 contra
487 352 556 377 aras,
572 343 598 371 ἃ.
610 340 699 372 focos,
712 340 809 366 contra
818 333 904 376 vitam
914 329 1090 373 fortun-aisque
1102 326 1213 370 nostras,
1224 324 1259 353 ab

169 389 285 421 homine
294 386 439 425 profligato
450 392 482 412 ac
495 380 614 419 perdito,
631 385 688 405 nori
698 380 851 409 comparari
865 391 874 403 ‚
893 367 939 397 sed
956 376 1011 403 geri
1021 375 1078 402 Jam
1088 365 1221 406 vrderem.

153 428 258 459 Canem
267 431 425 462 comparare
443 421 478 450 ad
494 423 600 452 rixam,
618 414 653 444 ad
673 419 813 452 pugnam,
833 407 869 437 ad
888 404 1006 436 cursum.
1026 401 1165 433 Columel.
1175 400 1224 430 lib.
1234 407 1261 436 7.

174 475 235 503 cap.
254 473 297 493 12.

156 504 258 541 Copias
267 504 363 530 contra
373 497 510 537 aliquem..
524 491 583 521 Cic.
593 489 622 519 in
632 489 709 518 Orat.
728 492 789 520 123.
817 520 824 528 .
884 517 890 525 ⁸
910 518 916 524 .
933 518 938 523 .
1219 512 1226 518 1

156 541 273 578 Copiam
286 537 440 568 hominum.
480 531 537 560 Cic.
550 534 575 562 8.
589 531 641 556 Art.
656 534 698 562 ¹7·
722 523 796 552 Alter
816 529 846 549 in
862 517 1004 552 Siciliam,
1024 524 1090 546 cum
1108 523 1141 544 ea
1161 521 1262 552 copia,

175 587 256 614 quam
269 576 369 613 Capuae
382 574 408 601 ὃ(
420 572 525 600 circum
535 567 657 603 Capuam
667 558 841 599 comparastis
850 579 859 593 ‚
876 557 928 586 διε.

158 615 334 646 Convivium.
356 611 413 640 Cic.
426 619 449 644 3.
465 607 597 640 Vernos.

157 648 430 723 Bgfflii‘ildldua‘liqilseiii
440 653 606 720 gafissindum
616 698 625 712 ‚
645 684 694 714 per
706 671 926 703 translationem.
962 667 1022 696 Liv.
1033 672 1078 703 23.
1091 672 1136 702 35.
1149 673 1191 702 pr.
1210 660 1266 691 Ubi

178 729 208 758 id
218 736 313 765 parum
323 721 451 763 processit
464 741 472 756 ‚
490 717 587 748 dolum
597 714 631 744 ad
643 711 796 750 capiendos
807 717 855 738 eos
865 710 1037 744 comparant.

158 765 261 796 Dolum
274 762 356 793 alicui
367 766 525 824 εοῐῃρᾶέἓπιε
536 756 562 785 ἃ
572 752 737 788 confingere.
758 748 843 778 Plaut.
855 745 934 783 Capt.
947 740 1018 782 prol.
1028 750 1074 778 47.

249 803 255 809 ’
321 799 446 828 .Cic..
500 795 528 823 ii
571 800 636 825 .14.
915 819 921 825 ⁶
999 818 1004 823 ¹
1060 815 1094 822 ..
1146 814 1154 821 ⁰

158 804 436 871 {ezitrriirlitixifftutelan}
446 832 495 863 sui.
530 803 654 867 Quintil.
664 825 711 855 lib.
725 831 823 865 3.cap.
831 830 858 850 2.
886 819 942 850 Nisi
959 815 1201 861 quis4dicitetiam
1212 811 1267 856 gla-

179 879 255 908 dium
266 876 427 906 fabricatum
440 872 474 900 ab
484 879 517 899 eo
532 868 623 906 prius,
643 864 690 902 qui
703 863 804 892 ferrum
815 868 845 888 in
857 856 973 888 tutelam
994 855 1032 884 sui
1043 876 1051 890 ,
1071 862 1155 890 quarn
1174 861 1220 887 qui
1238 857 1268 878 in

179 915 332 954 perniciem
345 911 454 942 alterius
463 910 635 944 compararit.
659 940 664 945 ι
691 938 697 944 ι
824 934 830 941 ι

160 954 273 984 Imbres.
294 957 325 980 ut
335 972 344 985 .,
364 950 456 978 Annus
466 946 597 975 hibernus
606 940 680 976 Jovis
690 937 791 967 imbres
802 933 934 970 nivesque
944 936 1093 968 comparat.
1105 924 1267 964 Hor.Epod.

179 1001 204 1020 2.
222 1000 265 1023 ιο.
298 989 324 1017 h.
338 997 362 1017 e.
385 986 480 1015 Hiems
490 981 555 1012 colli
575 981 596 1008 it
609 974 802 1008 &accumulat
815 995 823 1008 ‚
840 974 891 1002 &c
1022 1006 1028 1011 Ι
1250 1000 1256 1005 ¹

161 1029 273 1060 Insidias
284 1026 375 1056 alicui.
418 1023 475 1051 Cic.
487 1029 537 1058 pro
569 1018 711 1051 luent.47.
734 1013 896 1048 ltaquetum
905 1008 941 1037 fic
950 1007 1060 1041 statuit,
1081 1000 1270 1043 perC.Fabri-

183 1067 256 1096 cium
270 1064 377 1093 infidias
392 1061 469 1090 Avito
483 1063 652 1094 comparare.
729 1088 735 1093 ,
779 1087 784 1092 ⁷
882 1084 887 1090 Π
928 1083 935 1089 ·
1190 1077 1197 1083 ·

162 1103 343 1134 Laudationes
354 1108 403 1137 per
416 1099 472 1126 vim
484 1099 509 1126 ἃ
523 1101 627 1123 metum
647 1089 681 1119 ab
700 1086 837 1124 aliquibus
853 1084 935 1127 alicui
955 1088 1125 1123 comparare.
1166 1076 1225 1107 Cic.
1237 1078 1264 1105 6.

182 1142 254 1170 Verr.
270 1148 330 1175 ¹⁴7-
353 1138 392 1167 De
404 1134 570 1165 Laudatione
580 1127 700 1170 judiciali
712 1145 720 1160 ‚
743 1133 777 1154 ex
787 1122 930 1161 provincia
940 1119 1058 1149 Romam
1071 1115 1157 1146 miffa.

164 1179 256 1208 Ludos
265 1186 362 1213 magna
372 1173 499 1212 pecnnia.
522 1170 579 1211 Cic.
594 1177 616 1203 3.
631 1166 666 1202 Q.
680 1165 739 1193 trat.
752 1170 778 1197 9.
804 1198 810 1204 ι
927 1195 933 1202 ⁸
958 1194 965 1201 .
1067 1193 1073 1199 ι

164 1216 271 1247 Malum
281 1213 372 1243 alicui.
412 1210 498 1240 Plaut.
510 1208 630 1237 Calin.2‘.
644 1210 669 1238 8.
682 1206 725 1237 ⁶9·
755 1199 832 1235 Qun
854 1206 906 1234 ego
926 1194 980 1224 illis
1005 1192 1092 1223 hodie
1112 1197 1272 1228 comparem

183 1262 314 1290 magnum
326 1249 436 1280 malum.

166 1278 849 1366 S{hiddi-iliude‘ltldsstsibnicsgoiiirgaljzliigss&instituere.
870 1308 928 1338 Cic.
940 1316 990 1345 pro
1001 1304 1093 1335 Rabir.
1106 1299 1231 1342 perduel.
1244 1303 1272 1331 6.

166 1366 316 1397 Tumultus
323 1361 486 1392 domesticos
499 1354 676 1387 &intestinos
686 1357 852 1387 comparare.
874 1347 951 1375 AutSt.
966 1344 1001 1374 ad
1009 1343 1112 1387 Heren.
1125 1341 1173 1385 lib.
1187 1352 1213 1375 4·
1225 1343 1252 1373 8.

167 1405 349 1442 Comparare.
370 1409 433 1429 cum
448 1395 595 1426 infinitivo.
618 1391 781 1426 Comparare
790 1386 863 1415 tecta
876 1392 963 1413 urere.
985 1381 1069 1412 Ovrd.
1080 1379 1272 1414 2.Tnst.267.

260 1441 325 1478 Lgne
337 1439 401 1475 quid
414 1434 525 1466 utilius?
548 1432 566 1461 si
578 1430 637 1467 quis
647 1435 738 1470 tamen
747 1433 825 1453 urere
836 1422 910 1451 tecta

301 1478 449 1511 Comparat
459 1495 467 1506 ,
486 1470 603 1501 audaces
614 1466 719 1496 instruit
732 1471 795 1505 igne
805 1468 912 1490 manus.

170 1517 211 1547 Ad
223 1515 361 1544 arbitrium
370 1512 446 1542 suum
455 1508 558 1545 aliquid
575 1511 741 1546 comparare.
763 1499 821 1546 Cic.
835 1507 861 1542 7..
875 1497 950 1527 Fam.
963 1504 987 1524 1.

171 1555 212 1584 Ad
222 1552 432 1582 delectationem
442 1550 630 1584 comparatum
642 1538 753 1583 aliquid.
775 1538 833 1580 Cic.
848 1545 878 1579 iii
892 1534 969 1564 Orat.
980 1536 1045 1566 ²08-

171 1586 453 1621 Deletftationiscausa
467 1588 653 1621 comparatum
661 1576 773 1619 aliquid.
792 1574 853 1618 Cic.
869 1580 898 1602 in
910 1572 987 1615 Orat.
1003 1578 1047 1606 37.

170 1627 345 1659 Gravissimus
355 1626 448 1655 auctor
460 1623 493 1652 ad
504 1617 707 1650 instituendam,
723 1612 893 1643 hdelissimus
902 1609 991 1654 socius
1002 1607 1037 1637 ad
1047 1603 1274 1644 comparandam,

189 1665 347 1696 fortissimus
356 1663 462 1697 adiutor
476 1659 511 1689 ad
524 1667 582 1688 rem
593 1652 791 1694 perficiendam
801 1650 863 1679 fuit.
884 1647 943 1691 Cic.
955 1655 1005 1691 pro
1014 1645 1109 1689 Domo
1121 1665 1129 1679 ‚
1150 1653 1194 1679 30.

170 1704 203 1734 ln
214 1695 423 1732 ostentationem
433 1704 591 1735 comparare
601 1690 841 1723 declamationem.
863 1685 983 1729 Quintil.
1000 1683 1049 1727 lib.
1064 1691 1090 1711 2.
1103 1691 1164 1719 cap.
1173 1690 1217 1717 30.

172 1742 335 1779 Comparare
344 1738 370 1767 se
383 1738 427 1766 ita.
447 1736 510 1766 Ter.
522 1729 647 1763 Eunuch.
661 1739 683 1758 ι.
700 1738 722 1757 r.
735 1736 762 1756 2.
797 1741 834 1746 —
845 1733 880 1754 an
893 1728 986 1767 potius
999 1728 1035 1750 ita
1046 1726 1090 1750 me
1100 1726 1272 1756 comparem⁹

251 1778 314 1808 Non
325 1775 430 1814 perpeti
441 1772 616 1802 meretricum
627 1764 809 1798 contumelias
817 1763 832 1792 ‘3
913 1761 972 1791 Cic.
982 1759 1017 1789 de
1025 1758 1089 1789 Nat.
1105 1757 1188 1788 Deor.
1216 1755 1276 1793 Ego

190 1826 234 1846 me
245 1816 281 1844 ita
293 1822 457 1851 comparavi.

172 1854 258 1884 Alicui
268 1853 294 1882 se
304 1853 340 1881 ita
351 1856 518 1887 comparare.
539 1841 657 1882 Qiintil.
671 1841 720 1871 lib.
736 1850 759 1870 1.
775 1848 836 1876 cap.
846 1846 873 1867 α.
968 1871 975 1878 ·

171 1892 206 1922 Se
216 1897 278 1921 ante
288 1897 445 1927 comparare
457 1909 464 1922 ,
485 1894 534 1923 pro
555 1884 589 1914 Se
604 1880 748 1918 disponere
759 1878 784 1908 &c
798 1883 903 1906 cavere.
943 1870 1000 1902 Cic.
1015 1880 1040 1901 1.
1052 1871 1088 1908 Q.
1101 1870 1162 1900 frat.
1176 1878 1199 1899 r.
1219 1866 1278 1899 Sed

191 1936 218 1958 te
230 1928 297 1957 illud
308 1927 444 1956 admoneo
453 1946 462 1959 ‚
482 1929 512 1952 ut
521 1929 549 1952 te
561 1926 626 1951 ante
636 1925 778 1954 compares
789 1937 798 1951 ‚
817 1911 997 1952 quotidieque
1007 1909 1144 1940 meditere
1155 1907 1279 1938 resisten-

190 1967 256 1996 dum
268 1965 320 1994 effe
333 1962 489 1993 iracundiae.
787 1989 792 1996 .
1173 1983 1178 1989 ·

173 2004 247 2034 Dum
268 2003 293 2032 se
305 2011 392 2037 uxor,
412 2007 442 2029 ut
462 1999 493 2028 fit
506 2019 515 2033 ‚
535 1998 698 2032 comparat,
718 1988 857 2031 paulisper
875 1991 1063 2018 commoratus
1078 1983 1125 2015 est.
1147 1982 1206 2014 Cic.
1225 1989 1278 2021 pro

225 2042 244 2069 il
286 2063 291 2070 .
306 2050 320 2068 2
343 2062 348 2068 .

172 2041 486 2115 Sigiadopespgndendum
495 2078 662 2109 comparare.
683 2067 741 2098 Cic.
753 2075 778 2104 3.
796 2064 831 2105 de
842 2063 907 2094 Nat.
918 2061 1000 2092 Deor.
1012 2070 1056 2097 19.

174 2116 209 2145 Se
219 2116 311 2145 aditet
322 2122 487 2151 comparare.
510 2110 565 2140 Liv.
581 2113 625 2141 28.
1060 2142 1062 2144 q
1218 2132 1225 2139 ι

175 2154 337 2191 Comparare
346 2152 392 2180 sibi
405 2149 558 2179 remedium
567 2146 602 2176 ad
609 2145 664 2175 vim
673 2140 877 2179 tempestatum.
899 2138 932 2168 V.
954 2142 1160 2166 REMEDIUM.
1198 2133 1245 2164 Sic

176 2192 339 2228 Comparare
348 2188 460 2218 subsidia
471 2187 506 2216 ad
515 2192 612 2214 omnes
620 2181 704 2211 casus.
726 2179 790 2209 Caes.
801 2189 828 2213 4-
841 2177 907 2207 Bell.
918 2175 989 2206 Gall.
1003 2183 1047 2212 31.

177 2229 338 2266 Comparare
350 2227 456 2256 vultum
467 2224 545 2253 suum
558 2231 573 2250 e
584 2220 660 2250 vultu
671 2217 790 2248 alterius.
811 2214 893 2245 Plaut.
906 2213 1002 2252 Amph.
1015 2223 1040 2250 3.
1060 2221 1085 2249 3.
1099 2221 1124 2248 ς.

177 2266 361 2304 Comparare,
382 2260 525 2300 [waigri]
545 2258 696 2295 Aequirere.
717 2254 783 2284 Ter.
795 2253 899 2296 Anda-5.
918 2261 980 2287 1.4.

267 2303 302 2332 Ut
312 2302 389 2332 malis
397 2300 549 2336 gaudeant,
569 2303 651 2333 atque
663 2303 697 2323 ex
709 2290 897 2322 incommodis
964 2326 970 2333 ·

267 2340 382 2370 Alterius
395 2339 440 2367 sua
450 2341 613 2373 comparent
625 2339 655 2362 ut
671 2329 838 2361 commoda?
917 2326 972 2357 Ubi
990 2325 1117 2355 Donatus
1132 2333 1141 2359 ;
1161 2322 1282 2359 Compa.

195 2384 265 2413 rent,
281 2379 298 2408 i.
311 2387 335 2407 e.
358 2376 523 2412 nequirent,
543 2371 586 2402 vel
595 2370 735 2400 aestiment.
755 2368 773 2396 i.
785 2365 886 2410 e..Non
896 2362 1057 2401 intelligunt
1066 2360 1280 2406 commodasuaffi,

194 2416 242 2445 nisi
253 2425 287 2444 ex
300 2414 411 2444 alterius
421 2409 607 2441 incommodis
622 2417 653 2437 ea
668 2406 866 2436 aestimaverint.
900 2402 1012 2439 [immo
1020 2408 1112 2431 verius
1122 2400 1279 2436 Acquirant.

178 2453 319 2484 Amicitias
334 2458 491 2488 comparare
503 2448 571 2478 ratio
584 2450 687 2476 monet.
710 2443 770 2488 ᾖ.
782 2452 805 2471 1.
815 2442 851 2470 de
861 2440 918 2470 Fin.
931 2443 976 2475 65.
1035 2475 1041 2482 ²
1143 2473 1160 2481 ..

178 2491 311 2522 Amicitiae
324 2493 514 2526 comparantur
524 2508 532 2522 ,
551 2490 583 2515 ut
596 2487 746 2514 commune
756 2478 937 2510 commodum
953 2481 1056 2507 mutuis
1076 2473 1175 2505 officiis
1185 2473 1283 2512 guber.

196 2536 285 2558 rietur.
307 2527 364 2557 Cic.
379 2535 428 2563 pro
439 2524 516 2554 Rosc.
526 2525 613 2552 timer.
626 2528 669 2550 12.

179 2568 327 2603 Argentum
338 2571 504 2600 comparare.
525 2558 610 2589 Plaut.
622 2558 690 2588 Asin.
703 2565 728 2592 3.
744 2564 768 2600 ς.
786 2558 833 2592 78.

179 2605 255 2634 Artes
267 2603 385 2640 optimas
395 2607 561 2637 comparare.
579 2597 636 2626 Cic.
650 2601 666 2624 2
692 2592 727 2623 de
736 2593 796 2623 Fin.
808 2602 820 2622 1
828 2601 869 2621 io.

181 2641 378 2670 Auctoritatem
390 2638 602 2673 sibicomparare
611 2643 639 2663 re
649 2631 739 2668 aliqua
751 2631 822 2660 hene
832 2628 911 2672 gesta.
934 2626 1000 2657 Caes.
1013 2636 1038 2663 ς.
1054 2624 1122 2655 Bell.
1135 2620 1207 2655 Gall.
1221 2632 1264 2668 5³:

182 2678 288 2708 Auxilia
297 2673 448 2707 voluntaria
460 2680 618 2710 comparare
628 2670 673 2699 sibi
681 2668 849 2707 populorum
858 2665 1008 2695 liberorum
1020 2686 1028 2700 ,
1049 2672 1208 2700 regumque.
1222 2663 1282 2692 Cic.

202 2725 244 2750 ις.
260 2715 368 2749 Fam.4.
391 2713 485 2749 Quum
503 2711 607 2739 interea
622 2706 805 2745 superioribus
819 2703 916 2733 diebus
928 2712 962 2731 ex
976 2700 1235 2734 Senatusconsuim,
1257 2701 1285 2729 δι

198 2760 377 2783 evocatorum
393 2751 497 2780 firmam
517 2754 646 2780 manum,
666 2746 692 2774 δι
712 2744 864 2781 equitatum
874 2740 936 2770 sane
953 2740 1086 2769 idoneum
1097 2760 1105 2773 ‚
1127 2740 1153 2768 δι
1165 2737 1286 2775 populo-

200 2800 260 2820 rum
271 2789 439 2820 liberorum.
461 2793 611 2829 regumque
627 2784 653 2812 ἃ
665 2781 801 2811 sociorum
820 2777 922 2808 auxilia
932 2777 1087 2808 voluntaria
1103 2773 1284 2813 comparavis-

200 2827 264 2857 sem.
305 2825 480 2859 Voluntaria,
500 2832 518 2852 i.
529 2832 554 2852 e.
576 2821 645 2858 Quae
655 2818 872 2863 sponte-dantur.
952 2852 958 2859 ι

185 2865 386 2894 ΒεΙεέὶειῑίοηεε
395 2862 442 2891 sibi
451 2870 514 2890 com
537 2868 612 2889 arare
625 2857 659 2886 ad
669 2856 813 2886 arbitrium
823 2854 910 2883 suum.
928 2851 986 2882 Cic.
999 2861 1025 2889 7.
1037 2851 1114 2881 Fam.
1129 2860 1152 2879 i.

184 2903 360 2937 Diligentiam
372 2899 488 2930 subsidio
499 2870 555 2927 sigi.
597 2895 654 2924 Cic.
672 2903 721 2937 pro
735 2893 832 2929 Quint.
844 2903 871 2926 4-
896 2890 974 2935 'Nam
986 2899 1042 2927 quo
1063 2889 1155 2919 minus
1171 2886 1286 2925 ingenio

201 2939 305 2977 possum
317 2961 326 2974 ‚
348 2937 467 2968 subsidio
478 2935 546 2965 mihi
562 2932 735 2970 diligentiam
745 2938 914 2967 comparavi.

183 2977 361 3014 Discipulum.
386 2974 480 3004 Cic.in
490 2972 577 3002 Pison.
591 2980 635 3007 7i.

183 3015 303 3044 Gloriam
315 3023 349 3043 ex
361 3012 469 3042 bellicis
479 3008 568 3040 rebus.
590 3008 650 3037 Cic.
666 3015 692 3036 2.
707 3004 765 3035 Off.
777 3014 823 3041 45.

185 3052 287 3081 Laudes
297 3051 401 3081 artibus
412 3056 581 3087 comparate.
603 3045 661 3075 Cic.
674 3053 701 3074 2.
714 3043 788 3073 Fam.
801 3053 828 3077 ⁴·
849 3044 918 3070 extr.

186 3090 302 3119 Piaedam
314 3086 511 3126 improbissime
521 3091 688 3121 comparare.
726 3080 758 3110 V.
779 3091 788 3108 1
798 3088 889 3122 erao
899 3087 914 3106 a
923 3087 941 3107 u
949 3086 971 3107 s.

186 3127 329 3156 Rationem
338 3126 471 3163 optimam
482 3122 595 3153 vivendi
604 3127 772 3157 comparare.
793 3116 851 3161 Cic.
866 3115 984 3158 5·.T¹³s‘·?·
1002 3115 1045 3150 36.
1111 3150 1118 3157 ·

186 3164 238 3194 Res
250 3164 328 3193 nobis
339 3163 372 3193 ad
383 3163 461 3192 beate
471 3160 620 3190 vivendum
630 3162 771 3194 comparat
780 3154 921 3192 sapientia.
941 3152 1000 3195 Cic.
1015 3161 1038 3181 i.
1048 3150 1082 3180 de
1089 3149 1149 3180 Fin.
1160 3152 1206 3185 ὃς.

185 3201 336 3230 Subsidium
345 3199 456 3237 aliquod
466 3199 499 3228 ab
508 3195 692 3227 adolescentia
709 3193 756 3223 fibi
767 3200 935 3229 comparare.
957 3189 1016 3218 Cic.
1032 3199 1054 3218 1.
1068 3189 1103 3217 de
1115 3188 1193 3217 Orat.
1206 3196 1267 3223 199.

187 3239 286 3268 Silvam
300 3248 388 3268 rerum
399 3246 431 3266 ac
443 3235 637 3266 sententiarum
644 3239 812 3276 comparare.
831 3228 890 3258 Cic.
903 3237 926 3263 3.
945 3227 981 3256 de
992 3226 1069 3256 Orat.
1087 3234 1148 3255 ior.

187 3276 320 3305 Virtutem
337 3275 466 3305 industria
478 3277 620 3310 comparat
630 3270 723 3300 alicui.
745 3268 822 3298 Auet.
840 3266 874 3295 ad
883 3265 1022 3309 Heren.4.
1034 3268 1078 3296 28.
1121 3300 1127 3306 Ι
1180 3299 1187 3306 .

187 3313 343 3350 Voluptates
355 3312 514 3349 conquirere
525 3312 550 3340 ἃ
563 3316 730 3345 comparare.
772 3305 829 3334 Cic.
844 3313 868 3333 1.
881 3303 916 3332 de
928 3303 985 3332 Fin.
998 3311 1042 3336 4²·
1064 3301 1205 3338 Sapientia
1214 3308 1290 3329 nunc

204 3351 348 3387 expetitur,
368 3350 443 3387 quod
458 3348 496 3378 est
513 3353 643 3384 tanquam
662 3343 761 3374 artifex
777 3340 974 3379 conquirendae
993 3340 1019 3369 δι
1034 3337 1226 3375 comparandae
1242 3346 1289 3366 vo.

206 3388 233 3416 lu
256 3388 325 3416 tatis.

187 3398 263 3461 Saess’e
273 3424 327 3453 sine
337 3423 498 3453 substantivo
508 3422 630 3460 ponitur.
668 3419 726 3449 cic.
740 3421 783 3448 16.
801 3416 876 3446 Fam.
892 3425 934 3445 rr.
954 3412 1079 3445 Omnino
1101 3422 1135 3442 ex
1151 3411 1203 3441 hac
1221 3421 1289 3448 quo.

206 3471 259 3497 que
270 3468 343 3498 parte
357 3460 557 3498 diligentissime
568 3463 750 3495 comparatur.
788 3454 823 3484 Et
838 3454 896 3484 Liv.
914 3458 957 3490 38.
973 3462 1014 3482 12.
1038 3451 1160 3481 Domum
1170 3449 1204 3479 ad
1214 3459 1289 3479 com-

206 3499 355 3534 parandum
363 3499 453 3527 mittit.
494 3497 523 3526 V.
545 3497 583 3525 ibi
597 3496 717 3525 Gronov.
1131 3523 1137 3531 .

189 3535 367 3600 Cgpparare,
388 3536 570 3572 Coniungere.
591 3539 636 3568 ut,
657 3532 823 3569 Comparare
840 3527 939 3559 labella
959 3534 1025 3557 cum
1046 3525 1162 3556 labellis.
1201 3523 1287 3555 Plaut.

241 3582 275 3601 in.
285 3582 310 3601 2.
324 3582 347 3601 1.
358 3581 384 3601 2.

190 3609 369 3645 Comparare,
390 3608 493 3638 Emere.
514 3605 802 3644 [elim-ruml-Flioirau]
823 3604 891 3633 Cato
914 3603 950 3632 de
960 3601 1036 3632 R.R.
1048 3610 1108 3639 cap.
1124 3609 1202 3639 1.pr.
1223 3599 1290 3630 Prae.

210 3647 286 3675 ilium
297 3655 380 3681 quum
390 3655 545 3683 comparare
560 3654 592 3674 co
613 3644 699 3673 itabis.
739 3642 800 3671 Ter.
813 3641 881 3671 Eun.
893 3650 919 3670 2.
932 3649 956 3676 3.
970 3643 1014 3674 63.

270 3683 357 3712 lmmo
376 3683 393 3710 si
405 3683 470 3711 scias
480 3705 487 3717 ‚
507 3683 581 3718 quod
593 3654 698 3710 donum
715 3681 779 3709 huic
794 3679 870 3708 dono
884 3683 978 3708 contra
989 3682 1142 3714 comparet.
1236 3675 1291 3704 Ubi

209 3719 331 3748 Donatus
341 3741 348 3754 ‚
379 3720 525 3756 Comparet
567 3729 596 3747 ro
615 3719 708 3752 Emat‚
738 3722 785 3746 aut
803 3715 1029 3753 Comparandum
1051 3721 1140 3752 putet.
1199 3712 1241 3748 [i.
1264 3721 1289 3742 e.

208 3757 441 3793 Componcnduni
453 3777 460 3791 ‚
480 3729 683 3784 Congrendum
697 3761 789 3792 putet,
810 3756 884 3790 quod
897 3753 1000 3782 malim.

190 3793 385 3824 Animosillime
407 3801 562 3829 comparare
583 3792 694 3828 aliquid.
733 3793 806 3820 Suet.
827 3793 856 3820 iri
866 3789 931 3819 Caes.
946 3800 1004 3826 cap.
1015 3798 1060 3823 4⁷·
1089 3788 1237 3822 Gemmas,
1260 3794 1291 3816 to

209 3838 331 3861 reumata
340 3852 347 3864 ,
370 3830 450 3865 signa,
472 3829 575 3857 tabulas
585 3830 674 3866 operis
684 3830 788 3865 antiqui
797 3828 901 3865 semper
911 3827 1102 3856 animoliliime
1110 3835 1172 3854 com
1183 3824 1289 3854 iarasse.

190 3870 284 3899 Uarius
303 3875 460 3904 coilipul‘ill'e
472 3865 583 3901 aliquid.
620 3866 694 3894 Suet.
709 3867 737 3894 in
752 3866 837 3901 Calig.
853 3875 912 3901 cap.
927 3873 971 3897 ²7-
1006 3863 1101 3899 Quum
1120 3864 1154 3891 ad
1182 3863 1292 3899 aginam

208 3908 324 3936 letarum
337 3905 442 3933 muneri
456 3909 662 3940 praparatarum
674 3903 761 3930 carius
772 3902 892 3939 pecudes
901 3909 1122 3938 compararentur
1132 3922 1140 3936 ‚
1156 3902 1210 3930 &c-

189 3945 364 3973 fruinentuiu
379 3950 545 3978 comparare.
567 3939 622 3968 Liv.
638 3948 662 3968 a.
676 3949 702 3974 9.

1770 82 1799 116 C
1895 84 1930 118 O
2029 81 2067 118 M

1342 165 1476 198 Homines
1493 170 1653 201 comparare
1663 173 1715 192 aere
1726 163 1761 192 ad
1773 163 1888 199 aliquid.
1911 162 2011 192 Catull.
2028 172 2070 192 10.
2085 172 2129 198 ις.

1342 203 1497 237 ᾓὶιιιζὶίὶετίῌ
1510 201 1653 230 sacerdotii
1665 212 1834 237 comparare.
1876 202 1950 230 Suet.
1965 200 2051 232 Calia-
2068 210 2129 236 cap.
2144 209 2190 230 22.
2213 199 2368 236 magisteria
2381 198 2465 229 sacer-

1363 243 1433 272 dotii
1447 239 1592 306 ditigsimus
1607 238 1720 276 quisque
1732 259 1740 274 ‚
1762 240 1789 268 ἃ.
1809 239 1964 269 ambitione
1984 240 2010 269 &
2028 237 2182 268 licitatione
2200 239 2320 267 maxima
2332 259 2341 273 ,
2358 237 2466 267 vicibus

1367 291 1387 308 c<
1402 289 1430 308 m
1452 288 1495 306 ara
1517 284 1572 306 ant.

1348 319 1390 349 Ex
1403 290 1514 346 altperius
1526 313 1644 352 pecunia
1653 313 1758 353 aliquid
1768 323 1937 352 comparare.
1958 311 2071 351 Ulpian.
2086 312 2143 343 inl.
2158 311 2352 343 Procuratoris.
2375 312 2396 350 §.
2408 310 2468 350 pla*-

1370 365 1414 384 rie.
1441 354 1473 382 D.
1487 353 1522 381 de
1534 352 1626 380 tribut.
1642 353 1693 380 aet.

1351 393 1465 423 Servum
1474 398 1643 432 comparare.
1685 387 1795 426 Ulpian.
1814 387 1831 417 l.
1848 388 1875 418 Si
1888 396 2104 427 procuratorem.
2126 389 2148 426 §.
2169 388 2197 418 Si
2208 394 2323 417 tutores.
2338 386 2373 416 D.
2389 386 2471 415 Mam

1371 431 1426 460 dat.
1450 428 1520 470 Nam
1532 429 1558 456 St
1572 428 1589 455 li
1601 434 1657 454 non
1668 424 1856 460 mandassent,
1876 433 2036 457 tenerentur
2045 425 2140 456 tutelae
2152 448 2160 462 ‚
2182 428 2231 455 cur
2242 425 2349 454 servum
2360 424 2469 462 pupillo

1370 467 1549 497 necessarium
1560 474 1618 492 non
1632 471 1871 500 comparaverunt.
1913 464 2037 500 Quidam
2057 468 2224 501 expungunt
2243 463 2365 502 priorem
2387 471 2473 499 nega-

1372 506 1477 534 tionem
1487 525 1495 537 ,
1515 502 1590 539 quod
1603 502 1628 530 Sc
1639 501 1748 530 videtur
1762 500 1850 530 sensui
1864 502 1964 539 aptius.
2006 501 2039 530 V.
2061 501 2165 531 locum.

1357 543 1544 579 Comparare,
1565 537 1732 575 [omagium
1748 559 1754 570 ,
1775 538 1965 574 meqssamm]
1986 538 2152 573 Affimilare,
2174 538 2308 568 conferre.
2338 536 2407 567 Plin.
2423 537 2474 567 lib.

1378 589 1419 609 η.
1434 588 1495 615 cap.
1511 588 1552 612 ¹4·
1576 576 1678 605 Rufum
1689 577 1751 605 thus
1763 577 1821 605 exit
1831 598 1839 611 ‚
1862 586 1915 605 nec
1926 577 2148 614 comparandum
2159 576 2255 613 priori.

1356 617 1489 648 Conferre
1499 614 1651 652 pugnantia
1661 636 1669 649 ‚
1690 621 1849 651 comparare
1859 615 2003 644 contraria.
2026 613 2084 643 Cic.
2096 614 2125 642 in
2135 613 2211 643 Orat.
2224 616 2268 648 38.

1354 655 1475 686 AEtatem
1486 653 1643 689 aliquorum
1654 661 1823 689 comparare.
1864 651 1922 681 Liv.
1936 661 1960 681 1.
1976 662 1999 687 ς.
2022 651 2104 681 Forte
2120 652 2146 681 &
2157 650 2317 686 Numitori,
2338 658 2423 687 quum
2442 649 2474 679 in

1376 692 1500 722 custodia
1511 691 1631 720 Remum
1642 689 1771 725 haberet,
1791 689 1963 726 audiffetque
1971 689 2100 727 geminos
2112 687 2166 719 effe
2177 688 2275 718 fratres
2283 709 2292 725 ‚
2313 697 2476 726 comparans·

1376 731 1413 760 do
1426 738 1522 759 eorum
1533 734 1643 757 aetatem
1653 749 1660 762 ‚
1683 728 1735 757 ἃς.

1356 768 1482 805 Aliquem
1493 767 1527 795 ad
1539 765 1624 794 alium
1635 772 1806 802 comparare.
1826 764 1891 794 Ter.
1901 764 1972 794 Eun.
1987 774 2014 800 4.
2025 775 2053 800 4.
2072 773 2116 801 14.

1435 805 1478 834 Ne
1490 803 1695 840 comparandus
1706 802 1752 831 hic
1759 801 1872 840 quidem
1882 803 1917 831 ad
1931 801 2010 831 illum
2020 802 2067 832 est.

1356 843 1479 874 Alterum
1493 841 1570 871 alteri
1579 849 1747 878 comparare.
1770 840 1829 869 Cic.
1839 840 1875 869 de
1885 840 1992 869 Amicit.
2004 850 2030 876 9.

1355 880 1480 912 Alterum
1494 889 1559 909 cum
1569 878 1655 907 altero
1667 887 1827 915 comparare
1836 879 1862 907 &
1873 877 2009 907 conferre.
2049 877 2111 908 Cic.
2121 879 2147 907 6.
2160 876 2235 907 Verr.
2250 885 2312 907 121.
2342 875 2478 905 Conferte

1377 919 1489 948 Verrem
1501 939 1509 951 ,
1531 926 1588 945 non
1600 921 1630 945 ut
1641 915 1784 944 hominem
1800 925 1864 945 cum
1876 916 1991 945 homine
2006 915 2173 953 comparetis
2183 937 2191 951 ‚
2211 924 2249 944 ne
2267 922 2323 952 qua
2346 913 2396 943 tali
2416 915 2478 944 vim

1376 963 1486 985 mortuo
1497 955 1544 983 fiat
1553 954 1670 989 injuria:
1693 952 1740 982 sed
1753 959 1782 983 ut
1793 963 1892 991 pacem
1907 953 1993 988 bello,
2014 953 2089 991 leges
2100 963 2167 983 cum
2177 952 2216 988 vi,
2229 954 2282 983 &c-

1356 994 1469 1024 Factum
1481 993 1563 1022 unius
1575 1001 1640 1021 cum
1655 990 1766 1021 alterius
1776 990 1849 1020 facto
1857 1000 2027 1029 comparare.
2048 991 2109 1022 Cic.
2122 1000 2148 1028 3.
2160 990 2236 1020 Fam.
2252 993 2279 1020 6.

1355 1032 1508 1063 Hominem
1517 1039 1582 1060 cuin
1590 1029 1725 1064 homine,
1751 1030 1896 1067 &tempus
1905 1038 1971 1059 cum
1984 1035 2130 1068 tempore,
2150 1030 2177 1059 δι
2192 1037 2253 1059 rem
2273 1036 2340 1058 cum
2359 1036 2390 1058 re
2403 1035 2481 1057 com-

1377 1078 1480 1108 parare.
1505 1068 1562 1097 Cic.
1576 1078 1627 1105 pro
1641 1067 1733 1096 Domo
1752 1076 1811 1102 ¹30.

1357 1108 1455 1138 Oratio
1467 1106 1578 1142 longior
1594 1115 1658 1135 cum
1672 1104 1863 1142 magnitudine
1886 1103 2014 1135 utilitatis
2029 1109 2219 1143 comparetur.
2243 1103 2302 1134 Cic.
2316 1113 2344 1133 2.
2360 1098 2419 1133 Off.
2432 1111 2481 1132 ποι
2531 1134 2538 1139 ,

1386 1146 1404 1175 i.
1415 1155 1440 1174 e.
1461 1144 1533 1181 quasi
1544 1142 1754 1181 Compensetur.

1358 1183 1502 1213 Personam
1513 1191 1578 1212 cum
1587 1181 1704 1219 persona
1713 1189 1882 1218 comparare.
1904 1179 2025 1217 Quintil.
2040 1179 2090 1210 lib.
2105 1188 2130 1216 7.
2146 1189 2208 1218 cap.
2223 1188 2251 1216 3.

1359 1220 1564 1251 Similitudines
1582 1228 1751 1256 comparare.
1792 1218 1850 1248 Cic.
1865 1228 1889 1248 r.
1909 1217 1966 1247 Off.
1978 1227 2021 1248 11.
2042 1218 2138 1248 Homo
2158 1227 2208 1256 per
2225 1216 2366 1247 rationem
2384 1211 2480 1245 conse-

1382 1259 1495 1297 quentia
1507 1258 1613 1292 cernit,
1633 1255 1829 1286 similitudines
1840 1264 1994 1293 comparat.

1368 1297 1404 1327 Se
1416 1305 1578 1334 comparare
1587 1295 1679 1324 alicui.
1700 1294 1785 1324 Ovid.
1801 1303 1842 1330 ¹3·
1856 1294 1926 1323 Met.
1943 1299 2005 1330 338.
2168 1302 2172 1304 ·

1361 1334 1548 1365 Solitudinem
1565 1342 1630 1362 cum
1645 1331 1805 1362 solitudine.
1845 1331 1904 1361 Cic.
1915 1340 1938 1368 3.
1956 1329 2014 1362 Off.
2032 1341 2056 1362 1.
2077 1331 2134 1362 Sed
2157 1340 2211 1361 nec
2233 1329 2324 1361 otium
2339 1328 2396 1359 hoc
2418 1335 2487 1360 cum

1383 1372 1502 1402 Africani
1512 1372 1572 1401 otio
1583 1392 1591 1406 ,
1613 1380 1666 1400 nee
1677 1370 1736 1400 haec
1748 1368 1869 1400 solitudo
1882 1379 1948 1399 cum
1959 1369 2006 1399 illa
2013 1369 2201 1408 comparanda
2211 1369 2258 1398 est.

1363 1408 1412 1440 Vir
1422 1410 1501 1440 nullo
1510 1410 1595 1439 modo
1608 1418 1673 1438 cum
1683 1409 1783 1438 ceteris
1793 1407 2008 1445 comparandus.
2034 1408 2092 1438 Cic.
2102 1417 2127 1437 2.
2137 1406 2259 1446 Philipp.
2271 1413 2334 1444 117.

1363 1448 1529 1486 ffiqualitate
1540 1452 1735 1485 comparantur
1742 1445 1838 1476 multa.
1859 1446 1919 1475 Cic.
1931 1446 1961 1475 in
1971 1445 2073 1485 Topic.
2087 1455 2133 1483 71.

1365 1487 1491 1517 Numero
1502 1494 1672 1523 comparare.
1695 1484 1753 1514 Cic.
1767 1485 1796 1513 in
1805 1484 1908 1522 Topic.
1921 1486 1967 1520 69.

1365 1525 1465 1562 Specie
1476 1530 1643 1561 comparare.
1665 1522 1722 1552 Cic.
1735 1522 1765 1551 in
1776 1521 1877 1560 Topic.
1890 1525 1937 1557 69.

1363 1563 1525 1600 Comparari
1534 1571 1599 1591 cum
1609 1559 1712 1598 aliquo.
1732 1560 1832 1590 Catuli.
1841 1571 1887 1595 41.
1900 1565 1926 1595 7.

1365 1601 1436 1638 Quis
1448 1601 1514 1629 huic
1523 1600 1577 1629 deo
1587 1598 1772 1637 compararier
1781 1597 1868 1627 ausit?
1889 1595 1978 1627 Catul.
1993 1606 2036 1634 59.
2049 1599 2094 1634 ὅς.
2133 1595 2178 1627 De'
2186 1595 2354 1634 Hymenaeo.

1364 1638 1440 1669 Inter
1449 1638 1476 1667 se
1488 1637 1578 1675 aliqua
1589 1645 1759 1674 comparare.
1780 1636 1839 1666 Cic.
1856 1647 1876 1666 i.
1889 1634 1947 1666 Off.
1961 1646 2002 1666 11.

1365 1678 1532 1714 Argumenta
1544 1674 1685 1713 utriusque
1715 1675 1781 1704 artis
1791 1675 1863 1704 inter
1872 1673 1899 1703 se
1910 1683 2079 1712 comparare.
2101 1671 2222 1710 Quintil.
2240 1672 2290 1702 lib.
2304 1681 2330 1708 7.
2345 1680 2407 1708 cap.
2421 1677 2448 1705 3.

1365 1715 1467 1744 Coram
1478 1723 1647 1752 comparare.
1703 1713 1746 1742 Ἔα.
1760 1713 1791 1742 in
1800 1712 1877 1742 Orat.
1890 1716 1935 1748 96.
1958 1712 1993 1741 Et
2000 1711 2051 1741 nisi
2061 1720 2156 1741 coram
2167 1711 2221 1740 erit
2231 1716 2408 1747 comparatus
2419 1705 2487 1743 ille,

1385 1753 1483 1782 fortior
1493 1761 1543 1790 per
1553 1751 1579 1781 se
1587 1751 1634 1780 hic
1645 1760 1729 1788 quem
1739 1750 1805 1780 dico
1818 1750 1991 1788 probabitur.
2031 1749 2131 1779 Sensus
2148 1748 2186 1778 est
2197 1758 2205 1778 :
2226 1747 2388 1778 Mediocres
2398 1752 2489 1775 orato-s

1383 1800 1426 1820 res
1436 1796 1511 1820 certe
1521 1790 1615 1827 magni
1628 1790 1760 1818 videntur
1771 1810 1780 1825 ‚
1801 1788 1850 1818 nisi
1860 1787 1988 1818 cumillis
1999 1786 2173 1825 amplisiimis
2187 1790 2392 1824 comparentur.
2424 1783 2488 1813 Hoc

1386 1829 1462 1858 enim
1472 1827 1556 1858 efficit
1564 1837 1627 1857 com
1651 1827 1736 1856 aratio
1746 1848 1755 1863 ‚
1776 1833 1807 1856 ut
1822 1836 1883 1863 quae
1894 1827 1999 1863 majora
2014 1827 2040 1855 &
2058 1825 2174 1854 meliora
2190 1824 2271 1859 sunt,
2290 1823 2382 1852 statim
2404 1830 2489 1859 appa-

1387 1872 1481 1896 reant:
1505 1867 1531 1896 &
1543 1875 1578 1895 ex
1591 1875 1626 1895 co
1639 1865 1744 1895 latione
1756 1864 1937 1894 certiffimum
1955 1864 2094 1899 judicium
2104 1862 2232 1892 nascitur.
2253 1861 2329 1892 unde
2340 1859 2490 1899 proverbio

1388 1905 1507 1939 dicitur,
1535 1903 1655 1941 Purpura
1665 1903 1744 1939 juxta
1758 1912 1909 1942 purpuram
1921 1901 2102 1937 dijudicanda
2112 1900 2158 1930 est.

1369 1943 1537 1979 Comparare
1546 1963 1555 1977 ,
1576 1941 1748 1971 Constituere
1762 1963 1770 1975 ‚
1793 1941 1954 1970 decernere.
1996 1940 2098 1969 Auctor
2119 1938 2156 1968 ad
2168 1938 2270 1968 Heren.
2290 1947 2318 1974 4.
2330 1946 2376 1971 ²4·
2412 1933 2491 1964 Bene

1387 1981 1505 2016 majores
1518 1979 1600 2010 nostri
1611 1980 1667 2009 hoc
1685 1984 1934 2017 comparaverunt,
1954 1983 1986 2008 ut
2005 1977 2151 2007 neminem
2169 1985 2283 2014 regem,
2304 1981 2389 2013 quem
2406 1971 2491 2002 armis

1389 2017 1524 2056 cepissent
1536 2038 1544 2053 ‚
1567 2018 1623 2047 vita
1634 2018 1781 2055 privarent.

1370 2055 1568 2092 Comparatum
1579 2055 1617 2084 est
1627 2057 1674 2084 ita.
1697 2052 1772 2090 [ἔσω
1785 2051 1901 2089 πέφυκε]
1921 2053 1940 2084 i.
1951 2062 1976 2083 e.
1996 2052 2184 2083 Constitutum
2194 2055 2299 2087 natura,
2320 2048 2366 2080 vel
2376 2046 2493 2079 consue-

1391 2094 1491 2124 tudine
1506 2099 1659 2131 receptum.
1680 2092 1746 2122 Ter.
1761 2092 1872 2122 Phorm.
1889 2103 1912 2121 i.
1928 2102 1951 2122 1.
1963 2098 1989 2127 7.

1463 2131 1556 2167 Quam
1565 2132 1659 2167 inique
1672 2137 1867 2169 comparatum
1881 2129 1920 2159 est
1931 2152 1938 2163 ,
1960 2129 1989 2158 hi
1999 2128 2046 2167 qui
2058 2127 2152 2157 minus
2165 2125 2270 2157 habent
2279 2147 2289 2161 ‚

1405 2204 1413 2212 .
1462 2169 1500 2198 Ut
1509 2169 1616 2206 semper
1630 2168 1735 2206 aliquid
1745 2168 1850 2197 addant
1860 2166 2037 2197 divitioribus
2048 2167 2062 2196 ‘2
2156 2162 2188 2194 V.
2211 2176 2221 2193 ι
2230 2174 2251 2194 N
2262 2174 2272 2192 1
2281 2173 2328 2200 qp
2336 2169 2385 2194 us.

1371 2205 1542 2243 Iniquiffime
1553 2213 1744 2244 comparatum
1755 2206 1793 2235 est
1804 2227 1813 2242 ‚
1835 2206 1911 2242 quod
1925 2207 1977 2235 &c.
2001 2204 2060 2234 Cic.
2073 2212 2125 2241 pro
2135 2202 2244 2233 Cluent.
2257 2212 2300 2237 57.

1371 2244 1490 2281 Legibus
1502 2244 1632 2282 praeclare
1645 2251 1837 2281 comparatum
1847 2244 1886 2273 est
1898 2265 1906 2278 ,
1927 2249 1966 2272 ut.
2008 2242 2068 2272 Cic.
2081 2242 2117 2270 ad
2127 2239 2204 2271 Brut.
2216 2250 2259 2270 iz.
2293 2239 2351 2269 Sed
2360 2238 2416 2267 hoc
2426 2244 2496 2276 prae·

1391 2283 1464 2312 clare
1478 2282 1584 2319 legibus
1604 2290 1796 2320 comparatum
1812 2281 1871 2317 est,
1892 2287 1924 2311 ut
1940 2280 2037 2311 caritas
2060 2279 2213 2309 liberorum
2231 2278 2378 2307 amiciores
2395 2284 2495 2313 paren-

1392 2327 1434 2350 tes
1445 2319 1564 2357 Reipub.
1577 2321 1713 2349 redderer.

1373 2359 1422 2395 Jus
1438 2368 1453 2388 a
1471 2359 1621 2394 majoribus
1633 2358 1730 2388 nostris
1742 2359 1779 2387 ita
1788 2361 1983 2394 comparatum
1994 2355 2042 2386 est.
2071 2352 2131 2385 Cic.
2143 2363 2195 2392 pro
2205 2352 2299 2383 Domo
2306 2361 2351 2390 77.

1373 2397 1456 2427 More
1470 2397 1618 2432 majorum.
1659 2395 1718 2425 Cic.
1732 2405 1783 2433 pro
1797 2395 1875 2424 Rosc.
1891 2397 1981 2424 Amer.
1994 2403 2055 2423 101.
2076 2393 2172 2430 ltaque
2186 2401 2263 2421 more
2273 2392 2410 2427 majorum
2420 2398 2497 2419 com-

1393 2440 1520 2472 paratum
1531 2433 1568 2464 est
1578 2453 1587 2469 ,
1607 2433 1677 2463 utin
1687 2433 1813 2463 minimis
1822 2432 1906 2462 rebus
1924 2431 2055 2462 homines
2073 2429 2234 2470 amplissimi
2249 2428 2439 2460 testiinonium
2459 2427 2497 2457 de

1394 2472 1441 2501 sua
1452 2482 1481 2501 re
1491 2482 1549 2501 non
1560 2472 1695 2501 dicerent.

1374 2508 1480 2540 Natura
1488 2511 1525 2539 ita
1535 2516 1727 2547 comparatum
1739 2531 1748 2545 ‚
1762 2515 1809 2544 ut,
1828 2510 1880 2539 &c.
1905 2507 1964 2538 Liv.
1977 2516 2003 2544 3.

1375 2548 1481 2578 Natura
1489 2547 1635 2577 hominum
1643 2548 1680 2577 ita
1692 2553 1853 2585 comparata
1864 2546 1921 2582 est,
1935 2551 1985 2582 ut,
1999 2546 2053 2575 διε.
2073 2543 2139 2574 Ter.
2147 2540 2249 2574 Heaut.
2262 2551 2288 2579 3.
2301 2550 2326 2572 1.
2338 2550 2384 2579 97.

1375 2585 1458 2653 Rgtio
1467 2586 1505 2652 {ita
1512 2591 1673 2652 Xomparata
1683 2585 1722 2614 est
1732 2586 1795 2615 vitae
1803 2591 1964 2622 naturaeque
1975 2583 2084 2617 nostrae,
2095 2590 2126 2611 ut
2135 2581 2189 2612 alia
2202 2588 2267 2611 aetas
2278 2582 2381 2610 oriatur
2391 2588 2427 2609 ex
2434 2574 2497 2608 alia.

1421 2634 1454 2653 ic.
1487 2633 1502 2653 e
1533 2632 1618 2652 micit.
1633 2633 1695 2653 102.

1376 2661 1544 2698 Comparare
1553 2662 1625 2691 inter
1637 2661 1664 2691 se
1676 2683 1684 2696 ‚
1706 2670 1757 2698 pro
1769 2660 1949 2690 Constituere.
1991 2657 2048 2687 Liv.
2062 2666 2107 2693 29.
2117 2666 2162 2686 20.
2171 2661 2241 2686 extr.
2263 2656 2337 2686 Cum
2350 2654 2499 2685 Tribunis·

1396 2696 1472 2737 pleb.
1488 2701 1580 2729 adium
1591 2721 1599 2734 ,
1624 2706 1671 2728 aut
1684 2704 1880 2736 compararent
1895 2698 1970 2727 inter
1988 2695 2015 2725 se
2027 2716 2036 2732 ‚
2057 2702 2106 2725 aut
2122 2693 2194 2724 sorte
2212 2693 2357 2731 legerent,
2378 2693 2427 2731 qui
2440 2692 2499 2722 duo

1396 2746 1460 2766 cum
1472 2743 1588 2774 praetore
1598 2746 1630 2766 ac
1639 2736 1735 2774 legatis
1744 2737 1825 2767 irent.
2012 2765 2013 2768 ,

1377 2774 1767 2812 Sortiri,&comparareinter
1778 2774 1814 2804 se.
1843 2772 1902 2804 Liv.
1915 2782 1960 2807 24.
1977 2780 2019 2801 1ο.
2029 2781 2071 2810 pr.
2093 2768 2433 2807 Decretumqueomnium
2443 2766 2499 2806 pri-

1397 2823 1474 2842 mum
1482 2834 1490 2847 ‚
1511 2820 1541 2841 ut
1549 2812 1683 2842 Consules
1694 2811 1854 2842 sortirentur
1863 2816 2111 2848 compararentque
2120 2809 2193 2838 inter
2202 2808 2238 2843 se,
2260 2815 2321 2837 uter
2330 2806 2498 2837 Censoribus

1397 2850 1526 2881 creandis
1536 2851 1650 2880 comitia
1662 2850 1786 2885 haberet,
1797 2849 1952 2887 priusquam
1962 2848 2163 2877 adexercitum
2177 2845 2403 2884 proficisceretur.
2425 2843 2498 2880 [Sed

1398 2889 1487 2918 multo
1496 2888 1666 2924 frequentius
1679 2888 1725 2917 hic
1735 2889 1836 2916 modus
1847 2886 1981 2924 loquendi
1990 2885 2140 2914 adhibetur
2149 2906 2158 2919 ‚
2179 2883 2228 2913 ubi
2238 2884 2274 2913 de
2283 2882 2434 2912 Provinciis
2443 2882 2499 2918 agi-

1396 2932 1451 2962 tur,
1467 2935 1533 2963 quas
1544 2926 1639 2963 singuli
1650 2925 1708 2955 suas
1717 2924 1761 2955 vel
1769 2925 1848 2955 Sorte
1859 2923 2036 2962 accipiebant
2047 2922 2228 2960 magistratus,
2248 2921 2295 2951 vel
2309 2920 2500 2962 Comparatio-

1397 2973 1444 2999 ηε,
1473 2964 1501 2993 id
1514 2964 1551 2993 est
1567 2963 1615 2993 suo
1636 2964 1743 2999 judicio
1765 2964 1967 2993 convenientes
1980 2962 2051 2990 inter
2070 2960 2113 2989 se.
2134 2959 2179 2990 vel
2189 2960 2311 2996 denique
2325 2958 2410 2988 Extra
2423 2956 2500 2987 ordi·

1399 3011 1480 3037 nem,
1505 3002 1535 3030 id
1548 3002 1586 3031 est
1597 3023 1604 3035 .
1630 3001 1781 3030 Mandante
1798 3001 1965 3030 nominatim
1983 2999 2010 3030 S.
2024 2998 2049 3028 P.
2060 2997 2096 3035 Q.
2110 2997 2144 3027 R.

1380 3040 1556 3077 Comparare,
1565 3040 1602 3068 est
1612 3040 1696 3069 etiam
1708 3049 1762 3068 vox
1773 3035 1978 3068 Gladiatoribus
1987 3037 2138 3075 propria,&
2148 3035 2225 3065 idem
2234 3033 2310 3072 quod
2317 3033 2498 3072 componere

1399 3077 1539 3115 signifieat.
1564 3078 1639 3107 Suet.
1653 3077 1740 3113 Calig.
1751 3086 1795 3112 ις.
1818 3076 1902 3106 Hunc
1916 3085 1932 3105 e
1943 3073 2105 3112 spet‘taculis
2120 3073 2287 3107 detrastum‚
2306 3078 2422 3109 repente
2432 3071 2498 3101 &in

1399 3123 1511 3145 arenam
1523 3115 1801 3149 deductumffhraci,
1812 3116 1838 3144 δε
1849 3123 1916 3143 mox
1925 3111 2114 3150 hoplomacho
2124 3111 2304 3149 comparavit.
2317 3109 2497 3139 ubiTorrent.

1400 3152 1931 3190 Comparare,Coiiiittere,contendere‚
1946 3153 1972 3180 δι’
1981 3146 2498 3188 componere.V.etiamLips.Sat.2.19.

1344 3192 1366 3223 C
1374 3202 1391 3222 o
1402 3203 1422 3221 M
1432 3201 1446 3220 ι»
1456 3202 1475 3220 A
1485 3201 1501 3219 a
1512 3194 1528 3219 Ti
1539 3201 1558 3218 τ
1568 3200 1585 3220 u
1595 3201 1607 3220 s
1619 3211 1627 3224 ‚
1651 3201 1677 3227 a,
1698 3201 1756 3220 um.
1777 3197 1808 3219 ut
1818 3211 1825 3225 ‚
1847 3187 1941 3219 Bestiae
1951 3194 2118 3225 comparatae
2126 3187 2162 3216 ad
2170 3194 2282 3216 munus.
2290 3185 2365 3215 Suet.
2378 3182 2442 3214 Caes.
2452 3194 2498 3219 75.
2545 3218 2549 3222 .

1383 3230 1475 3260 Duces
1486 3229 1645 3266 comparati.
1683 3228 1739 3258 Liv.
1755 3237 1798 3264 30.
1815 3233 1860 3261 28.
1883 3227 2034 3256 Erexerunt
2046 3225 2172 3255 omnium
2183 3222 2393 3261 animosScipio
2407 3226 2434 3252 <Sc
2445 3223 2500 3252 An·

1401 3266 1498 3301 nibal,
1522 3266 1597 3295 velut
1619 3266 1654 3295 ad
1677 3267 1836 3302 supremum
1864 3264 2017 3303 comparati
2034 3265 2129 3292 duces.
2169 3262 2188 3291 i.
2208 3270 2234 3292 e.
2261 3260 2424 3298 Compositi.
2465 3257 2498 3288 V.

1404 3304 1574 3335 Freinshern.
1592 3305 1618 3334 δι
1629 3303 1761 3335 Scheffer.
1771 3304 1806 3333 ad
1821 3302 1919 3338 Justin.

1382 3342 1498 3373 Familia
1518 3343 1700 3378 gladiatorum
1719 3347 1897 3379 comparata,
1920 3340 1939 3369 i.
1948 3348 1974 3369 e.
1995 3338 2121 3368 Coernta.
2144 3337 2220 3368 Suet.
2243 3335 2310 3366 Caes.
2331 3343 2376 3366 10.
2403 3334 2437 3364 V.
2458 3333 2500 3364 ibi

1402 3378 1531 3410 Bernecc.
1548 3382 1573 3409 ἃ
1588 3379 1674 3409 Pitisc.

1381 3417 1487 3448 Iniidiae
1498 3424 1664 3455 comparatae
1675 3417 1703 3445 in
1716 3420 1800 3454 caput
1812 3414 1938 3449 alicuius.
1978 3413 2055 3444 Curt.
2074 3417 2100 3443 6.
2115 3421 2142 3442 2.
2154 3423 2183 3449 4.
2216 3410 2291 3442 Hinc
2305 3410 2404 3449 saepius
2423 3417 2500 3440 com·
2549 3450 2557 3454 Λ

1402 3463 1500 3493 paratae
1521 3455 1549 3483 in
1564 3456 1624 3490 ejus
1635 3454 1842 3492 caputinsidiae.
1881 3453 1900 3483 i.
1911 3462 1935 3482 e.
1957 3452 2066 3482 Paratae.
2103 3451 2150 3481 Sic

1382 3492 1534 3530 Suppellex
1546 3500 1713 3530 comparata.
1735 3491 1811 3521 Curt.
1828 3501 1851 3526 ς.
1869 3494 1895 3520 6.
1907 3499 1933 3525 3.

1383 3531 1527 3560 Venenum
1537 3536 1739 3568 comparatum.
1760 3527 1940 3559 Suet.Tiber.
1954 3536 1999 3564 49.

1345 3568 1367 3597 C
1375 3578 1391 3595 o
1403 3579 1421 3596 Μ
1433 3578 1446 3596 r²
1455 3578 1473 3597 A
1484 3578 1498 3596 a
1508 3571 1524 3596 Ᾱ
1534 3577 1553 3596 τ
1562 3577 1579 3596 υ
1590 3578 1602 3597 s
1612 3590 1620 3602 ‚
1642 3569 1681 3597 us.
1704 3577 1741 3596 m.
1774 3567 1876 3596 Vitruv.
1892 3565 1939 3595 lib.
1950 3574 1977 3602 7.
1997 3562 2101 3603 praefat.
2112 3559 2160 3592 fin.
2194 3556 2296 3599 Ampio
2319 3559 2499 3591 modulorum

1384 3611 1541 3644 comparatu
1552 3605 1731 3635 architeelari.

1346 3643 1368 3672 C
1379 3653 1395 3672 o
1407 3654 1425 3671 Μ
1437 3653 1450 3671 1³
1461 3652 1502 3671 AR
1512 3646 1555 3671 Ᾰτ
1566 3654 1574 3671 ι
1585 3652 1602 3671 o
1615 3665 1623 3677 ,
1644 3643 1715 3672 onis.
1737 3641 1754 3671 f.
1775 3637 1927 3678 [ο-ύγκμοπ
1937 3661 1945 3676 ,
1966 3638 2120 3675 mestum]
2142 3637 2220 3668 [dem
2234 3636 2312 3674 quod
2329 3637 2497 3674 Apparatus:

1384 3687 1413 3709 ut
1428 3703 1436 3714 ‚
1458 3681 1635 3717 Comparatio
1649 3681 1712 3709 novi
1724 3678 1797 3708 belli.
1820 3679 1878 3708 Cic.
1892 3688 1943 3716 pro
1957 3676 2031 3714 Lege
2046 3675 2143 3706 Manil.
2155 3685 2181 3710 9.

1383 3716 1459 3747 Nihil
1472 3718 1516 3746 sua
1531 3718 1739 3755 comparatione
1750 3717 1915 3746 diminuere.
1956 3715 2014 3744 Cic.
2031 3724 2055 3744 1.
2068 3713 2104 3750 Q.
2118 3713 2179 3742 frat.
2193 3721 2220 3742 2.
2241 3711 2393 3749 Pompeius
2402 3711 2499 3740 omnia

1403 3755 1551 3798 pollicetur
1560 3775 1569 3789 ,
1591 3758 1616 3784 δι
1628 3755 1731 3784 Caesar:
1752 3754 1853 3792 quibus
1865 3755 1902 3783 ita
1913 3753 1998 3783 credo
2008 3774 2017 3788 ‚
2036 3757 2068 3781 ut
2078 3750 2151 3780 nihil
2164 3759 2228 3780 mea
2237 3750 2446 3788 comparatione
2458 3748 2501 3778 di-

1404 3800 1536 3821 minuam.

1386 3830 1454 3858 Com
1460 3830 1602 3867 paratione
1616 3851 1624 3862 .
1643 3829 1843 3867 disciplinaque
1855 3827 1968 3858 dicendi
1982 3827 2012 3856 in
2024 3831 2205 3863 patronorum
2216 3829 2365 3854 numerum
2374 3822 2501 3860 perveni·

1406 3878 1443 3895 re.
1486 3867 1541 3895 Cic.
1555 3867 1589 3895 de
1602 3867 1672 3896 Clar.
1689 3868 1764 3895 Orat.
1778 3872 1842 3902 ²⁶3·
1864 3865 1948 3904 Paulo
1959 3871 2023 3893 ante
2035 3865 2201 3901 Apparatum
2212 3862 2291 3891 dixit.

1386 3904 1578 3939 Comparatio,
1602 3904 1757 3941 Aequisitio.
1779 3911 1828 3937 ut,
1851 3903 2029 3940 Comparatio
2050 3900 2207 3937 voluptatis.
2229 3899 2288 3928 Cic.
2303 3907 2330 3927 α.
2351 3897 2387 3926 de
2408 3897 2498 3927 Finib.

1404 3942 1484 3972 idem
1503 3951 1554 3978 pto
1575 3942 1686 3973 Murco,
1708 3953 1755 3978 44.
1796 3941 1864 3973 Non
1891 3939 1985 3979 placet
2015 3937 2086 3969 mihi
2117 3937 2258 3976 inquisitio
2277 3935 2418 3967 candidati
2437 3942 2503 3976 prze—

2405 3979 2505 4006 fluam
