2604 4222
179 203 249 240 268
588 192 612 225 A
710 187 731 222 S
825 185 855 219 C

240 279 350 308 decima
361 282 436 315 parte
446 274 540 311 jugeri.
580 272 720 301 Hactenus
732 277 765 297 ex
776 267 887 296 Budaeo.
922 263 1066 306 justinian.
1088 261 1123 289 de
1137 258 1278 304 Haeredib.
1289 258 1335 290 ln-

242 317 371 346 stituend.
384 314 431 343 lib.
443 304 482 343 2.t
510 310 658 341 Hatreditas
668 307 819 345 plerunque
828 303 961 332 dividitur
974 311 1001 329 in
1015 310 1030 329 x
1044 299 1182 328 11Une=as
1192 320 1200 332 .
1213 308 1280 341 'quae
1292 297 1336 340 As-

244 355 276 384 sis
285 353 472 391 appellatione
483 350 671 379 continentur.
713 343 821 372 Habent
830 348 921 370 autem
934 341 958 367 Sc
970 339 1010 366 lire
1022 344 1111 374 partes
1124 346 1236 379 propria
1247 346 1336 378 norni-

245 402 281 422 113
291 393 324 421 ab
334 391 420 420 Uncia
430 389 513 425 usque
524 387 556 415 ad
571 384 657 413 Affem
668 383 742 410 lia-c:
771 380 901 413 Sextum,
924 376 1087 412 Quadrans.
1108 374 1208 403 Trrens
1219 395 1227 409 ,
1248 374 1338 410 Qum-

246 439 321 459 cunx
332 451 339 463 .
360 428 447 457 Semis
456 448 464 461 ‚
485 426 609 461 Seprunx
621 443 629 456 ‚
651 420 700 449 Bes
711 441 719 454 ‚
741 417 868 446 Dodrans
879 437 887 450 ,
909 414 1032 443 Dextans
1041 435 1049 447 ‚
1071 413 1180 441 Deunx.

228 468 263 498 As
275 468 401 497 Caianus.
423 465 490 493 Stat.
501 474 528 497 4.
543 460 597 497 Syl.
613 468 638 494 9.
651 467 694 498 22.
742 495 752 498 ..
1105 487 1110 493 '
1262 486 1268 492 η

321 504 452 540 Emptum
465 500 526 537 plus
535 500 625 530 minus
640 496 692 524 asse
705 493 816 522 Caiano.
910 488 973 518 Hoc
987 488 1051 517 loco
1065 486 1170 522 quidsit
1180 487 1211 515 As
1221 485 1340 515 Caranus

248 549 346 572 omnes
364 539 536 569 addubitant.
589 529 737 563 Turnebus
756 527 905 566 suspicatur
915 549 922 560 .
944 535 1029 563 quum
1041 524 1102 554 assis
1118 524 1340 561 interponeretur

248 577 473 616 coemptionibus
488 571 658 607 nuptialibus
671 591 678 604 ‚
699 577 758 604 quae
767 565 927 602 imaginaria
939 564 1102 592 venditione
1111 561 1319 604 celebrabantur
1331 582 1340 596 ‚

251 619 276 647 ἃ*
286 618 325 645 vir
336 619 360 645 ὅ(
370 624 439 644 uxor
447 613 472 641 se
485 619 581 640 mutuo
592 613 751 637 coementes
762 626 770 639 ‚
791 603 873 633 Caios
882 604 909 632 δι
919 602 996 631 Caias
1008 607 1139 631 vocarent
1150 622 1158 636 ,
1170 598 1253 629 aliem
1264 599 1341 628 Caia-

249 664 317 683 num
332 653 384 682 esse
398 651 478 680 assem
492 649 570 678 illum
585 642 830 681 coemptionalem.

231 692 272 723 Ex
282 691 428 734 asse-haeres
440 688 540 717 dicitur
549 707 557 720 ‚
579 684 635 750 (fini
645 682 716 726 solus
727 680 764 709 est
778 680 873 708 haeres.
1054 714 1058 719 .

231 730 263 760 In
274 737 359 758 trivns
369 727 454 755 fixum
462 733 546 761 quum
559 721 585 751 se
616 725 719 749 imittat
730 718 766 747 ob
775 717 867 746 assem.
888 714 956 745 Hor.
972 724 995 743 1.
1008 713 1092 751 Epist.
1107 716 1150 743 16.
1161 715 1207 750 64.

231 768 296 798 Non
314 766 399 804 pluris
408 763 496 801 pretio
507 761 588 790 unius
600 759 659 788 assis
670 756 785 786 licuisse.
807 755 875 798 Hor.
890 764 911 782 1.
927 753 1013 782 Serm.
1026 756 1052 782 6.
1066 761 1107 788 13.

232 804 321 834 Assem
329 808 411 839 negat
425 799 476 830 sese
487 800 622 828 daturum.
643 796 701 825 Cic.
713 804 761 832 pro
774 793 873 836 Quint.
893 801 933 826 19.

231 843 273 872 Ad
285 840 364 869 aliem
375 839 468 867 omnia
480 837 605 875 perdere.
625 834 692 864 Hor.
705 843 731 862 2.
746 831 829 868 Epist.
842 840 868 860 2.
880 838 924 867 27.

250 878 351 908 omnia.
375 876 504 913 Porphyr.

228 916 366 952 Redigere
380 914 413 943 ad
426 913 516 942 affem.
540 911 607 940 Hor.
626 919 648 938 1.
669 909 756 938 Serm.
769 917 792 936 1.
805 914 850 942 43.

231 954 379 983 Venditare
392 951 452 981 affe.
476 949 633 987 Catull.31.
848 981 853 987 ¹
877 981 883 986 .
1006 977 1012 985 .
1174 977 1180 983 ᾗ
1214 977 1219 983 1

232 992 298 1022 Allis
310 990 456 1019 nonfacio.
495 983 692 1025 Despauterius
702 989 794 1012 autem
806 981 897 1010 scribit
910 978 1052 1009 Affifacm:
1075 977 1266 1007 Affifac101.e.
1304 985 1345 1004 ar-

249 1031 276 1058 vi
287 1029 389 1058 aestimo
400 1037 407 1062 3
418 1025 601 1064 compositum
611 1023 723 1056 verbum
732 1019 837 1051 est.Sed
848 1018 895 1048 ubi
906 1018 1040 1056 reperitur
1053 1014 1256 1053 compositum?
1266 1014 1274 1043 1
1294 1014 1343 1042 (St.

232 1066 274 1097 De
284 1066 364 1096 variis
377 1064 436 1094 assis
445 1063 592 1102 generibus
606 1084 614 1095 .
636 1061 668 1089 V.
684 1057 853 1101 φῬίῑὶῐΐοχῖΐεκ.

192 1107 237 1136 As
248 1115 259 1135 s
270 1114 302 1133 11²
312 1113 328 1132 o
339 1113 358 1132 N
369 1113 386 1131 r>
396 1113 404 1130 1
415 1112 431 1130 u
441 1113 463 1130 M
473 1124 481 1137 ,
504 1102 532 1131 ii.
554 1109 580 1129 n.
603 1099 698 1135 [μνᾶ]
719 1097 850 1133 {ignihcat
870 1093 961 1123 Unum
982 1091 1088 1129 pondo.
1128 1090 1212 1119 Varro
1222 1089 1257 1118 de
1271 1088 1299 1117 L.
1314 1087 1342 1117 L.

231 1142 248 1172 l.
258 1154 284 1178 4.
325 1140 411 1177 Quod
420 1149 510 1169 unum
517 1137 615 1178 pondo
629 1134 820 1173 Assipondjum
830 1131 974 1161 dicebatur
986 1139 992 1160 ς
1015 1129 1047 1159 ld
1057 1129 1121 1158 ideo
1132 1150 1139 1164 ,
1158 1128 1234 1165 quod
1246 1127 1279 1156 As
1288 1132 1345 1156 erat

230 1180 319 1210 Librae
330 1178 451 1217 pondus.

635 1225 662 1260 A
757 1221 777 1257 S
875 1219 903 1256 A

191 1294 264 1323 AsA
278 1314 286 1329 ‚
307 1288 477 1323 Asafoefida.
497 1286 580 1317 velut
588 1282 634 1314 alii
649 1283 812 1325 proferunt,
834 1279 891 1309 Assa
909 1277 1039 1317 putrida:
1059 1276 1143 1315 vulgo
1157 1286 1173 1305 a
1189 1274 1306 1319 medicis
1319 1274 1346 1303 sc

229 1327 453 1368 phannacopolis
469 1326 585 1357 dicitur.
610 1323 684 1359 quod
701 1321 796 1350 Latine
813 1317 892 1348 Laser
915 1320 1109 1354 nuncupatur,
1130 1315 1224 1344 Graece
1242 1318 1344 1344 πλφιον.

230 1366 372 1398 Alatthiol.
385 1367 413 1394 in
424 1364 472 1393 lib.
486 1372 510 1399 3.
528 1360 651 1391 Dioscor.
665 1369 723 1396 cap.
734 1368 778 1395 79.
947 1392 953 1398 θ

229 1405 311 1443 Apud
321 1402 521 1440 antiquissimos
532 1402 583 1429 Ara
594 1399 666 1427 dicta
675 1398 713 1426 est
726 1395 782 1425 Asa.
803 1393 836 1423 V.
852 1392 924 1423 Gell.
936 1391 983 1421 lib.
996 1401 1023 1427 4.
1036 1400 1097 1428 cap.
1110 1398 1135 1425 3.
1152 1390 1179 1419 &
1189 1387 1344 1423 Macrob.3.

267 1453 281 1471 a
315 1452 355 1471 rn.
371 1451 396 1470 2.
1196 1463 1202 1471 .
1236 1464 1241 1470 ⁸

191 1481 212 1512 A
220 1490 232 1511 s
241 1444 317 1510 {etii
327 1489 352 1509 ΛΕ
362 1501 370 1514 ,
391 1476 489 1515 Populi
500 1475 599 1505 suntin
609 1471 750 1502 montibus
763 1468 911 1506 AEthiopiae
924 1488 932 1501 ‚
954 1466 1001 1504 qui
1013 1464 1103 1495 abesse
1113 1474 1204 1508 amari
1214 1463 1346 1508 dicuntur

229 1519 337 1548 dierum
352 1518 474 1554 quinque
490 1514 589 1542 itinere
601 1534 609 1547 ‚
630 1511 754 1540 viventes
771 1505 985 1545 elephantorum
1001 1510 1113 1534 venatu.
1133 1501 1203 1532 Phn.
1214 1501 1263 1531 hb.
1277 1507 1302 1536 8.
1319 1502 1346 1530 Sc

249 1556 275 1585 b.
308 1579 314 1585 .
330 1565 362 1584 ca
385 1577 391 1583 .
418 1563 445 1582 0.

191 1595 214 1625 Δ
223 1556 247 1624 sll
244 1604 263 1623 A
274 1560 318 1623 c6u
329 1602 340 1622 s
350 1564 489 1628 ‚pfluvius
500 1587 537 1616 est
547 1587 653 1616 alluens
663 1583 826 1614 Heracleam
837 1581 981 1623 civitatem
989 1602 998 1616 ‚
1018 1579 1095 1609 fitam
1106 1578 1141 1608 ad
1152 1578 1258 1608 radices
1268 1586 1348 1606 mon-

228 1632 264 1661 tis
273 1631 358 1661 OEtae
369 1652 377 1664 7
396 1628 464 1658 teste
485 1626 540 1656 Liv.
555 1625 632 1659 lib.5.
650 1624 685 1652 de
696 1622 770 1651 bello
782 1619 978 1650 Macedonico.

191 1670 214 1700 A
222 1680 234 1700 s
242 1680 266 1699 ia
276 1691 284 1705 ,
306 1667 430 1704 [Ἀπιι]
451 1665 534 1694 Vicus
544 1664 581 1691 est
593 1659 773 1698 Peloponnesi
782 1659 812 1688 in
820 1667 885 1696 agro
899 1655 1048 1686 Corinthio
1056 1676 1065 1690 ‚
1085 1664 1145 1684 non
1155 1652 1254 1691 procul
1270 1663 1284 1682 a
1295 1649 1347 1682 Ge:-

231 1717 283 1737 nea
292 1707 356 1735 vico
365 1727 372 1740 ,
395 1711 425 1733 ut
438 1702 537 1732 author
548 1701 585 1729 est
596 1699 761 1736 Stephanus.
1119 1730 1125 1735 ο

191 1746 234 1775 As
243 1756 266 1774 A«.
275 1755 294 1773 A
306 1766 314 1779 ‚
336 1740 469 1779 [’Amioe]
491 1739 596 1769 Montis
608 1746 711 1766 nomen
726 1736 763 1764 est
773 1734 926 1778 proprium.
964 1731 1069 1760 Author
1079 1729 1186 1773 Surdas.

190 1784 234 1814 As
245 1794 267 1811 ιε
278 1792 296 1811 υ
306 1792 336 1815 s,
356 1777 484 1816 [Ἀσπῗςὸ
503 1778 515 1813 ]
537 1776 613 1805 Unus
632 1775 685 1803 fuit
702 1783 736 1803 ex
748 1770 923 1811 principibus
934 1769 1092 1799 Graecorum
1104 1790 1112 1803 ‚
1133 1766 1293 1799 interfectus
1312 1765 1346 1795 ab

229 1819 359 1851 Hercule.
400 1791 503 1846 Autlior
515 1815 628 1844 Homer.
641 1813 689 1842 lib.
706 1822 745 1840 11.
765 1810 840 1840 iliad.
979 1846 984 1851 1
1041 1844 1046 1850 ·
1240 1832 1243 1835 ,

191 1859 234 1890 As
244 1869 261 1888 A
274 1869 295 1887 M
306 1868 320 1886 e
331 1868 350 1886 A
360 1865 379 1885 T
389 1866 414 1884 AE
425 1877 432 1889 ‚
452 1853 549 1891 Populi
561 1853 623 1881 sunt
630 1848 829 1880 circaNlaeotin
840 1869 848 1881 .
871 1846 936 1876 teste
947 1844 1015 1888 Plin.
1028 1844 1075 1873 hb.
1087 1847 1113 1873 6.
1123 1853 1185 1886 cap..
1199 1851 1224 1879 7.

192 1897 214 1926 A
224 1906 236 1926 s
244 1906 265 1925 A
273 1905 294 1924 N
304 1905 322 1924 A
333 1917 340 1930 ‚
365 1893 478 1923 Flumen
490 1891 526 1920 est
538 1891 566 1919 in
576 1889 745 1919 Mauritania
757 1908 765 1921 .
786 1886 819 1915 ab
827 1884 889 1914 Sala
903 1893 920 1912 c
931 1895 946 1912 L
959 1882 1027 1912 mill.
1043 1882 1107 1920 paff.
1118 1890 1226 1910 marino
1238 1880 1345 1915 haustu⁹

230 1932 276 1963 sed
286 1939 367 1971 portu
379 1927 538 1970 spet‘tabile.
559 1927 625 1957 Plin.
638 1926 685 1955 lib.
700 1936 724 1960 ς.
740 1935 800 1962 cap.
817 1933 858 1952 11.
874 1921 964 1967 Asama
987 1920 1056 1963 Ptol.
1178 1958 1184 1963 ,
1277 1955 1283 1962 ι

193 1973 214 2002 A
225 1982 236 2001 s
245 1983 265 2000 A
274 1981 293 2000 N
303 1981 321 1999 D
331 1980 346 2000 a
354 1980 371 1999 R
381 1991 389 2003 .
410 1965 568 2004 ΠΑπυδρΘ
581 1966 596 2000 ]
612 1965 667 1994 Viri
679 1964 823 2002 proprium
832 1983 840 1996 ,
857 1959 932 1997 apud
942 1959 1029 2001 btrab.
1040 1957 1087 1987 lib.
1096 1967 1121 1994 7.
1139 1968 1185 1994 qui
1197 1956 1350 1986 Tauricam

232 2002 456 2039 Chersonesuma
467 2005 630 2034 continente
650 2000 783 2038 separavit
795 2022 802 2034 ,
825 1999 909 2028 duero
925 2007 974 2035 per
987 2006 1046 2032 ejus
1058 1995 1190 2026 Isthmum
1205 2003 1286 2024 muro
1302 2015 1310 2029 ‚
1331 2003 1347 2023 a

232 2047 290 2076 smu
301 2045 469 2076 Carcinitico
483 2064 491 2078 ,
513 2041 596 2078 usque
612 2041 646 2070 ad
659 2040 774 2069 Nlaeotin
789 2037 930 2075 paludem.
1009 2072 1015 2077 ἢ
1056 2071 1061 2077 .
1155 2070 1160 2076 .
1227 2070 1232 2075 .

193 2087 216 2117 A
225 2095 237 2115 s
247 2095 265 2114 A
276 2095 293 2113 R
304 2088 321 2114 ὃ
329 2093 348 2112 T
357 2093 373 2113 o
385 2093 405 2112 N
414 2104 422 2119 ,
444 2082 460 2112 i.
474 2090 502 2110 n.
525 2076 687 2116 [ἀστέρωπν]
711 2075 859 2106 pavimenti
872 2082 958 2111 genus
967 2070 1117 2101 artificiosis
1133 2071 1247 2108 pisturis
1256 2068 1350 2098 elabo-

230 2129 322 2152 ratum
335 2131 340 2151 :
363 2121 399 2150 fic
410 2120 517 2149 dictum
527 2139 535 2152 ‚
556 2117 631 2154 quod
642 2116 730 2152 scopis
741 2114 811 2143 verri
825 2122 882 2141 non
894 2111 995 2140 debeat
1004 2132 1013 2145 ‚
1034 2109 1067 2138 ab
1079 2121 1095 2153 of
1105 2130 1113 2144 ,
1126 2110 1152 2137 Sc
1161 2109 1233 2140 majas
1242 2129 1250 2141 ,
1273 2107 1349 2150 quod

232 2161 270 2190 est
281 2160 375 2188 Verro.
415 2158 487 2188 Nam
503 2165 537 2185 ex
548 2155 580 2183 iis
599 2153 801 2191 colligebantur
818 2154 998 2188 purgamenta
1016 2147 1160 2181 manibus,
1182 2146 1209 2175 δι
1225 2145 1348 2189 spongiis

231 2197 446 2228 mundabantur.
487 2192 537 2222 Vel
547 2194 639 2231 potins
650 2188 713 2227 quia
727 2191 763 2219 sic
772 2190 879 2227 pictum
891 2194 948 2216 erat
958 2209 966 2220 ‚
980 2192 1019 2229 'ut
1027 2189 1169 2228 putaretur
1176 2184 1265 2227 scopis
1274 2192 1350 2212 ever-

231 2236 291 2266 sum
302 2242 329 2264 at
350 2244 384 2264 ue
394 2232 558 2263 mundatum
568 2238 624 2258 non
632 2228 719 2258 fuisse.
759 2225 935 2264 App-arebant
942 2233 1016 2253 enim
1032 2224 1086 2252 hoc
1095 2231 1123 2251 in
1135 2227 1296 2265 ρεγιῐηεηῑο
1305 2230 1350 2249 ve-

231 2274 274 2304 lut
288 2282 338 2302 ana
352 2273 427 2306 etsta.
451 2272 477 2300 ἃ
488 2268 627 2305 reliquiae,
649 2272 884 2304 purgamentaque
899 2272 1003 2296 coenae,
1025 2260 1097 2298 quasi
1115 2259 1231 2288 ministri
1243 2269 1274 2288 ea
1291 2268 1350 2287 non

233 2310 399 2341 everriffent.
421 2308 489 2338 Plin.
500 2306 548 2336 lib.
567 2309 609 2342 3⁶-
622 2315 683 2343 cap.
696 2314 740 2339 25.
781 2302 940 2332 Pavimenta
951 2299 1087 2337 originem
1095 2297 1170 2335 apud
1183 2296 1292 2326 Graecos
1304 2296 1351 2325 ha-

233 2347 301 2378 bent
315 2348 455 2378 elaborata
469 2352 526 2374 arte
538 2366 545 2379 ‚
567 2345 680 2380 picturae
701 2341 808 2371 ratione
819 2362 827 2375 ,
848 2340 939 2368 donec
953 2337 1107 2380 lithostrota
1124 2334 1257 2381 expulere
1276 2343 1348 2363 eam.

233 2386 437 2416 Celeberrimus
451 2383 540 2412 fuitin
551 2381 605 2410 hoc
621 2389 722 2418 genere
736 2378 816 2409 Sosus
827 2400 835 2412 ‚
856 2377 902 2414 qui
924 2376 1047 2418 Pergami
1066 2374 1157 2419 stravrt
1169 2394 1177 2408 ,
1200 2381 1283 2410 quem
1302 2381 1350 2400 vo-

234 2432 299 2454 cant
310 2424 435 2453 asaroton
445 2429 543 2453 oecon.
564 2418 695 2455 quoniam
706 2423 884 2455 purgamenta
898 2424 985 2443 coena·
994 2423 1023 2456 111
1035 2419 1194 2456 pavimento
1207 2432 1224 2453 ,Ι
1236 2419 1351 2452 quaeque

233 2463 320 2492 everri
332 2461 438 2495 solent,
459 2458 545 2488 veluti
556 2457 650 2486 relicta
659 2456 761 2485 fecerat
777 2454 868 2492 parvis
885 2463 900 2482 e
911 2449 1014 2481 testulis
1025 2472 1033 2486 ,
1054 2449 1200 2486 tinctisque
1218 2458 1246 2477 in
1261 2456 1353 2478 varios

251 2500 350 2529 olores.

233 2511 344 2567 gaudet
355 2536 454 2566 humus
468 2534 631 2572 superatque
641 2532 719 2560 novis
732 2528 839 2559 Asarota
846 2526 948 2563 figuris.
969 2526 1035 2556 Stat.
1049 2534 1071 2553 1.
1082 2522 1155 2562 Sylv.
1169 2533 1194 2559 3.
1206 2525 1249 2558 56.

196 2578 237 2607 As
249 2586 268 2604 A
277 2586 293 2605 R
302 2586 319 2605 ο
328 2585 348 2604 T
357 2586 366 2603 1
377 2584 394 2604 c
403 2584 420 2603 u
430 2583 441 2603 s
452 2595 460 2609 ‚
482 2573 543 2608 Adj.
564 2570 659 2600 Sidon.
671 2569 762 2598 Carm.
772 2577 816 2605 23.
831 2575 873 2602 57.
956 2580 993 2585 —
1002 2562 1149 2600 aureasque
1166 2569 1260 2605 portas
1288 2597 1294 2603 .
1320 2598 1326 2604 .

954 2601 1078 2632 Exornas
1092 2600 1228 2629 asarotims
1240 2599 1265 2628 la
1288 2596 1353 2627 illis.

196 2652 237 2682 As
249 2654 319 2680 Anu
331 2661 350 2678 Μ
363 2671 371 2684 .,
393 2649 410 2678 i.
433 2647 567 2684 [linem]
587 2644 680 2675 Herba
692 2667 700 2678 ‚
722 2643 757 2671 de
771 2651 823 2678 qua
839 2641 873 2670 {ic
889 2640 956 2669 Plin.
972 2639 1023 2668 lib.
1040 2648 1081 2667 1².
1103 2648 1164 2676 cap.
1184 2647 1226 2674 13.
1294 2636 1354 2669 ardi

234 2690 292 2718 vim
306 2687 390 2717 habet
406 2687 431 2715 Sc
448 2685 550 2715 asarum
562 2707 570 2719 ,
592 2684 666 2723 quod
686 2680 811 2718 &ipsum
827 2679 912 2716 aliqui
932 2678 1048 2716 siluestre
1070 2676 1187 2705 nardum
1201 2674 1352 2712 appellant.

234 2726 279 2757 Est
288 2732 380 2756 autem
392 2724 499 2753 hederae
513 2723 586 2751 foliis
595 2744 602 2757 ‚
619 2718 828 2751 rotundioribus
837 2724 945 2746 tantum
956 2713 1197 2758 mollioribusque',
1214 2713 1282 2755 flore
1289 2721 1355 2755 pugr-

256 2763 430 2798 ure0,radice
441 2760 538 2791 Gallici
550 2759 627 2789 nardi
639 2769 645 2789 :
658 2759 751 2788 semen
760 2755 911 2785 acinosum.
922 2753 1023 2790 sapons
1031 2752 1112 2782 calidi
1122 2761 1154 2780 ac
1162 2750 1353 2790 v1n911.Diolc.

234 2775 284 2832 lib.
302 2812 324 2831 1.
338 2810 397 2837 cap.
408 2810 433 2835 9.
456 2798 582 2833 Marum,
607 2797 682 2836 quod
694 2793 818 2832 &ipsum
830 2791 915 2829 aliqui
927 2790 1042 2820 silvestre
1058 2790 1175 2819 nardum
1191 2787 1353 2831 appellant,

235 2840 310 2876 Magi
322 2838 481 2874 sanguinem
493 2837 590 2866 Martis
602 2858 610 2870 ‚
628 2834 718 2864 Latini
727 2831 907 2870 perpensam.
934 2829 980 2858 alii
992 2828 1098 2857 baccar.
1137 2825 1302 2856 Matthiolus
1316 2832 1355 2854 ait

235 2878 345 2908 Asarum
356 2874 409 2905 esse
418 2884 479 2904 eam
490 2874 603 2903 herbam
613 2895 620 2907 ‚
642 2881 723 2910 quarn
735 2879 810 2899 nunc
819 2868 937 2897 officinm
948 2873 1050 2895 vocant
1061 2866 1217 2899 Baccaram.
1230 2864 1355 2900 quamvis

235 2916 352 2946 Baccara
360 2913 438 2952 apud
447 2912 638 2942 Dloscoridem
649 2915 712 2940 vere
724 2909 755 2937 sit
769 2906 821 2937 alia
830 2905 916 2936 herba
932 2904 965 2934 ab
974 2903 1052 2934 Asaro
1068 2903 1152 2941 longe
1160 2901 1274 2932 diversa.

653 2957 677 2988 A
773 2952 793 2986 S
890 2951 913 2984 B

197 3018 218 3048 A
226 3027 237 3047 s
246 3028 261 3046 Β
269 3027 283 3046 a
292 3026 304 3047 s
314 3018 352 3046 τῖ
361 3026 381 3046 Ν
389 3026 409 3045 υ
419 3025 440 3044 M
450 3036 458 3050 ‚
478 3013 497 3043 i.
513 3023 541 3043 n.
563 3008 725 3050 [decemb]
746 3010 840 3039 Genus
852 3007 888 3037 est
900 3007 950 3036 lini
962 3006 1037 3043 quod
1048 3006 1159 3043 ignibus
1169 3012 1227 3035 non
1238 3004 1355 3034 absumis

234 3063 279 3084 tur
291 3077 299 3089 ,
317 3055 415 3083 Vivum
427 3053 454 3082 id
466 3058 570 3081 vocant
580 3071 587 3083 ,
606 3048 787 3085 ardentesque
804 3047 834 3075 in
848 3046 917 3074 focis
931 3045 1124 3074 conviviorum
1140 3054 1174 3073 ex
1185 3054 1219 3072 eo
1232 3043 1355 3073 vidimus

235 3102 349 3131 mappas
362 3091 487 3121 sordibus
497 3089 596 3119 exustis
608 3086 828 3126 splendescentes
842 3084 899 3121 igni
913 3083 999 3119 magis
1009 3104 1017 3118 ,
1038 3092 1121 3119 quam
1142 3079 1256 3124 possent·
1267 3082 1352 3124 aquis.

234 3130 354 3159 Vocatur
367 3137 459 3159 autem
470 3138 486 3157 a
495 3127 597 3157 Graecis
606 3125 776 3155 Asbestinum
787 3131 822 3152 ex
831 3127 993 3158 argumento
1005 3128 1116 3149 naturae.
1140 3120 1207 3149 Haec
1220 3119 1288 3148 le.
1302 3118 1352 3148 lib.

239 3178 281 3203 19.
292 3178 352 3205 cap.
366 3177 390 3196 1.
412 3166 584 3196 Asbestinuni
595 3164 696 3193 dicitur
704 3161 776 3199 quali
787 3169 823 3190 ex
833 3159 942 3189 Asbesto
953 3158 1046 3195 lapide
1056 3158 1084 3186 in
1098 3157 1143 3186 fila
1154 3157 1276 3186 deducto
1288 3166 1354 3186 con-

237 3206 340 3235 fectum
353 3227 361 3239 .
382 3205 458 3242 quod
476 3210 572 3233 tamen
587 3201 684 3231 falsum
705 3198 868 3238 pronuntiat
882 3196 964 3226 Hard.
982 3196 1017 3224 ad
1037 3195 1090 3224 loc.
1109 3205 1174 3224 mox
1187 3194 1353 3230 subjectum.

202 3242 223 3273 A
233 3252 244 3271 s
256 3253 270 3270 a
280 3253 293 3271 1⁷.
303 3253 315 3272 s
323 3251 342 3270 'r
351 3253 367 3271 o
378 3250 389 3271 s
400 3265 408 3277 ,
430 3240 592 3278 [ἕσςεςῶι]
614 3239 731 3269 Gemma
742 3246 802 3275 quae
819 3236 849 3264 in
865 3234 983 3263 Arcadiae
994 3233 1137 3275 montibus
1152 3232 1286 3267 nascitur,
1309 3242 1355 3261 co.

240 3280 305 3309 loris
316 3280 403 3309 ferrei.
419 3280 488 3309 Plin.
502 3278 599 3314 lib.37.
611 3286 671 3314 cap.
688 3282 730 3304 10.
753 3274 805 3304 Cui
816 3281 921 3302 nomen
928 3271 976 3305 est.
986 3270 1192 3307 inquitSolinus
1204 3280 1228 3299 c.
1239 3279 1263 3305 7.
1278 3269 1354 3306 quod

241 3317 369 3346 accensus
379 3316 463 3346 semel
472 3316 597 3354 extingui
609 3314 713 3351 nequit.
724 3312 782 3343 Lat.
792 3308 1022 3347 Inextinguibilis.
1043 3307 1176 3337 Scribitur
1185 3309 1211 3337 δι
1220 3308 1354 3337 Asvestus.

203 3355 388 3390 Asamus,
409 3353 575 3390 [ἅσέολῶ]
596 3353 678 3382 Canis
690 3360 803 3380 nomen.
823 3348 907 3378 Ovid.
922 3356 946 3383 3.
963 3346 1112 3389 Met-,2¹8
1133 3383 1138 3388 μ
1153 3382 1158 3388 ·
1208 3382 1214 3388 1
1251 3383 1256 3388 ·

319 3391 353 3420 Et
366 3392 452 3421 niveis
467 3391 579 3421 Leucon
591 3413 599 3426 ‚
621 3391 647 3420 Sc
660 3389 734 3418 villis
749 3385 865 3418 Asbolus
878 3386 950 3414 atris.
1034 3393 1052 3413 1.
1064 3393 1089 3413 e.
1111 3382 1174 3412 Pilrs
1187 3391 1282 3420 nigris.

239 3429 312 3458 Nam
327 3428 442 3459 ἅσζολῶ
453 3429 554 3458 dicitur
571 3429 589 3458 F
592 3428 667 3465 uligo
680 3426 784 3456 Latine.

205 3468 225 3496 A
236 3476 247 3495 s
256 3477 270 3494 is
279 3475 323 3494 οτ
334 3475 351 3494 u
362 3476 374 3495 s
383 3488 391 3501 ‚
410 3465 573 3502 [avemo]
597 3466 664 3495 Urbs
674 3463 819 3494 Thessaliae
834 3484 842 3497 ,
862 3458 958 3504 Steph.
1074 3495 1080 3501 .
1124 3495 1128 3500 ,
1166 3493 1172 3499 .

205 3505 226 3534 A
235 3513 247 3533 s
258 3513 272 3532 1³
281 3512 301 3533 Y
309 3513 326 3532 L
335 3513 353 3532 υ
363 3513 385 3540 s,
395 3503 565 3539 Crotoniata‚
576 3505 654 3540 cujus
662 3502 792 3532 meminit
801 3500 945 3539 Pausanias
953 3498 979 3527 81.
987 3495 1065 3526 Plato
1074 3504 1103 3524 m
1110 3493 1189 3523 libris
1199 3493 1235 3524 de
1245 3494 1354 3533 Repub.

625 3567 652 3601 A
752 3564 774 3600 S
884 3562 913 3597 C

205 3627 226 3658 A
235 3637 248 3657 s
256 3637 273 3656 c
284 3635 303 3656 A
319 3648 327 3662 ‚
347 3625 446 3656 Siciliae
457 3627 552 3656 civitas
562 3648 570 3661 ,
590 3635 673 3664 quam
684 3624 797 3664 Elymus
805 3624 937 3663 princeps
945 3620 1133 3657 Trojanorum
1145 3618 1246 3648 dicitur
1260 3616 1358 3646 condi-

243 3664 318 3694 disse.
341 3665 448 3693 Servius
458 3665 486 3692 in
500 3675 523 3700 ς.
537 3664 599 3694 AEn.

205 3703 227 3734 A
236 3712 248 3732 s
259 3713 276 3730 c
286 3712 305 3730 A
316 3713 332 3730 L
341 3711 358 3729 A
368 3712 381 3729 is
390 3705 406 3730 ὅ
416 3711 434 3729 ἰ’
444 3711 458 3729 r,
467 3710 478 3730 s
486 3723 494 3736 ‚
519 3694 740 3736 [άσκωλαιξῶπς]
761 3699 867 3729 Animal
882 3703 1051 3728 venenatum
1061 3718 1069 3731 ‚
1088 3705 1122 3725 eu
1138 3703 1238 3732 genere
1257 3691 1357 3721 stellio-

243 3749 312 3769 num
324 3760 333 3773 ,
353 3738 487 3774 lentigine
509 3738 624 3775 plenum
636 3759 644 3772 ‚
674 3737 764 3767 acerbi
785 3737 906 3766 stridoris
918 3758 926 3771 ‚
946 3734 1084 3764 diversum
1099 3733 1133 3762 ab
1153 3742 1186 3761 co
1206 3730 1282 3768 quod
1296 3729 1357 3759 Itali

243 3776 408 3804 Taranmlam
416 3776 461 3804 sua
470 3775 562 3811 lingua
570 3781 679 3803 vocant.
701 3775 731 3803 V.
754 3774 821 3804 Plin.
838 3775 886 3803 lib.
898 3783 941 3808 29.
953 3783 983 3802 ca
1008 3795 1013 3801 .
1029 3783 1056 3807 4.

206 3815 455 3846 AsCALAaorruM,
466 3812 570 3841 Dimin.
584 3811 755 3847 Catul.'54.5.
769 3811 915 3848 Diimagni
925 3783 1121 3840 ascaliibotium
1135 3806 1274 3836 disertum.
1294 3804 1357 3834 Hoc

243 3849 410 3880 vocabulum
422 3859 449 3878 re
472 3849 542 3877 osuit
551 3849 706 3884 Turnebus,
717 3849 791 3893 quod
802 3857 882 3878 antea
894 3847 1001 3877 sortasse
1009 3847 1123 3876 rusticus
1131 3845 1306 3877 diminuerat,
1329 3844 1356 3872 &

243 3889 403 3926 depravarat
411 3895 454 3916 ma
467 3896 481 3915 e
500 3885 707 3920 ironuntiandm
720 3888 745 3915 ὁ(
755 3885 925 3923 Salaputium
933 3885 1086 3914 dixerat.V.
1097 3893 1109 3913 s
1119 3894 1139 3913 A
1149 3894 1166 3912 L
1175 3893 1193 3911 A
1201 3892 1215 3910 r
1224 3891 1242 3911 u
1252 3890 1271 3909 T
1280 3891 1288 3908 1
1301 3890 1318 3909 υ
1327 3890 1358 3908 Μ.

523 3923 719 3958 Ἀσκάλαφῶυ]
740 3923 835 3952 Martis
851 3925 877 3952 &
888 3921 1036 3960 Astyoches
1051 3921 1123 3957 filius
1135 3943 1143 3957 ‚
1164 3921 1243 3956 cujus
1260 3918 1359 3947 memi-

947 829 965 857 i.
980 837 1004 857 e.
1026 826 1115 864 Usque
1125 826 1160 856 ad
1174 823 1274 861 assem,
1291 823 1344 854 sive

208 3927 229 3956 A
240 3936 252 3955 s
262 3935 279 3954 c
288 3936 306 3954 A
316 3936 331 3953 L
340 3927 356 3954 Ᾰ
365 3934 380 3953 P
388 3933 407 3952 H
418 3934 436 3952 u
445 3933 457 3952 s
468 3945 476 3958 ‚

244 3964 286 3992 nit
297 3963 408 3992 Homer.
421 3961 468 3990 lib.
478 3970 503 3989 2.

244 3999 409 4038 Ascalaphus
419 4020 428 4034 ,
448 3997 609 4028 Acherontis
618 3996 688 4027 filius
698 3998 724 4026 8<
736 3997 866 4034 Orphnes
878 3997 1008 4034 nymphae
1028 3995 1168 4026 Avernalis
1184 4004 1190 4022 ·.
1212 3993 1306 4032 postea
1326 3992 1357 4022 in

1837 177 1864 211 A
1960 177 1980 211 S
2078 174 2109 211 C

1444 257 1588 288 bubonem
1597 261 1724 286 mutatus.
1763 256 1895 288 Fabulam
1908 258 1970 286 vide
1983 257 2057 295 apud
2067 257 2149 287 Ovid.
2166 268 2189 292 ς.
2208 253 2276 287 Met.
2290 265 2349 293 539.
2575 257 2577 292 ἰ

1390 296 1411 325 A
1420 306 1431 325 s
1442 306 1459 325 c
1471 307 1489 324 A
1500 307 1515 324 L
1525 306 1533 323 1
1545 305 1565 323 N
1574 305 1591 323 G
1603 306 1610 322 1
1620 306 1636 322 υ
1649 306 1677 327 u,
1691 295 1885 330 [Ἀσκαλίῇων]
1899 296 2044 324 Ptolemaeo
2056 294 2373 327 m·bsGennaniae.,hodie
2385 294 2534 327 Hildeihet'm.
2575 293 2577 304 ¹

1391 335 1409 363 A
1420 344 1432 362 s
1443 344 1459 362 c
1469 344 1486 362 A
1498 345 1512 360 ¹.
1522 343 1538 361 o
1549 342 1568 361 N
1579 354 1586 365 .
1617 333 1685 361 (mis.
1710 334 1883 368 [saxoneum-m]
1913 333 2057 362 Palaestince
2088 334 2183 362 civitas
2211 332 2403 362 ldumaeorum.
2444 333 2540 363 Author
2575 338 2576 343 ¹

1419 369 1704 400 StraboDeAscalone
1714 368 1932 407 pluraDiodorus
1942 371 1986 399 lib.
1999 368 2425 407 1.Al.Ascalonia.hodieEscalana
2434 368 2538 401 dicitur.
2575 379 2576 382 ’

1392 409 1413 438 A
1424 419 1461 437 sc
1472 420 1487 436 ,1
1500 410 1617 436 LoN'ir
1626 418 1643 435 A
1656 429 1663 440 .
1682 418 1711 436 212.
1734 409 1748 442 [
1767 409 1953 443 Ammmrm]
1974 408 2031 444 Qui
2048 409 2086 437 est
2102 409 2137 437 de
2152 406 2292 438 Ascalone.
2341 406 2541 439 Testimonium

1431 447 1559 482 frequens
1570 446 1643 482 apud
1653 445 1805 481 josephum
1816 445 1863 475 lib.
1875 450 1900 475 6.
1913 455 1974 483 cap.
1989 457 2010 474 1.

1393 484 1413 513 A
1423 494 1435 513 s
1446 494 1462 512 c
1473 494 1489 511 A
1502 495 1515 511 r
1525 492 1542 510 o
1553 492 1570 510 Ν
1582 493 1591 510 1
1603 493 1619 510 A
1632 505 1639 516 ,
1662 490 1691 511 fc.
1714 484 1795 521 Cepae
1806 494 1891 520 genus
1905 506 1911 518 ‚
1933 484 1966 512 ab
1989 483 2120 512 Ascalone
2140 481 2247 520 oppido
2266 482 2368 518 Judaeae
2392 482 2536 516 nominata.
2574 516 2575 519 Ἴ

1434 520 1502 550 Plin.
1517 519 1565 549 lib.
1583 530 1624 554 19.
1639 530 1698 557 cap.
1714 524 1754 549 16.
1790 522 1940 557 Fschnllores.

2573 572 2574 585 1

1396 558 1535 590 ΑεοΑωε,
1545 555 1662 593 [sticum
1668 558 1719 593 eh]
1730 558 1838 588 Tantali
1848 559 1928 587 frater
1937 557 1998 593 fuit,
2009 557 2155 595 Hymenaei
2164 557 2248 594 filius,
2262 564 2294 588 ut
2305 556 2397 587 scribit
2405 557 2499 595 Steph.
2509 565 2544 588 ex

1435 596 1551 625 Xantho
1563 617 1571 629 ‚
1596 594 1731 625 Ascalonis
1743 597 1880 625 conditor.

1398 635 1418 663 A
1427 644 1438 662 s
1447 644 1463 662 C
1474 643 1491 662 Α
1502 643 1522 661 N
1533 643 1541 660 ¹
1551 642 1570 661 A
1581 654 1589 666 η
1611 633 1774 668 [Ἀσκανία]
1793 634 1884 663 Insula
1895 632 1932 662 est
1941 641 1996 662 una
2004 633 2160 670 Sporadum
2174 655 2183 668 ‚
2204 642 2263 662 non
2273 631 2373 672 procul
2381 631 2414 662 ab
2425 631 2543 670 Anaphe,
2583 634 2604 688 {l

1436 673 1462 701 δέ
1472 670 1635 707 Astypalaea,
1657 671 1692 699 de
1703 681 1756 708 qua
1768 672 1835 701 Plin.
1847 671 1896 701 lib.
1909 683 1934 705 4.
1951 681 2011 708 cap.
2025 681 2066 700 11.

1436 708 1480 738 Est
1489 710 1515 738 Sc
1528 707 1637 737 Ascania
1647 708 1767 746 Phrygiae
1781 708 1860 738 locus
1871 732 1878 742 .
1902 709 1936 737 de
1947 718 2001 746 quo
2014 707 2081 738 Plin.
2095 707 2144 738 h‘b.
2157 718 2180 744 ς.
2199 717 2259 746 cap.
2270 707 2320 738 ult.
2572 734 2573 742 ,

1436 746 1508 776 Item
1525 745 1593 774 alius
1615 746 1643 774 in
1659 745 1792 784 superiori
1809 747 1896 784 Mysia
1907 769 1915 781 ‚
1939 747 1992 775 sive
2013 746 2160 783 Bithynia,
2181 746 2259 781 juxta
2277 746 2422 776 Ascanium
2439 745 2544 777 lacum:
2572 743 2592 785 gs

1456 794 1537 827 quani
1551 783 1700 820 Mysiacam
1718 790 1799 828 vocat
1818 784 1916 827 Strabo
1936 784 1970 812 ad
1990 783 2175 813 differentiam
2190 784 2356 821 superioris,
2375 792 2457 820 quam
2471 783 2545 821 Phry·
2571 782 2600 832 l'

1400 859 1422 889 A
1431 869 1443 889 s
1452 831 1529 888 (gaam
1536 821 2070 903 lappa]1a[t3AX.m11rgui]a}lffiegezhffgsrtx
2079 858 2178 888 Creusa
2188 859 2259 896 regis
2270 858 2368 888 Priami
2376 857 2432 887 filia
2441 879 2450 893 ‚
2470 859 2546 896 qui&
2585 863 2588 891 Ξ

1437 895 1515 933 Julus
1524 896 1613 926 dictus
1621 897 1659 926 est
1666 919 1673 931 ‚
1693 897 1769 926 unde
1780 897 1846 933 Juln
1855 904 1929 926 ortos
1940 897 1965 927 se
1974 897 2160 935 praedicabant
2169 919 2177 933 ‚
2198 897 2282 935 patris
2291 895 2363 934 fugae
2371 896 2546 933 laborumque
2571 909 2582 922 ι.
2590 902 2600 932 ᾖ

1438 937 1467 964 in
1488 935 1638 971 quaerendo
1660 944 1745 972 regno
1762 934 1851 964 socius
1863 957 1871 970 ,
1898 935 1965 964 teste
1987 935 2055 972 Virg.
2076 945 2098 963 1.
2115 935 2177 964 AEn.
2191 939 2255 970 646.
2280 934 2335 963 Liv.
2348 944 2370 963 1.
2386 943 2411 969 3.
2426 933 2548 964 -dubitat
2570 932 2574 960 i
2597 930 2600 936 '

1438 973 1526 1002 utrius
1535 972 1713 1008 fueritfilius.
1735 973 1841 1002 Creufae
1850 983 1884 1002 an
1894 972 2030 1002 Laviniae:
2051 971 2097 1001 sed
2113 972 2235 1002 historici
2249 972 2333 1002 ceteri
2344 981 2441 1001 omnes
2452 972 2477 1000 δι’
2487 980 2549 1009 poe-
2570 985 2572 996 ι
2591 975 2594 982 “

1438 1016 1472 1039 ta?
1484 1020 1547 1039 cum
1560 1010 1672 1047 Virgilio
1682 1033 1689 1043 ,
1711 1010 1816 1039 Creusae
1830 1009 1918 1040 filium
1930 1010 2007 1039 suiffe
2016 1010 2161 1039 affirmant.
2570 1007 2572 1027 ¹
2598 1022 2599 1026 ¹

1438 1047 1483 1077 Est
1499 1049 1523 1077 δι
1542 1048 1668 1077 Ascanius
1680 1047 1797 1085 Pbrygiae
1808 1049 1909 1078 fluvius
1924 1070 1931 1082 ‚
1953 1059 1967 1077 a
1982 1058 2037 1085 quo
2053 1047 2182 1077 Ascanius
2195 1047 2289 1079 AEneae
2308 1046 2381 1076 filius
2401 1046 2489 1075 dictus
2503 1046 2547 1077 est.
2570 1062 2571 1080 1

1462 1085 1550 1121 Hujus
1561 1085 1637 1114 fluvii
1650 1087 1778 1115 meminit
1790 1086 1862 1123 Virg.
1893 1110 1899 1116 .
1913 1086 2012 1123 Georg.
2027 1089 2089 1121 269-
2546 1097 2550 1100 ·
2587 1082 2590 1089 ’

1401 1122 1527 1152 ASCAN
1544 1132 1640 1156 rici.
1665 1095 1895 1161 ['A0mv2‹2152]l³

1441 1161 1476 1189 de
1489 1161 1587 1197 quibus
1599 1160 1665 1190 Plin.
1680 1161 1726 1190 lib.
1740 1165 1765 1191 6.
1778 1171 1839 1199 cap.
1851 1172 1875 1198 7.

1402 1200 1423 1228 A
1433 1208 1472 1239 sc
1482 1209 1496 1227 A
1510 1209 1542 1227 ui
1562 1210 1585 1227 με
1596 1220 1604 1233 ‚
1617 1200 1640 1241 ῃ[
1649 1199 1800 1234 amomum]
1820 1199 1966 1229 Tibicines
1976 1221 1984 1234 ,
2009 1204 2128 1237 quorum
2139 1204 2340 1228 armamentum
2352 1196 2484 1226 musicum
2494 1196 2552 1226 irni-
2570 1194 2571 1202 ’
2589 1204 2599 1236 ,χ

1440 1237 1689 1266 ωῑυῡυῑτίουιυῃκ
1712 1235 1811 1266 Latine
1826 1237 2005 1267 Utricularios
2016 1238 2132 1266 diceres.
2171 1236 2307 1266 Meminit
2323 1234 2454 1272 Vopiscus
2465 1235 2493 1263 in
2505 1233 2551 1265 Ca·
2568 1242 2571 1258 ὃ
2597 1242 2599 1253 ⁴

1440 1275 1587 1341 Linp,x}1bi
1603 1280 1696 1303 tamen
1713 1275 1846 1305 hadtenus
1868 1274 2038 1314 Camptaulae
2055 1274 2234 1304 inemendate
2248 1273 2350 1303 lectum
2366 1272 2411 1301 est.
2450 1271 2551 1303 Turne-
2568 1290 2575 1314 ῃ
2591 1269 2599 1315 ,“

1461 1322 1501 1341 u.
1555 1336 1561 1342 .
1584 1322 1880 1343 UTRICULARIUS.
2466 1330 2471 1334 -
2573 1317 2594 1325 ¹

1403 1350 1424 1380 Λ
1435 1360 1446 1379 s
1458 1360 1475 1379 C
1485 1360 1498 1379 E
1508 1360 1528 1379 N
1538 1361 1556 1378 D
1567 1360 1584 1379 ο
1594 1372 1602 1385 ‚
1623 1350 1669 1385 di,
1682 1350 1739 1380 sum
1753 1372 1761 1386 ,
1783 1346 1923 1386 [ἀνωξαᾶνω
1935 1373 1943 1385 .,
1958 1349 2036 1385 ἄνειμι
2048 1373 2057 1386 ,
2072 1350 2217 1387 ἀνίεχιμαα]
2244 1351 2299 1379 Ere.
2321 1357 2357 1378 CX
2366 1347 2423 1384 Ad,
2439 1349 2464 1378 ἃ
2473 1347 2551 1378 3Εὲη-
2570 1345 2572 1350 ’

1440 1388 1478 1417 do
1488 1388 1672 1426 compositum
1685 1399 1692 1424 3
1713 1388 1845 1425 significat
1857 1387 1895 1417 Ad
1905 1388 2010 1425 aliquid
2020 1387 2158 1418 scandere.
2570 1378 2574 1392 i

1441 1424 1595 1455 Ascendere
1604 1426 1708 1463 jugum.
1731 1426 1797 1456 Caes.
1813 1437 1834 1456 1.
1848 1426 1914 1456 Bell.
1926 1425 1995 1456 Gall.

1439 1462 1520 1501 Equo
1529 1463 1924 1502 adverstunascendereripam.
1946 1465 2004 1493 Cic.
2018 1474 2039 1493 1.
2054 1464 2089 1493 de
2097 1463 2190 1493 Divin.
2209 1468 2252 1498 58.

1440 1501 1562 1531 Coelum.
1583 1501 1642 1530 Cic.
1655 1502 1691 1531 de
1702 1503 1809 1532 Amicit.
1821 1512 1864 1537 90.
1887 1502 1921 1531 Et
1932 1502 1962 1531 ln
1973 1501 2077 1531 coelum
2086 1523 2095 1537 ‚
2115 1500 2194 1532 Idem
2203 1510 2254 1539 pro
2262 1498 2363 1530 Milon.
2375 1508 2419 1535 99.

1440 1538 1561 1576 Equum.
1586 1539 1643 1569 Liv.
1657 1550 1701 1576 23.
1716 1547 1758 1576 14.
1780 1540 1856 1570 Suet.
1869 1540 1898 1569 in
1915 1539 2027 1569 Caesare.

1442 1576 1475 1606 In
1486 1587 1597 1614 equum.
1621 1577 1678 1607 Liv.
1692 1588 1732 1608 10.
1747 1577 1815 1608 Bell.
1826 1577 1893 1608 Pun.
1915 1578 1973 1608 Cic.
1987 1577 2023 1606 de
2034 1577 2143 1607 Senet‘t.
2156 1585 2198 1612 34.
2244 1610 2248 1614 .
2530 1603 2534 1606 .
2572 1585 2589 1606 τ

1441 1615 1559 1645 Navem.
1569 1615 1633 1645 Ter.
1648 1616 1721 1645 Adel.
1730 1627 1758 1651 4.
1772 1627 1795 1651 ς.
1807 1619 1851 1651 69.
1875 1615 1923 1651 Et,
1946 1616 1977 1645 In
1987 1625 2094 1645 navem.
2108 1615 2176 1644 Hirt.
2185 1613 2255 1644 Bell.
2267 1613 2340 1642 Alex.
2353 1613 2379 1642 δε
2388 1611 2483 1650 Nepos
2492 1620 2517 1642 2.
2526 1617 2550 1648 ς.
2566 1631 2567 1634 =

1441 1652 1472 1682 In
1482 1653 1614 1683 cerarium.
1631 1653 1686 1683 Liv.
1700 1664 1724 1689 9.
1738 1653 1804 1683 Bell.
1819 1653 1885 1683 Pun.
1908 1654 1978 1684 Item
1988 1675 1996 1689 ,
2018 1653 2049 1683 In
2061 1652 2239 1691 Capitolium.
2260 1651 2329 1681 Plin.
2340 1650 2389 1680 lib.
2401 1660 2447 1687 ²9·
2459 1659 2516 1689 cap.
2528 1661 2550 1687 ³·
2586 1668 2588 1674 .

1440 1689 1563 1720 Vestram
1573 1691 1733 1721 ascendisset
1746 1692 1775 1720 in
1786 1691 1893 1720 urbem.
1916 1691 1987 1728 Virg.
2000 1701 2026 1720 2.
2042 1691 2104 1721 AEn.
2119 1698 2180 1726 192.
2594 1701 2595 1708 ¹

1441 1729 1530 1758 Scalis
1541 1738 1634 1758 muros
1654 1728 1809 1758 ascendere.
1833 1729 1939 1766 Virgo.
1957 1730 2020 1760 AEn.
2035 1739 2096 1766 507.

1443 1766 1475 1796 In
1490 1768 1625 1796 Amanum
1634 1767 1765 1796 ascendit.
1788 1767 1846 1796 Cic.
1861 1778 1902 1802 15.
1916 1767 1990 1797 Fam.
2006 1778 2032 1802 4.
2566 1784 2569 1791 ι

1443 1804 1598 1834 Ascendere
1613 1806 1641 1833 in
1660 1806 1827 1834 concionem
1839 1827 1846 1840 ‚
1867 1814 1917 1843 pro
1936 1802 2100 1834 Orationem
2120 1803 2222 1834 habere
2239 1802 2274 1832 ad
2294 1799 2440 1840 populum.
2462 1800 2552 1837 Cic.4.
2570 1799 2575 1830 1
2592 1814 2593 1817 ¹

1463 1843 1517 1872 Att.
1530 1852 1555 1872 2.
1596 1842 1669 1872 Tum
1684 1842 1773 1872 subito
1783 1843 1829 1872 ille
1839 1843 1868 1872 in
1878 1843 2046 1872 concionem
2062 1842 2186 1872 ascendit
2196 1863 2203 1877 ‚
2225 1850 2308 1877 quam
2320 1840 2422 1877 Appius
2435 1839 2460 1869 ei
2471 1839 2552 1869 dedit.
2565 1843 2589 1880 [μ

1463 1880 1563 1947 {Quia
1572 1881 1704 1909 nimirum
1713 1881 1742 1910 in
1753 1881 1847 1910 Rostra
1858 1880 2070 1910 ascenditverba
2078 1880 2113 1909 ad
2125 1878 2260 1918 populum
2271 1879 2391 1907 facturus
2422 1877 2453 1906 V.
2468 1876 2519 1914 seq.
2529 1878 2554 1908 63
2579 1878 2593 1903 .·“

1497 1919 1522 1947 O
1532 1919 1557 1948 N
1569 1918 1589 1946 C
1601 1918 1611 1947 Ι
1622 1919 1647 1948 O
1668 1917 1686 1947 s.
1700 1918 1718 1947 l.
1769 1918 1898 1955 Alioquin
1919 1920 1945 1948 Sc
1966 1918 2140 1950 Descendere
2164 1918 2193 1946 in
2219 1917 2388 1945 concionem
2412 1914 2553 1952 dicebant;
2564 1926 2586 1948 n

1463 1955 1537 1993 Quia
1548 1956 1647 1985 concio
1659 1956 1688 1985 in
1700 1956 1760 1985 foro
1771 1956 1923 1985 habebatur
1934 1978 1942 1991 ‚
1967 1963 2044 1994 parte
2058 1955 2136 1986 Urbis
2145 1953 2321 1994 depreffiore.
2571 1955 2573 1959 ’

1444 1993 1478 2024 ln
1494 1994 1588 2023 Rostra
1609 1994 1761 2024 lden1.Liv.
1778 2004 1819 2024 1ο,
1830 1993 1897 2023 Bell.
1911 1994 1977 2024 Pun.

1445 2031 1478 2062 In
1487 2031 1613 2061 tribunal.
1638 2032 1696 2061 Cic.
1709 2033 1738 2061 in
1749 2032 1841 2061 Vatin.
2570 2046 2571 2058 i

1446 2069 1600 2099 Ascendere
1609 2069 1734 2099 altiorem
1746 2070 1869 2107 gradum.
1896 2069 1953 2099 Cic.
1964 2078 1990 2099 2.
2005 2068 2062 2099 Off.
2075 2071 2121 2098 61.
2564 2063 2571 2095 s
2588 2076 2592 2099 t

1444 2107 1568 2137 Gradum
1580 2108 1730 2144 dignitatis.
1753 2108 1809 2137 Cic.
1822 2117 1872 2145 pro
1882 2107 1992 2137 Muren.
2007 2118 2050 2142 ςς.
2089 2107 2146 2144 Qui
2163 2105 2286 2145 primurn
2295 2127 2304 2141 ‚
2325 2104 2393 2134 dum
2405 2112 2441 2133 ex
2451 2102 2579 2141 honori-g«.¹

1465 2146 1516 2175 bus
1527 2146 1669 2175 continuis
1681 2145 1791 2178 familiae
1800 2146 1990 2182 majorumque
2001 2144 2110 2174 suorum
2127 2154 2215 2174 unum
2230 2143 2378 2173 ascendere
2399 2141 2512 2180 gradum
2519 2141 2576 2170 div.

1466 2184 1578 2220 gnitatis
1588 2190 1705 2212 conatus
1715 2184 1753 2213 est
1763 2206 1772 2218 ‚
1791 2184 1869 2213 venit
1882 2184 1911 2212 in
1921 2182 2085 2221 periculum.
2568 2184 2569 2190 ¹

1445 2221 1603 2261 Ascendens
1618 2221 1747 2258 gradibus
1757 2221 1971 2258 magistratuum.
1994 2220 2052 2250 Cic.
2064 2220 2100 2249 de
2112 2218 2182 2250 Clar.
2194 2219 2272 2249 Orat.
2284 2223 2349 2253 280.

1446 2258 1612 2290 Altissimum
1623 2260 1746 2297 gradum.
1770 2259 1838 2288 Plin.
1854 2259 1902 2288 lib.
1915 2269 1938 2295 3.
1952 2259 2033 2297 Epist.
2046 2267 2072 2288 2.
2562 2273 2563 2279 =

1447 2297 1487 2327 Ad
1499 2297 1627 2326 honores.
1651 2296 1709 2326 Cic.
1729 2297 1766 2326 do
1777 2296 1847 2326 Clar.
1864 2297 1940 2326 Orat.
1952 2306 2015 2332 24¹·
2057 2295 2142 2332 Quod
2151 2295 2215 2332 quia
2224 2292 2318 2323 multis
2330 2298 2436 2330 gratum
2446 2297 2518 2328 erat,
2530 2291 2569 2324 &f

1464 2334 1632 2373 probabatur
1645 2356 1653 2370 ‚
1673 2334 1834 2364 ascendisset
1842 2335 1875 2364 ad
1887 2335 2021 2371 honores,
2042 2334 2091 2363 nisi
2101 2335 2130 2363 in
2141 2333 2264 2362 facinore
2276 2329 2470 2368 deprehensus.

1446 2372 1480 2404 In
1487 2373 1632 2402 honorem.
1648 2373 1735 2402 Idem.
1748 2372 1806 2402 Cic.
1818 2374 1846 2401 in
1857 2373 1934 2402 Orat.
1948 2382 2007 2408 125.
2048 2372 2103 2401 Sed
2113 2371 2164 2400 erit
2173 2369 2277 2408 duplex
2287 2369 2378 2398 omnis
2386 2369 2444 2404 ejus
2453 2373 2553 2397 ornatus

1466 2410 1513 2440 ille
1525 2410 1694 2439 admirabilis
1704 2432 1711 2446 ‚
1733 2417 1846 2448 propter
1853 2420 1936 2448 quem
1945 2409 2104 2439 ascenditin
2121 2415 2230 2438 tantum
2241 2407 2377 2436 honorem
2395 2404 2552 2443 eloquentia.
2566 2414 2579 2437 η

1446 2448 1602 2478 Ascendere
1621 2448 1755 2486 gradatim
1770 2449 1873 2478 dicitur
1892 2457 1955 2477 vox.
1976 2448 2033 2478 Cic.
2048 2456 2073 2483 ι.
2095 2447 2131 2476 de
2144 2447 2222 2477 Orat.
2236 2454 2300 2481 2²5·
2340 2444 2415 2474 Hinc
2430 2443 2572 2481 gradan'ml

1467 2486 1613 2515 ascendere
1624 2494 1722 2515 vocem
1732 2507 1740 2519 .
1763 2486 1831 2515 utile
1846 2488 1870 2516 81
1882 2486 1963 2515 suave
1974 2485 2020 2515 est.
2560 2498 2561 2501 ¹
2581 2478 2589 2502 ¹¹

1449 2525 1469 2554 A
1479 2524 1635 2553 minoribus
1642 2524 1676 2553 ad
1687 2524 1790 2559 majora
1799 2524 1982 2553 ascendimus.
2005 2522 2063 2553 Cic.
2075 2523 2104 2551 in
2119 2521 2212 2551 Partit.
2230 2528 2273 2550 12.

1410 2562 1432 2593 A
1441 2572 1452 2592 s
1462 2572 1479 2592 c
1487 2572 1501 2591 11
1510 2572 1529 2591 Ν
1538 2572 1550 2591 s
1560 2566 1576 2591 ῡ
1587 2572 1603 2590 a
1612 2571 1629 2590 u
1639 2571 1651 2590 s
1662 2583 1670 2597 ‚
1693 2561 1787 2591 Partic.
1811 2558 2044 2598 [oivussnaz'pilvcea]
2065 2560 2169 2590 Tibull.
2184 2559 2232 2588 lib.
2243 2569 2269 2594 4.
2283 2566 2361 2587 1.12.

1529 2599 1693 2636 Quinetiam
1703 2599 1811 2629 Alcides
1822 2599 1889 2629 deus
1897 2598 2054 2629 ascensurus
2069 2598 2232 2635 Olympum.
2520 2617 2527 2623 .
2583 2607 2585 2612 ·

1411 2639 1453 2668 As
1462 2647 1479 2667 c
1489 2647 1503 2666 n
1513 2647 1534 2667 N
1543 2647 1555 2666 s
1565 2647 1583 2666 u
1593 2647 1605 2666 s
1615 2659 1622 2672 ,
1645 2639 1683 2666 us.
1708 2647 1744 2667 m.
1767 2637 1931 2673 [ai-aleam]
1953 2636 2013 2675 Ipse
2024 2635 2190 2665 ascendendi
2202 2635 2288 2664 astus.
2311 2631 2376 2662 Caes.
2387 2642 2410 2668 5.
2423 2628 2559 2662 Benfialll
2586 2650 2587 2653 =

1451 2678 1496 2712 32.
1533 2674 1754 2713 Novissimosque
1764 2683 1904 2713 premere,
1927 2677 1953 2704 δι
1965 2674 2069 2712 primos
2081 2673 2228 2712 prohibere
2239 2670 2358 2701 asoensu.
2558 2694 2559 2699 ,
2602 2672 2604 2678 ’

1448 2714 1546 2744 Aditus
1556 2715 1581 2742 ἃ
1591 2712 1726 2742 ascensus.
1749 2713 1806 2742 Cic.
1823 2722 1873 2750 pro
1882 2713 1973 2742 Domo
1987 2712 2047 2747 sua,
2071 2722 2114 2747 54.
2155 2710 2291 2740 Homines
2305 2709 2441 2744 audaces,
2460 2706 2493 2736 ab
2503 2705 2559 2748 ejus(

1469 2751 1568 2789 templi
1584 2751 1661 2780 aditu
1675 2758 1757 2788 atque
1768 2750 1877 2780 ascensu
1890 2750 2062 2787 prohibuisti.
2601 2742 2603 2754 ¹

1450 2789 1558 2819 Gradus
1570 2811 1577 2824 ‚
1591 2789 1682 2818 aditus
1693 2811 1701 2823 ‚
1711 2788 1842 2818 ascensus.
1856 2787 1913 2817 Cic.
1926 2788 1961 2817 de
1973 2787 2065 2825 Arusp.
2075 2786 2157 2824 Resp.
2169 2794 2213 2822 43.
2236 2785 2322 2821 Atque
2330 2783 2376 2812 hic
2386 2782 2411 2811 ei
2422 2779 2558 2820 gradusadi
2575 2789 2604 2824 ¹¹:

1468 2826 1608 2864 Rempub.
1621 2827 1777 2864 hicprimus
1789 2826 1826 2855 est
1834 2826 1925 2855 aditus
1936 2826 1968 2854 ad
1980 2825 2143 2863 popularem
2152 2823 2331 2860 jactationem
2341 2828 2422 2857 atque
2431 2817 2558 2849 ascensus.l
2576 2826 2591 2854 Q.
2602 2814 2604 2831 ¹

1449 2864 1556 2894 Primus
1565 2863 1687 2893 ascensus
1698 2864 1732 2893 ad
1744 2864 1887 2902 amplioris
1897 2864 2009 2892 honoris
2018 2863 2143 2900 gradum,
2153 2862 2175 2891 is
2186 2861 2250 2890 esto.
2266 2859 2324 2889 Cic.
2337 2868 2361 2895 3.
2383 2859 2418 2888 de
2427 2856 2516 2895 Legib.
2529 2858 2558 2893 7·.'
2568 2869 2572 2874 ·

1450 2901 1680 2932 Difficiliascensu
1691 2909 1773 2939 atque
1783 2902 1869 2931 arduo
1877 2901 2022 2939 oppidum.
2046 2901 2103 2930 Cic.
2114 2903 2140 2930 6.
2159 2899 2233 2928 Verr.
2249 2908 2291 2929 si.
2412 2933 2418 2938 .
2465 2933 2470 2938 ι
2493 2932 2499 2938 .
2556 2895 2558 2931 Ξ

1451 2939 1567 2970 Ascensu
1577 2940 1663 2968 arduo
1675 2940 1792 2977 ingredi.
1814 2939 1871 2968 Cic.
1884 2949 1907 2968 2.
1922 2939 1956 2967 de
1967 2939 2043 2968 Orat.
2054 2943 2117 2968 261.
2146 2932 2346 2966 Demosthenes
2355 2933 2519 2966 coniectism
2528 2938 2552 2959 os
2563 2937 2572 2959 .’

1462 2974 1585 3012 calculis.
1602 2977 1707 3007 summa
1714 2987 1784 3006 voce
1793 2977 1882 3006 versus
1891 2977 1993 3005 multos
2006 2986 2062 3005 uno
2072 2975 2166 3013 spiritu
2175 2973 2352 3012 pronuntiare
2361 2968 2552 3000 consuescebat:
2561 2991 2564 2995 .
2582 2983 2583 2986 ¹

1459 3016 1580 3053 nequeis
1588 3015 1734 3045 consistens
1744 3016 1772 3043 in
1780 3010 2297 3050 loco‚sedinambulans‚atqueascensu
2306 3009 2461 3047 ingrediens
2468 3001 2552 3037 affluo.
2580 3007 2585 3042 j
2600 3029 2604 3033 .

1451 3054 1566 3090 Iniquus
1576 3050 1708 3082 &census
1747 3052 1780 3083 In
1804 3063 1815 3089 1,
1825 3062 1845 3081 Ν
1853 3063 1863 3080 1
1874 3062 1919 3088 Qu
1931 3062 1946 3080 υ
1956 3062 1977 3081 s.
2555 3049 2557 3070 1

1452 3090 1568 3123 Asccnsu
1579 3091 1706 3128 superare
1715 3089 1825 3127 fastigia.
1846 3089 1917 3127 Virg.
1935 3099 1960 3118 2.
1978 3089 2040 3120 ffin.
2059 3097 2120 3126 303.

1453 3128 1558 3160 mollis.
1598 3129 1629 3158 In
1653 3140 1674 3158 M
1685 3138 1701 3157 o
1709 3139 1725 3156 L
1733 3139 1749 3156 L
1759 3139 1768 3156 1
1777 3137 1798 3157 s.

1414 3168 1436 3198 A
1447 3177 1459 3197 s
1469 3177 1507 3196 ct
1516 3176 1534 3195 N
1544 3176 1556 3196 s
1568 3176 1603 3195 10
1612 3189 1620 3200 ,
1640 3167 1709 3195 onis.
1727 3165 1745 3194 f.
1767 3166 1855 3195 Idem.
1868 3164 1928 3194 Cic.
1939 3164 1973 3193 de
1985 3163 2057 3193 Clar.
2069 3163 2147 3193 Orat.
2163 3171 2223 3200 137.

1451 3205 1535 3234 fuerit
1546 3203 1665 3233 ascenfio
1677 3226 1684 3238 ,
1698 3205 1723 3233 &
1734 3213 1815 3240 quam
1825 3203 1853 3231 in
1864 3202 1994 3231 omnibus
2007 3201 2089 3231 rebus
2101 3200 2221 3230 difficilis
2233 3199 2334 3236 optimi
2345 3197 2473 3235 perfectio
2481 3201 2507 3224 at
2525 3202 2556 3236 ιιι*ἰ
2587 3231 2589 3233 ¹

1451 3242 1604 3277 absolutio,
1626 3252 1660 3270 ex
1672 3252 1705 3270 eo
1719 3241 1793 3278 quod
1808 3241 1917 3275 dicam,
1938 3240 2085 3268 existimari
2106 3239 2203 3277 potest.
2241 3237 2311 3273 Quae
2331 3236 2413 3264 fuerit
2430 3233 2504 3263 ascen
2516 3234 2589 3277 ¹⁰¹²*
2603 3268 2604 3271 Ἴ

1451 3280 1469 3309 i.
1483 3290 1507 3310 e.
1530 3280 1595 3317 Quo
1609 3280 1699 3317 paflo,
1709 3280 1735 3308 &
1747 3288 1795 3316 per
1805 3287 1872 3315 quos
1882 3277 1951 3314 quasi
1961 3278 2060 3313 gradus
2070 3276 2243 3306 ascenderint
2259 3281 2389 3303 oratores.
2404 3268 2556 3314 PlautRuch
2569 3283 2587 3312 .j

1454 3325 1478 3353 3.
1494 3328 1515 3346 1.
1527 3328 1550 3352 ς.
1593 3318 1634 3347 Ad
1648 3315 1939 3346 nidumascensronem
1950 3315 2047 3345 facere.
2553 3323 2555 3330 ¹

2594 287 2604 484 Ξ

2595 485 2604 555 Ξ

2595 555 2604 634 1

1898 1124 1976 1162 opuli
1987 1123 2059 1153 circa
2075 1121 2195 1153 Maeotin
2208 1122 2244 1152 ad
2259 1128 2369 1152 montes
2385 1121 2547 1159 Ceraunios,
2570 1130 2592 1168 ᾗ

2246 3161 2374 3198 Quorum
2383 3158 2492 3197 quidem
2503 3159 2556 3194 qum,¹
2579 3173 2582 3180 ·

1414 3357 1625 3390 Ascrasox,
1647 3355 1710 3384 oris.
1732 3353 1845 3384 Hieron.
2552 3333 2555 3369 i
2589 3344 2604 3358 '¹'

1413 3390 1942 3427 AscaNnrarL1s‚e-CaeLAurel.
2456 3421 2462 3427 ῃ
2501 3417 2506 3425 ,
2551 3391 2554 3455 ἱ
2585 3368 2604 3447 l:

1413 3433 1644 3467 Ascua-snm,
1665 3427 1849 3466 [iamiam]
1868 3434 2002 3457 vocantur
2022 3423 2189 3457 Monasteria
2200 3424 2228 3452 in
2251 3420 2350 3453 codice
2368 3421 2523 3463 justiniani„
2540 3426 2550 3445 1
2570 3430 2581 3442 ⁴¹-

1451 3468 1537 3497 verbo
1555 3467 1622 3495 ἀσκῶ
1632 3490 1639 3502 ,
1661 3467 1736 3505 quod
1748 3466 1788 3496 est
1800 3466 1925 3495 Mentem
1940 3475 2057 3494 exerceo
2069 3465 2097 3493 in
2114 3461 2352 3500 contemplatione
2364 3464 2450 3490 rerum
2461 3458 2554 3510 divinas
2580 3452 2603 3507 '¹14²

1451 3516 1523 3535 rum.
1558 3505 1588 3534 V.
1621 3505 1701 3532 Amaia
1712 3527 1719 3540 ,
1735 3504 1832 3532 ἄσκησις
1845 3522 1852 3531 ‚
1872 3503 1975 3537 domm,
1991 3503 2019 3531 in
2029 3503 2102 3531 Suic.
2113 3501 2195 3531 Thes.
2421 3534 2427 3540 ·
2500 3530 2506 3538 ,
2552 3516 2553 3526 Γ
2593 3510 2604 3544 s

1414 3543 1436 3573 A
1445 3553 1457 3573 s
1467 3554 1485 3573 c
1495 3554 1503 3571 1
1516 3553 1534 3572 A
1543 3565 1551 3576 .
1571 3544 1638 3572 teste
1648 3542 1804 3572 Onesicrito
1812 3551 1856 3578 ap.
1868 3540 1988 3570 Plinium
1997 3563 2004 3575 ‚
2025 3539 2199 3577 appellantur
2211 3537 2284 3567 Loca
2294 3536 2380 3566 Indiae
2390 3557 2399 3570 ,
2413 3543 2448 3578 ‘m
2465 3529 2553 3572 quibust,
2579 3531 2604 3566 Ar

1453 3581 1556 3610 umbrae
1565 3591 1621 3609 non
1633 3580 1694 3609 sunt
1708 3602 1716 3615 ,
1737 3579 1950 3616 Septentrioque
1959 3588 2014 3606 non
2024 3576 2193 3615 conspicitur
2202 3597 2210 3609 .
2238 3584 2291 3603 nec
2303 3575 2375 3602 horae
2392 3573 2553 3614 dinumerari-j
2582 3571 2604 3594 Ἰῑ

1451 3625 1503 3648 tur.
1542 3619 1608 3647 Haee
1618 3618 1664 3647 ille
1677 3618 1725 3647 lib.
1739 3626 1764 3646 2.
1779 3626 1840 3654 cap.
1854 3625 1897 3651 73.
1933 3615 1987 3645 Sed
1999 3615 2095 3644 salsum
2105 3613 2142 3643 est
2154 3636 2161 3648 ,
2182 3612 2230 3642 nisi
2244 3613 2279 3641 de
2294 3611 2367 3640 horis
2380 3608 2535 3646 intelligatur
2544 3619 2553 3650 ²1?
2578 3600 2604 3653 l¹

1452 3656 1551 3693 quibus
1562 3656 1647 3685 solem
1657 3656 1758 3685 habent
1767 3653 1933 3683 verticalem.
1973 3651 2002 3682 V.
2025 3652 2204 3689 Geographos
2214 3652 2239 3680 Sc
2251 3650 2431 3679 Astronomos.
2587 3645 2604 3666 *⁴¹*

1414 3694 1528 3724 AsciA
1545 3715 1552 3727 ,
1574 3704 1604 3722 ae.
1627 3692 1738 3730 [atim]
1759 3691 1974 3721 instrumentum
1993 3690 2132 3719 fabrorum
2145 3711 2153 3724 ‚
2184 3698 2240 3725 quo
2254 3688 2328 3725 ligna
2354 3685 2491 3716 dolantur,
2510 3687 2552 3717 9⁰⁴1
2598 3674 2604 3704 1

1451 3731 1598 3760 liunturve.
1622 3731 1689 3761 Plin.
1703 3730 1752 3759 lib.
1771 3733 1812 3758 16.
1829 3738 1889 3766 cap.
1901 3737 1944 3763 40.
1991 3727 2153 3757 Molliffima
2163 3726 2222 3756 tilia
2235 3748 2242 3760 ,
2262 3725 2360 3754 eadem
2371 3719 2551 3752 videturaca«
2597 3720 2604 3764 ξ

1452 3768 1596 3798 lidiffima:
1619 3773 1811 3806 argumentum
1821 3765 1939 3795 afferunt
1950 3787 1958 3799 .
1984 3766 2060 3802 quod
2070 3762 2287 3794 citissimeascias
2298 3761 2431 3791 retundat.
2477 3794 2483 3800 ι
2602 3763 2603 3766 ’

1452 3805 1562 3842 Regum
1571 3806 1639 3835 ascia
1651 3816 1686 3835 ne
1699 3805 1796 3843 polito.
1839 3804 1878 3835 Ex
1886 3803 1993 3839 legibus
2005 3813 2022 3833 x
2034 3814 2042 3831 1
2055 3813 2064 3831 1
2080 3801 2180 3832 Tabul.
2190 3801 2265 3838 apud
2276 3800 2333 3829 Cic.
2346 3808 2369 3828 2.
2381 3798 2414 3827 de
2422 3792 2548 3832 Legibsq

1472 3843 1515 3872 Ne
1530 3853 1595 3879 pyra
1605 3844 1652 3873 liat
1663 3851 1697 3873 ex
1705 3842 1806 3872 dolatis
1816 3840 1860 3870 seu
1869 3840 1963 3878 politis
1973 3841 2054 3877 lignis
2064 3859 2072 3870 2
2085 3840 2146 3877 lege
2155 3845 2274 3868 cavetur.
2314 3836 2366 3866 Alii
2375 3836 2410 3865 de
2419 3828 2551 3876 sepulchri!¹
2582 3839 2585 3872 s
2597 3835 2604 3854 r

1472 3881 1634 3917 intelligunt
1644 3904 1652 3917 ‚
1675 3888 1829 3918 putantque
1838 3879 1921 3907 vetari
1935 3889 1969 3907 ne
1982 3878 2153 3915 quibuslibet
2166 3875 2315 3906 artificiosis
2334 3873 2467 3903 struetuns
2478 3877 2507 3897 ea
2514 3873 2550 3895 exa
2584 3873 2604 3921 ΞΓ

1471 3918 1622 3956 poliantur.
1662 3917 1823 3949 Existimant
1833 3925 1943 3952 quoque
1957 3916 2059 3945 Asciam
2077 3915 2110 3944 ab
2122 3913 2316 3944 Abscindendo
2329 3912 2435 3940 dietam.
2543 3931 2547 3935 .
2588 3903 2604 3939 ,1

1413 3955 1435 3986 Λ
1446 3965 1458 3985 s
1468 3966 1485 3985 c
1495 3966 1503 3983 1
1513 3966 1530 3984 o
1541 3978 1549 3991 ,
1573 3957 1665 3992 [ξόω]
1686 3960 1741 3984 are.
1767 3954 1871 3983 Vitruv.
1886 3953 1932 3982 lib.
1948 3963 1972 3990 7.
1986 3963 2045 3990 cap.
2059 3962 2085 3981 2.
2107 3952 2235 3981 Sumatur
2245 3949 2329 3979 ascia:
2350 3949 2377 3979 ἃ
2391 3941 2550 3985 quemadmor
2579 3946 2604 3987 '¹².'

1453 3994 1520 4023 dum
1531 3994 1645 4024 materia
1657 3993 1768 4024 dolatur
1776 4013 1784 4028 ,
1805 3991 1842 4021 sic
1851 3991 1913 4020 calx
1921 3991 1951 4020 in
1963 3989 2027 4020 lacu
2041 3995 2177 4020 macerata
2184 3988 2310 4019 ascietur.
2465 4018 2542 4048 Mel
2599 3986 2604 3994 ‘¹

2579 3773 2604 3818 ,Ξ
