2604 4222
529 85 558 120 C
658 85 690 119 U
784 84 809 119 P

145 171 242 207 Ignota
253 169 355 207 cupido
367 191 374 203 ,
393 169 496 206 Virgini
508 168 622 197 scilicet.
643 164 731 194 Valer.
748 176 768 193 r.
784 164 881 199 Argon.
900 163 964 195 838.

149 207 290 237 Immensa.
311 207 381 243 Virg.
399 209 424 235 6.
447 206 506 236 liin.
521 211 583 239 824.
659 241 663 244 .
723 239 728 244 ⁸

150 245 295 281 Improba.
317 245 332 272 i.
348 254 371 272 e.
393 243 578 280 improbanda
591 263 598 274 .
620 250 681 276 quia
691 240 793 274 iniqua.
816 236 922 266 Seneca
932 232 1013 263 Herc.
1027 230 1080 259 fur.
1093 231 1121 260 6.

151 282 312 312 insatiabilis
321 282 425 318 cupido
435 282 520 310 famae.
542 280 615 308 Cutt.
627 287 652 310 9,
665 286 689 306 2.
702 286 727 311 9.

154 319 355 356 intempestiva.
377 319 459 348 Ovid.
471 328 513 347 10.
529 316 595 346 Met.
607 318 670 348 689.

154 357 267 386 Levis&
279 356 382 385 festina.
405 355 526 384 Valer.6.
544 354 640 389 Argon.
656 359 720 387 472.

156 394 265 425 misera.
288 393 353 422 Hor.
371 403 391 422 1.
412 392 491 429 Epist.
510 400 532 420 1.
548 399 588 425 33.
712 424 718 429 ,
742 423 748 429 ,

251 431 343 460 Fervet
354 431 478 462 avaritia,
497 427 646 463 miseraque
657 423 786 461 cupidine
802 421 906 459 peetus.

159 469 266 499 Mutua.
293 468 394 497 Lucret.
405 466 451 494 lib.
469 476 491 500 ς.
503 469 566 499 69ι.

158 507 270 543 Turpis.
293 505 359 541 Virg.
374 515 399 538 4.
419 503 477 533 ffin.
494 512 553 537 194.

160 543 292 574 Acceusus
306 542 444 579 cupidine.
466 541 531 570 Stat.
547 549 569 567 1.
580 536 668 566 Theb.
679 544 744 572 4²5.

163 581 287 611 Adolevit
297 579 407 615 cupido.
448 578 478 606 In
500 588 517 606 A
530 587 546 604 ι)
558 585 574 603 o
584 586 599 603 ι,
609 584 657 603 Ro.

162 619 246 655 Capta
255 617 355 651 conjux
367 616 507 652 cupidine.
529 614 600 649 Virg.
615 621 638 647 7.
651 610 712 641 AEn.
727 618 788 644 194.
1051 641 1057 647 ι
1175 639 1181 645 .
1234 638 1240 644 1

164 656 243 692 Cepit
258 664 300 682 me
309 654 420 689 cupido.
461 652 517 681 [ἰν.
534 661 556 680 1.
569 655 593 679 6.
617 648 784 680 Romulum.
806 645 981 687 Remumque
994 640 1098 678 cupido
1121 644 1211 677 cep1t‚
1232 646 1263 667 ¹12

184 694 214 720 iis
225 692 300 723 locis.
313 691 356 719 ubi
369 690 500 727 expositi,
519 688 620 722 ubique
629 686 840 718 educatierant,
861 681 935 712 urbis
948 679 1108 710 condendae.

165 730 269 765 Corripi
281 729 419 765 cupidine.
441 726 558 761 Ovid.9.
571 724 637 754 Met.
648 732 708 759 733.

165 767 271 797 Differri
281 765 418 802 cupidine.
443 764 525 793 Plaut.
540 763 613 792 Poen.
629 771 650 789 1.
668 769 744 794 r.29.

166 805 286 838 flagi-:ire
296 803 436 839 cupidine.
459 801 539 831 Ovid.
551 810 575 829 2.
590 798 656 828 Met.
670 808 730 832 104.

164 841 342 871 liiceisireum
354 839 464 876 cupido.
504 839 533 867 In
555 846 616 865 inc
629 845 719 864 asso.
737 871 743 877 ι
1031 866 1037 872 ⁴
1164 865 1169 871 ¹

164 878 271 909 Incedit
281 877 356 906 illum
368 877 470 914 cupido
481 874 620 909 adeundi,
640 872 799 908 visendique
809 868 946 907 templum
954 867 1061 904 Paphiae
1070 864 1193 895 Veneris.
1213 863 1266 894 Ta-

165 915 462 987 Iriiiaiiittiiieleiariismum
475 949 597 978 militaris
608 947 698 985 gloriae
710 945 821 982 cupido.
834 943 930 987 Tacit.
944 943 972 970 in
985 942 1044 985 Vita
1054 940 1138 977 Agric.
1152 951 1187 983 ς..
1230 978 1235 983 .

167 991 275 1020 invadit
285 989 412 1018 Caesarem
423 988 524 1025 cupido
536 986 657 1015 solvendi
667 985 791 1022 suprema
801 981 933 1011 militibus
941 1002 948 1015 ‚
969 981 1098 1016 ducique.
1120 978 1208 1007 Tacit.
1217 977 1266 1006 lib.

167 1029 370 1095 lriiidigtnt'rgses
382 1063 530 1092 etiamtum
538 1060 643 1089 animos
652 1059 755 1096 cupido
764 1056 848 1086 eundi
860 1056 887 1083 in
898 1054 1011 1084 hostem.
1022 1053 1266 1089 Tacit.1.Ann.49.

168 1102 324 1136 Languescit
336 1100 445 1137 cupido.
486 1099 516 1127 ln
537 1109 552 1126 L
562 1108 580 1126 A
592 1107 612 1126 N
622 1107 638 1125 G
651 1107 667 1125 u
678 1106 695 1125 o
705 1106 730 1124 R.

168 1140 256 1169 Ludor
268 1140 350 1167 nimia
365 1137 505 1175 cupidine.
527 1135 610 1165 Ovid.
622 1144 648 1164 2.
660 1133 694 1162 de
707 1134 783 1162 Pont.
794 1137 819 1165 8.
833 1139 878 1167 71.

167 1176 307 1206 Succensa.
329 1176 411 1204 (ivid.
426 1180 449 1207 8.
466 1173 533 1203 Met.
547 1182 607 1207 300.

166 1215 268 1244 Tactus
278 1214 408 1250 cupidine
421 1211 516 1240 laudis.
540 1209 622 1240 Ovid.
638 1219 664 1243 4.
682 1207 759 1237 Trist.
778 1218 800 1250 ςἰ
817 1216 859 1235 11.

168 1251 295 1287 Cupido.
317 1260 365 1287 pro
379 1249 534 1286 eupiditate
546 1269 553 1283 ‚
574 1247 679 1283 semper
690 1244 839 1274 masculino
851 1251 951 1280 genere
970 1240 1115 1279 profertur.
1155 1239 1268 1276 [Immo

185 1299 241 1318 non
254 1288 357 1324 semper
369 1287 414 1315 nisi
428 1286 460 1315 ab
471 1286 534 1314 Hor.
557 1284 591 1314 H.
603 1284 665 1318 St.]
684 1283 751 1312 Hor.
763 1291 786 1311 2.
805 1282 895 1311 Carm.
911 1284 952 1309 16.
967 1289 1010 1315 15.

258 1325 399 1355 Necleves
410 1323 662 1352 soiiinustimotaut
672 1320 774 1358 cupido
1026 1353 1032 1359 ⁶
1050 1353 1055 1358 .
1117 1353 1122 1358 ι
1247 1352 1253 1359 .

432 1360 561 1389 Sordidus
575 1360 669 1388 aufert.
751 1356 859 1394 Cupido
879 1365 929 1392 pro
955 1355 1073 1384 Avaritia
1095 1352 1186 1382 dietus
1200 1374 1208 1388 ,
1229 1358 1268 1382 ait

187 1400 292 1430 Acron:
316 1398 507 1428 cuisubscribit
521 1399 545 1426 ἅ
556 1396 715 1433 PorphyriO.
736 1394 813 1424 Idem
829 1404 849 1423 r.
863 1394 950 1422 Serm.
967 1403 990 1421 1.
1003 1396 1048 1421 61.

246 1439 277 1466 At
289 1437 359 1465 bona
370 1446 429 1473 pars
439 1436 580 1464 hominum
598 1434 715 1469 decepta
728 1433 858 1468 cupidine
876 1430 951 1460 falso.
989 1467 996 1473 .
1033 1428 1195 1457 Notandum
1213 1427 1268 1457 Cu-

184 1475 307 1512 pidinem
319 1483 417 1510 genere
437 1472 583 1501 masculino
601 1481 649 1508 pro
666 1470 823 1507 Cupiditate
839 1478 910 1499 nove
928 1477 1005 1510 poni.
1028 1468 1124 1509 Acron.
1165 1465 1267 1495 Verum

184 1511 311 1541 omnibus
325 1511 366 1539 his
378 1511 444 1539 locis
455 1510 561 1547 Cupido
572 1509 615 1538 dei
624 1517 725 1537 nomen
737 1508 782 1537 est.
823 1506 933 1544 Cupido
951 1514 1026 1535 enim
1038 1513 1164 1533 omnium
1173 1513 1266 1534 rerum

183 1551 282 1578 amoris
296 1550 319 1578 &
331 1548 488 1585 cupiditatis
498 1548 591 1576 auc‘tor
600 1547 637 1575 est
647 1541 711 1576 »ιφπὶ
729 1545 850 1575 πΆάτΘυ.
871 1543 1030 1573 Lambinus.

166 1587 226 1616 Auri
237 1595 323 1615 caecus
333 1586 443 1623 cupido.
464 1585 559 1614 Senec.
572 1583 684 1621 Hippol.
694 1593 721 1618 4.

187 1624 217 1653 ln
234 1624 415 1652 imitationem
429 1622 542 1651 Horatii.
565 1621 599 1651 H.
611 1622 649 1651 St.

165 1661 282 1692 Eradere
292 1660 426 1690 elementa
435 1660 509 1697 pravi
520 1659 666 1696 cupidinis.
686 1657 753 1687 Hor.
768 1665 792 1693 3.
808 1657 899 1687 Carm.
909 1665 955 1693 24.
973 1664 1016 1693 51.

352 1713 389 1718 —-
398 1697 529 1726 scelerum
541 1697 558 1726 si
570 1697 639 1726 bene
649 1695 785 1733 poenitet,
978 1699 980 1705 ⁴

253 1735 393 1765 Eradenda
403 1735 539 1772 cupidinis

290 1772 362 1802 Pravi
374 1772 433 1801 sunt
448 1772 583 1801 elementa
594 1794 602 1807 ‚
620 1772 672 1801 Sec.

129 1810 355 1844 Currum-As,
376 1811 435 1839 fitis.
456 1810 473 1838 f.
495 1808 658 1845 [ἐπτξδυμίκ]

165 1848 306 1885 Cupiditas
317 1849 339 1876 ἃ
349 1847 456 1885 Cupido
469 1846 572 1876 diversa
582 1845 651 1876 sunt.
690 1844 761 1874 Nam
772 1843 916 1881 Cupiditas
930 1843 1016 1873 levior
1029 1843 1075 1873 est.
1115 1843 1203 1873 Lucil.
1213 1843 1264 1873 lib.

181 1894 226 1920 ²3·
248 1885 389 1922 Cupiditas
403 1894 438 1914 ex
449 1885 562 1913 homine
571 1905 579 1918 ,
600 1883 704 1920 cupido
727 1892 761 1911 ex
785 1881 866 1910 stulto
885 1891 1026 1918 nunquam
1041 1880 1149 1910 tollitur
1161 1891 1167 1910 ι
1190 1882 1266 1918 quod

182 1923 316 1959 cupiditas
326 1932 387 1960 pars
397 1923 520 1958 quaedam
530 1922 560 1950 sit
571 1920 746 1959 temperatior
757 1920 881 1948 defluens
894 1929 926 1948 ex
939 1920 1080 1957 cupidine.
1102 1919 1176 1948 Non.
1191 1924 1263 1956 ς.ς8.

163 1960 296 1989 Homines
305 1969 390 1989 caecos
400 1960 491 1988 reddit
501 1959 635 1997 cupiditas
646 1960 672 1988 ἃ
680 1958 798 1988 avaritia.
821 1956 878 1986 Cic.
889 1967 939 1995 pro
949 1957 1029 1986 Rosc.
1039 1958 1128 1986 Amer.
1145 1966 1206 1987 100.

162 1998 256 2026 Studia
271 1997 487 2034 cupiditatesque
500 1997 635 2026 honorum
649 2018 656 2030 ‚
676 2002 757 2032 atque
767 1995 890 2025 ambitio.
913 1994 970 2024 Cic.
980 2005 1006 2031 4.
1020 1995 1095 2025 Verr.
1109 2003 1170 2031 132.

163 2034 241 2064 Lucis
252 2035 395 2072 cupiditas.
416 2034 532 2070 Quintil.
545 2034 593 2063 lib.
607 2043 630 2070 3.
640 2043 698 2071 cap.
714 2039 740 2066 8.

162 2072 226 2102 Sitis
236 2073 403 2108 cupiditatis.
442 2072 498 2101 Cic.
510 2072 539 2101 in
550 2071 642 2101 Parad.
657 2081 680 2101 1.
702 2071 801 2107 Neque
811 2070 885 2099 enim
894 2079 1016 2108 unquam
1023 2069 1152 2108 expletur
1163 2079 1216 2100 nec
1226 2068 1264 2100 sa·

181 2110 425 2147 tiaturcupiditatis
439 2109 500 2138 sitis.

163 2147 241 2176 Caeca
252 2155 283 2176 ac
293 2147 435 2175 temeraria
446 2146 610 2175 dominatrix
619 2146 704 2175 animi
714 2145 860 2183 cupiditas.
881 2145 937 2174 Cic.
954 2155 977 2174 1.
993 2146 1027 2174 de
1038 2145 1145 2175 Invent.
1157 2155 1184 2175 2.

164 2184 277 2214 Hiantes
287 2185 452 2221 cupiditates
462 2184 611 2212 amicorum
620 2183 648 2211 in
657 2193 755 2220 magna
767 2183 885 2213 fortuna.
906 2182 997 2213 Tacit.
1010 2192 1034 2212 1.
1045 2182 1111 2213 Hist.
1127 2193 1170 2213 12.

164 2222 265 2251 Incesta
279 2222 422 2258 cupiditas.
445 2221 551 2250 Firmic.
566 2220 612 2249 lib.
623 2231 649 2255 4.
663 2231 722 2258 cap.
737 2230 761 2250 ι.

161 2259 303 2288 Indomita:
314 2259 406 2287 animi.
428 2257 458 2287 In
478 2269 486 2286 i
497 2267 516 2286 Ν
526 2268 544 2285 D
556 2268 571 2286 o
580 2268 600 2286 M
611 2268 620 2285 1
629 2267 649 2286 'r
658 2267 705 2287 us.
722 2274 724 2276 ·

163 2296 329 2325 Insatiabilis.
352 2308 359 2315 ·
369 2295 398 2324 ln
420 2306 428 2323 1
439 2305 479 2324 Ns
490 2305 508 2323 A
518 2304 555 2323 Tr
566 2304 584 2323 A
595 2305 609 2322 Β
619 2305 628 2323 ι
638 2304 701 2324 ωε.

162 2334 264 2363 Invida.
289 2333 392 2362 Firmic,
403 2332 448 2361 lib.
463 2343 486 2367 ς,
499 2342 559 2368 cap.
572 2342 598 2361 2.

163 2371 276 2400 Lubrica
287 2372 310 2399 &
321 2380 441 2407 prazceps
451 2371 585 2407 cupiditas
595 2369 769 2399 dominandi.
791 2370 849 2400 Cic.
867 2381 890 2405 ς.
908 2369 1006 2407 Philip.
1026 2379 1070 2404 50.

163 2408 296 2438 Profunda
309 2408 496 2437 confundendi
511 2408 602 2436 omnia
613 2407 782 2444 cupiditate,
806 2417 910 2437 novum
925 2408 1039 2444 statum,
1063 2415 1163 2437 novam
1182 2406 1264 2438 Rem-

179 2445 316 2480 publicam
328 2445 490 2480 quaerebant.
514 2445 613 2474 Patere.
626 2444 672 2473 lib.
682 2454 708 2473 α.
724 2454 785 2480 125.
804 2455 844 2482 pr.

160 2483 283 2517 Abjicere
292 2483 477 2518 cupiditatem.
500 2482 556 2511 Cic.
567 2493 592 2516 4.
606 2482 677 2510 Fam.
690 2491 715 2515 7.

162 2522 278 2550 Atiniam
286 2520 486 2556 cupiditatibus.
509 2519 614 2549 Firmic.
627 2519 674 2548 lib.
688 2528 712 2556 3.
725 2529 784 2557 cap.
798 2525 824 2553 8.

163 2557 272 2586 Atticere
281 2557 440 2594 cupiditate.
465 2557 521 2586 Cic.
537 2567 560 2592 ς.
573 2556 647 2586 Fam.

164 2595 262 2623 Ardere
277 2595 435 2631 cupiditate.
475 2594 505 2623 In
526 2604 544 2623 A
554 2604 569 2622 R
581 2604 655 2623 ono.

163 2633 268 2668 Capere
277 2632 454 2668 cupiditatem
465 2632 590 2668 aliquam.
613 2632 669 2661 Cic.
683 2631 710 2660 in
724 2630 810 2660 Pison.
825 2640 868 2668 57.

163 2670 297 2698 Coercere
307 2678 402 2698 omnes
413 2669 584 2703 cupiditates.
608 2668 666 2698 Cic.
679 2678 701 2697 1.
714 2669 748 2697 de
761 2669 836 2699 Orat.
853 2679 915 2705 194.

156 2707 349 2743 -Criiiipriniere
360 2707 496 2735 incensam
507 2706 623 2742 alicujus
632 2706 821 2744 cupiditatem.
859 2706 892 2737 ln
912 2716 929 2736 c
937 2716 1006 2736 oiui’
1015 2716 1032 2736 a
1042 2717 1080 2736 ιΜ
1090 2716 1117 2738 o.

164 2744 269 2780 Erigere
280 2744 464 2780 cupiditatem.
487 2744 545 2773 Cic.
557 2754 583 2779 4.
594 2744 628 2772 ad
639 2743 736 2773 Heren.
748 2754 774 2774 2.

164 2781 286 2818 Explere.
309 2781 364 2810 Cic.
383 2790 404 2809 1.
425 2781 459 2810 de
472 2780 578 2810 Invent.
589 2789 614 2810 α.

164 2818 283 2854 flagrare
301 2819 326 2848 8(
344 2818 435 2847 ardere
451 2818 602 2856 cupiditate
614 2818 728 2851 alicuius
743 2819 789 2848 rei.
829 2819 886 2849 Cic.
901 2819 929 2848 in
942 2818 1030 2849 Pison.
1043 2830 1085 2855 59.
1107 2819 1202 2849 Fertur
1215 2820 1262 2850 ille

181 2857 228 2889 vir.
241 2856 306 2884 mihi
316 2855 514 2892 crede,gloria:
537 2856 640 2893 flagrat,
652 2856 728 2885 ardet
738 2856 890 2893 cupiditate
901 2857 962 2893 justi
977 2859 1001 2887 δι
1012 2858 1105 2895 magni
1117 2858 1260 2896 triumphi.

165 2893 302 2927 frangere.
324 2892 380 2921 Cic.
395 2902 416 2921 r.
429 2893 464 2922 de
476 2893 551 2922 Orat.
565 2896 609 2926 86.

164 2930 267 2959 Habere
279 2930 457 2966 cupiditatem
467 2936 561 2960 contra
572 2930 684 2960 salutem
696 2929 820 2963 alicuius.
841 2931 897 2960 Cic.
907 2936 933 2965 8.
946 2931 1021 2962 Fam.
1032 2936 1075 2963 16.

163 2967 309 2996 imminuta
323 2967 456 3004 cupiditas
470 2975 551 3004 atque
564 2967 713 2997 debilitata.
753 2966 786 2998 V.
810 2979 820 2996 1
829 2979 878 2998 ΜΜ
888 2980 898 2997 r
907 2979 926 2998 N
937 2979 954 2998 u
963 2979 990 2999 o.

165 3004 297 3041 imperare
308 3004 509 3041 cupiditatibus.
549 3005 579 3035 ln
600 3016 608 3034 1
620 3016 640 3034 Μ
650 3015 664 3034 1²
674 3015 688 3034 κ
699 3015 715 3034 a
726 3015 751 3034 0.

165 3041 313 3077 Incendere
324 3042 501 3077 cupiditatem
513 3043 725 3078 &arrogantiam
737 3042 861 3079 alicujus.
901 3043 934 3073 In
954 3053 990 3072 iu
1001 3053 1018 3073 c
1029 3054 1042 3073 iz
1052 3053 1072 3073 N
1081 3054 1098 3073 n
1107 3054 1132 3075 o.

165 3078 290 3107 Incensus
302 3079 462 3115 cupiditate.
484 3080 541 3108 Cic.
554 3089 577 3115 3.
595 3079 651 3109 Off.
665 3090 707 3115 59.

164 3116 277 3145 incitare
287 3116 473 3153 cupiditatem.
496 3116 552 3146 Cic.
565 3117 592 3146 in
605 3118 675 3147 Brut.
688 3126 750 3152 3¹7·

165 3153 325 3182 inflammari
336 3153 592 3196 cupiditatealiquid
603 3155 753 3184 auferendi.
793 3154 824 3184 In
845 3166 854 3184 1
863 3164 883 3184 Ν
894 3165 957 3184 rLA
966 3166 987 3184 M
996 3165 1050 3186 Μο.

167 3190 276 3225 injicere
286 3191 462 3227 cupiditatem
471 3191 640 3221 hominibus.
679 3192 710 3221 ln
731 3201 886 3226 1NJ1C10.

166 3226 268 3256 Invadit
278 3228 412 3264 cupiditas
421 3228 568 3265 plerosque.
610 3230 639 3259 ln
661 3240 668 3257 i
680 3239 699 3258 Ν
709 3239 724 3258 ν
735 3239 751 3258 A
761 3240 778 3257 o
786 3240 812 3258 0.

164 3263 287 3329 ,Ιιὲἰίυῃτε
299 3266 352 3331 siffie
362 3274 453 3330 ampre
464 3266 488 3294 8(
498 3265 552 3295 sine
566 3267 716 3304 cupiditate
725 3289 733 3302 ,
752 3268 778 3296 &
789 3266 875 3296 rursus
888 3267 943 3297 sine
956 3268 1022 3298 odio
1038 3269 1064 3298 &
1082 3268 1136 3300 sirie
1146 3271 1260 3302 invidia.

207 3311 237 3330 ic.
272 3312 299 3329 ro
346 3311 405 3330 arce
421 3325 425 3330 .
440 3311 482 3336 30.

167 3312 327 3373 Porrigat-ic
338 3340 488 3375 cupiditate
499 3340 600 3369 omnia.
637 3340 669 3370 In
691 3351 705 3369 ι»
715 3351 728 3369 it
738 3351 753 3369 r.
762 3352 774 3369 ir
787 3352 800 3369 a
811 3352 847 3370 1N
856 3352 874 3370 G
885 3352 910 3371 o.

166 3373 301 3404 Provecta.-
313 3388 345 3405 co
355 3377 540 3405 Romanorum
551 3377 715 3414 cupiditates
726 3400 733 3412 ‚
756 3380 806 3408 Sic.
826 3379 916 3409 Tacit.
932 3389 973 3415 14.
987 3381 1054 3411 Ann.
1073 3390 1117 3418 35.

166 3411 287 3442 Retutare
298 3415 483 3449 cupiditatem.
508 3415 564 3443 Cic.
582 3424 602 3442 1.
618 3415 689 3444 Fam.
701 3426 726 3450 9.

167 3448 264 3482 Regem
276 3451 452 3486 cupiditatem
464 3473 470 3480 .
492 3451 593 3480 consilii
604 3453 809 3487 gubernatione.
846 3454 878 3483 In
899 3465 916 3483 c
925 3465 942 3483 o
953 3465 972 3483 Ν
982 3464 993 3484 s
1003 3466 1010 3483 i
1019 3466 1052 3484 ιι
1063 3466 1080 3485 υ
1089 3467 1121 3487 Μ.

168 3485 285 3514 lie-vertit
298 3489 432 3523 cupiditas
445 3488 506 3517 tilii.
530 3488 597 3517 Cels.
611 3490 655 3517 lili.
669 3496 693 3521 8.
705 3500 764 3526 cap.
777 3502 803 3524 4.

166 3523 265 3565 bjatinre
275 3524 506 3566 effrenatasaniiiii
519 3526 736 3562 iiiicupiditiites.
761 3528 866 3557 firmic.
880 3528 926 3557 lib.
944 3539 964 3558 1.
977 3539 1036 3567 cap.
1051 3539 1074 3566 3.

165 3559 752 3603 bediittusiuvenilicupiditate-gloria*lecit.
775 3566 891 3602 Quintil.
905 3565 952 3596 lib.
964 3576 989 3604 7.
1000 3577 1058 3605 cap.
1075 3577 1100 3604 3.

165 3596 303 3631 Siiilragnri
320 3601 469 3634 cupiditati.
492 3601 539 3628 ci'c
560 3601 630 3629 Brut.
647 3611 686 3630 ιο,

163 3633 227 3676 §iim
279 3634 332 3662 hist·
342 3637 482 3671 cupiditati
493 3639 515 3665 ἃ
529 3638 667 3667 miraculo.
707 3639 774 3668 Vide
794 3651 814 3668 Μ
824 3651 832 3668 ι
842 3650 857 3668 a
867 3651 885 3669 A
897 3652 914 3670 c
923 3651 940 3670 υ
950 3652 965 3669 1.
977 3651 993 3670 u
1003 3652 1032 3671 Μ.
1055 3642 1089 3672 Η.
1099 3642 1138 3673 St.

170 3670 253 3698 lenct
266 3674 395 3707 cupiditas
406 3675 531 3708 ailiqiicm.
555 3676 609 3703 Cic.
625 3685 649 3710 7.
666 3677 714 3705 Att.
729 3686 754 3705 2.

162 3706 448 3743 Tenssfssssui⁷ik¹51³¹1c¹¹¹
460 3733 467 3743 2
488 3712 686 3746 iit->Cohibete
726 3715 781 3743 Cic.
796 3725 819 3750 ς.
835 3714 905 3744 Verr.
919 3724 942 3751 3.
966 3716 1020 3744 Nisi
1033 3717 1112 3746 facile
1121 3718 1256 3755 cupidita.

182 3752 220 3771 tes
234 3746 331 3771 pollini.
344 3754 491 3775 tencrttiiiiu
502 3772 507 3781 ‚
525 3750 574 3777 Ac.

163 3781 302 3823 Ouddita<
314 3803 326 3823 t
343 3793 390 3824 μω.
403 3785 554 3820 Ciipidiiate
567 3787 695 3822 pecuniae.
717 3789 789 3824 apud
803 3790 875 3817 S‘uet.
888 3790 914 3817 in
928 3790 1087 3819 Domitiano
1097 3801 1156 3830 cap.
1173 3803 1213 3822 ιο.
1227 3796 1254 3823 Sc

180 3818 251 3847 alibi.
288 3818 489 3850 Alicubii.riiicii
500 3822 541 3850 hic
553 3825 687 3860 genitivus
697 3825 729 3853 ab
749 3835 782 3854 eo
798 3827 916 3856 additur.
938 3828 969 3856 ln
984 3828 1059 3866 Vel'p.
1070 3839 1129 3868 cap.
1144 3835 1186 3861 16.
1208 3831 1255 3861 Pe-

106 94 174 135 738

1682 60 1711 93 C
1808 58 1841 92 U
1940 60 1971 94 R

1358 144 1448 175 cuniae
1458 141 1597 180 cupiditas
1607 141 1632 170 δι
1646 138 1854 177 Cupidiffimus.
1893 138 1925 167 V.
1947 137 2035 176 supra.

1362 182 1459 210 neritia
1471 203 1477 214 ‚
1499 180 1608 208 videtur
1618 177 1759 206 subaudiri
1772 176 1908 206 Pecuniae.
1934 176 1969 206 H.
1991 177 2030 206 St.

1344 219 1490 256 Cupiditas
1500 239 1508 251 ‚
1528 226 1579 254 pro
1591 214 1679 252 Turpi
1692 223 1796 244 amore.
1834 215 1951 244 Sueton.
1966 214 1994 243 in
2006 213 2091 250 Calig.
2103 223 2164 251 cap.
2179 222 2225 249 ²4-
2247 213 2378 250 Reliquas
2397 214 2472 244 soro—

1365 266 1407 286 res
1425 265 1477 284 nec
1490 254 1641 291 cupiditate
1654 259 1745 284 tanta.
1767 261 1820 281 nec
1846 252 2007 288 dignatione
2031 251 2139 280 dilexit.
2181 251 2298 281 Dixerat
2318 253 2473 289 Caligulam

1365 304 1430 324 cum
1441 292 1572 322 omnibus
1586 290 1721 320 sororibus
1733 289 1786 318 suis
1795 289 2029 319 consuetudinem
2048 289 2134 327 stupri
2151 289 2261 325 fecisse,
2282 291 2474 328 impatientius

1367 338 1461 361 tamen
1473 328 1614 359 Drusillam
1625 326 1725 356 amasse
1735 336 1819 362 quam
1834 326 1961 364 reliquas.

1348 369 1503 406 Cupiditas,
1525 376 1575 404 pro
1586 366 1680 395 Nimio
1695 364 1817 401 partium
1827 364 1927 394 studio.
1950 364 2009 393 Cic.
2021 373 2072 401 pro
2083 363 2201 393 Fonteio
2216 373 2257 399 13.
2279 364 2407 400 Quorum
2421 365 2474 394 vir.

1369 407 1431 441 tuti,
1443 406 1545 442 generi,
1557 403 1648 436 rebus.
1661 402 1747 430 fidem
1759 403 1786 431 δι
1798 402 1990 431 ειυᾶοτίτείτεῐη
2002 402 2030 430 in
2038 401 2209 436 testimonio,
2220 402 2382 440 cupiditatis
2392 408 2475 438 atque

1369 444 1581 473 inimicitiarum
1589 440 1705 478 suspicio
1717 439 1867 476 derogavit.
1901 439 2014 476 [Quod
2023 439 2128 476 cupide
2135 439 2324 469 testimonium
2335 440 2473 470 dixerant.

1313 483 1508 515 Curraoo,
1529 480 1593 508 inis.
1634 479 1666 508 In
1686 486 1841 506 curabo.

1312 519 1337 551 C
1349 530 1366 548 u
1377 529 1414 547 12ss
1425 529 1461 552 A,
1481 528 1511 546 aa.
1533 517 1550 546 f.
1574 516 1666 545 Piceni
1677 515 1778 544 civitas
1795 514 1851 549 est,
1872 523 1930 543 non
1947 513 2047 552 procul
2067 514 2101 544 ab
2115 513 2230 552 Asculo,
2251 515 2330 552 cujus
2348 515 2478 545 meminit

1355 556 1422 585 Plin.
1440 557 1486 584 lib.
1519 577 1525 583 .
1540 564 1569 582 ca
1594 576 1599 583 .
1615 562 1656 588 13.

1315 596 1338 625 C
1348 605 1366 623 u
1376 604 1388 622 P
1399 604 1414 622 a
1424 604 1436 622 a
1445 603 1476 622 ss
1485 564 1523 621 υἷε
1532 613 1540 627 ,
1564 564 1590 620 il.)
1605 590 1648 620 vel
1665 592 1707 620 us.
1729 590 1748 619 f.
1768 587 1987 626 [νεηνίεω-Θῆ]
2007 588 2093 618 Arbor
2101 590 2242 619 conifera:
2263 600 2323 627 quae
2337 590 2403 620 alias
2425 590 2479 628 Cy-

1352 631 1468 670 pariffus
1480 631 1589 659 dicitur.
1612 629 1675 658 Duo
1687 637 1788 666 genera
1798 637 1908 656 earum:
1931 634 2007 656 meta
2016 648 2024 661 ‚
2046 627 2075 655 in
2088 627 2227 664 fastigium
2239 628 2403 663 convoluta,
2417 638 2478 666 quae

1354 672 1379 700 ἃ
1392 670 1494 698 femina
1507 666 1673 705 appellatur.
1714 665 1776 695 Mas
1785 664 1885 703 spargit
1892 672 1970 694 extra
1986 664 2013 695 se
2023 674 2130 700 ramos,
2154 665 2358 702 deputaturque
2370 687 2377 701 ‚
2398 668 2423 697 δε
2434 676 2478 695 ac-

1354 708 1423 744 cipit
1434 707 1529 735 vitem.
1571 704 1692 740 Utraque
1702 709 1794 732 autem
1805 703 1965 732 immittitur
1974 703 2003 731 in
2015 702 2134 740 perticas
2143 725 2151 738 ‚
2172 703 2301 732 asseresve
2312 705 2479 740 amputatio.

1355 755 1390 774 ne
1402 753 1560 777 ramorum,
1582 743 1628 778 qui
1647 742 1759 770 decimo
1777 741 1861 770 tertio
1879 750 1954 770 anno
1969 740 2090 770 denariis
2108 740 2220 777 singulis
2244 747 2383 770 veneunt:
2406 751 2479 777 quae-

1355 782 1514 812 stuosissima
1528 781 1557 809 in
1571 780 1642 809 satus
1652 780 1759 808 ratione
1773 778 1847 808 silva.
1889 778 2033 815 vulgoque
2044 778 2140 808 dotem
2152 778 2272 808 filiarum
2283 779 2390 816 antiqui
2399 779 2480 817 plan-

1355 821 1423 850 taria
1433 818 1617 857 appellabant.
1638 817 1704 846 Haec
1720 816 1789 845 Plin.
1806 820 1848 846 16.
1861 826 1921 853 cap.
1936 825 1979 851 33.
1995 815 2067 853 Virg.
2083 826 2106 845 1.
2123 816 2222 854 Georg.
2239 827 2284 847 20.

1436 858 1469 886 Et
1480 864 1604 886 teneram
1616 856 1650 884 ab
1662 855 1754 884 radice
1765 854 1868 889 fereris,
1887 854 2010 887 Silvane,
2031 854 2200 892 cupressum.
2278 853 2414 884 Columel.
2427 853 2480 885 lib.

1375 906 1400 931 4.
1415 905 1474 933 cap.
1489 898 1532 924 26.
1555 894 1643 930 quue
1657 893 1779 921 maxime
1788 891 1921 929 probatur
1930 901 1965 921 ex
1974 891 2105 930 junipero
2116 914 2125 928 ‚
2146 893 2173 922 ἅ
2185 891 2264 922 lauru
2275 914 2284 929 ,
2305 893 2332 922 δι
2342 890 2481 930 cupressu.

1356 935 1441 963 Acuta
1452 931 1599 969 cupressus.
1623 931 1708 961 Ovid.
1723 940 1747 966 3.
1760 930 1831 959 Met.
1845 940 1907 966 155.

1355 973 1426 1001 Atra.
1468 969 1540 1006 Virg.
1554 978 1578 1005 3.
1596 970 1658 999 AEn.
1674 973 1719 1004 ⁶4·
1747 967 1765 997 i.
1781 978 1806 997 e.
1828 968 1933 1005 Nigra,
1952 967 2069 998 funesta.

1375 1010 1413 1038 est
1423 1031 1430 1041 .
1453 1008 1515 1045 quia
1528 1006 1593 1036 caesa
1602 1015 1745 1044 nunquam
1757 1005 1904 1036 revirescit.

1356 1046 1468 1077 Feralis.
1495 1045 1578 1075 Ovid.
1595 1054 1619 1081 3.
1633 1045 1711 1074 Trist.
1730 1052 1773 1080 13.
1788 1053 1834 1073 αι.

1358 1084 1508 1114 Funebres.
1531 1083 1597 1112 Hor.
1612 1082 1700 1120 Epod.
1721 1093 1744 1117 ς-
1761 1087 1803 1116 18.

1356 1122 1441 1152 lllaesa
1453 1122 1550 1151 bruma
1561 1119 1709 1158 cupressus.
1731 1120 1798 1149 Stat.
1807 1124 1833 1149 6.
1843 1119 1934 1150 Theb.
1947 1130 1993 1156 99.

1355 1160 1477 1189 'sectura
1490 1159 1615 1188 tumulos
1625 1157 1774 1195 cupressus.
1795 1157 1894 1188 Claud.
1905 1167 1931 1187 2.
1945 1159 1980 1188 de
1990 1157 2071 1196 Rapt.
2083 1157 2206 1197 Proserp.
2221 1163 2284 1194 108.

1358 1198 1475 1227 Tenera.
1500 1197 1573 1233 Virg.
1589 1207 1611 1225 1.
1629 1196 1729 1234 Georg.
1741 1206 1786 1225 20.

1358 1234 1520 1274 Cupressum
1530 1233 1665 1263 simulare.
1688 1233 1755 1262 Hor.
1771 1233 1807 1263 de
1817 1235 1881 1263 Arte
1890 1234 1966 1264 Poet.
1981 1243 2026 1270 19.

1640 1288 1676 1292 —
1684 1271 1794 1301 fortasse
1806 1273 1963 1310 cupressum

1449 1310 1507 1340 Scis
1530 1308 1656 1339 simulare
1668 1331 1675 1343 .
1705 1309 1773 1346 quid
1790 1309 1867 1339 hoc?
1885 1312 1938 1340 ἃς,
2032 1308 2159 1339 Turneb.
2175 1309 2222 1339 hic
2239 1308 2382 1347 significari
2398 1315 2480 1347 putat

1375 1348 1484 1379 malum
1502 1350 1528 1378 δε
1538 1348 1633 1377 rudem
1643 1347 1779 1384 pistorem
1788 1369 1797 1382 ‚
1818 1348 1864 1385 qui
1876 1347 1998 1377 tabulam
2009 1348 2161 1385 depingere
2174 1357 2231 1376 nori
2242 1346 2324 1386 possit
2337 1369 2345 1382 ‚
2366 1348 2413 1377 sed
2421 1356 2480 1377 tan.

1376 1393 1436 1416 tum
1450 1396 1562 1424 parerga
1571 1407 1579 1420 ,
1601 1395 1662 1423 quae
1674 1385 1833 1414 rudimenta
1842 1393 1921 1415 erant
1929 1394 2015 1415 artem
2027 1386 2164 1424 pingendi
2175 1385 2345 1414 discentibus
2361 1387 2386 1415 δι
2401 1395 2481 1415 orna.

1375 1433 1470 1454 menta
1481 1423 1636 1453 tabularum
1651 1445 1658 1458 ‚
1681 1423 1830 1453 delineare.
1870 1423 1915 1453 Eis
1931 1423 2085 1461 persimiles
2096 1423 2177 1458 sunt,
2199 1423 2247 1460 qui
2270 1433 2400 1461 magnum
2423 1433 2480 1453 car.

1375 1472 1440 1492 men
1451 1462 1572 1491 condere
1581 1461 1729 1491 instituunt
1738 1483 1745 1496 ‚
1768 1471 1855 1498 quum
1864 1467 1959 1491 tamen
1970 1461 2173 1500 descriptiones
2179 1467 2286 1491 tantum
2297 1471 2422 1491 amoenas
2428 1462 2480 1491 flu-

1374 1500 1482 1529 viorurn
1496 1501 1522 1530 δι
1536 1509 1682 1528 nemorum
1694 1521 1702 1534 ,
1723 1500 1848 1537 poetices
1867 1500 1947 1529 initia
1959 1501 1985 1530 δι
1995 1498 2234 1538 progymnasmata
2255 1499 2395 1537 explicare
2417 1498 2479 1537 pos-

1374 1538 1426 1568 sint
1437 1560 1444 1573 ,
1466 1548 1531 1575 quas
1542 1538 1649 1567 idcirco
1660 1546 1719 1566 non
1734 1537 1782 1567 suo
1791 1537 1857 1568 loco
1868 1537 2007 1568 adhibent
2017 1560 2025 1573 ‚
2047 1539 2073 1568 ἀ
2096 1547 2196 1575 poema
2208 1538 2305 1567 fucant
2324 1539 2349 1567 &
2370 1538 2480 1568 adulte-

1373 1584 1434 1606 rant
1449 1576 1648 1613 intempestivis
1660 1576 1841 1605 ornamentis.
1877 1575 2025 1606 Taleillud
2042 1576 2080 1605 est
2092 1576 2248 1606 Perfianum
2259 1597 2268 1612 ‚
2286 1585 2310 1606 1.
2321 1576 2376 1606 Sat.
2388 1586 2433 1614 71.

1448 1614 1519 1643 Ecce
1532 1614 1619 1643 modo
1631 1613 1729 1643 heroas
1736 1612 1827 1643 sensus
1837 1613 1934 1644 afferre
1948 1614 2075 1644 videmus

1447 1652 1553 1689 Nugari
1562 1651 1656 1680 solitos
1665 1651 1760 1681 Graece
1770 1673 1779 1686 ‚
1803 1661 1857 1681 nec
1867 1662 1972 1689 ponere
1982 1651 2078 1682 lucum

1447 1689 1569 1719 Artifices
1579 1711 1587 1724 ‚
1609 1699 1661 1718 nec
1671 1699 1717 1718 rus
1726 1688 1847 1719 saturum
1856 1689 1986 1726 laudare,
2008 1691 2061 1720 ἃς.
2117 1689 2284 1727 Interpretes
2295 1687 2380 1726 vulgo
2389 1688 2476 1720 aliter.

1359 1727 1532 1765 Cupressum,
1543 1726 1694 1757 masculino
1703 1737 1804 1764 genere
1812 1727 1924 1765 usurpat
1934 1727 2041 1758 Ennius
2054 1727 2129 1765 apud
2140 1728 2351 1764 Nonium-334.
2364 1726 2407 1757 his
2419 1737 2478 1756 ver-

1374 1765 1426 1799 bis,
1442 1765 1587 1803 Capitibus
1598 1770 1728 1794 nutantes
1735 1766 1827 1803 pinos,
1836 1766 1977 1803 retitosque
1987 1765 2137 1803 cupressos.
2150 1765 2339 1803 [AnCaptibu'
2349 1766 2478 1801 antique?

1355 1802 1479 1840 Cupteffi
1490 1810 1664 1832 mortuorum
1676 1803 1809 1833 domibus
1818 1803 1995 1841 ponebantur
2008 1804 2074 1834 ideo
2084 1825 2092 1839 ‚
2114 1804 2177 1842 quia
2185 1804 2268 1839 hujus
2278 1805 2387 1841 generis
2396 1803 2476 1832 arbo—

1372 1841 1408 1870 ris
1420 1851 1510 1870 ramus
1521 1840 1626 1870 excisus
1640 1850 1697 1870 non
1708 1841 1874 1871 renascitur:
1896 1842 1965 1872 ficut
1977 1852 2013 1872 ex
2025 1847 2138 1871 mortuo
2157 1841 2229 1872 nihil
2244 1841 2301 1876 jam
2318 1841 2355 1872 est
2369 1842 2479 1880 sperari-

1374 1879 1450 1908 dum.
1492 1879 1584 1915 Quam
1597 1879 1633 1908 ob
1642 1878 1752 1909 causam
1765 1880 1794 1908 in
1803 1880 1890 1909 tutela
1901 1880 1973 1910 Ditis
1983 1880 2069 1918 patris
2086 1879 2142 1910 effe
2183 1879 2319 1910 utabatur.
2342 1879 2409 1909 Haec
2431 1879 2478 1908 Fe-

1373 1916 1438 1946 stus.
1471 1916 1540 1946 Plin.
1550 1916 1652 1947 lib.16.
1660 1926 1721 1955 cap.
1734 1925 1778 1954 33.
1803 1918 1862 1947 Diti
1874 1917 1964 1954 sacra,
1985 1918 2087 1948 &ideo
2100 1918 2168 1948 fune
2189 1919 2212 1947 ri
2229 1917 2306 1955 signo
2325 1918 2360 1948 ad
2377 1918 2478 1947 domos

1374 1954 1469 1991 posita.
1491 1954 1523 1984 V.
1546 1954 1674 1984 Torrent.
1687 1955 1722 1984 ad
1733 1955 1798 1985 Hor.
1808 1965 1834 1986 2.
1849 1956 1939 1986 Carm.
1952 1965 1994 1992 14.
2007 1964 2052 1992 23.

1319 1992 1341 2021 C
1351 2002 1391 2021 up
1400 2002 1415 2020 a
1427 2002 1441 2021 a
1451 2002 1462 2021 s
1472 2002 1483 2022 s
1494 1993 1533 2022 ru
1546 2003 1563 2021 u
1575 2002 1603 2028 s,
1625 2003 1639 2022 a
1649 2015 1656 2027 ,
1678 2003 1734 2023 um.
1764 1992 1999 2029 [κνωτιελοπνῶν]
2029 1993 2090 2030 AdJ'.
2112 1993 2154 2023 Ex
2169 1992 2304 2031 cupresso.
2345 1992 2414 2023 Plin.
2426 1992 2476 2024 lib.

1355 2039 1400 2065 23.
1411 2040 1471 2068 cap.
1484 2041 1510 2066 4.
1531 2030 1725 2068 Cupreffinum
1737 2030 1832 2061 oleum
1841 2031 1953 2061 eosdem
1961 2032 2077 2062 effectus
2087 2031 2172 2062 habet
2186 2042 2255 2069 quos
2268 2036 2419 2069 myrteum.

1356 2068 1478 2097 Frondes
1488 2068 1657 2106 cupressinae.
1680 2068 1818 2099 Columel.
1832 2069 1880 2099 lib.
1893 2080 1919 2099 2.
1935 2079 1998 2108 cap.
2012 2079 2039 2099 2.

1319 2105 1341 2135 C
1351 2116 1367 2134 υ
1376 2115 1391 2134 r·
1400 2116 1414 2134 a
1425 2116 1477 2135 sss
1487 2116 1501 2134 iz
1511 2116 1549 2136 us
1563 2128 1571 2141 ,
1591 2117 1606 2136 a
1617 2129 1624 2142 ,
1645 2117 1701 2136 um.
1721 2108 1783 2143 Adj.
1805 2107 1894 2137 Idem.
1930 2107 1988 2138 Liv.
2003 2116 2048 2146 27.
2064 2116 2109 2145 37.
2130 2107 2191 2137 Post
2202 2116 2247 2137 eas
2264 2107 2321 2138 duo
2336 2106 2412 2145 signa
2430 2116 2477 2137 cu-

1355 2143 1460 2181 pressea
1469 2145 1584 2181 Junonis
1594 2145 1693 2182 reginae
1703 2145 1894 2182 portabantur.
2589 2148 2592 2164 ¹

1356 2181 1476 2211 Folitura
1485 2182 1633 2219 cupressea.
1657 2183 1760 2213 Vitruv.
1772 2193 1798 2212 2.
1812 2193 1838 2219 9.

1318 2219 1340 2248 C
1351 2229 1388 2248 up
1397 2229 1414 2247 a
1423 2229 1436 2248 a
1445 2229 1456 2248 s
1466 2229 1477 2248 s
1486 2223 1502 2249 ἒ
1512 2230 1531 2248 T
1541 2230 1559 2249 u
1569 2231 1590 2249 M
1599 2243 1607 2255 ‚
1627 2221 1645 2249 i.
1670 2231 1697 2250 ri.
1720 2221 1913 2257 [numam-Am]
1933 2220 2022 2251 Locus
2033 2221 2082 2251 ubi
2090 2220 2215 2251 seruntur
2230 2220 2356 2258 cupreffi.
2382 2220 2442 2250 Cic.
2450 2230 2475 2250 1.

1356 2258 1390 2286 de
1400 2257 1491 2294 Legib.
1507 2268 1550 2291 ις.
1573 2258 1655 2287 Visne
1667 2259 1751 2296 igitur
1763 2266 1793 2288 ut
1804 2258 1852 2289 ille
1860 2259 1942 2289 Crete
1955 2269 2021 2288 cum
2032 2259 2124 2289 Clinia
2140 2261 2167 2289 δι
2184 2268 2248 2288 cum
2264 2259 2476 2289 Lacedaemonio

1354 2295 1471 2332 Megillo
1492 2295 1582 2325 aestivo
1594 2318 1601 2329 .
1622 2297 1861 2333 quemadmodum
1878 2296 2028 2333 describit,
2049 2297 2095 2327 die
2105 2319 2113 2333 ‚
2135 2297 2165 2326 in
2182 2296 2342 2334 cupressetis
2363 2296 2477 2326 Gnosio-

1354 2343 1415 2362 rum
1428 2355 1436 2367 ,
1459 2334 1483 2362 ἃ
1493 2333 1585 2370 spatiis
1594 2333 1757 2364 silvestribus
1770 2335 1866 2364 crebro
1874 2335 1998 2365 insistens
2010 2357 2019 2371 ,
2037 2337 2089 2366 dte.
2121 2335 2155 2365 Et
2166 2335 2234 2364 Cato
2248 2344 2309 2372 cap.
2324 2344 2386 2370 151.
2410 2334 2476 2371 Quo

1355 2373 1437 2407 paeto
1448 2371 1600 2408 cupreffeta
1608 2371 1656 2401 seri
1665 2378 1805 2409 oporteat.

1318 2407 1340 2437 C
1352 2418 1368 2436 υ
1378 2418 1392 2436 12
1400 2418 1415 2436 R
1426 2419 1438 2437 a
1447 2418 1458 2438 s
1468 2418 1479 2437 s
1489 2410 1522 2437 ir
1531 2419 1545 2437 iz
1553 2419 1568 2437 a
1580 2431 1588 2444 ,
1610 2419 1625 2438 a
1633 2431 1641 2444 .
1663 2419 1718 2439 um.
1741 2408 2015 2446 [κυπαωωοφῦςῶι]
2037 2409 2097 2447 Adj.
2126 2416 2159 2440 ut
2167 2432 2176 2447 ‚
2196 2409 2283 2440 Mons
2299 2410 2457 2448 cupreffifer
2467 2431 2476 2447 ‚

1355 2445 1412 2482 Qui
1422 2446 1551 2482 cupressis
1561 2447 1693 2477 abundat.
1716 2447 1799 2478 Ovid.
1813 2458 1839 2481 o.
1859 2448 1941 2485 Epist.
1955 2453 2000 2484 87.

1446 2484 1483 2513 Ut
1493 2484 1626 2521 Tegeaeus
1642 2495 1708 2522 aper
1719 2486 1897 2524 cuprelIifero
1909 2486 2080 2524 Erymantho

1501 2523 1634 2555 Incubat.
1657 2525 1682 2553 δι
1693 2524 1768 2553 vasto
1779 2545 1787 2559 ‚
1809 2526 1862 2554 διο.
2094 2542 2097 2543 ⁷

1356 2559 1484 2596 Cyllenes
1493 2561 1682 2598 cupreffiferae.
1705 2561 1783 2590 Idem
1798 2572 1822 2597 ς,
1837 2562 1905 2592 Fast.
1917 2567 1962 2596 87.

1318 2595 1414 2625 Curii
1426 2606 1491 2631 um.
1512 2598 1529 2627 i.
1552 2608 1579 2626 ri.
1602 2600 1745 2634 [κύπτων]
1767 2599 1861 2629 Genus
1874 2598 2017 2637 quoddam
2034 2598 2103 2629 aeris.
2124 2597 2159 2628 de
2178 2608 2235 2635 quo
2251 2597 2360 2628 nullum
2381 2608 2476 2629 exem-

1355 2634 1432 2672 plum
1447 2636 1621 2673 reperiapud
1634 2637 1751 2666 idoneos
1764 2639 1906 2667 auctores:
1928 2637 2054 2666 existimo
2067 2642 2160 2666 autem
2177 2636 2248 2666 illud
2260 2637 2313 2665 esse
2335 2638 2409 2674 quod
2424 2637 2475 2665 Pli-

1355 2672 1402 2700 nio
1413 2672 1545 2710 Cyprium
1558 2683 1593 2702 aes
1605 2674 1716 2703 dicitur.
1737 2675 1801 2704 vide
1811 2675 1858 2704 suo
1869 2675 1944 2705 loco.
1965 2683 1986 2704 Y
2005 2675 2081 2704 enim
2097 2680 2128 2704 ut
2139 2674 2291 2712 plurimum
2305 2673 2335 2703 in
2355 2684 2373 2704 υ
2393 2674 2477 2704 verti-

1357 2717 1408 2738 tur.
1432 2711 1461 2738 V.
1481 2711 1615 2748 Spattiari.
1629 2711 1760 2741 Caracall.
1776 2723 1837 2751 cap.
1853 2723 1879 2749 9.
1893 2716 1919 2743 ἃ
1930 2712 2027 2743 Cellar.
2042 2712 2105 2742 Cur.
2118 2713 2216 2750 poster.
2233 2723 2261 2751 p.
2271 2715 2335 2741 206.

1319 2747 1341 2776 C
1353 2757 1369 2776 u
1380 2757 1393 2775 P
1405 2758 1419 2775 a
1430 2757 1443 2776 iz
1453 2758 1469 2776 U
1481 2758 1492 2777 s
1505 2770 1512 2783 ‚
1534 2759 1548 2778 a
1560 2770 1567 2783 ,
1590 2759 1646 2778 um.
1671 2750 1729 2786 Adj.
1753 2748 1930 2787 [κυπςιωιῴς]
1952 2757 1982 2780 ut
1994 2773 2002 2785 ‚
2029 2750 2170 2788 Cupreum
2184 2760 2240 2780 vas.
2280 2750 2348 2779 Plin.
2363 2748 2411 2778 lib.
2428 2758 2475 2786 23.

1355 2794 1415 2822 cap.
1433 2795 1456 2821 3.
1480 2786 1615 2822 Coquitur
1627 2787 1656 2816 in
1666 2797 1770 2825 cupreo
1778 2787 1841 2818 vase
1850 2789 1885 2818 ad
1897 2788 2104 2818 crassitudinem
2113 2787 2214 2819 mellis.
2253 2786 2372 2818 Fortasse
2382 2786 2476 2825 legen-

1355 2823 1422 2852 dum
1431 2845 1439 2860 ,
1461 2823 1563 2862 Cyprio
1576 2825 1644 2855 vase.
1682 2826 1716 2855 Et
1724 2826 1762 2856 ita
1771 2825 1838 2864 legit
1849 2826 1984 2857 Harduin.

1744 2904 1772 2938 C
1867 2904 1899 2939 U

1317 2970 1398 3000 CVR.
1420 2970 1488 3000 VIA.
1510 2971 1626 3001 Curator
1634 2972 1748 3001 viarum.
1810 3006 1823 3013 μ

1317 3009 1365 3039 C&
1377 3018 1408 3041 a.
1431 3009 1521 3044 [dito-
1540 3009 1622 3044 ἐ’νειιᾳ,
1641 3006 1732 3045 :aig-vi.
1751 3008 1789 3042 ἐφ’
1806 3008 1848 3045 ῳ]
1869 3009 1937 3040 Adv.
1967 3010 2168 3048 interrogandi.
2207 3011 2343 3042 Scribitur
2366 3021 2381 3042 a
2403 3022 2475 3042 non-

1352 3045 1436 3075 nullis
1448 3056 1495 3084 per
1520 3058 1547 3082 Q
1558 3057 1573 3076 a
1593 3047 1684 3083 Quare
1693 3046 1896 3077 deducentibus
1907 3069 1915 3083 ‚
1936 3058 1986 3086 per
1995 3048 2135 3087 syncopen
2143 3056 2225 3087 atque
2233 3059 2381 3088 apocopen
2392 3060 2411 3079 A
2421 3052 2446 3081 ἀ
2458 3059 2473 3080 e

1353 3083 1451 3113 litteris
1462 3084 1596 3113 detractis.
1616 3085 1680 3114 Ter.
1697 3086 1764 3114 And.
1785 3096 1809 3120 5.
1823 3095 1847 3120 3.
1869 3095 1912 3121 15.

1444 3122 1497 3151 Sed
1510 3123 1575 3159 quid
1584 3133 1635 3160 ego
1647 3123 1660 3152 ἵ)
1681 3133 1729 3152 cur
1742 3133 1787 3153 iiie
1802 3124 1934 3153 excrucio
1944 3124 1958 3152 ‘2
1977 3133 2026 3154 cur
2037 3134 2081 3154 me
2090 3134 2203 3156 macero
2213 3126 2227 3155 ἱ)

1354 3168 1380 3188 2.
1394 3169 1416 3193 ς.
1429 3169 1472 3194 37.
1493 3160 1571 3189 Niliil
1581 3170 1672 3189 moror
1683 3170 1792 3198 aquam.
1817 3169 1868 3189 PR.
1892 3163 1982 3198 quur?

1355 3196 1409 3226 Cur
1422 3197 1511 3232 igitur.
1533 3198 1597 3227 Ter.
1610 3198 1692 3228 Andr.
1710 3208 1733 3228 1.
1750 3208 1772 3228 1.
1786 3208 1830 3228 21.
1853 3198 1907 3228 Cur
1918 3199 2025 3229 simulas
2034 3200 2136 3237 igitur?

1354 3234 1440 3263 Causa
1451 3244 1506 3264 cur.
1548 3236 1604 3265 Cic.
1617 3246 1666 3274 pro
1679 3236 1750 3265 Coel.
1762 3241 1806 3270 68.
1829 3237 1868 3265 An
1879 3237 1958 3266 vobis
1970 3237 2052 3267 aliam
2063 3237 2171 3267 causam
2184 3236 2239 3268 esse
2253 3237 2338 3268 ullam
2348 3239 2451 3277 putatis
2461 3260 2470 3275 ‚

1374 3281 1422 3301 cur
1433 3273 1459 3301 in
1472 3273 1554 3302 tantis
1565 3275 1684 3311 praeniiis
1696 3274 1862 3308 eloquentia:
1872 3296 1879 3309 ,
1893 3276 1945 3304 ἃς.

1354 3310 1431 3346 Quid
1444 3311 1481 3339 est
1489 3311 1558 3339 cur‘?
1581 3312 1677 3340 Cicero
1686 3322 1735 3347 pro
1746 3311 1856 3341 Cluent.
1873 3322 1934 3355 ¹47·
1956 3312 2033 3349 Quid
2044 3312 2100 3348 est,
2122 3313 2158 3350 Q.
2170 3312 2243 3343 Naso
2254 3335 2262 3349 ‚
2284 3323 2333 3343 cur
2340 3321 2369 3343 tu
2380 3313 2409 3342 in
2420 3314 2471 3344 isto

1373 3347 1434 3376 loeo
1446 3348 1537 3377 sedeas
1551 3350 1564 3377 ἵ)
1588 3349 1625 3378 Al.
1649 3349 1679 3379 In
1690 3349 1742 3378 hoc
1752 3349 1828 3378 sexto
1839 3348 1912 3379 loco.

1354 3385 1422 3421 Quae
1432 3385 1509 3414 causa
1521 3387 1557 3415 est
1568 3397 1615 3415 cur
1625 3387 1679 3415 hoc
1691 3388 1776 3416 velit‘?
1807 3387 1865 3416 Cic.
1880 3397 1931 3425 pro
1944 3386 2055 3417 Cluent.
2071 3391 2132 3424 1⁶9·
2154 3374 2225 3426 Quae
2234 3387 2312 3418 causa
2322 3388 2401 3418 Avito
2413 3389 2471 3419 fue-

1373 3423 1407 3451 rit
1417 3445 1423 3456 .
1445 3433 1493 3452 cur
1505 3424 1657 3454 interficere
1667 3424 1859 3462 Oppianicum
1869 3424 1975 3455 vellet?

1353 3460 1408 3489 Cur
1419 3471 1474 3489 nori
1485 3462 1499 3490 ’ἱ
1520 3462 1592 3497 quia.
1616 3463 1699 3492 Plaut.
1715 3463 1807 3492 Pseud.
1825 3473 1848 3492 1.
1864 3473 1885 3497 ς.
1898 3466 1942 3500 76.

1352 3498 1408 3526 Cur
1419 3499 1474 3527 hirc
1487 3499 1534 3527 tibi
1551 3501 1616 3529 irata
1631 3501 1684 3534 eii,
1706 3510 1776 3530 cure
1796 3500 1852 3529 oid
1863 3502 1981 3530 curem?
2003 3500 2087 3530 Plaut.
2100 3501 2176 3531 Poen.
2191 3510 2214 3530 x.
2227 3509 2252 3530 α.
2266 3511 2326 3537 140.

1352 3536 1407 3564 Cur
1418 3559 1424 3569 ‚
1448 3536 1501 3565 line
1514 3538 1737 3573 interrogatione.
1799 3539 1833 3568 ic.
1845 3547 1895 3575 pro
1910 3538 1987 3567 Rose.
2002 3539 2090 3567 Anier.
2107 3543 2168 3573 146.
2197 3538 2282 3575 Quod
2297 3540 2313 3569 si
2327 3540 2376 3569 tibi
2392 3539 2467 3571 nulla

1370 3573 1447 3602 causa
1458 3574 1495 3603 est
1505 3596 1512 3608 ,
1534 3584 1582 3603 cur
1595 3576 1668 3604 huuc
1679 3575 1806 3605 miserum
1815 3582 1890 3605 tanta
1900 3576 2056 3606 calamitate
2065 3576 2134 3606 affici
2144 3576 2227 3612 velis,
2240 3579 2292 3608 Sto.
2314 3578 2393 3608 Adde
2406 3579 2462 3609 Cic.

1372 3621 1413 3640 12.
1427 3613 1478 3640 Att.
1492 3622 1534 3646 29.
1548 3615 1573 3641 ὁὶ
1586 3619 1610 3642 6.
1633 3613 1708 3642 Fani.
1725 3620 1749 3646 8.
1769 3615 1794 3643 Sc
1805 3613 1877 3643 alibi.

1349 3648 1403 3677 Cur
1419 3671 1426 3683 ‚
1447 3660 1497 3687 pro
1507 3650 1650 3687 Propterea
1665 3651 1747 3687 quod.
1770 3650 1837 3680 Hor.
1856 3661 1877 3680 r.
1891 3651 1971 3688 Epist.
1984 3656 2008 3685 8.
2024 3662 2050 3688 9.

1652 3704 1688 3708 —
1703 3688 1801 3718 irascar
1812 3690 1908 3718 amicis

1441 3723 1495 3751 Cur
1504 3733 1548 3752 me
1558 3724 1665 3754 funesto
1674 3734 1825 3763 properent
1834 3735 1925 3755 arcere
1938 3733 2061 3755 vetern0.

1348 3759 1426 3790 Ideni
1439 3761 1513 3796 quod
1528 3761 1561 3790 Ut
1573 3761 1719 3797 significare
1732 3764 1839 3793 videtur
1849 3764 1922 3801 apud
1939 3763 1992 3792 Liv.
2009 3765 2085 3797 3-46·
2107 3761 2197 3798 Negat
2206 3763 2233 3793 se
2242 3765 2461 3802 commissurum,

1369 3808 1416 3826 cur
1428 3798 1475 3826 sibi
1488 3805 1534 3827 aut
1544 3801 1658 3829 deorum
1671 3809 1716 3829 aut
1728 3801 1874 3830 hominum
1885 3802 2025 3838 quisquam
2036 3801 2182 3834 imperium
2195 3801 2285 3831 finiret
2296 3805 2397 3840 potius.
2410 3806 2462 3834 Sto..

1312 3835 1361 3864 CO
1374 3845 1411 3863 RA
1425 3858 1432 3869 7
1454 3846 1484 3864 a),
1509 3836 1527 3864 f.
1551 3837 1671 3873 [vetii-tir,
1692 3838 1826 3873 ὶπτμέλε-ωι,
1850 3841 1973 3874 mythice,
1993 3830 2118 3873 μελΞᾹΣν,
2136 3837 2284 3875 μὶλέὣιιυω]
2309 3840 2463 3871 Vehemens

1349 3875 1374 3902 ἃ
1389 3874 1470 3904 anxia
1487 3875 1573 3904 animi
1585 3875 1762 3911 sollicitudo·‚
1784 3877 1858 3906 dicta
1876 3881 1928 3912 (ut
1948 3877 1985 3905 ait
2006 3875 2119 3912 Festus)
2144 3877 2219 3913 quod
2240 3878 2294 3907 Cor
2317 3879 2398 3915 edat,
2420 3879 2464 3909 vel

2406 3925 2467 3952 quae

2088 139 2134 168 Sic
2145 140 2171 170 Sc
2179 149 2264 176 quum
2277 140 2378 170 dicitur
2388 137 2473 170 Absti-

2109 967 2184 999 Nam
2206 968 2302 999 inferis
2322 966 2480 1000 consecrata

1997 2906 2028 2941 R

2309 3125 2396 3156 Plaut.
2408 3126 2471 3157 Mil.
