2641 4187
640 119 1230 173 PRAEFATIO

155 226 204 257 Io.
227 225 295 256 Iac.
317 222 507 257 MEMMIUS.
531 220 665 252 ERRICI.
688 221 752 251 Fu..
773 221 874 252 IOAN.
895 221 964 253 IAC.
986 222 1115 253 NEPOS.

121 271 215 304 SUPP.
238 272 371 303 LIBELL.
392 271 440 301 IN.
461 269 542 299 REG.
565 266 653 296 MAG.
686 265 809 296 DISCIP.
831 267 1013 298 PRAECEPT.
1036 267 1167 299 CARISS.

297 317 386 347 Hoc.
408 312 565 345 MONUM.
599 310 656 339 DE.
677 310 759 340 SUO.
783 311 887 341 FIERI.
911 313 994 342 CUR.

107 363 220 396 OBIIT.
251 364 354 396 XVIII.
385 363 466 396 ΚΑΒ.
497 359 768 439 ΟῙξΤἏΒΒ.ΜΒΙΕ8.
797 362 825 394 S.
847 362 987 393 CRUCIS.
1013 361 1062 392 010
1083 360 1112 391 10
1133 360 1188 391 011.

195 473 341 513 IANO
380 470 548 511 PASSE
562 469 748 509 RATIO
798 467 1101 508 TRECENSI.

73 535 175 575 VIRO
205 545 321 576 INTER
360 542 562 574 ERUDITISS.
603 540 820 571 MODESTISS.
858 540 974 570 INTER
1012 536 1230 570 MODESTISS·

72 589 275 622 ERUDITISS.
299 587 513 622 ACADEMIIE,
533 585 573 616 IN
593 585 668 622 QIJA
686 584 770 615 SOLI
791 583 945 614 BARBARI
966 583 1013 613 ET
1033 581 1158 612 IGNAVI
1182 580 1234 610 PE·

71 637 362 672 REGRINANTUR,
379 633 582 666 ASSERTORI
603 632 813 664 PRJECIPUO:
836 632 947 668 QUEM
968 631 1075 660 LlCET
1107 627 1234 659 SONTI-

71 683 143 714 CUS
162 682 320 713 MORBUS
340 681 407 711 PER
428 679 563 710 PLURES
585 679 634 715 [a]
656 678 780 708 ANNOS
802 677 922 707 LECTO
945 674 1174 706 POSTRATUM
1190 673 1235 709 [b]

74 729 315 765 AFFLIXERIT,
349 727 486 759 TAMEN
514 726 584 757 VEL
618 725 698 756 HOC
732 725 836 756 IUVlT
864 724 1042 754 STANTEM
1063 723 1163 754 MORI
1184 719 1236 750 UT

75 776 348 808 TRIUMPHALEM
369 775 490 806 REGIIE
511 773 719 804 CATHEDRIE
739 772 948 803 SESSIONEM
969 770 1130 802 EGREGIO
1151 768 1238 798 ΡΙΕΑ-

74 820 128 855 NE
146 818 560 857 TERMINANS,MOXQUE
574 818 728 848 iNDIGEs
748 816 918 847 FUTURUS
938 815 1129 847 LITERATIS
1149 813 1238 845 PRAE-

78 869 237 902 SENTIUS
257 871 397 902 NUMEN
419 870 459 902 IN
480 867 683 900 POSTERUM
702 865 950 898 AFFULGERET.

500 912 603 944 ACAD.
625 911 768 942 MOER.
790 910 818 940 P.

78 1003 217 1052 Scripta
242 1006 315 1052 ejus
333 1001 489 1040 recenset
501 1000 546 1039 V.
567 999 622 1038 Cl.
642 1001 798 1044 Heningus
820 1000 916 1032 Witte
938 998 975 1034 in
991 996 1147 1036 Memor.
1156 994 1238 1033 Phi-

79 1051 219 1102 iosoph.
234 1065 269 1103 p.
286 1060 338 1095 18.
366 1054 523 1099 itemque
536 1051 574 1086 in
586 1048 714 1086 Diario
724 1046 964 1095 Biographico
972 1047 1016 1083 ad
1026 1047 1117 1083 Ann.
1133 1052 1235 1081 1602.

80 1101 187 1150 Opus
209 1110 327 1140 autem
349 1112 421 1148 quo
442 1099 474 1136 se
495 1108 716 1146 magnopere
741 1096 869 1133 extulit
878 1097 1108 1132 concinnavit
1124 1093 1168 1130 de
1178 1091 1238 1131 Li-

79 1158 236 1189 terarum
269 1150 532 1198 permutatione
554 1158 594 1183 ac
623 1148 862 1193 cognatione,
902 1143 1108 1192 impressum
1137 1141 1237 1180 Paris.

85 1207 192 1238 1606.
209 1207 242 1242 8.
268 1199 312 1237 V.
331 1197 478 1242 Colomefii
501 1195 669 1234 Biblioth.
685 1193 849 1236 Choisle,
879 1194 914 1230 &
934 1193 1114 1239 scaligerum
1133 1192 1178 1228 de
1195 1202 1239 1227 eo

81 1260 195 1297 opere
211 1249 260 1285 ibi
281 1246 483 1284 adductum.
529 1244 672 1283 Exstant
690 1245 783 1280 varia
803 1245 877 1289 ejus
890 1244 1070 1291 poematia
1088 1242 1181 1278 miro
1193 1239 1242 1276 le-

81 1309 175 1347 pore
190 1297 374 1338 confecta,
401 1297 438 1332 in
461 1302 565 1332 tomo
583 1294 689 1330 tertio
711 1292 928 1330 Delitiarum
939 1291 1154 1328 Gallicarum
1169 1300 1241 1337 p.1.

84 1346 201 1392 Quod
221 1357 307 1383 vero
326 1344 418 1382 nihil
439 1345 476 1380 in
503 1343 657 1391 palaestra
681 1343 869 1385 Calepiniarm
888 1341 920 1377 se
938 1341 1098 1378 exercuit
1119 1339 1245 1375 luben·

85 1395 211 1432 tissime
245 1394 460 1431 adsentimur
485 1394 569 1429 viris
600 1388 840 1428 oculatissimis
874 1388 948 1435 [c].
982 1389 1245 1427 Commentum

85 1444 159 1482 hoc
177 1444 245 1481 fuit
261 1441 548 1490 Bibliopolarum
569 1442 605 1478 δε
619 1442 814 1488 aucupium
832 1439 1067 1476 vasen-imum.

160 1493 262 1539 Quid
280 1491 427 1527 Conradus
438 1491 576 1535 Gesnerus
587 1489 781 1537 Tigurinus
800 1493 811 1520 ὁ
828 1488 1091 1531 πολυμαθὲςατῶ·
1107 1484 1152 1522 de
1169 1483 1247 1523 CA-

88 1553 228 1581 LEPIN
242 1554 265 1579 o
286 1541 434 1582 meruit,
459 1552 544 1576 nani
562 1539 606 1575 de
620 1539 789 1576 omnibus
810 1535 1012 1585 singulatim
1035 1535 1248 1572 scribereiii-

89 1592 228 1631 finitum
250 1591 363 1632 soret,
390 1589 523 1636 placuit
542 1586 644 1637 ipsius
662 1588 820 1624 hominis
841 1587 956 1622 verbis
977 1585 1100 1622 lestori
1115 1584 1246 1620 sistere:

91 1645 116 1660 ‘⁸
140 1639 316 1679 Ambrosii
338 1639 503 1686 Calepini
522 1636 787 1675 Dittionarium
808 1634 910 1684 quod
933 1634 1005 1672 hoc
1023 1645 1118 1670 anno
1144 1644 1248 1678 1544.

91 1693 116 1709 “
137 1690 255 1727 mense
279 1689 481 1736 Septembri
500 1686 705 1736 impressum
737 1686 785 1722 est
801 1684 938 1722 Basileae
957 1682 1051 1731 apud
1067 1681 1251 1720 Leonhar-

93 1743 118 1758 “
143 1747 221 1777 tum
235 1737 496 1786 Hospinianum
513 1736 709 1772 innumeris
723 1734 813 1771 locis
830 1734 1071 1780 castigavimus
1083 1732 1119 1767 &
1130 1743 1174 1767 ex
1186 1741 1253 1777 po-

92 1792 118 1806 “
143 1789 267 1826 strema
284 1787 443 1824 editione
460 1785 622 1823 Venetiis
640 1784 765 1821 excusa
778 1782 824 1820 ad
845 1781 980 1830 insigne
993 1781 1124 1818 Sirenis
1139 1807 1148 1821 ‚
1176 1790 1253 1828 quae

94 1839 121 1856 ‘⁶
145 1840 247 1886 supra
262 1843 415 1885 quatuor
445 1834 545 1872 mille
571 1833 835 1871 vocabulorum
862 1843 908 1868 ex
928 1828 1176 1879 probatissimis
1195 1840 1254 1865 au-

95 1889 119 1905 “
145 1886 307 1923 thoribus
335 1883 503 1922 accessisse
523 1882 715 1931 gloriatur,
744 1882 867 1919 omnia
888 1883 925 1917 in
952 1880 1112 1916 nostrum
1134 1889 1256 1914 exem-

94 1939 122 1954 “
146 1935 223 1984 plat
240 1934 495 1975 transtulimus,
534 1933 570 1968 ὃς
591 1931 783 1980 prosodiae,
812 1930 850 1967 id
872 1930 943 1971 est,
972 1928 1174 1977 quantitatis
1192 1925 1256 1975 syl-

96 1988 123 2004 “
146 1986 305 2022 labarum
323 1991 426 2020 notas
442 1993 542 2019 novo
559 1980 682 2018 labore
698 1980 842 2029 singulis
866 1979 1080 2015 dictionibus
1106 1988 1184 2024 quae
1198 1987 1256 2012 or-

98 2037 122 2052 “
147 2034 231 2070 dine
242 2033 422 2081 alphabeti
437 2031 679 2085 explicantur,
703 2027 947 2077 inscripsimus.
997 2025 1174 2064 Caeterum
1190 2036 1258 2061 no-

98 2086 123 2103 “
147 2085 245 2121 mina
261 2083 407 2130 propria
419 2108 430 2122 ,
459 2092 504 2117 ex
517 2081 644 2129 quibus
662 2080 818 2116 maxima
838 2089 916 2126 pars
929 2076 1078 2113 Venetae
1095 2072 1258 2111 accessio-

99 2136 125 2151 “
150 2134 204 2169 nis
229 2131 429 2172 constabat,
457 2128 598 2166 seorsim
622 2141 641 2165 a
665 2127 798 2166 Latinis
823 2125 1004 2164 vocabulis
1023 2127 1061 2161 in
1081 2123 1259 2172 peculiare

99 2185 124 2200 “
148 2181 379 2230 alphabetum
397 2181 528 2227 partim
553 2180 704 2226 proprio
734 2178 876 2218 labore,
904 2176 1034 2223 partini
1058 2173 1259 2221 juvantibus
1316 2175 1340 2190 “

100 2234 125 2250 “
147 2232 268 2268 amicis
299 2229 430 2277 digesta
458 2228 561 2269 sunt,
588 2227 716 2264 additis
743 2227 911 2263 omnibus
938 2223 1006 2260 illis
1038 2223 1172 2272 quaein
1193 2232 1260 2267 po-

101 2284 127 2299 “
151 2280 284 2318 stremis
310 2278 524 2315 diCtionariis
544 2278 694 2325 poeticis
713 2276 1008 2318 continebantur3
1034 2284 1118 2308 nam
1138 2272 1174 2309 &
1189 2269 1262 2307 Ve-

71 2368 73 2373 1
103 2333 129 2348 “
154 2331 229 2366 neti
242 2328 413 2376 >pleraque
429 2326 486 2364 sua
507 2337 552 2362 ex
576 2325 707 2362 eisdem
723 2324 982 2371 decerpserunt.
1030 2320 1068 2358 Si
1088 2320 1263 2357 cuilubet

103 2381 127 2398 “
152 2378 326 2427 prolixius
344 2376 562 2424 cognoscere
586 2381 759 2424 quantum
778 2374 894 2410 nostra
909 2372 1019 2408 editio
1031 2377 1171 2407 caeteras
1184 2380 1263 2405 om-

104 2429 128 2447 “
152 2439 279 2465 omnes
304 2425 513 2466 antecellat,
550 2425 580 2460 is
607 2424 852 2473 praefationem
874 2421 1031 2458 nostram
1050 2419 1262 2456 dissionario

104 2481 129 2495 ‘⁶
147 2475 330 2528 praefixam
349 2475 444 2524 legat
468 2473 542 2521 [ιη.
557 2476 576 2490 ''

104 2600 133 2632 N
157 2608 174 2630 z
256 2607 299 2628 Μ
393 2571 461 2618 His
479 2568 634 2609 succedit
652 2567 843 2606 Minus
865 2566 1107 2605 N1zomus
1129 2563 1266 2603 Brixel-

140 2611 150 2630 ι
182 2608 247 2630 ⁰²¹
301 2620 322 2665 “,
346 2621 468 2664 sensis,
485 2620 743 2660 Ciceronianos
757 2630 885 2655 omnes
899 2617 1021 2652 labore
1038 2615 1177 2651 summo
1193 2626 1267 2650 nia-

107 2678 274 2725 ximaque
305 2672 470 2710 industria
492 2670 556 2707 sibi
585 2669 801 2705 devinciens.
867 2665 988 2704 Edidit
1004 2664 1064 2700 ille
1086 2665 1266 2708 Thefizurum

110 2728 356 2764 Ciceronianam,
388 2721 458 2757 five
494 2718 811 2758 “Observationes
836 2717 873 2752 in
899 2714 1116 2752 Ciceronem
1136 2711 1266 2749 ordine

109 2778 137 2796 “
160 2774 341 2811 literarum
357 2770 524 2819 digestas,
551 2767 678 2817 quibus
700 2767 819 2802 omnis
845 2776 927 2801 vere
946 2761 1071 2800 Latine
1091 2759 1266 2810 loquendi

109 2827 133 2846 ‘⁶
156 2825 244 2860 ratio
263 2822 298 2859 ἃ
316 2827 407 2870 quot
421 2817 615 2867 quibusque
634 2815 752 2852 modis
776 2825 995 2862 unaquaeque
1014 2823 1088 2848 vox
1101 2811 1267 2858 distingui

111 2876 138 2894 “
163 2872 355 2919 variarique
373 2866 478 2917 possit
528 2879 564 2903 er
585 2864 760 2912 Exempla
783 2863 969 2901 Ciceronis
987 2861 1091 2908 plane
1118 2860 1268 2896 demon-

111 2924 137 2943 “
161 2921 308 2958 stratur'’
333 2916 482 2957 Excusas
498 2879 595 2953 gam,
612 2924 715 2958 1530.
745 2914 781 2949 &
800 2912 929 2949 deinde
939 2911 1031 2948 Veri.
1052 2921 1154 2955 1535.
1168 2908 1229 2945 fol.
1250 2910 1268 2948 †

113 2969 226 3009 rursus
247 2980 352 3016 1541.
377 2967 516 3015 adjeiiis
529 2965 599 3002 illis
621 2962 804 3001 vocabulis
821 2973 900 3010 quae
911 2960 1023 3004 Basilius
1034 2959 1179 2993 Zanchius
1196 2957 1213 3001 (
1223 2957 1268 2994 de

150 3106 167 3141 [
177 3103 215 3140 a]
227 3102 283 3133 'Per
294 3102 435 3140 integrum
449 3099 557 3130 scilicet
572 3097 805 3137 quinquennium.
1091 3129 1097 3136 ,

151 3141 214 3179 [b]
233 3140 318 3171 Dolet
330 3140 360 3169 in
372 3145 449 3169 tanta
461 3139 604 3168 literarum
623 3136 781 3174 elegantia,
800 3142 862 3173 quae
880 3132 967 3171 ipsam
986 3130 1186 3168 Antiquitatem
1197 3136 1272 3168 pene

115 3179 260 3215 redoleat,
292 3184 351 3207 tam
374 3177 488 3206 barbare
510 3185 584 3214 pene
600 3175 666 3204 dici.
720 3173 793 3203 Nam
812 3172 930 3209 afflixerit
942 3169 996 3207 legi
1016 3169 1118 3203 video,
1139 3177 1198 3196 non
1212 3188 1221 3203 ‚
1241 3173 1273 3197 ut

115 3217 243 3258 oportuit
256 3236 264 3247 .
283 3216 413 3252 affixerit,
432 3214 466 3243 ab
482 3214 616 3244 omnibus
637 3213 684 3250 qui
697 3211 752 3241 hoc
768 3209 924 3249 Epicedion
937 3207 1106 3237 describunt.
1145 3205 1217 3235 Vide
1232 3207 1273 3231 τὸν

116 3255 290 3294 ηζιτιιιότειτον
300 3253 335 3282 ad
345 3252 414 3282 Hor.
430 3262 454 3281 1.
466 3252 553 3282 serm.
565 3261 587 3281 1.
601 3257 646 3285 81.

153 3293 211 3331 [c]
244 3293 266 3307 “
284 3293 354 3319 Mais
375 3301 400 3318 ce
420 3292 464 3327 qui
482 3299 499 3317 a
513 3290 622 3322 touivurs
638 3288 690 3324 fait
702 3286 787 3323 jusqu'
809 3287 845 3317 icy
861 3285 884 3312 Ie
919 3285 970 3316 uiet
994 3283 1024 3309 de
1045 3281 1219 3308 I'itonnement
1234 3280 1276 3307 des

117 3332 140 3350 “
159 3336 272 3365 scavam
284 3351 294 3365 ‚
313 3327 367 3364 c’est
381 3329 410 3355 de
425 3329 485 3354 vair
499 3337 546 3364 que
567 3324 674 3363 Pafferat
687 3326 732 3361 qui
747 3320 872 3351 catenavit
899 3333 908 3349 ι
924 3320 1105 3357 parfaitement
1125 3319 1146 3346 le
1161 3319 1234 3354 genie
1245 3319 1274 3344 de

118 3370 140 3386 ‘⁵
158 3370 182 3397 Ia
193 3369 282 3405 langue
293 3369 400 3402 Latine,
421 3364 454 3398 (θ’
469 3372 548 3392 toutes
562 3365 595 3392 les
600 3361 695 3399 fineffes
710 3362 739 3389 de
753 3362 779 3388 la
784 3362 840 3398 plus
848 3367 910 3396 pure
930 3358 1059 3386 Latinae,
1079 3356 1143 3382 n'm't
1154 3362 1200 3391 pas
1212 3364 1241 3381 eu
1252 3355 1275 3381 le

116 3411 137 3426 ‘¹
156 3416 258 3442 ‘outrage
271 3406 301 3432 de
309 3411 399 3440 purger
407 3403 428 3430 le
435 3403 538 3438 Calepin
549 3403 578 3429 de
592 3409 647 3428 tous
661 3400 683 3427 le
697 3399 824 3426 mechants
838 3405 901 3424 mats
915 3398 959 3433 qui
962 3406 985 3432 y
991 3396 1050 3432 sont
1057 3395 1188 3420 demeare-z.
1197 3391 1275 3419 me'me

155 3470 175 3507 †
192 3469 260 3499 Non
269 3468 307 3498 est
318 3467 443 3497 Venetiis
458 3466 585 3505 impressa
600 3466 660 3495 haec
669 3466 759 3495 editio
769 3486 777 3500 ‚
790 3474 874 3501 quam
887 3462 1005 3492 Primam
1015 3460 1142 3490 omnium
1150 3458 1276 3492 arbitror,

120 3509 149 3538 δι
158 3505 407 3537 emendatiffimam
416 3505 594 3543 comperi,ita
602 3512 634 3533 ut
640 3504 700 3539 ejus
713 3502 850 3532 beneficio
864 3497 1073 3536 aliquammulta
1082 3497 1163 3533 hujus
1179 3496 1276 3525 Lexici

120 3545 183 3576 loca
192 3545 378 3578 restituerim3
400 3552 507 3577 verum,
529 3549 560 3572 ut
574 3542 603 3571 in
613 3541 695 3571 titulo
706 3540 882 3578 expressum:
906 3538 944 3567 Ex
959 3537 1038 3566 Prato
1049 3534 1173 3569 Albuini,
1193 3533 1235 3562 vel
1245 3539 1277 3563 ut

121 3584 160 3613 ad
169 3582 276 3612 calcem
296 3581 397 3619 legitur
408 3602 416 3616 ,
439 3581 479 3609 Ad
491 3580 599 3610 Pratum
617 3579 679 3608 Alb.
700 3580 731 3607 in
751 3577 868 3607 aedibus.
887 3575 929 3606 111.
944 3575 1001 3603 Viri
1016 3572 1059 3609 Jo.
1080 3572 1175 3602 Franc.
1195 3570 1277 3601 Gam-

123 3621 189 3650 bara
207 3619 327 3650 Comitis
351 3617 505 3654 Pontificii,
525 3618 571 3647 cui
583 3618 610 3647 ἃ
620 3626 690 3654 opus
701 3615 808 3654 ipsum,
833 3615 861 3643 in
872 3613 940 3642 duas
951 3618 1044 3650 partes
1059 3609 1177 3639 divisum
1187 3631 1196 3644 ,
1211 3619 1279 3646 prae-

124 3658 244 3689 cursoria
255 3656 370 3695 epistola
382 3656 506 3692 dicavit,
525 3665 562 3685 ex
576 3664 629 3691 qua
639 3654 784 3692 perspicue
793 3652 934 3689 colligitur
943 3671 953 3685 ,
965 3655 1032 3679 tunc
1043 3648 1164 3685 primum
1173 3645 1278 3676 exiisse.

123 3697 173 3726 Sic
181 3696 256 3725 enim
269 3696 299 3724 in
310 3694 426 3724 limine:
439 3695 459 3708 “
470 3693 661 3730 Quamobrem
670 3701 735 3721 cum
746 3690 919 3720 absolvissem
932 3688 980 3717 has
990 3686 1194 3728 observationes
1205 3693 1281 3714 meas

127 3734 149 3750 “
162 3734 192 3763 in
205 3733 246 3763 M.
254 3732 383 3763 Tullium
393 3731 606 3766 Ciceronem,ac
616 3730 652 3759 de
663 3730 715 3765 eis,
733 3735 832 3758 utmos
841 3727 880 3756 est
889 3748 898 3761 ,
914 3724 1040 3755 dicendis
1055 3731 1166 3752 mecum
1176 3723 1282 3759 cogita·

127 3771 150 3788 “
165 3775 274 3804 rem‚tu
283 3770 353 3799 mihi
368 3770 474 3807 primus
483 3770 609 3798 omnium
621 3768 712 3797 statim
720 3765 871 3800 occurristi,
883 3764 930 3801 qui
939 3763 994 3792 hoc
1009 3761 1142 3793 muneris.
1160 3760 1240 3794 quale
1250 3758 1281 3788 id

127 3811 148 3826 “
161 3817 272 3845 cunque
281 3806 412 3842 effeutibi
423 3807 495 3844 quasi
505 3814 554 3835 tuo
561 3807 620 3842 jure
629 3804 820 3835 vendicares.”
831 3803 908 3839 Quin
920 3803 946 3831 ἃ
957 3799 1135 3836 sequentibus
1145 3798 1237 3827 verbis
1246 3797 1277 3826 id

126 3847 217 3886 ipsum
225 3845 334 3890 planius
345 3844 538 3881 declarat‚quae
550 3845 604 3872 buc
611 3843 764 3872 describere
772 3850 829 3870 non
837 3840 935 3870 lubuit.
941 3838 1003 3867 Fuit
1013 3844 1104 3866 autem
1119 3835 1279 3878 Pratallguino

125 3885 231 3922 vulgari
241 3883 375 3912 idiomate
385 3883 503 3917 dielum,
514 3881 560 3911 seu
579 3891 617 3919 op
639 3881 717 3910 idum
729 3901 738 3915 ‚
758 3879 804 3908 seu
814 3878 886 3907 forte
897 3875 1044 3906 Castellum
1054 3874 1083 3902 in
1096 3883 1161 3911 agro
1177 3872 1280 3902 Brixia·

127 3932 177 3959 no,
187 3921 304 3952 ditionis
316 3920 438 3956 Venetae,
455 3918 574 3950 Familia:
584 3928 622 3948 no
645 3917 760 3948 ilissimae
779 3917 815 3946 de
826 3914 963 3946 Gambara
978 3913 1118 3943 Conunva
1133 3911 1224 3941 sedes.

1299 121 1421 174 Edit.
1453 122 1648 175 [ondin.
1674 139 1698 177 1
1711 137 1746 190 7
1757 137 1787 190 3
1801 138 1841 191 5·
2362 143 2381 180 ῐ
2396 144 2416 180 1

1279 237 1352 272 quo
1364 226 1500 271 modo)
1527 227 1605 273 post
1625 227 1660 263 N
1673 238 1684 262 1
1696 238 1717 261 z
1729 238 1750 261 o
1762 238 1782 262 L
1794 237 1804 261 1
1816 237 1837 260 u
1849 237 1877 261 m
1902 239 1946 263 ex
1964 229 2095 261 Cicerone
2109 227 2311 275 collegerat.
2359 230 2428 265 Au-

1278 282 1408 309 xerunt
1425 275 1567 320 plurimi
1595 283 1698 323 atque
1721 273 1832 310 edidit
1849 273 1993 311 demum
2023 279 2190 321 Her-angius
2220 284 2320 322 1548.
2347 289 2429 314 cum

1283 332 1409 368 magna
1429 322 1619 360 accessione
1635 323 1825 360 verborum
1847 333 1910 369 per
1928 324 2052 356 Caeliam
2075 324 2239 358 Secundum
2264 328 2430 361 Curionem.

1282 371 1480 422 iterumque¹
1498 370 1521 406 F
1526 383 1616 408 rane.
1635 379 1702 417 156
1707 379 1737 413 8.
1752 371 1812 407 sol.
1834 372 1870 415 ἡ
1887 371 2044 406 Marcellus
2065 371 2194 408 deinde
2212 373 2431 419 Squarcialupue

1283 417 1510 475 1ἰΙιιηιὸὶηεψς,
1546 420 1665 461 ,lacobus
1695 420 1833 453 Cellarius
1860 417 1918 466 [e]
1955 421 2156 464 Augustanus,
2182 419 2220 460 (5
2236 421 2324 455 Alex.
2344 424 2429 462 Stat,

1284 469 1377 497 scotus
1406 464 1438 508 [j
1455 466 1477 510 ]-
1526 465 1728 504 Aucsissimae
1744 467 1873 504 deinde
1887 467 2070 505 Editiones
2089 470 2124 505 ἃ
2138 469 2431 510 emendatiffimae,

1283 509 1399 560 Lugd.
1416 513 1507 558 apud
1529 514 1580 547 Th.
1604 516 1740 549 Soubron.
1764 522 1866 557 1608.
1886 515 1947 552 sol.
1964 517 1998 551 ἃ
2017 515 2096 553 Col.
2114 517 2300 564 Allobrog.
2328 525 2430 554 1612.

1285 569 1360 616 4t03
1387 560 1569 597 Postremo
1592 563 1691 599 labor
1711 565 1769 600 iste
1795 566 1837 600 ab
1863 576 1931 601 una
1960 566 2099 598 Ciceronis
2120 564 2235 601 radice
2259 557 2433 612 protectus

1287 621 1325 644 in
1346 609 1467 656 justam
1491 610 1633 646 tandem
1657 612 1790 648 molem
1812 614 1846 648 ὃς
1869 614 2055 649 utilitatem
2071 611 2192 649 Lexici
2209 617 2435 650 excrevitcu-

1289 669 1326 693 ra
1343 661 1392 691 M.
1406 657 1546 691 Ludovzci
1564 661 1647 692 Lucii
1666 658 1849 696 Basilienlis
1863 661 2060 699 Academiae
2074 660 2275 698 I'rosessoris
2287 687 2295 702 ,
2323 665 2380 710 qui
2395 664 2433 700 A.

1294 711 1357 742 161
1369 717 1397 750 3.
1420 706 1558 759 duobus
1571 706 1810 742 voluminibus
1821 710 1880 745 sol.
1899 710 2008 746 edidit
2020 709 2151 746 ibidem
2178 713 2197 729 ‘⁸
2212 708 2438 747 Latinae1„in-

1289 757 1313 774 “
1337 766 1414 801 guae
1423 753 1640 809 Tlielaurum
1653 756 1855 801 bipartitum
1867 783 1876 798 ,
1904 760 2057 803 priorem
2073 757 2219 806 quidem
2231 771 2274 794 ex
2291 772 2362 795 uno
2377 760 2438 796 Ci-

1292 806 1318 822 “
1340 814 1472 839 cetone
1491 814 1560 849 μη]
1581 803 1669 838 olim
1689 815 1709 838 a
1734 803 1851 839 Mario
1870 805 2016 842 Nizolio
2036 807 2240 848 (zolledum,
2268 809 2439 854 posterio-

1291 854 1316 871 “
1342 863 1417 887 reni
1442 858 1558 887 autem
1575 863 1620 887 ex
1641 851 1715 887 aliis
1739 863 1883 899 quoque
1906 851 2019 890 Latini
2037 856 2217 892 Sermonis
2235 856 2439 892 authoribus

1290 903 1315 920 ‘⁸
1340 908 1628 947 comportatum3
1657 899 1979 946 probatissimorum
1999 910 2074 938 tum
2096 904 2306 945 Oratorum‚
2323 904 2442 941 Histo-

1291 951 1317 968 “
1342 950 1521 991 ricorum,
1546 947 1744 996 JCtorum‚
1775 947 2022 990 Medicorum,
2049 958 2122 986 tum
2139 955 2241 988 etiam
2253 951 2441 990 Poetarum

1291 998 1317 1017 “
1340 998 1446 1034 verba
1474 998 1510 1033 ὃς
1543 997 1716 1046 loquendi
1748 997 1879 1033 modos
1908 996 2138 1045 copiosissime
2162 1001 2411 1048 explicantem.
2425 1005 2444 1019 ’'

1291 1048 1405 1088 Lucius,
1418 1046 1517 1094 quod
1539 1058 1615 1082 non
1632 1046 1787 1093 praestitit
1797 1047 1944 1086 N1zolius,
1963 1058 1982 1082 e
1995 1058 2126 1093 magno
2148 1047 2292 1096 Lingua:
2313 1049 2445 1087 Latinae

1291 1093 1473 1131 Thesauro
1488 1119 1500 1136 ,
1527 1095 1662 1138 Stephani
1681 1101 1786 1142 puta,
1810 1096 1866 1138 †††
1882 1093 1944 1130 fibi
1963 1097 2126 1142 arripuit,
2148 1098 2189 1132 ab
2201 1100 2273 1143 ipio
2286 1102 2388 1133 Pramo
2401 1099 2446 1135 ad

1294 1144 1498 1177 Claudianum
1513 1143 1619 1191 usque
1638 1144 1743 1179 verba
1757 1144 2019 1191 verborumque
2040 1144 2116 1180 usus
2129 1146 2311 1182 conserens
2322 1172 2332 1188 ‚
2358 1148 2446 1183 rese-

1293 1192 1379 1246 &isj
1407 1203 1482 1240 quae
1504 1200 1575 1228 erat
1589 1193 1682 1228 istius
1700 1192 1811 1228 saeculi
1830 1193 2072 1232 continentia,
2096 1194 2210 1236 propriis
2231 1198 2447 1238 nominibus,

1295 1242 1426 1288 alisque
1440 1240 1620 1288 plurimis,
1649 1253 1803 1289 quorum
1814 1240 2001 1289 peculiaria
2011 1240 2239 1278 Onomastica
2258 1243 2374 1289 pallini
2388 1257 2450 1281 ex.

1298 1292 1424 1331 utere,
1445 1290 1491 1326 de
1510 1292 1550 1326 iis
1570 1291 1690 1332 rebus,
1716 1292 1766 1326 uti
1777 1297 1940 1337 parerat,
1967 1289 2189 1326 consulenda.
2239 1291 2288 1328 Ad
2310 1290 2451 1329 Nixo-

1300 1351 1416 1377 Lium
1435 1346 1553 1376 autem
1570 1346 1609 1376 ut
1633 1338 1824 1387 aliquando
1843 1344 2077 1380 revertamur,
2106 1350 2146 1374 ea
2164 1348 2237 1375 erat
2255 1340 2310 1375 vel
2330 1342 2452 1378 mode-

1301 1390 1362 1426 stia
1381 1389 1437 1424 vel
1455 1388 1678 1430 infelicitate,
1707 1395 1746 1424 ut
1772 1387 1862 1424 nihil
1881 1387 1952 1424 sere
1971 1386 2015 1423 de
2034 1388 2106 1432 ejus
2123 1387 2214 1424 fama
2229 1387 2285 1424 vel
2304 1388 2452 1426 fortunis

1301 1438 1496 1486 posteritati
1514 1437 1784 1474 describendum
1801 1436 1991 1485 reliquerit.
2018 1435 2111 1473 Nam
2128 1448 2204 1484 quae
2217 1437 2360 1480 johannes
2374 1441 2456 1472 Nor-

1302 1499 1417 1532 vvegus
1438 1486 1547 1533 Haffits
1559 1486 1797 1534 Promptuarii
1818 1484 2051 1522 Grammatici
2064 1510 2074 1527 ‚
2099 1483 2456 1534 Nomenclatorisque

1302 1535 1496 1573 Annorum
1523 1536 1560 1572 in
1590 1534 1840 1584 Promptuario
1868 1535 2058 1570 citatorum
2080 1533 2241 1580 Scriptor
2264 1534 2307 1570 de
2327 1546 2369 1571 eo
2395 1543 2458 1571 tra-

1304 1584 1412 1626 didit,
1441 1584 1518 1621 sunt
1536 1585 1689 1626 αὖτολεξεὶ
1705 1609 1716 1626 ,
1743 1590 1782 1620 ut
1791 1582 1899 1624 solet,
1914 1594 1959 1618 ex
1973 1581 2130 1619 Gesnero
2148 1582 2328 1630 descripta.
2357 1584 2459 1620 Sum-

1305 1645 1449 1670 morum
1463 1635 1623 1670 virorum
1640 1634 1802 1669 amicitiis
1823 1632 1859 1668 &
1878 1631 2110 1667 familiaritate
2126 1632 2304 1668 utebatur⁷
2333 1633 2459 1680 quibus

1305 1682 1466 1731 profecto
1486 1683 1684 1719 maximum
1697 1681 1758 1718 fibi
1778 1693 1869 1729 opus
1880 1679 1945 1717 esse
1963 1680 2083 1721 duxit,
2111 1681 2155 1716 ad
2170 1681 2395 1717 domesticam
2411 1689 2462 1717 te-

1307 1733 1479 1768 nuitatem
1491 1731 1749 1772 sublevandam,
1764 1742 1832 1779 qua
1845 1729 1984 1765 videtur
1995 1729 2191 1766 admodum
2207 1728 2384 1766 laborasse.
2411 1730 2462 1768 Ita

1308 1782 1380 1818 sere
1393 1780 1452 1817 ille
1462 1782 1498 1816 in
1508 1779 1723 1828 Epistol.qua
1739 1779 1868 1815 librum
1880 1778 1978 1815 suum
1988 1781 2074 1823 Joau.
2086 1778 2273 1812 EGambarae
2284 1777 2460 1826 inscripsit.

1309 1833 1335 1849 “
1359 1829 1453 1867 Nam
1466 1841 1668 1878 quanquam
1679 1827 1819 1876 possum
1845 1827 1977 1863 multos
1999 1838 2284 1863 commemorare
2299 1851 2308 1868 ‚
2338 1828 2464 1875 quibus

1309 1881 1335 1897 ‘⁶
1358 1879 1555 1926 plurimum
1564 1878 1691 1919 debeo,
1712 1877 1850 1913 &iniis
1866 1878 2042 1923 praecipue
2054 1875 2315 1912 clarissimum&
2331 1875 2467 1923 amplis-

1310 1930 1334 1948 “
1359 1927 1484 1964 fimum
1501 1929 1615 1963 virum
1628 1927 1851 1974 eundemque
1860 1924 1953 1973 Juris
1967 1922 2092 1962 Civilis
2102 1924 2211 1972 longe
2222 1923 2465 1972 peritissimum

1310 1978 1338 1997 “
1364 1975 1791 2014 MattheumAdvocatum
1804 1976 1839 2010 ὅτ.
1855 1977 1926 2020 ejus
1938 1973 2049 2010 filium
2062 1973 2253 2010 Camillum
2267 1973 2467 2010 adolescen-

1312 2028 1338 2046 “
1359 2034 1433 2062 tem
1445 2026 1717 2072 omnicorporis
1727 2025 1905 2071 animique
1915 2025 2042 2058 virtute
2054 2021 2319 2062 ornatissimum,
2336 2026 2397 2070 qui
2409 2034 2468 2057 me

1315 2077 1339 2092 ‘⁶
1363 2082 1465 2111 antea
1481 2073 1543 2112 sibi
1560 2074 1678 2111 multis
1696 2075 1731 2110 ὃς
1752 2074 1888 2120 magnis
1906 2072 1953 2108 de
1970 2070 2077 2108 causis
2098 2073 2252 2107 maxime
2270 2071 2468 2119 obligatum

1314 2125 1338 2144 “
1362 2136 1459 2161 nunc
1483 2126 1588 2160 etiam
1609 2123 1814 2171 obligarunt
1836 2122 1947 2169 magis
1960 2145 1971 2162 ,
1996 2132 2078 2157 cuni
2098 2121 2135 2156 in
2158 2119 2355 2156 editionem
2367 2121 2468 2166 hujus

1366 2174 1483 2220 operis
1506 2185 1617 2206 omnem
1632 2175 1782 2216 pecuniam
1797 2171 1866 2204 mihi
1883 2170 2074 2211 l1beral1JJime
2082 2169 2307 2212 suppeditarunt
2324 2197 2328 2205 ,.
2349 2176 2470 2205 tamen

1317 2224 1340 2239 “
1366 2221 1402 2259 δε
1421 2220 1483 2270 ipsi
1503 2233 1570 2270 qua
1586 2220 1662 2258 sunt
1676 2219 1846 2256 modestia
1864 2218 1899 2256 δε
1926 2220 2041 2255 caeteri
2062 2229 2188 2253 omnes
2215 2217 2314 2253 facile
2337 2220 2471 2263 patien-

1317 2274 1341 2291 “
1367 2279 1440 2312 tur,
1471 2277 1509 2307 ut
1534 2283 1592 2307 me
1612 2270 1675 2306 tibi
1691 2269 1769 2317 plus
1789 2280 1896 2317 quam
1914 2266 1975 2304 fibi
2001 2266 2201 2303 devinfitum
2214 2265 2279 2302 effe
2291 2267 2469 2303 confitear.

1316 2322 1341 2340 “
1366 2319 1423 2360 Tu.
1435 2322 1530 2356 enim
1544 2321 1702 2367 primum
1717 2318 1829 2362 hospitio
1852 2329 1898 2351 me
1912 2317 2035 2360 accepisti
2045 2341 2054 2357 ,
2081 2328 2138 2363 quo
2149 2316 2215 2358 jam
2233 2319 2355 2349 tertium
2373 2316 2409 2355 (ᾗ
2421 2315 2472 2348 de-

1319 2372 1344 2389 “
1368 2374 1478 2404 timum
1498 2381 1610 2403 annum
1628 2363 1863 2404 honestiffime
1882 2373 1982 2406 utor,
2007 2374 2043 2397 m
2059 2367 2233 2398 termitatem
2255 2376 2348 2397 meam
2367 2362 2474 2398 libera-

1317 2421 1342 2439 “
1370 2419 1454 2453 litate
1470 2427 1523 2452 tua
1544 2416 1679 2464 semper
1695 2415 1880 2452 sustentasti
1888 2439 1899 2457 ,
1924 2421 1962 2450 tu
1981 2413 2097 2450 literas
2122 2413 2157 2449 &
2177 2412 2285 2449 studia
2296 2424 2372 2448 mea
2383 2425 2475 2449 nun-

1319 2470 1345 2487 “
1371 2478 1478 2516 quani
1500 2467 1621 2503 fovere
1649 2466 1683 2502 &
1708 2467 1862 2501 excitare
1886 2463 2065 2502 destitisti,
2089 2468 2129 2498 tu
2149 2473 2206 2497 me
2225 2462 2393 2498 omnibus
2420 2474 2474 2498 re-

1320 2519 1345 2533 “
1372 2518 1436 2554 bus
1451 2514 1577 2552 assidue
1596 2521 1705 2562 prout
1720 2513 1897 2549 facultates
1912 2519 1976 2548 tuae
1991 2510 2162 2552 tulerunt,
2186 2511 2220 2546 &
2233 2510 2353 2546 auxisti
2371 2512 2475 2547 &or-

1321 2568 1346 2585 “
1373 2565 1468 2602 nasti.
1519 2562 1766 2610 Qiidmulta?
1794 2560 1856 2598 nisi
1867 2559 2130 2607 tuiuiffes‚eg0
2146 2557 2249 2606 plane
2260 2559 2349 2595 nihil
2360 2558 2472 2596 essem.

1322 2617 1346 2635 “
1368 2615 1490 2661 Qiare
1505 2625 1581 2650 non
1592 2613 1707 2649 solum
1727 2623 1805 2648 mea
1820 2612 1959 2650 omnia,
1982 2608 2040 2645 sed
2058 2620 2115 2645 me
2138 2608 2250 2655 ipsum
2262 2608 2399 2655 prorsus
2412 2610 2474 2644 tibi

1320 2665 1346 2682 “
1372 2676 1429 2700 me
1459 2661 1587 2699 debere
1611 2662 1731 2698 fateor.
1745 2661 1761 2677 '²
1822 2658 1926 2697 Vixit
1948 2657 2183 2695 Nizomus
2216 2656 2473 2694 ‘STEPHANO

1322 2713 1444 2750 nostro
1464 2711 1628 2760 aequaliS,
1653 2712 1752 2755 cujus
1775 2720 1919 2757 quoque
1934 2707 2101 2745 Thesauri
2122 2705 2315 2742 editionem
2332 2717 2475 2753 compa-

1322 2764 1412 2798 ravit
1430 2761 1522 2798 Ven.
1551 2772 1654 2804 1551.
1681 2759 1841 2806 pluribus
1861 2757 1949 2793 infra
1973 2754 2245 2792 describendam.
2294 2754 2372 2800 Ejus
2397 2759 2475 2788 eice-

1322 2814 1528 2846 ron-ianitatem
1545 2808 1629 2846 salso
1663 2809 1699 2844 δε
1726 2806 1931 2856 pererudito
1961 2804 2107 2851 dialogo
2128 2804 2327 2851 perstringit
2350 2806 2393 2837 Η.
2410 2805 2475 2837 Ste-

1319 2860 1432 2904 phanus
1450 2857 1496 2894 fil.
1516 2857 1779 2900 Nizoliodidastalo
1797 2856 1838 2893 sc.
1861 2861 1964 2901 1578.
1988 2860 2067 2895 8vo.
2096 2851 2189 2889 Cum
2215 2855 2266 2886 M.
2287 2855 2357 2885 Am.
2377 2852 2476 2893 Majo-

1322 2911 1403 2955 ragio
1418 2906 1606 2944 simultates
1622 2917 1768 2955 quoque
1790 2905 1956 2942 literarias
1969 2902 2127 2939 exercuit
2137 2929 2146 2943 ‚
2173 2912 2254 2937 cum
2261 2904 2373 2946 Joanne
2385 2911 2477 2947 quo.

1891 2964 1912 2989 c
1938 2964 1961 2991 2
2405 2961 2474 2998 que

1324 3091 1347 3106 “
1367 3096 1434 3126 apres
1443 3089 1490 3127 sim
1504 3089 1608 3118 Editian
1619 3107 1627 3119 ‚
1651 3088 1685 3122 &-
1701 3085 1765 3126 qu‘r'l
1770 3088 1797 3126 [ὲ
1806 3088 1855 3125 fiii!
1865 3086 1977 3115 content?
1988 3085 2027 3124 dy
2033 3084 2099 3122 faire
2107 3090 2195 3112 mettre
2196 3082 2235 3119 ses
2245 3080 2378 3110 Addirions
2388 3090 2478 3110 comme

1326 3130 1347 3144 “
1367 3129 1400 3156 les
1412 3136 1506 3156 autres.
1516 3127 1533 3140 ''
1570 3126 1670 3156 Baillet
1687 3128 1791 3165 jugem.
1803 3127 1843 3153 des
1855 3130 1975 3162 sfavans.

1362 3168 1380 3202 [
1388 3166 1427 3200 d]
1449 3165 1489 3230 Eg}
1500 3164 1632 3230 CZEalogo
1644 3174 1762 3203 operum
1771 3166 1977 3200 Gesnerianvrum
1990 3170 2006 3191 a
2017 3161 2045 3189 se
2053 3157 2209 3195 conscripto
2219 3177 2228 3191 ,
2249 3164 2335 3192 quem
2343 3154 2437 3187 videre
2446 3157 2478 3186 11-

1325 3212 1374 3235 cet
1391 3204 1419 3232 in
1432 3205 1462 3230 Bi
1489 3205 1523 3230 iot
1554 3213 1592 3232 ca.

1363 3241 1424 3277 [e]
1445 3240 1523 3270 Basil.
1542 3243 1623 3277 157⁶·
1637 3241 1666 3269 ἃ
1686 3245 1765 3275 1583.
1777 3238 1826 3268 fol.
1848 3237 1936 3275 Lugd.
1950 3240 2028 3270 1580-
2053 3235 2078 3263 δι
2092 3231 2218 3262 francof.
2231 3230 2377 3268 1⁶13.f01.

1362 3281 1381 3315 [
1388 3279 1427 3316 f]
1447 3278 1535 3316 Lugd.
1547 3277 1623 3316 apud
1638 3281 1712 3306 Bart.
1729 3280 1838 3304 Vincent.
1850 3275 1899 3305 fol.
1917 3277 1996 3309 1607.
2011 3271 2069 3301 Col.
2082 3269 2185 3300 Auobr.
2199 3272 2279 3298 1⁶12.
2293 3276 2341 3304 4to
2353 3270 2379 3298 ἃ
2390 3267 2478 3306 Lugd.

1330 3320 1411 3353 1613.
1424 3322 1481 3350 4to.
1503 3315 1583 3345 Idem
1597 3323 1663 3351 ergo
1682 3324 1772 3343 annus
1786 3318 1866 3349 1⁶¹3·
1887 3319 1941 3341 tres
1958 3310 2027 3339 vidit
2046 3308 2137 3349 Nizo
2148 3317 2181 3335 tr
2192 3317 2202 3335 ι
2227 3308 2365 3335 editiones
2385 3310 2480 3335 esebo.

1327 3361 1399 3384 ratas
1411 3375 1421 3388 ‚
1444 3352 1703 3383 Francofurtensem
1718 3352 1754 3381 sc.
1770 3352 1889 3380 cellarii,
1920 3347 2131 3384 Lugdunensem
2150 3345 2214 3372 scoti
2228 3364 2236 3377 ,
2259 3346 2286 3374 ἂ
2307 3343 2479 3374 Baiiliensem

1326 3394 1389 3420 [καί.
1405 3392 1476 3418 Lucii
1489 3391 1524 3420 de
1536 3401 1588 3427 qua
1603 3399 1669 3419 mox
1682 3390 1808 3425 quaedam
1828 3394 1910 3418 erunt
1920 3383 2095 3422 exponenda.
2142 3406 2145 3407 .

1371 3457 1418 3492 ††
1439 3456 1569 3492 Repetita
1580 3455 1679 3483 eadem
1691 3453 1826 3491 priusfuit
1842 3449 1964 3487 Lugduni
1977 3447 2051 3484 apud
2068 3446 2197 3483 Beringos
2207 3447 2302 3475 fratres
2319 3456 2399 3479 155²-

1326 3496 1327 3499 ’
1371 3495 1427 3529 †††
1447 3493 1505 3530 Ego
1519 3492 1692 3521 conferendo
1709 3490 1833 3527 comperi
1845 3510 1854 3523 ‚
1873 3494 1962 3516 totum
1976 3485 2032 3514 hoc
2042 3483 2193 3513 secundum
2208 3483 2338 3512 volumen
2359 3482 2481 3512 Nizolia.

1334 3532 1365 3561 ni
1379 3530 1512 3561 Thesauri
1523 3531 1558 3559 ad
1567 3528 1681 3558 verbum
1698 3528 1864 3565 descriptum
1875 3523 1928 3553 esse
1939 3532 1973 3551 ex
1984 3523 2108 3551 editione
2130 3520 2302 3558 Lugdunenfi
2323 3521 2396 3549 istius
2407 3519 2481 3549 The.

1333 3569 1404 3599 sauri
1414 3568 1496 3597 nostri
1508 3576 1587 3603 1573.
1610 3565 1734 3601 Omissis,
1750 3574 1807 3594 non
1818 3570 1925 3592 tantum
1939 3560 2060 3598 propriis
2077 3559 2247 3593 nominibus,
2268 3567 2363 3586 verum
2387 3558 2479 3592 etiam,

1334 3607 1418 3637 stulto
1435 3604 1565 3640 consilio,
1589 3603 1721 3638 ‘omnibus
1737 3601 1878 3631 Ciceronis
1898 3598 1968 3628 locis
1980 3619 1988 3632 ,
2009 3598 2075 3627 &in
2089 3596 2310 3632 hisiisquoque.
2333 3595 2415 3631 quiin
2433 3595 2481 3623 Ni-

1336 3645 1411 3674 zolio
1425 3654 1483 3672 non
1501 3643 1615 3672 exstant.
1654 3638 1761 3671 vFalsum
1773 3639 1809 3667 est
1819 3645 1911 3666 autem
1921 3657 1930 3671 ‚
1954 3635 2030 3672 quod
2044 3635 2090 3663 hic
2104 3634 2231 3662 dicuntur
2240 3641 2295 3661 tres
2314 3632 2412 3661 Nizolii
2424 3633 2481 3661 edi-

1335 3684 1426 3711 tiones
1439 3680 1538 3710 eodem
1554 3687 1628 3709 anno
1642 3682 1720 3713 1613.
1739 3675 1851 3710 exiisse,
1873 3683 1937 3703 cum
1960 3683 2015 3702 una
2030 3672 2183 3706 eademque
2205 3670 2291 3699 editio
2310 3669 2341 3698 sit
2359 3669 2483 3699 Basilien.

1336 3720 1387 3754 sis,
1406 3719 1482 3756 apud
1498 3717 1684 3747 Sebastianum
1704 3714 1807 3743 Henri'c
1826 3712 1898 3741 Petri
1915 3732 1924 3745 ,
1954 3720 2013 3746 quae
2033 3709 2119 3738 solum
2140 3707 2282 3736 Nizolium
2303 3707 2433 3741 exhibet,
2456 3709 2482 3737 Sc

1335 3754 1571 3788 Francosurtensis
1588 3753 1663 3791 apud
1685 3749 1811 3781 Gotliofr.
1834 3748 2056 3785 Tampachicm,
2083 3755 2144 3782 quae
2161 3745 2294 3776 AErariuni
2314 3744 2413 3774 Latinae
2432 3745 2483 3772 lin.

1336 3804 1396 3832 guoe
1411 3793 1586 3827 inscribitur,
1607 3792 1632 3819 &
1643 3786 1875 3818 fecundumillud
1885 3788 2029 3818 duntaxat,
2046 3783 2120 3820 quod
2136 3779 2222 3810 Lucio
2240 3782 2385 3812 tribuunt,
2407 3782 2483 3810 volu.

1334 3841 1400 3862 men
1412 3830 1561 3860 constituit.
1601 3828 1681 3857 Error
1694 3827 1762 3856 inde
1773 3834 1852 3855 natus
1867 3824 1994 3856 videtur,
2015 3821 2090 3864 quod
2109 3827 2255 3856 utrumque
2269 3819 2400 3849 volumen
2415 3819 2485 3848 Basi-

1313 3892 1317 3893 γ
1334 3868 1425 3899 liensis
1437 3865 1598 3902 bibliopolae
1621 3864 1796 3902 sumptibus,
1817 3869 1848 3893 ut
1863 3871 1899 3892 ex
1914 3860 2093 3897 inscriptione
2107 3858 2144 3886 ad
2160 3857 2266 3887 calcem
2287 3857 2383 3886 addita
2400 3866 2485 3893 appa-

1336 3913 1380 3937 ret
1389 3928 1398 3942 ,
1418 3903 1579 3943 impressum
1591 3902 1654 3933 fuit,
