2604 4222
177 114 243 152 516
635 106 664 141 C
759 106 774 140 l
877 104 911 139 N

213 190 353 227 Tempora
365 191 445 219 ramis
459 190 578 226 cingere,
600 188 774 225 Componere
785 186 812 216 se
827 186 860 215 ad
871 183 1033 222 spectandos
1043 183 1123 211 ludos
1135 191 1169 211 ex
1179 190 1255 210 more
1266 180 1321 209 Ro-

232 238 334 262 mano,
355 228 392 256 ait
401 227 516 256 Servius.
556 227 627 256 Nam
642 226 714 254 festis
733 225 804 254 ludis
823 224 913 252 omnis
934 228 998 251 :etas
1020 226 1152 250 coronata
1170 217 1320 257 specffabat.

233 265 306 302 Virg.
320 277 342 299 ς.
358 266 473 301 AEn.71.
948 297 953 302 ⁸

297 304 352 332 Ore
362 303 449 332 favete
461 310 557 331 omnes
567 322 575 335 ,
597 302 622 329 <Sc
633 300 734 336 cingite
749 306 872 333 tempora
886 306 977 326 ramis.

218 342 357 379 Tempora
367 340 445 377 spicis
455 341 564 376 cingere
576 338 675 365 dicitur
683 337 772 364 Ceres.
794 335 888 364 Tibul.
901 334 947 363 lib.
961 343 987 363 2.
1005 343 1027 362 1.
1041 343 1067 368 4.

296 378 403 408 Bacche
417 378 498 411 veni,
519 374 658 410 dulcisque
668 375 720 403 tuis
730 383 744 401 e
755 372 886 401 cornibus
898 381 951 401 uva

336 416 470 449 Pendeat,
493 415 518 442 Sc
531 413 609 450 spicis
622 419 746 448 tempora
762 410 841 446 cinge
856 410 946 438 Ceres.

218 454 318 483 Urbem
334 453 418 487 cingit
430 451 558 481 Alduabis
571 450 674 478 fluvius.
699 448 762 476 eas,
776 458 798 475 1.
817 447 884 476 Bell.
895 445 964 475 Gall.
979 450 1022 482 38.

218 492 320 520 Urbem
332 487 441 526 tingere
452 489 541 525 copiis
555 489 579 515 ὁ(
590 485 731 514 militibus.
755 484 809 513 Liv.
826 494 868 520 34.
884 489 926 519 38.

218 529 320 558 Urbem
334 527 477 556 menibus.
520 525 576 553 Cic.
588 533 612 559 3.
629 524 663 551 de
675 523 736 551 Nat.
755 522 886 558 Deor.95.
918 520 1137 558 Diligentiusque
1152 518 1251 550 urbem
1264 517 1326 548 reli-2

237 568 333 602 glorie.
357 574 434 601 quum
447 562 508 600 ipsis
520 560 659 590 nioenibus
675 560 793 595 cingitis.

218 604 319 633 Urbem
330 603 421 631 muris.
444 599 526 629 Ovid.
538 610 563 633 4.
575 599 644 628 Met.
659 604 699 632 58.
728 598 796 633 Virg.
810 608 832 631 ς.
847 596 908 626 AEn.
925 605 986 632 597.

409 637 561 673 —longam
573 637 657 665 muris
667 645 751 672 quum
766 637 890 672 cingeret
901 634 1006 663 Albam.

218 679 319 707 Urbem
329 676 476 706 obsidione.
502 675 572 710 Virg.
585 682 608 709 3.
624 673 684 702 ffin.
703 682 745 707 52.

216 717 317 744 Urbem
331 715 421 751 pinnis
432 720 512 749 atque
524 720 621 748 aggere
635 712 760 747 cingere.
782 711 799 738 i.
811 719 835 738 e.
858 709 941 738 Muto
951 731 959 745 ,
980 710 1010 739 in
1025 719 1080 747 quo
1091 708 1184 746 pinnae
1194 707 1257 736 sunt
1267 727 1275 742 ‚
1297 706 1323 735 ἃ

236 753 302 781 foss‘a
313 753 408 780 urbem
420 749 596 779 circumdare.
621 749 691 784 Virg.
705 757 729 783 7.
745 748 806 777 ffin.
821 757 881 783 ¹59-

217 790 317 819 Urbem
329 789 469 823 reiigione.
490 787 520 814 V.
543 786 643 815 Urbem
656 785 805 814 moenibus.

215 829 331 863 Cingere
343 826 490 861 insignibus
500 824 615 852 l‘ortunie
627 823 785 860 principalis
793 823 922 858 aliquem.
944 820 1033 851 Tacit.
1046 829 1071 849 2.
1083 819 1150 849 Hist.
1166 829 1208 855 59.
1305 855 1310 861 ι

214 866 330 895 Aonium
343 873 439 892 nemus
450 863 537 891 Marte
547 863 665 898 cingere.
690 861 805 898 Propert.
821 861 867 889 lib.
879 869 902 895 3.
919 868 943 893 3.
956 869 1001 894 42.
1023 858 1040 887 i.
1054 867 1078 886 e.
1102 857 1209 887 Litteris
1220 855 1324 887 &mih-

232 904 276 931 tiae
288 901 364 930 limul
379 910 489 938 operam
502 900 573 928 dare.
615 900 629 934 [
645 900 732 928 immo
746 900 823 927 Arma
835 920 842 933 ,
863 897 908 926 seu
918 897 994 926 Bella
1006 905 1114 926 canere.

214 940 339 976 Cingitur
351 961 358 973 ,
380 946 452 967 certe
463 937 578 975 expedit
587 935 621 965 se.
645 937 729 966 Plaut.
746 936 843 974 Amph.
860 946 883 965 1.
899 945 922 964 1.
936 944 997 970 152.

212 978 300 1006 Armis
310 976 394 1014 cingi.
417 976 488 1012 Virg.
501 986 511 1003 1
521 985 542 1003 1.
561 974 623 1004 AEn.
639 980 699 1008 188.

403 1029 441 1034 —
450 1014 474 1043 8<
484 1013 577 1055 cingor
586 1012 753 1049 fulgentibus
765 1011 856 1041 armis.

211 1052 281 1082 Ense
293 1051 362 1081 latus
371 1051 466 1080 cinxit.
488 1050 571 1080 Ovid.
587 1059 613 1078 2.
633 1050 698 1079 fast.
714 1055 775 1086 783.

210 1089 280 1120 Ense
292 1090 373 1126 cingi.
396 1088 480 1118 Ovld.
492 1097 517 1117 2.
537 1087 602 1117 Fast.
620 1096 661 1121 1³-

291 1127 349 1156 Nec
360 1126 435 1163 galea
447 1126 565 1164 tegimur
574 1147 581 1160 ,
603 1134 655 1153 nec
665 1131 746 1153 acuto
756 1123 893 1160 cingimur
904 1122 976 1152 ense.

209 1165 323 1195 Ferrum
333 1165 466 1200 cingitur,
488 1163 613 1200 Accingit
621 1162 646 1191 se
655 1162 726 1192 ense.
750 1161 821 1199 Virg.
835 1171 860 1190 2.
879 1161 940 1191 JEn.
953 1169 1015 1197 511.

209 1203 291 1232 Ferro
301 1203 380 1231 latus.
402 1202 469 1231 Stat.
483 1213 509 1237 4.
522 1200 612 1230 Theb.
626 1211 670 1235 4¹-

209 1241 309 1270 Gladio
320 1240 429 1276 cingere
439 1239 473 1268 se.
513 1238 570 1267 Liv.
584 1248 608 1274 7.
625 1247 666 1266 10.
688 1237 800 1266 Armant
813 1237 945 1272 juvenem
963 1233 1098 1272 aequales,
1118 1233 1243 1271 pedestre
1262 1231 1322 1261 scu-

228 1284 287 1307 tum
299 1279 390 1315 capit,
412 1277 534 1314 Hispano
542 1275 659 1312 cingitur
670 1275 771 1311 gladio.

208 1315 330 1345 Veneriis
342 1315 435 1351 cingi,
457 1314 572 1348 instrui,
594 1313 702 1342 muniri.
727 1311 812 1341 Valer.
823 1315 847 1340 6.
866 1311 964 1348 Argon.
976 1319 1040 1347 477.

323 1353 448 1389 Cingitur
458 1351 563 1381 arcanis
573 1351 698 1380 Saturnia
707 1350 769 1379 laeta
778 1349 902 1378 venenis.

207 1390 330 1419 Flamma
340 1383 1321 1427 cingere,Accendere,incendere.Virg.1.}En.677.[V.Cerd.&Taubm.

208 1428 325 1466 Cingere
340 1450 348 1463 ,
370 1437 421 1465 pro
436 1427 513 1456 Veste
524 1434 624 1463 tegere.
647 1426 694 1455 Sil.
707 1426 753 1455 lib.
767 1434 792 1460 3·
802 1434 865 1461 235.

455 1480 491 1485 -—
502 1464 612 1501 vestigia
623 1464 698 1492 nuda
707 1486 715 1498 ,
736 1462 861 1499 linusque

287 1504 402 1541 Cingere
411 1502 574 1532 inassuetum
585 1523 592 1536 ,
615 1503 640 1531 ἃ
650 1501 737 1530 rubrae
746 1501 882 1530 velamine
891 1499 979 1529 vestis.

207 1541 324 1579 Cingere
333 1563 341 1577 ,
364 1542 474 1570 Circum
486 1540 616 1569 habitare.
637 1539 726 1568 Valer.
739 1543 764 1568 6.
778 1540 879 1577 Argon.
891 1541 936 1572 68.

287 1580 398 1617 Quique
408 1578 498 1608 lacum
511 1578 620 1607 cinxere
631 1577 733 1614 Bycen.

205 1616 286 1654 Cingi
297 1627 360 1647 cum
374 1617 465 1653 aliquo
476 1637 483 1651 ,
504 1615 522 1644 i.
540 1625 564 1644 e.
586 1613 734 1652 Cohjungi.
757 1613 853 1643 Claud.
864 1622 890 1643 2.
907 1612 937 1642 in
951 1621 973 1642 1.
986 1611 1068 1641 Cons.
1078 1610 1185 1641 Stilich.
1198 1619 1260 1640 101.

474 1662 631 1690 —unoque
642 1659 761 1690 receptae

285 1692 396 1721 Pectore
407 1691 526 1721 diversos
537 1698 629 1720 tecum
639 1691 788 1728 cinguntur
800 1689 829 1718 in
840 1687 911 1718 usus.
1007 1687 1050 1723 [i.
1067 1696 1091 1716 e.
1115 1686 1314 1723 Accinguntur.

205 1729 286 1767 Cingi
305 1729 392 1767 super.
434 1730 507 1759 Suet.
521 1728 585 1758 Caes.
598 1738 658 1765 cap.
672 1739 718 1764 45.
740 1727 823 1757 Usum
838 1727 914 1756 enim
930 1725 986 1754 lato
997 1725 1075 1754 clavo
1087 1724 1121 1754 ad
1133 1734 1246 1753 manum
1257 1724 1318 1753 fim-

224 1767 310 1797 briato
321 1790 328 1803 ,
350 1777 402 1796 nec
414 1774 445 1796 ut
453 1776 574 1804 unquam
583 1766 661 1795 aliter
675 1775 756 1803 quam
769 1764 849 1802 super
858 1773 922 1793 eum
934 1764 1090 1800 cingeretur
1101 1784 1109 1797 ,
1132 1764 1184 1791 &c.

204 1805 322 1843 Cingere
335 1815 366 1834 ac
376 1805 495 1842 Tingere
507 1815 522 1834 a
532 1804 649 1833 librariis
666 1803 802 1833 confundi
820 1802 943 1832 observat
962 1800 1103 1830 Drakenb.
1121 1800 1156 1829 ad
1168 1799 1217 1830 Sil.
1231 1809 1275 1835 14.
1288 1801 1315 1828 6.

222 1843 333 1872 Broekh.
349 1843 383 1871 ad
396 1843 514 1880 Propert.
532 1851 555 1877 3.
568 1851 592 1878 3.
604 1851 649 1876 42.

165 1880 188 1910 C
199 1892 208 1910 1
218 1890 237 1910 Ν
248 1891 266 1909 G
278 1891 291 1910 s
301 1890 357 1915 NS,
378 1880 456 1910 entis.
479 1880 574 1909 Partic.
596 1878 738 1915 [ζωνιόευν]
759 1877 848 1907 Catul.
863 1877 953 1915 Epigr.
967 1880 1011 1907 62.
1026 1880 1088 1914 167.

294 1919 356 1948 Nec
366 1924 443 1956 patet
456 1917 572 1955 egressus
584 1917 674 1955 pelagi
688 1916 863 1953 cingentibus
874 1916 964 1944 undis.

202 1956 343 1994 Tempora
354 1957 467 1993 cingens
481 1956 561 1985 viridi
573 1955 715 1992 pampino.
736 1954 803 1983 Hor.
820 1963 844 1990 3.
858 1953 947 1982 Carm.
959 1962 1004 1988 25.
1017 1960 1062 1981 20.

203 1994 285 2024 Horae
296 1995 437 2032 cingentes
445 1994 547 2023 Solem.
569 1993 656 2022 Valer.
670 2004 695 2027 4.
710 1993 810 2029 Argon.
823 2001 867 2027 92.

166 2031 189 2062 C
199 2041 235 2061 in
246 2042 263 2061 c
272 2042 292 2061 T
302 2043 321 2061 υ
330 2042 341 2061 s
351 2054 358 2065 ,
379 2041 394 2061 a
404 2053 412 2065 ,
434 2041 489 2061 um.
513 2031 607 2061 Partic.
629 2030 770 2066 [ζωθέις]
791 2030 848 2059 Cic.
864 2038 913 2067 pro
925 2027 996 2071 Flac.
1008 2037 1052 2062 ²7·
1074 2026 1213 2064 Equidem
1226 2024 1318 2055 existi-

202 2070 287 2099 moin
303 2069 439 2106 ejusmodi
448 2069 560 2106 regione
571 2074 653 2106 atque
668 2068 825 2105 provincia,
846 2077 906 2105 quae
918 2076 986 2095 marr
999 2065 1108 2101 cimini,
1129 2064 1266 2103 portubus
1275 2064 1317 2093 di-

203 2108 298 2137 stincffa
308 2130 315 2142 ,
335 2107 428 2136 insulis
438 2107 607 2136 circumdata
614 2105 688 2134 effer.

202 2145 263 2175 Alte
272 2147 378 2174 cinctus
390 2155 465 2174 ouer.
488 2144 554 2174 Hor.
568 2154 594 2174 2.
608 2144 693 2173 Serm.
704 2149 729 2178 8.
745 2153 788 2172 10.
825 2142 842 2171 i.
853 2152 878 2172 e.
899 2140 1071 2176 industrius,
1093 2149 1204 2177 gnavus.
1246 2139 1318 2176 [Im-

219 2192 267 2212 mo
277 2193 304 2212 re
316 2193 377 2211 vera
385 2175 438 2211 alre
450 2182 614 2211 succindtus.
636 2181 667 2210 V.
688 2181 811 2218 Interpp.
823 2181 858 2210 ad
870 2179 974 2209 Phaedr.
987 2188 1013 2208 2.
1024 2189 1048 2215 5.
1064 2188 1106 2208 11.
1124 2177 1172 2208 ubi
1184 2188 1238 2208 una
1245 2187 1315 2208 voce

223 2220 348 2249 scribitur
359 2220 529 2249 Alticinctus.

200 2258 321 2294 AEquore
330 2258 430 2286 humus
444 2258 534 2286 cineta
545 2257 590 2286 est.
612 2256 698 2286 Ovid.
709 2266 735 2285 2.
749 2256 784 2285 de
795 2256 856 2284 Arte
867 2255 923 2284 Am.
935 2257 999 2290 469.

200 2295 625 2333 Agminibuscomitumcincius.
647 2294 730 2324 Ovid.
748 2303 771 2323 1.
789 2293 869 2323 Trist.
885 2303 909 2329 5.
926 2301 969 2329 30.
997 2292 1013 2320 i.
1022 2301 1046 2320 e.
1069 2290 1199 2328 stipatus.

200 2334 287 2363 Armis
298 2333 467 2369 fulgentibus
477 2333 569 2362 cincti.
593 2332 663 2369 Virg.
679 2341 719 2360 rr.
736 2331 797 2361 JEn.
813 2336 872 2364 188.
903 2330 921 2359 i.
934 2340 958 2360 e.
978 2329 1112 2359 Instrucli.
1135 2328 1255 2359 Servius.

200 2371 314 2400 Caterva
325 2378 442 2400 matrum
453 2371 543 2400 cineta
556 2370 642 2408 virgo.
663 2369 746 2398 Ovid.
762 2379 804 2399 12.
818 2368 888 2399 Met.
901 2372 965 2398 216.
987 2368 1005 2397 i.
1018 2377 1043 2397 e.
1066 2367 1213 2396 Comitata.

200 2409 295 2438 Comis
305 2419 353 2438 ora
367 2409 465 2438 cincta.
488 2408 571 2437 Ovid.
586 2419 610 2441 4·
623 2407 702 2437 Trist.
712 2417 737 2442 7.
754 2416 795 2437 12.

391 2463 428 2467 —
437 2446 547 2475 credam
557 2447 632 2484 prius
643 2454 688 2473 ora
697 2444 819 2474 Medusae

277 2484 413 2521 Gorgonis
424 2484 569 2521 anguineis
579 2483 669 2512 cineta
679 2482 755 2512 fuiffe
763 2481 858 2511 comis.
1008 2497 1011 2504 ·

198 2523 310 2551 Corona
322 2523 428 2551 cinetus
442 2521 587 2551 consessus.
627 2520 684 2550 Cic.
698 2530 749 2558 pro
761 2519 863 2550 Milon.
877 2528 900 2549 ι.
919 2517 985 2548 Non
1006 2519 1081 2548 enim
1090 2526 1195 2547 corona
1206 2516 1311 2547 conses-

217 2559 260 2589 sus
269 2560 353 2589 vester
362 2561 469 2589 cinetus
476 2559 514 2588 est
524 2581 532 2593 ,
553 2566 584 2588 ut
595 2557 706 2588 solebat.
824 2557 844 2576 θ

198 2597 309 2626 Corona
317 2597 436 2626 hostium
443 2597 559 2626 cinctus.
582 2595 637 2625 Liv.
650 2605 675 2632 7.
687 2605 731 2631 27.

198 2634 267 2664 Ense
278 2635 348 2664 latus
359 2636 490 2664 cinctum.
513 2633 597 2663 Ovid.
609 2643 632 2668 3.
648 2634 737 2663 Amor.
749 2638 774 2666 8.
788 2641 830 2667 14.

196 2672 279 2702 Ferro
287 2673 358 2702 bella
369 2673 468 2702 cinita.
505 2671 569 2701 Sen.
580 2671 661 2701 Herc.
678 2671 728 2700 sur.
739 2681 762 2699 v.
777 2672 842 2706 695.
873 2669 907 2699 Et
927 2669 1018 2699 cineta
1039 2669 1111 2699 ferro
1127 2668 1209 2698 bella.

196 2710 276 2740 Freto
287 2712 367 2748 igneo
378 2710 485 2739 cinctus
495 2708 655 2746 Phlegeton.
677 2709 740 2739 Sen.
750 2707 863 2745 Thyest.
876 2717 899 2737 v.
911 2716 956 2744 73.

196 2748 296 2777 Gladio
309 2749 416 2777 cinctus
427 2747 606 2784 Hispaniensi.
626 2746 684 2776 Liv.
697 2752 739 2781 33.
753 2755 798 2775 21.

196 2786 306 2816 Hedera
316 2786 407 2815 cincla
418 2794 496 2814 anus.
518 2784 603 2814 Ovid.
618 2794 641 2820 3.
656 2784 722 2814 Fast.
735 2786 799 2819 767.

196 2824 310 2854 Honore
322 2823 410 2852 navali
419 2827 503 2861 caput
510 2822 627 2858 cinstus,
644 2823 692 2851 i.e.
705 2820 803 2851 Navali
812 2829 922 2849 corona.
936 2820 1049 2855 Ovid.3.
1063 2820 1098 2849 de
1110 2820 1171 2849 Arte
1182 2819 1308 2856 Am.392.

195 2861 358 2891 Luminibus
379 2867 462 2899 caput
476 2861 599 2890 cinctum
611 2882 619 2894 ,
640 2860 657 2888 i.
672 2869 697 2889 e.
718 2858 825 2888 Oculis.
841 2858 876 2887 de
884 2859 962 2896 Argo.
985 2859 1067 2889 Ovid.
1086 2867 1109 2887 1.
1122 2858 1192 2888 Met.
1205 2862 1270 2894 625.

193 2899 265 2929 Mari
277 2900 366 2928 cinc'ta
379 2898 530 2936 provincia.
553 2898 610 2927 Cic.
622 2907 672 2935 pro
682 2896 753 2926 Flac.
763 2905 808 2933 27.

194 2936 377 2966 Multitudine
388 2936 521 2965 immensa
530 2936 646 2965 cincius.
669 2934 767 2964 Velleii
779 2944 805 2963 2.
822 2942 864 2967 14.
879 2943 903 2962 1.

193 2974 322 3004 Nubibus
335 2975 458 3004 cinctum
468 2980 551 3011 caput
560 2973 672 3002 montis.
694 2972 766 3009 Virg.
778 2983 804 3006 4.
817 2971 878 3002 AEn.
891 2976 956 3007 248.

193 3011 273 3042 Vitiis
283 3013 397 3042 cinctus.
421 3010 519 3041 Claud.
536 3011 571 3040 de
582 3010 730 3040 Bell.Gild.
748 3013 807 3046 ¹⁶3·

195 3049 275 3079 Zona
284 3060 364 3079 aurea
375 3048 546 3079 muliebriter
558 3049 674 3078 cinctus.
697 3048 773 3076 Curt.
788 3056 811 3083 3.
823 3055 848 3082 3.
863 3054 904 3082 19.

194 3086 283 3117 Locus
295 3088 328 3117 ab
345 3087 420 3116 hoste
435 3087 551 3116 cinctus.
572 3086 657 3116 Ovid.
673 3096 696 3121 ς.
708 3085 788 3115 Trist.
807 3093 849 3120 13.
863 3093 909 3114 21.

195 3124 286 3155 Vestes
296 3126 329 3154 ad
341 3126 452 3162 perra
463 3125 568 3154 cinctae.
590 3124 674 3153 Ovid.
684 3127 710 3153 6.
721 3123 790 3152 Met.
806 3131 848 3158 59.

286 3163 406 3199 Utraque
416 3162 524 3192 festinat
536 3184 544 3197 ,
568 3162 722 3198 cinctaeque
732 3160 766 3189 ad
779 3161 893 3197 pectora
903 3159 990 3188 vestes
1002 3180 1011 3194 ,

285 3200 397 3230 Brachia
407 3200 488 3229 docta
499 3207 622 3232 movent,
643 3199 732 3229 studio
741 3197 853 3227 fallente
865 3196 996 3226 laborem.
1079 3197 1097 3225 i.
1109 3206 1133 3226 e.
1143 3196 1304 3227 Succinftae.

194 3236 317 3272 Cinctus,
357 3247 387 3267 ro
400 3238 508 3268 Armato
521 3239 547 3268 ἃ
557 3237 661 3267 militiae
673 3235 801 3266 studioso.
825 3234 974 3264 Marcellus
983 3234 1014 3262 in
1027 3233 1045 3263 l.
1061 3234 1152 3264 Titius
1164 3235 1195 3264 D.
1209 3236 1243 3264 de
1253 3235 1307 3264 Te-

212 3274 286 3304 stam.
297 3248 376 3305 misit.
398 3275 489 3305 Titius
500 3276 574 3313 prius
583 3285 667 3312 quam
675 3274 819 3304 Tribunus
828 3272 944 3309 legionis
956 3272 1043 3301 factus
1055 3271 1121 3300 effet
1133 3294 1140 3307 ,
1162 3273 1307 3302 testamen-

213 3316 273 3341 tum
278 3312 365 3379 goir,
386 3315 412 3343 δι’.
430 3313 523 3351 postea
540 3314 648 3343 cinctus
660 3335 669 3347 ‚
702 3316 832 3342 manente
856 3310 958 3340 eodem
977 3310 1125 3339 defunctus
1141 3310 1187 3340 est.
1224 3311 1306 3347 Quae-

214 3358 244 3377 ro
255 3371 262 3382 ,
306 3360 328 3379 c.

195 3385 226 3415 ln
235 3386 285 3415 alia
295 3387 390 3417 militia
398 3388 516 3417 cinctus.
537 3386 634 3417 Paulus
645 3388 673 3416 in
685 3387 702 3416 l.
717 3386 802 3424 Quod
813 3385 922 3415 dicitur.
936 3384 970 3414 D.
981 3384 1016 3413 de
1026 3384 1144 3413 Testam.
1158 3385 1237 3414 milit.
1250 3385 1306 3415 Mi-

213 3422 254 3466 les
271 3424 460 3454 testamentum
477 3426 586 3455 fecerat.
610 3425 713 3454 deinde
728 3434 785 3454 non
807 3423 967 3461 ignominiae
985 3422 1063 3451 causa
1081 3421 1174 3451 missus
1185 3445 1193 3458 ‚
1214 3423 1303 3454 rursus

214 3462 320 3491 emotus
334 3463 370 3491 est
384 3464 412 3491 in
422 3463 474 3492 alia
484 3463 590 3492 militia.
630 3464 812 3499 Quaerebatur
821 3484 828 3496 ,
841 3464 893 3491 oze.

157 3497 197 3527 Cr
209 3507 227 3540 n
237 3508 253 3526 c
262 3507 306 3526 ’ru
317 3508 328 3527 s
337 3521 345 3533 ,
368 3501 405 3529 us,
427 3510 463 3529 m.
485 3497 661 3536 [ἕλίρῖζωκφ]
682 3501 759 3530 ldem
770 3499 844 3538 quod
855 3497 1013 3535 Cingulum.
1030 3497 1096 3526 Plin.
1111 3496 1300 3534 lib.24.cap.9.

194 3535 303 3578 Virgam
312 3536 357 3573 qui
369 3537 396 3565 in
409 3547 490 3567 manu
501 3538 638 3572 habeant,
659 3545 706 3567 aut
715 3539 741 3567 in
753 3539 846 3567 cinclu
857 3558 865 3571 ‚
887 3542 1022 3573 negantur
1034 3535 1234 3571 intertriginem
1246 3536 1303 3565 sen-

193 3578 254 3616 tire.
291 3572 374 3602 Varro
384 3575 418 3604 de
428 3574 456 3604 L.
467 3575 494 3604 L.
504 3586 529 3610 4.
540 3584 584 3611 23.
614 3574 728 3605 CinCtus
748 3578 774 3605 St
788 3574 937 3610 Cingulum
958 3583 973 3602 a
996 3573 1153 3609 cingendo:
1184 3573 1300 3603 alterum

193 3619 259 3639 viris
274 3632 282 3643 ,
303 3611 415 3640 alterum
426 3613 585 3642 mulieribus
594 3613 766 3644 attributum.
804 3612 913 3649 [Quod
925 3611 1072 3640 discrimen
1080 3617 1173 3640 tamen
1183 3619 1240 3639 non
1251 3611 1300 3640 ob-

193 3647 304 3690 servasse
315 3650 436 3690 auclores
448 3659 481 3678 ex
491 3651 560 3679 infra
570 3651 745 3686 sequentibus
756 3650 894 3687 exemplis
908 3648 1009 3678 elucet.

192 3684 292 3713 Clncku
303 3694 428 3728 fungere,
449 3689 473 3716 ἃ
489 3688 616 3717 Cinctum
629 3688 739 3717 solvere.
781 3688 848 3717 Plin.
866 3686 912 3716 lib.
924 3692 967 3720 ²8-
981 3697 1041 3724 cap.
1054 3696 1081 3721 4.
1114 3685 1208 3715 Partus
1222 3695 1299 3715 acce-

211 3721 279 3765 lerat
289 3732 408 3765 viciuos,
429 3733 463 3752 ex
475 3734 528 3760 quo
540 3735 653 3762 quaeque
663 3727 824 3763 conceperit
838 3747 844 3759 ,
866 3725 884 3753 sr
894 3725 987 3754 cinctu
999 3725 1046 3753 suo
1060 3722 1148 3752 soluto
1164 3724 1298 3753 feminam

211 3768 343 3793 Ument,
364 3760 429 3788 dem
437 3760 544 3802 solverit
555 3784 562 3797 ,
583 3764 690 3798 adjecta
702 3765 860 3800 precatione
870 3784 879 3798 ,
899 3763 925 3791 se
934 3763 1049 3791 vinxill'e
1060 3762 1178 3791 eandem
1192 3764 1217 3791 δι
1228 3761 1298 3790 solu-

210 3802 301 3826 turum
311 3817 318 3829 ,
340 3804 420 3832 atque
429 3797 534 3827 abierit.
878 3816 883 3819 -

189 3833 446 3876 cinctus-Gabinus.
487 3834 557 3877 Virg.
569 3845 593 3871 7.
608 3837 668 3866 AEn.
683 3842 744 3866 612.
767 3837 955 3872 UbiServius,
977 3837 1100 3866 Gabinus
1111 3836 1235 3871 cinctus,
1257 3836 1296 3865 est

206 3871 286 3908 Toga
296 3872 330 3913 lic
344 3881 372 3899 m
384 3880 490 3907 tergum
500 3874 596 3906 reJeera
608 3895 614 3907 ,
635 3881 665 3902 ut
680 3885 733 3902 una
750 3875 808 3909 ejus
822 3875 921 3903 lacinia
935 3885 950 3903 a
966 3882 1044 3911 tergo
1062 3881 1190 3903 revocata
1207 3875 1298 3903 homi-

206 3919 272 3939 nem
281 3914 380 3945 cingat.
420 3909 481 3938 noc
491 3916 583 3937 autem
603 3912 753 3940 vestimenti
771 3922 870 3948 genere
882 3912 1008 3942 utebatur
1020 3912 1123 3942 Consul
1135 3912 1208 3944 bella
1224 3911 1296 3941 indi-

1831 94 1860 127 C
1957 93 1971 127 1
2071 94 2105 128 N

1440 176 1547 204 elutus:
1569 172 1633 203 ideo
1646 174 1709 210 quia
1720 184 1805 211 quum
1817 174 1895 203 Gabii
1906 174 2063 211 Campania*
2072 175 2168 204 civitas
2184 174 2264 205 sacris
2284 180 2441 213 operaretur
2452 197 2460 209 ,
2479 175 2533 205 bel-

1438 212 1496 242 lum
1507 212 1596 253 subito
1611 213 1706 240 evenit
1716 235 1722 246 ,
1743 219 1810 241 tunc
1822 213 1896 242 cives
1905 212 1989 241 cincii
2001 213 2070 249 togis
2082 213 2135 241 suis
2146 235 2152 243 .
2174 213 2208 241 ab
2226 214 2278 242 aris
2291 214 2324 242 ad
2339 213 2409 241 bella
2420 214 2533 250 proserii

1437 251 1508 285 sunt,
1531 253 1555 279 oz
1567 250 1661 287 adepti
1671 250 1822 280 victoriam.
1865 250 1946 279 Unde
1959 251 2003 279 hic
2014 259 2090 279 ortus
2098 250 2135 279 est
2147 260 2217 279 mes.
2254 251 2284 280 V.
2308 252 2393 280 etiam
2403 249 2460 280 Liv.
2475 257 2531 286 8-0-

1421 290 1706 355 cffnihiiiinscinnus.
1730 325 1828 354 Claud.
1845 325 1879 353 de
1893 325 1968 354 Sext.
1984 325 2066 356 cons.
2079 325 2154 355 Hon.
2172 328 2233 360 561.

1420 364 1556 392 Sonantes
1569 365 1683 392 cinctus.
1707 363 1773 391 Stat.
1793 367 1817 391 6.
1833 362 1923 391 Theb.
1937 374 1981 397 77.

1420 401 1534 431 Cincius
1566 402 1650 431 etium
1662 400 1744 429 Vestis
1759 408 1815 429 erat
1824 400 1892 430 infra
1905 403 2000 438 petius
2012 400 2265 439 comprehendens,
2277 399 2371 429 fimilis
2383 399 2534 438 subligacu.

1439 438 1485 474 lo,
1507 449 1559 476 qua
1569 446 1674 467 veteres
1684 438 1723 466 uti
1735 438 1797 467 loco
1812 438 1912 467 tunica*
1928 438 2060 467 solebant.
2101 438 2195 468 Graece
2218 437 2293 474 ξῑιμ
2315 440 2340 467 8(
2354 438 2446 474 <dest-49⁵
2467 439 2533 469 dici.

1439 483 1483 505 tur
1499 499 1506 510 ,
1528 487 1582 513 quo
1592 477 1705 505 nornine
1719 476 1814 505 Graece
1827 477 1909 505 etiam
1920 476 2030 506 Tunica
2042 475 2214 513 intelligitur.
2236 475 2360 505 Turneb.
2373 477 2399 505 Sc
2412 475 2532 514 Porphir.

1439 515 1473 543 ad
1488 514 1550 543 Hor.
1564 516 1590 542 in
1603 515 1665 543 Arte
1679 514 1751 543 Poet.
1766 524 1808 548 50.

1384 552 1424 581 Cr
1436 561 1554 581 NCT1C
1565 555 1581 581 ὕ
1593 562 1633 580 cu
1645 562 1656 580 s
1668 574 1675 581 .
1697 552 1712 580 i.
1736 561 1773 580 m.
1796 550 1911 587 [ζώνιον.
1928 546 2120 587 ιλΙιιζωμθέτων]
2141 551 2238 579 dimin.
2261 550 2346 579 Vestis
2363 557 2420 580 erat
2436 561 2534 589 puero.

1421 600 1501 623 rum,
1523 590 1675 619 utCinclus
1689 611 1697 623 ,
1718 591 1848 618 virorum.
1887 588 1971 618 Plaut.
1986 588 2116 618 Bacchid.
2134 597 2158 623 3.
2176 598 2200 624 3.
2216 594 2260 622 28.
2293 588 2450 619 Cincticulo
2468 599 2534 627 prae.

1421 629 1527 656 cinctus
1539 629 1566 656 in
1579 627 1643 656 sella
1653 628 1727 664 apud
1737 627 1897 664 magistrum
1907 626 2044 656 allideres.
2067 626 2097 656 V.
2121 624 2245 655 Turneb.
2257 635 2283 655 2.
2298 635 2342 662 30.

1384 665 1406 694 C
1417 676 1425 693 1
1436 674 1456 693 Ν
1466 675 1483 694 c
1494 669 1537 693 τῦ
1548 676 1561 693 R
1572 676 1589 694 A
1599 687 1606 698 ,
1627 673 1656 694 ae.
1681 666 1698 694 f.
1721 665 1798 694 idem
1809 675 1840 694 ac
1855 664 1977 693 Cinctus.
2017 664 2092 693 Suet.
2104 664 2132 692 in
2145 663 2198 699 Jul.
2213 674 2273 701 cap.
2285 675 2329 698 45·
2357 662 2447 693 Etiam
2457 663 2532 695 cultu

1420 702 1574 732 notabilem
1584 703 1692 732 serunt:
1715 703 1792 731 usum
1803 704 1878 731 enim
1888 701 1946 731 lato
1956 702 2034 731 clavo
2044 702 2078 730 ad
2090 710 2203 730 manum
2213 701 2360 736 fimbriato,
2381 711 2434 730 nec
2446 709 2476 731 ut
2485 712 2533 732 un-

1420 750 1501 777 quam
1512 741 1589 769 aliter
1598 751 1680 777 quam
1689 740 1767 778 super
1776 750 1839 769 eum
1853 741 2019 777 cingeretur,
2034 741 2059 769 δι
2069 739 2182 776 quidem
2197 740 2314 768 fluxiore
2323 740 2455 768 cinctura.
2479 741 2495 770 i.
2507 750 2531 771 e.

1418 778 1551 814 Laxiore‚
1578 780 1602 807 ἅ
1621 780 1738 807 minime
1755 778 1890 808 adstricta.
1914 778 1947 807 Et
1961 777 2080 813 Quintil.
2095 787 2136 806 11.
2151 786 2174 813 3.
2197 778 2257 807 Pars
2276 778 2336 812 ejus
2347 777 2423 814 prior
2436 778 2533 808 mediis

1418 816 1544 882 epiribus
1559 816 1665 854 optime
1686 817 1865 852 terminatur,
1888 816 2022 854 posterior
2040 815 2140 845 eadem
2152 817 2281 853 portione
2291 814 2371 844 altius
2383 825 2466 853 quam
2476 817 2534 845 cin.

1420 859 1434 882 c
1450 863 1504 883 ura.

1382 891 1451 921 Cin
1464 895 1623 927 ersi-Tus,
1650 901 1683 925 a,
1704 901 1761 920 um.
1784 890 1844 926 Adj.
1866 886 2128 927 [ὢεωιώοισμᾞῦ]
2148 895 2195 925 ut,
2218 888 2356 920 Cinetutis
2375 900 2434 919 non
2451 899 2531 921 exau·

1418 930 1476 958 dita
1487 929 1626 966 Cethegis,
1648 929 1743 959 Horat.
1757 930 1786 958 in
1798 931 1859 958 Arte
1871 929 1943 958 Poet.
1958 929 2070 965 antique
2082 928 2154 957 dixit
2167 938 2174 956 ε
2195 928 2213 956 i.
2231 938 2255 957 e.
2278 928 2447 957 Alilitaribus
2458 929 2531 966 viris,

1419 969 1446 997 6„-
1458 967 1529 1005 quali
1544 968 1579 996 ad
1591 965 1719 996 militiam
1731 968 1870 997 accindtis.
1912 966 2030 1000 Contra,
2052 965 2206 995 Discinctos
2222 965 2362 995 Mulciber
2378 965 2454 996 Afros
2464 987 2472 1001 ,
2493 966 2534 995 di.

1418 1006 1460 1034 xit
1473 1005 1599 1042 Virgilius
1611 1015 1617 1033 :
1640 1004 1657 1034 i.
1670 1015 1693 1033 e.
1719 1006 1758 1034 Ad
1769 1015 1890 1043 pugnam
1901 1003 2056 1033 imbecilles
2066 1012 2148 1040 atque
2162 1005 2319 1041 imparatos.
2344 1005 2441 1033 Acron.
2481 1005 2532 1034 Alii

1416 1052 1467 1080 per
1477 1042 1790 1080 Cinctutosintelligunt
1808 1044 1936 1077 Veteres,
1957 1042 2032 1079 quod
2049 1042 2141 1071 cinctu
2162 1049 2306 1071 uterentur
2326 1041 2391 1070 loco
2412 1041 2529 1078 tunicae,

1418 1081 1464 1117 qui
1476 1088 1556 1109 aetate
1570 1081 1674 1110 Horatii
1690 1080 1858 1110 exoleverat.
1889 1080 1918 1109 V.
1941 1089 2110 1115 CETHEGUS,
2132 1089 2260 1110 emerus
2274 1101 2282 1116 ‚
2304 1080 2390 1109 etiam
2408 1089 2512 1110 vasus.
2594 1086 2596 1119 f

1417 1118 1537 1156 Luperci
1549 1119 1672 1148 cinetuti.
1696 1118 1780 1147 Ovid.
1795 1129 1819 1154 ς.
1832 1118 1898 1148 fast.
1913 1128 1973 1147 ror.
2592 1146 2597 1154 ,-

1510 1157 1669 1193 Semicaper
1679 1156 1778 1185 coleris
1790 1157 1937 1189 cinctutis,
1955 1156 2048 1185 Faune
2058 1177 2066 1191 ‚
2089 1154 2230 1193 Lupercis.
2469 1163 2471 1169 ⁴
2592 1175 2594 1193 5

1380 1194 1403 1223 C
1414 1205 1422 1222 ι
1432 1203 1478 1223 uc
1488 1203 1508 1223 T
1519 1203 1560 1223 on
1572 1216 1580 1230 ,
1602 1195 1666 1224 oris.
1688 1203 1724 1223 m.
1748 1194 1830 1223 Gloff.
1844 1194 1888 1223 Gr.
1906 1193 1963 1223 Lat.
1979 1193 2054 1230 ζώςηε
2064 1215 2072 1228 ,
2093 1193 2215 1222 Cinc'tor.
2590 1218 2595 1239 f

1378 1231 1400 1261 C
1409 1243 1418 1260 ι
1430 1241 1502 1261 NCT
1511 1242 1528 1261 o
1537 1242 1553 1260 a
1564 1243 1572 1260 1
1584 1243 1602 1261 u
1611 1243 1639 1266 s,
1657 1242 1672 1260 a
1682 1254 1690 1266 ,
1711 1241 1767 1261 um.
1789 1232 1899 1262 Paratus
1908 1232 1943 1261 ad
1958 1240 2090 1270 pugnam.
2112 1230 2182 1260 Plin.
2196 1240 2220 1268 7.
2234 1240 2260 1268 7.
2281 1230 2336 1262 Sed
2348 1230 2483 1261 Harduin.
2495 1233 2530 1263 effi

1417 1270 1477 1299 Mis.
1499 1269 1567 1307 legit
1577 1270 1722 1299 Tinc‘toria
1734 1270 1773 1299 est
1783 1280 1870 1299 mens.
1910 1270 1941 1300 V.
1963 1279 1999 1298 Tr
2010 1278 2029 1298 Ν
2040 1278 2058 1297 c
2068 1278 2088 1297 ‘r
2096 1278 2113 1298 o
2122 1278 2138 1297 R
2149 1280 2158 1297 1
2168 1279 2186 1298 u
2194 1278 2215 1298 s.

1378 1307 1646 1343 CrncToarum,
1668 1309 1686 1336 i.
1708 1317 1736 1336 n.
1759 1308 1926 1344 Cingulum,
1948 1309 1974 1337 ἃ
1989 1307 2075 1345 pugio
2097 1307 2132 1335 de
2153 1306 2264 1344 cingulo
2288 1307 2424 1345 pendens.
2446 1306 2528 1338 Gloff.
2588 1326 2593 1337 7.

1415 1346 1475 1375 Vet.
1489 1346 1659 1382 vufflessoe‘mv,
1680 1346 1782 1383 pugio,
1804 1346 1978 1375 cinctorium.
2002 1345 2035 1374 Et
2050 1345 2185 1382 Pompon.
2198 1344 2273 1374 Mela
2284 1355 2310 1374 2.
2331 1352 2434 1374 1.extr.
2456 1345 2529 1375 Mars
2586 1334 2592 1392 ἑ

1415 1384 1542 1413 omnium
1562 1384 1616 1419 (Sc
1629 1383 1769 1419 ytharurn)
1792 1384 1883 1413 Deus:
1904 1385 1928 1412 ei
1946 1393 1995 1421 pro
2011 1382 2159 1412 simulacris
2169 1382 2246 1412 enses
2260 1405 2266 1416 ,
2290 1385 2315 1412 ἃ
2337 1383 2470 1413 cinctoria
2484 1383 2546 1423 ἀειλ
2586 1387 2591 1415 i

1416 1422 1519 1451 dicant.
1543 1421 1581 1451 Al.
1630 1422 1756 1451 instoria.
1778 1421 1808 1451 V.
1829 1421 1939 1451 Salmas.
1954 1422 1982 1450 in
1995 1421 2082 1450 Solin.
2100 1429 2195 1457 p.133.
2206 1422 2231 1450 &
2243 1421 2327 1450 Hard.
2345 1421 2380 1450 ad
2394 1421 2413 1450 l.
2426 1430 2448 1450 c.
2462 1421 2528 1452 Plin.
2585 1418 2591 1433 a*

1377 1460 1593 1495 cruentus,
1615 1461 1633 1489 i.
1654 1470 1691 1489 m.
1715 1461 1741 1489 Sc
1761 1459 1987 1493 Crncutum,
2008 1460 2027 1488 i.
2048 1468 2077 1488 n.
2100 1458 2202 1495 [ζώνη]
2234 1459 2298 1495 Quo
2318 1459 2378 1496 quis
2401 1459 2527 1496 cingitur.

1414 1498 1472 1527 Cic.
1485 1499 1513 1526 in
1523 1498 1619 1528 Somn.
1629 1498 1704 1535 Scip.
1721 1508 1762 1532 ις.
1785 1497 1882 1527 Cernis
1893 1504 1985 1526 autern
1994 1503 2095 1527 terram
2113 1497 2232 1526 eandem
2243 1519 2252 1532 ,
2274 1497 2347 1533 quasl
2366 1497 2527 1534 quibusdam
2542 1531 2543 1534 Ἴ
2583 1500 2587 1525 l

1412 1536 1569 1565 redimitam
1582 1538 1607 1566 ἃ
1620 1536 1821 1565 circumdatam
1830 1534 1964 1573 cingulis,
1986 1545 2002 1564 e
2013 1535 2113 1572 quibus
2127 1535 2198 1564 duos
2217 1536 2338 1565 maxime
2355 1535 2429 1564 inter
2445 1534 2472 1565 se
2489 1535 2529 1564 di-

1413 1574 1503 1603 versos
1519 1574 1596 1603 vides
1608 1597 1615 1609 ,
1629 1575 1681 1604 &a
1723 1573 1764 1603 De
1776 1574 1897 1611 quinque
1909 1574 1988 1602 zonis
2000 1580 2076 1602 terrae
2090 1571 2221 1610 loquitur.

1411 1611 1545 1649 cingulos
1556 1634 1563 1646 ,
1584 1618 1690 1641 veteres
1702 1611 1880 1649 appellabant
1892 1611 2027 1641 Homines
2037 1632 2045 1646 ,
2067 1611 2153 1648 quiin
2166 1611 2208 1640 his
2217 1610 2288 1641 locis
2300 1632 2308 1646 ,
2329 1610 2379 1640 ubi
2398 1610 2472 1648 cingi
2489 1609 2528 1640 soz

1431 1650 1487 1684 let,
1509 1649 1570 1679 satis
1582 1649 1644 1679 sunt
1661 1657 1767 1679 tenues.
1791 1649 1892 1679 Festus.

1412 1687 1532 1725 Cingulo
1542 1698 1613 1717 nova
1624 1694 1710 1725 nupta
1720 1687 1939 1725 praecingebatur
1953 1696 1960 1715 ι
1982 1686 2055 1724 quod
2068 1686 2108 1715 vir
2129 1686 2158 1715 in
2176 1685 2249 1715 lefto
2272 1686 2406 1721 solvebat,
2426 1686 2525 1716 factum·

1430 1736 1465 1756 ex
1478 1726 1539 1755 lana
1548 1727 1623 1755 ovis:
1644 1726 1719 1763 quod
1735 1724 1897 1754 licutillain
1907 1724 2015 1762 glomos
2027 1723 2147 1758 sublata,
2169 1725 2321 1761 conjuncta
2338 1725 2411 1754 inter
2428 1724 2455 1754 se
2473 1724 2523 1754 fitz

1431 1764 1466 1794 sic
1480 1765 1520 1792 vir
1532 1763 1594 1793 suus
1603 1763 1695 1793 secum
1707 1764 1814 1793 cindtus
1827 1785 1834 1798 ,
1856 1764 2022 1799 vinctusque
2033 1761 2108 1792 ess'et.
2129 1761 2231 1791 Festus.
2578 1772 2582 1800 q
2600 1769 2604 1799 ;

1411 1801 1560 1840 Cingulum
1570 1802 1654 1831 etiam
1665 1801 1774 1831 Militiae
1783 1807 1841 1830 erat
1851 1801 1956 1838 signum
1968 1822 1975 1835 ,
1998 1802 2024 1830 ἃ
2037 1810 2086 1837 pro
2096 1799 2200 1829 Militia
2210 1800 2334 1838 ponitur.
2374 1800 2459 1835 Hinc,
2478 1800 2525 1830 Su·
2576 1801 2581 1829 l

1429 1849 1504 1869 mere
1516 1840 1677 1877 cingulun13
1698 1839 1803 1868 Ponere
1813 1838 1965 1875 cingulum,
1979 1848 2028 1875 pro
2040 1838 2109 1867 Dare
2123 1838 2229 1867 militiae
2242 1848 2356 1873 nornen,
2373 1838 2525 1876 Eidemque
2579 1842 2581 1847 “

1428 1878 1600 1912 valedicere,
1621 1877 1762 1907 dicebant.
1791 1876 1932 1914 Sulpicius
1949 1877 2009 1905 Sev.
2023 1876 2058 1905 de
2071 1875 2224 1905 Virtutibus
2239 1876 2351 1905 Martini
2362 1876 2433 1906 Dial.
2446 1886 2470 1905 2.
2483 1886 2523 1906 11.
2573 1884 2579 1906 ’.

1431 1916 1514 1945 Miles
1526 1916 1639 1953 quidam
1650 1915 1794 1952 cingulum
1804 1915 1833 1943 in
1844 1914 1957 1943 ecclefia
1966 1936 1974 1948 ,
1995 1913 2165 1944 monachum
2178 1913 2312 1952 professus
2322 1936 2329 1949 ,
2351 1914 2495 1950 abjecerat.

1408 1952 1557 1991 Dignitatis
1570 1953 1723 1990 cingulum.
1738 1953 1767 1982 in
1780 1952 1795 1982 l.
1811 1952 1927 1982 Omnes.
1951 1951 1987 1981 Ut
1997 1951 2165 1989 dignitatum
2184 1952 2253 1981 ordo
2268 1951 2397 1982 servetur.
2418 1952 2466 1981 lib.
2481 1961 2522 1982 12.
2571 1961 2577 1982 r.

1427 1992 1458 2022 C.
1469 1992 1595 2021 Tertium
1609 2001 1675 2020 vero
1686 2013 1693 2026 ,
1716 1991 1822 2027 inquit,
1843 1991 1971 2019 ordinem
1982 1999 2079 2019 eorum
2090 1989 2272 2028 prospicimus
2284 2012 2292 2025 ,
2314 1989 2413 2027 quibus
2432 1989 2523 2019 absens
2573 2010 2576 2024 ,

1427 2030 1503 2059 tibus
1526 2029 1670 2066 cingulum
1689 2028 1799 2058 illustris
1812 2028 1930 2057 mittitur
1950 2028 2099 2064 dignitatis.
2137 2028 2274 2064 Quartum
2298 2027 2523 2063 honorariorum,
2570 2033 2576 2047 r.

1427 2069 1475 2106 qui
1485 2067 1629 2106 praesentes
1639 2077 1653 2096 a
1662 2067 1753 2096 nostro
1765 2066 1881 2096 numine
1893 2066 1948 2094 fine
1959 2065 2070 2103 cingulo
2085 2065 2232 2095 codicillos
2247 2072 2355 2095 tantum
2372 2065 2524 2095 honoraria!
2571 2078 2574 2112 j

1429 2106 1572 2143 dignitatis
1581 2106 1675 2143 adepti
1687 2105 1757 2134 suut.
1798 2104 1937 2141 Quintum
1950 2113 2062 2138 eorum,
2084 2103 2183 2140 quibus
2194 2103 2351 2132 absentibus
2363 2103 2485 2133 similiter
2495 2103 2524 2132 sia

1428 2154 1464 2173 ne
1475 2143 1587 2180 cingulo
1597 2144 1744 2172 mittuntur
1752 2141 1862 2172 illustris
1870 2142 1984 2179 inlignia
1993 2138 2144 2178 dignitatis.
2178 2141 2244 2171 Sine
2259 2140 2381 2178 cingulo,
2401 2142 2468 2171 Sine
2479 2141 2525 2172 ad-

1428 2181 1626 2211 ministratione
1637 2181 1726 2214 dixit',
1748 2182 1859 2210 auetore
1869 2179 2004 2209 Accursro.
2027 2179 2153 2208 Budaeus.
2568 2206 2569 2217 γ

1408 2220 1465 2250 Sub
1475 2218 1586 2257 cingulo
1595 2218 1686 2248 delata
1697 2218 1805 2248 illustris
1818 2219 1937 2255 dignitas
1954 2218 2073 2251 dicitur,
2094 2214 2216 2253 Quando
2233 2216 2300 2252 justa
2320 2217 2346 2246 ἃ
2367 2216 2449 2254 plena
2467 2216 2520 2252 est,
2562 2222 2570 2278 d

1428 2259 1454 2287 ἃ
1464 2267 1556 2286 revera
1570 2257 1659 2286 delata
1672 2267 1679 2286 ;
1701 2256 1775 2286 Citra
1786 2255 1929 2293 cingulum
1944 2265 2009 2284 vero
2020 2276 2027 2289 ,
2049 2255 2170 2291 Quando
2184 2255 2298 2284 honoris
2309 2261 2416 2284 tantum
2428 2255 2521 2291 gratia,
2562 2266 2564 2288 ,r

1427 2296 1482 2325 hoc
1494 2295 1531 2324 est
1548 2295 1701 2324 honoraria.
1714 2294 1732 2324 1.
1754 2295 1872 2324 Omnes.
1894 2294 1929 2322 de
1943 2293 2222 2330 Metatis&epidem.
2243 2292 2291 2321 lib.
2309 2302 2349 2322 12.
2366 2293 2397 2322 C.
2420 2293 2529 2322 Ceteris·
2560 2291 2568 2335 (ἕ

1425 2342 1509 2366 vero,
1531 2334 1640 2370 inquit,
1662 2332 1761 2369 quibus
1772 2332 1881 2361 illustris
1895 2331 2014 2368 dignitas
2034 2331 2082 2360 sub
2102 2331 2215 2368 cingulo
2230 2331 2274 2359 vel
2295 2331 2364 2360 citra.
2381 2330 2520 2368 cingulum
2559 2334 2566 2364 i

1425 2381 1476 2408 pro
1488 2371 1546 2400 solo
1561 2371 1667 2438 holpoge
1680 2370 1771 2400 delata
1782 2371 1820 2400 est
1830 2392 1838 2406 ,
1860 2369 2079 2399 excusandarum
2090 2368 2193 2398 aedium
2203 2367 2345 2398 licentiam
2352 2369 2466 2407 penitus
2476 2368 2520 2397 dea
2558 2372 2565 2411 ᾖ

1427 2419 1463 2438 ne
1484 2419 1569 2438 amus.
1614 2419 1630 2438 u
1653 2417 1717 2437 reus.
2558 2418 2564 2432 :v

1405 2419 1530 2485 Spolgiare
1548 2447 1670 2484 cingulo.
1691 2446 1744 2482 l.3.
1766 2446 1802 2475 de
1824 2443 1945 2474 Domest.
1968 2444 1995 2473 &
2009 2443 2235 2482 protestoribus,
2257 2443 2304 2472 lib.
2319 2453 2361 2472 η.
2382 2443 2413 2473 C.
2436 2443 2520 2481 Quin.
2555 2433 2563 2484 ¹¹
2600 2458 2604 2481 3

1425 2486 1580 2522 quennium
1597 2492 1690 2514 autem
1703 2484 1720 2513 s1
1738 2483 1821 2513 fuerit
1838 2483 1997 2520 divagatus,
2019 2482 2078 2520 ipso
2094 2483 2149 2518 jam
2168 2481 2281 2519 cingulo
2299 2481 2458 2519 spoliandus
2473 2481 2518 2510 est.
2555 2485 2562 2514 l
2600 2485 2604 2488 '

1426 2523 1444 2552 i.
1457 2533 1480 2552 e.
1503 2523 1644 2559 Dignitate
1656 2525 1680 2552 (t
1693 2522 1851 2559 magistratu
1865 2519 2014 2558 privandus
2026 2523 2052 2550 &c
2063 2519 2237 2556 deiiciendus
2248 2542 2256 2556 ,
2277 2520 2332 2549 hoc
2343 2520 2381 2549 est
2392 2520 2467 2557 quod
2475 2519 2518 2550 ali«

1425 2560 1578 2597 bilegitur,
1600 2560 1769 2597 Discingere.
1791 2559 1916 2589 Budaeus.

1406 2597 1543 2636 Cingula,
1566 2598 1681 2637 plurale.
1704 2598 1771 2627 Stat.
1786 2601 1811 2626 6.
1831 2595 1923 2626 Theb.
1940 2605 2004 2630 2²5·

1598 2653 1634 2657 —-
1644 2636 1690 2665 seu
1701 2636 1778 2665 frena
1788 2635 1857 2664 libet
1870 2656 1877 2669 ,
1898 2633 1944 2663 seu
1959 2632 2070 2671 cingula
2079 2632 2198 2663 flammis

1404 2675 1492 2704 Aurea
1504 2673 1585 2703 bullis
1595 2674 1714 2711 cingula.
1739 2673 1783 2702 Vir
1804 2696 1809 2701 .
1827 2683 1852 2708 9.
1866 2671 1928 2702 AEn.
1939 2678 2002 2705 ³00.

1405 2712 1522 2750 Fulgent
1536 2711 1618 2741 bullis
1631 2709 1750 2749 cingula.
1799 2712 1847 2748 irg.
1865 2720 1905 2739 12.
1923 2709 1982 2739 AEn.
1996 2718 2059 2745 942.
2549 2708 2555 2729 ἲ

1598 2766 1635 2770 -
1646 2751 1671 2780 δι
1685 2750 1757 2778 uotis
1766 2748 1900 2778 fulserunt
1909 2747 2020 2785 cingula
2031 2744 2123 2777 bullis.
2547 2727 2554 2775 ,1

1403 2787 1573 2817 διὼῃεέὶεῐε
1582 2788 1700 2824 cingula.
1725 2787 1797 2824 Virg.
1813 2796 1834 2815 r.
1850 2786 1911 2816 AEn.
1928 2789 1992 2819 496.
2545 2791 2554 2840 g

2291 2632 2429 2671 Mergere·
2550 2593 2558 2688 1
2596 2637 2604 2669 {j

1405 2826 1524 2862 Cingula
1535 2848 1542 2861 ,
1564 2835 1613 2863 pro
1626 2824 1736 2854 Veneris
1746 2825 1819 2854 cesto
1830 2824 1911 2862 ponit
1925 2823 2012 2852 Vale-r.
2023 2826 2049 2852 6.
2063 2823 2163 2860 Argon.
2176 2830 2241 2858 472.

1365 2864 1388 2894 C
1398 2875 1407 2893 1
1416 2873 1435 2892 N
1444 2874 1461 2893 c
1470 2867 1487 2892 ῡ
1497 2875 1512 2892 ι.
1522 2864 1607 2897 A,ae.f.
1618 2863 1738 2899 [giga]
1752 2863 1814 2899 Qua
1824 2863 1974 2899 cinguntur
1984 2859 2511 2899 equi,propric.Ovid.Rem.Amor.236.

1487 2901 1520 2931 Et
1531 2912 1601 2931 nova
1610 2902 1736 2930 velocem
1749 2900 1859 2937 cingula
1873 2900 1956 2928 laedat
1966 2909 2076 2936 equum.
2589 2890 2604 2908 ³²*

1367 2939 1542 2969 Crucium
1554 2962 1561 2974 ,
1583 2939 1673 2969 Tibiae
1691 2939 1872 2972 dicebantur,
1894 2937 2035 2972 quaelicet
2051 2937 2191 2966 breviores
2208 2936 2309 2972 effent,
2330 2934 2513 2966 subtilioribus
2545 2942 2563 2953 ”

1405 2984 1497 3006 tamen
1517 2978 1607 3006 modis
1626 2976 1796 3006 insonabant.
1824 2976 1925 3005 Perott.

1365 3015 1872 3049 cineutun,&crnoutus.
1909 3012 1941 3043 In
1961 3021 2087 3041 eruco.
2429 3044 2432 3047 .
2588 3010 2597 3022 ‘²'

1365 3054 1388 3083 C
1398 3061 1407 3082 r
1417 3063 1436 3081 N
1448 3063 1465 3081 o
1475 3063 1493 3082 u
1503 3064 1518 3081 L
1528 3064 1545 3082 u
1555 3064 1575 3081 M
1587 3074 1595 3087 ,
1617 3054 1634 3081 i.
1657 3062 1685 3082 n.
1709 3051 1863 3088 [Κῐκῖςλον]
1883 3050 1985 3079 Civitas
1995 3050 2085 3079 Piceni
2098 3048 2255 3079 notissima:
2277 3050 2353 3080 unde
2366 3049 2450 3080 hodie
2458 3055 2512 3079 mu·
2583 3051 2590 3060 '⁴

1402 3091 1421 3120 li
1431 3091 1578 3128 Cingulani
1589 3091 1688 3128 optimi
1700 3090 1826 3119 veniunt.
1868 3088 1909 3117 De
1924 3087 2085 3125 Cingulanis
2099 3088 2229 3116 meminit
2241 3087 2307 3117 Plin.
2321 3088 2368 3118 lib.
2380 3097 2404 3124 3.
2416 3097 2474 3126 cap.
2486 3091 2508 3123 ς’.
2581 3105 2587 3127 i
2602 3112 2604 3117 .

1402 3128 1463 3158 Cic.
1477 3139 1502 3165 7.
1520 3130 1574 3158 Att.
1590 3138 1631 3157 11.
1644 3130 1669 3158 ἃ
1683 3137 1723 3162 1³.
1747 3127 1776 3157 V.
1800 3126 1863 3156 Caes.
1880 3136 1901 3155 1.
1915 3124 2069 3155 BellCivil.
2090 3135 2132 3160 ις.
2148 3125 2287 3154 Drakenb.
2304 3126 2339 3155 ad
2349 3126 2396 3156 Sil.
2411 3135 2451 3155 ιο.
2467 3133 2507 3160 3⁴.
2553 3135 2555 3138 ¹
2581 3117 2604 3141 nr

1366 3167 1388 3196 C
1401 3177 1409 3195 1
1420 3176 1439 3194 Ν
1449 3177 1457 3195 ι
1468 3176 1487 3195 A
1497 3176 1516 3195 T
1528 3178 1545 3195 A
1557 3188 1564 3202 ,
1587 3176 1614 3195 n.
1630 3165 1667 3203 pl.
1692 3162 1835 3201 [κινιωτυὶ]
1857 3164 2005 3193 Castellum
2018 3163 2158 3192 munitum
2169 3185 2176 3197 ,
2197 3164 2226 3191 in
2238 3163 2377 3192 Cinistena
2386 3185 2395 3198 ,
2415 3161 2458 3193 vel
2470 3160 2510 3192 Ci-

1402 3205 1513 3234 niatena
1525 3204 1639 3240 regione
1653 3203 1700 3232 sub
1716 3202 1825 3240 Olgali'y
1836 3209 1933 3231 monte
1945 3211 1953 3237 3
1975 3201 2051 3230 unde
2063 3200 2248 3236 Mithridates,
2270 3201 2408 3230 Conditor
2416 3201 2508 3234 didus,
2579 3218 2582 3229 .
2599 3187 2604 3219 l

1403 3242 1482 3271 Ponti
1494 3251 1610 3279 regnum
1624 3241 1782 3278 occupavit,
1796 3241 1821 3270 ἃ
1835 3240 1870 3268 ad
1882 3239 2048 3275 Eupatorem
2058 3239 2170 3275 posteris
2177 3238 2296 3275 reliquit.
2313 3239 2410 3268 Strabo
2418 3237 2507 3268 lib-12.
2578 3224 2604 3268 111

1365 3280 1452 3309 ΟιΝι
1463 3290 1504 3308 PH
1515 3290 1548 3308 ns
1560 3302 1568 3314 ,
1590 3280 1621 3309 is.
1644 3289 1681 3309 m.
1706 3277 1877 3307 Vermiculus
1896 3277 1934 3306 est
1956 3276 2136 3314 permolestus
2147 3298 2156 3311 ,
2183 3275 2266 3305 culici
2285 3275 2388 3306 limilis.
2435 3273 2508 3314 Apud
2535 3308 2537 3311 .
2576 3262 2604 3303 ,111

1401 3318 1582 3355 Septuaginta
1596 3317 1684 3347 Exod.
1700 3322 1725 3349 8.
1739 3319 1779 3345 16.
1794 3315 1889 3350 σκνίΦες
1903 3313 2041 3344 scribitur.
2080 3314 2196 3344 Severus
2210 3314 2349 3352 Sulpicius
2360 3311 2508 3344 inHistorin
2554 3320 2557 3331 ‘=
2575 3306 2604 3355 {ter

1402 3356 1437 3384 de
1454 3355 1592 3385 Pharaone
1604 3357 1629 3385 δι
1641 3354 1727 3392 plagis
1748 3354 1807 3390 ejus
1821 3363 1842 3383 1.
1858 3362 1900 3388 14.
1916 3363 1941 3388 4.
1966 3352 2062 3381 Donec
2077 3351 2248 3389 superductis
2268 3351 2427 3388 ciniphibus
2441 3357 2505 3380 terra
2554 3363 2556 3366 ·
2574 3349 2602 3390 ,3:⁰⁰

1400 3392 1514 3430 oppleta
1522 3393 1561 3422 est
1570 3415 1578 3428 ,
1600 3392 1735 3422 Chaldaeis
1745 3390 1894 3420 fatentibus
1906 3390 2047 3426 majestate
2058 3389 2151 3418 divina
2163 3389 2211 3418 ista
2220 3389 2286 3419 fieri.
2324 3388 2416 3419 Ifidor.
2431 3396 2469 3418 12.
2478 3391 2503 3422 8.
2574 3387 2603 3408 ²¹³¹?

1402 3432 1464 3460 Cini
1489 3431 1536 3460 hes
1551 3431 1649 3460 muscae
1663 3428 1849 3459 minutisiimae
1860 3428 1939 3461 sunt,
1960 3427 2006 3456 sed
2026 3427 2130 3456 aculeis
2141 3427 2328 3464 permolestae,
2349 3427 2446 3465 quibus
2457 3430 2504 3455 ter-
2560 3395 2569 3488 ἶ

1400 3469 1438 3497 tia
1448 3479 1465 3506 p
1480 3478 1528 3505 aga
1541 3467 1672 3506 superbus
1684 3466 1804 3505 populus
1814 3466 2005 3503 AEgyptiorum
2015 3464 2098 3494 caesus
2109 3464 2156 3494 est.
2530 3492 2531 3495 ,
2545 3495 2547 3498 ,
2571 3483 2578 3509 l

1362 3505 1432 3535 Cin
1443 3516 1472 3535 rs
1484 3528 1492 3539 ,
1513 3507 1574 3536 eris.
1598 3516 1633 3535 m.
1656 3504 1774 3541 [71'4'392‚
1789 3503 1899 3539 πολιᾷ,
1916 3499 2024 3538 mulir]
2046 3502 2137 3532 Pulvis
2152 3502 2190 3531 est
2200 3502 2228 3530 in
2239 3511 2321 3537 quem
2332 3498 2502 3532 materiausta
2558 3496 2604 3552 We

1397 3544 1538 3580 redigitur.
1581 3543 1725 3573 Feminino
1737 3550 1837 3579 genere
1847 3542 1955 3570 videtur
1966 3539 2106 3578 protulisse
2117 3539 2206 3569 Catul.
2220 3542 2264 3574 68.
2277 3549 2320 3575 90.
2468 3573 2475 3580 ι
2558 3555 2565 3582 5

1476 3581 1561 3617 Troja
1571 3602 1579 3617 ,
1600 3582 1689 3610 virum
1703 3580 1868 3610 &virtutum
1885 3579 2014 3608 omnium
2029 3577 2127 3607 acerba
2142 3578 2221 3606 cinis.
2305 3577 2386 3606 Certe
2401 3573 2500 3606 Priscin-

1396 3627 1447 3648 nus
1459 3618 1507 3648 lib.
1522 3631 1544 3653 ς.
1562 3629 1621 3656 cap.
1637 3629 1660 3648 1.
1682 3627 1738 3647 non
1749 3618 1787 3646 ita
1797 3616 1894 3654 procul
1906 3626 1920 3645 a
1937 3616 2001 3650 fine,
2021 3613 2500 3645 traditmasculinum&femininum
2544 3635 2547 3638 .
2571 3610 2603 3640 Qu*

1394 3656 1474 3686 suill'e
1488 3657 1562 3701 apud
1578 3664 1691 3686 veteres.
1731 3655 1777 3684 Sic
1787 3654 1896 3692 usurpat
1913 3655 1939 3683 &
1950 3653 2036 3683 Scrib.
2048 3652 2158 3690 Largus.
2188 3652 2218 3682 V.
2240 3652 2319 3683 infra.

1395 3695 1457 3723 Ater
1469 3695 1548 3723 cinis.
1573 3694 1643 3729 Virg.
1655 3705 1681 3728 4.
1694 3693 1754 3723 [En.
1768 3697 1831 3728 633.
2520 3689 2523 3704 l
2569 3681 2603 3725 11111

1474 3732 1601 3769 Namque
1612 3729 1685 3760 liram
1701 3731 1787 3768 patria
1797 3730 1908 3766 antiqua
1917 3729 1987 3758 cinis
1997 3733 2056 3758 ater
2072 3727 2201 3758 habebat.
2519 3705 2522 3746 1
2568 3723 2604 3757 {eng

1394 3768 1492 3798 Aridus
1502 3770 1581 3798 cinis.
1604 3769 1671 3799 Hor.
1684 3769 1772 3805 Epod.
1788 3777 1828 3805 17.
1845 3776 1887 3804 34.
2002 3782 2038 3786 —
2050 3765 2142 3796 donec
2153 3765 2223 3796 cinis
2564 3748 2603 3792 litet

1474 3806 1610 3842 injuriosis
1621 3807 1713 3836 aridus
1722 3806 1812 3834 ventis
1823 3805 1901 3834 ferar.
2563 3826 2571 3850 ,ἦ
2592 3799 2603 3829 T

1393 3843 1527 3874 Ausonius
1540 3845 1618 3873 cinis.
1642 3844 1687 3873 Sil.
1701 3844 1749 3872 lib.
1766 3853 1806 3879 ¹7·
1823 3846 1884 3878 596.
2554 3840 2604 3871 (Vile.

1486 3882 1583 3911 Videre
1595 3883 1642 3911 Eoi
1655 3881 1807 3910 monstrum
1821 3877 1982 3909 admirabile
1991 3876 2078 3911 Seres,
2515 3869 2517 3904 l
2555 3863 2597 3942 ker?

2591 3924 2604 3944 υ

1483 3918 1631 3956 Lanigeros
1643 3919 1735 3949 cinere
1746 3917 1866 3948 Ausonio
1881 3914 2024 3946 canescere
2033 3914 2120 3946 lucos.
