2667 4145
193 108 223 157 3
765 75 1362 139 PRAEFArio

193 212 309 249 nepos
322 228 331 242 ‚
359 199 419 248 qui
440 206 530 243 opus
548 192 641 230 clam
661 189 838 228 avunculo
863 182 1040 242 caseripfit
1060 183 1096 218 &
1115 178 1159 217 ad
1181 179 1352 235 federicnm

199 250 381 284 ubaldinum
399 246 527 283 Urbini
546 242 710 281 Ducem,
737 241 795 275 cui
825 237 860 272 δι
884 234 954 281 ipse
977 234 1274 287 Suro-NTmus
1298 239 1353 264 in-

197 298 392 345 scripserat,
419 291 635 331 mittendum
658 288 801 326 curavit.
851 281 1031 321 Defuntto
1049 278 1354 327 1g1turP13R01-To

197 350 289 384 circa
299 346 339 385 A,
362 351 464 392 1430,
480 340 653 378 &federico
671 337 776 376 Duce
792 339 908 386 14823
925 328 1024 364 Guido
1040 328 1084 376 [a]
1115 327 1288 368 ubaldinus,
1301 329 1354 359 Fe-

196 396 285 431 derici
304 394 349 431 fil.
377 391 560 427 Ludovicum
577 387 726 423 Odaxium
752 383 797 420 ad
825 380 1023 417 edltlonem
1043 378 1226 418 hortatur,
1255 376 1291 413 ὃς
1311 375 1355 410 ab

198 445 329 482 eodem
349 441 411 479 fibi
432 439 638 485 inscriptum
659 434 802 480 recepit.
849 428 1020 483 Proxima
1034 427 1146 464 editio
1167 430 1359 474 procurata

197 493 337 529 videtur
359 497 440 527 ante
461 486 614 535 elapsum
639 482 780 532 prorsus
807 477 1022 513 decenmum
1036 503 1046 519 ,
1072 474 1202 513 Venet.
1227 486 1241 511 1
1255 486 1280 521 4
1289 485 1310 516 9
1323 483 1356 510 2.

197 542 259 579 fol.
280 552 343 589 per
369 537 584 574 Bernardinum
601 534 637 568 de
661 531 741 565 Coris
759 528 803 565 de
824 526 1017 564 Cremona.
1067 524 1213 563 Deinde
1239 529 1359 559 autem

196 590 300 638 prelo
316 589 375 626 suo
397 586 542 633 subjecit
559 581 652 617 Aldus
668 580 824 614 Manutius
839 575 947 613 Anno
972 586 1078 621 1499.
1104 575 1165 611 ubi
1195 576 1217 590 “
1234 583 1360 620 quam-

198 643 221 660 “
246 639 398 687 plurima
418 636 500 672 loca
521 643 597 681 quae
624 631 659 665 in
687 627 762 663 aliis
785 631 866 662 ante
893 623 1063 671 impressis
1086 622 1282 660 incorrecta
1307 619 1359 656 le-

198 691 222 707 “
249 695 402 727 cuntur,
430 681 615 721 emendata
639 676 705 714 esse
724 679 742 694 ”
777 673 964 723 profitetur
996 671 1131 710 Editor.
1180 670 1277 708 Tum
1301 681 1359 705 au-

197 716 271 774 tetii
290 736 462 785 proximo
488 740 583 768 anno
607 737 711 771 1500.
734 724 871 773 prodiit
901 721 1001 760 Paris.
1024 732 1089 769 per
1115 720 1220 755 Udalr.
1245 722 1358 763 Gering

198 787 235 823 ἃ
254 783 397 820 Berthold.
424 779 555 823 Rembolt
588 777 703 813 socios
737 774 792 821 [b].
844 771 1036 818 Exemplar
1081 774 1103 788 “
1123 781 1168 807 ex
1189 763 1358 806 universis

197 839 222 854 ‘⁶
245 829 522 881 praecedentibus
541 827 765 873 castigatum,
794 822 830 858 &
848 831 1110 869 nonnunquam
1135 830 1180 855 ex
1202 819 1359 865 origina-

199 888 222 902 “
246 884 338 919 libus
367 875 629 926 diligentissime
648 873 853 923 perfectum.
868 872 886 888 ’²
935 869 1050 910 Nam,
1077 875 1117 905 ut
1146 867 1184 904 id
1210 865 1358 904 tandem

197 941 386 970 moneam,
412 929 483 975 jam
504 927 541 963 in
559 937 637 963 eam
661 924 772 959 crevit
797 920 1096 957 existimationem
1124 928 1178 954 res
1202 914 1356 956 Lexica,

197 989 236 1018 ut
250 989 373 1028 praeter
384 977 523 1014 labores
541 971 783 1022 compilandi,
811 969 964 1006 aliorum
985 969 1090 1004 etiam
1110 965 1357 1014 quiAutorem

195 1029 449 1078 sequebantur,
477 1036 560 1063 cura
583 1025 620 1059 in
641 1019 871 1060 recudendo,
899 1015 1117 1064 corrigendo
1141 1016 1176 1052 ἃ
1193 1014 1358 1062 supplen-

196 1079 246 1116 do
267 1082 501 1114 exerceretur.
551 1072 680 1120 Neque
699 1069 882 1117 dedignati
897 1066 975 1103 sunt
986 1064 1179 1114 aliquando
1191 1065 1257 1101 viri
1267 1062 1359 1100 sum-

195 1129 248 1166 mi
269 1128 305 1164 &
320 1128 357 1163 in
375 1125 484 1163 literis
499 1124 679 1171 principes
695 1131 773 1157 eam
795 1118 918 1153 limam
942 1114 1200 1153 Recentiorum
1216 1111 1358 1151 Lexicis

196 1177 411 1217 admovere,
439 1185 546 1222 quam
566 1168 771 1219 graviffimis
794 1178 839 1202 ex
859 1166 961 1202 omni
985 1164 1193 1213 antiquitate
1214 1161 1359 1199 Antori-

197 1227 263 1264 bus
283 1225 418 1262 summa
445 1234 530 1260 cum
554 1219 659 1257 laude
689 1217 882 1255 admovere
911 1213 1080 1250 solebant.
1127 1212 1257 1260 Neque
1285 1215 1358 1247 erat

197 1275 447 1315 Pmmmus
476 1273 512 1307 in
538 1269 605 1306 hac
633 1266 746 1304 laudis
773 1271 872 1313 parte
906 1269 1096 1300 extremus.
1145 1261 1242 1299 Nam
1275 1266 1359 1296 ante

197 1325 397 1363 editionem
416 1319 655 1359 Parffiensem,
683 1316 728 1353 de
747 1326 816 1364 qua
830 1312 964 1354 modo,
991 1314 1130 1356 aJoanne
1144 1313 1273 1354 Pompeio
1284 1312 1358 1343 Cor.

198 1377 285 1410 niano
301 1373 470 1411 Brixiano
489 1368 716 1408 adornatam,
744 1365 842 1410 cujus
865 1361 1050 1409 diligentia
1068 1371 1205 1397 errores
1223 1357 1359 1395 multos

198 1423 330 1463 sustulit
353 1422 480 1470 quibus
505 1417 680 1454 scatebant
705 1413 890 1452 Editiones
919 1413 1076 1459 priores,
1109 1408 1178 1446 Vir
1202 1408 1358 1445 summus

199 1474 239 1510 δι
258 1472 349 1509 ultra
368 1469 526 1507 nostrum
540 1465 762 1514 praeconium
784 1460 916 1510 positus
943 1459 1093 1506 Polydorus
1114 1457 1246 1512 f‘irgIIius
1272 1458 1294 1474 ‘⁶
1315 1456 1358 1492 li-

200 1525 224 1540 “
250 1522 447 1558 brariorum
467 1517 640 1554 incuriam
661 1510 953 1561 deprehendens,
981 1508 1128 1554 (hominu
1145 1505 1240 1540 verbis
1264 1505 1358 1551 utor)

200 1575 226 1590 “
250 1570 295 1607 ad
318 1569 504 1607 Perottum
532 1567 713 1612 integrum
740 1572 780 1598 ac
804 1557 1034 1596 emendatum
1056 1554 1246 1593 lectoribus
1272 1565 1361 1602 prae-

201 1624 225 1639 “
250 1618 411 1657 standum
428 1613 582 1656 acceffit,
610 1614 647 1649 &
669 1611 713 1648 ad
730 1608 913 1657 exemplar
941 1610 979 1643 in
1002 1605 1226 1644 Bibliotheca
1245 1602 1360 1642 Ducis

201 1673 226 1689 “
250 1668 379 1706 Urbini
394 1665 541 1714 seipsum
557 1661 721 1700 contulit.
734 1662 753 1676 ’²
778 1658 809 1696 A
828 1669 901 1707 quo
917 1655 1072 1704 proinde
1090 1654 1227 1703 prodiit
1240 1665 1362 1690 emen-

200 1719 318 1756 datior
337 1718 372 1754 &
391 1715 453 1752 fibi
465 1714 651 1750 restItutus.
700 1707 794 1744 Aldus
811 1705 942 1744 deinde
955 1707 1131 1746 Manutius,
1157 1716 1176 1741 a
1190 1714 1264 1752 quo
1285 1714 1363 1739 non

200 1767 308 1807 semel
328 1765 466 1803 videtur
481 1760 740 1807 Cornu-Copia
760 1758 854 1806 typis
874 1754 1045 1796 describi,
1072 1754 1109 1790 in
1138 1765 1179 1790 ea
1201 1752 1361 1805 editione

202 1828 311 1867 quam
334 1813 479 1863 prodire
496 1810 587 1859 juffit
602 1809 732 1847 Venet.
757 1817 862 1852 1513.
887 1804 949 1841 fol.
979 1803 1139 1841 editione
1164 1802 1276 1850 longe
1295 1813 1361 1838 cae-

201 1867 286 1905 teris
307 1861 542 1913 praeferenda,
568 1865 695 1909 praeter
712 1854 1006 1895 Commentarios
1034 1855 1191 1898 recognitos
1214 1860 1304 1899 atque
1324 1862 1363 1885 ex.

202 1913 366 1961 Archetypo
380 1910 561 1952 emendatos,
589 1911 763 1948 Varronem,
790 1905 901 1950 Festum
919 1903 987 1940 δίε.
1009 1902 1112 1950 operi
1125 1899 1288 1947 subjecit,
1313 1900 1361 1942 &‚

204 1962 306 2014 quod
331 1973 407 1999 non
432 1971 559 2009 parum
593 1964 653 1995 aut
679 1955 839 1993 utilitatis
869 1960 928 1990 aut
951 1953 1078 1988 nitoris
1102 1949 1188 1987 huic
1209 1948 1362 1986 editioni

204 2013 364 2054 confert,
391 2013 528 2047 Nonium
554 2006 753 2046 Marcellum,
782 2004 841 2041 cui
869 2008 948 2039 tum
973 2002 1131 2049 primum
1158 2000 1260 2036 tertia
1288 1999 1361 2035 fere

202 2074 284 2113 pars
304 2060 421 2098 addita
443 2064 534 2100 erat,
562 2057 599 2093 δε
617 2055 736 2092 multae
769 2058 937 2101 praeterea
962 2049 1250 2090 emendationes,
1276 2059 1362 2097 quas

204 2116 243 2151 in
266 2118 347 2149 ante
370 2106 540 2156 impressis
553 2105 674 2143 frustra
695 2101 908 2153 quaefiveris‚
936 2111 1046 2148 opera
1065 2099 1101 2135 ὅτ.
1119 2098 1304 2145 diligentia
1319 2095 1364 2133 ad

205 2173 285 2200 eam
304 2171 380 2196 rem
396 2157 474 2195 usus
494 2160 542 2202 Jo.
563 2153 698 2200 Jucundi
723 2152 765 2198 [c]
789 2148 1006 2188 Veronensis
1024 2149 1085 2197 qui
1104 2149 1142 2184 in
1165 2146 1281 2184 Gallia
1301 2150 1364 2181 No-

204 2215 288 2248 nium
310 2220 394 2245 curn
419 2206 571 2254 antiquis
606 2201 760 2240 contulit
782 2199 1056 2246 exemplaribus.
1107 2196 1262 2244 Polydori,
1292 2198 1365 2229 Cor-

205 2262 287 2296 niani
307 2259 343 2295 δε
365 2256 438 2291 Λίάὶ
451 2254 633 2292 laboribus
649 2249 804 2289 successit
818 2250 872 2285 vir
886 2246 1100 2284 doffiffimus
1123 2245 1288 2281 Valentinus
1301 2247 1365 2278 Cu-

205 2313 264 2350 rio,
290 2306 386 2345 Bafil.
410 2311 511 2348 1526.
535 2313 639 2347 1532.
659 2301 695 2337 δι
712 2299 814 2340 alibi,
841 2299 902 2347 qui
922 2303 1047 2345 praeter
1066 2305 1214 2343 operam
1233 2295 1270 2330 in
1290 2292 1365 2330 Pe-

206 2370 231 2396 ι
241 2370 264 2395 o
275 2369 331 2394 'rT
342 2368 365 2393 o
387 2355 573 2401 sumptam,
589 2351 705 2388 socios
724 2348 885 2395 adjunxit
904 2349 1060 2380 Varronem
1070 2370 1080 2386 ‚
1105 2345 1217 2390 Festum
1228 2343 1264 2379 ὃς
1275 2345 1367 2377 Mar.

205 2407 318 2443 ceHnm.
367 2403 472 2449 Quos
500 2400 783 2439 Grammaticos,
808 2399 945 2432 Nonium
963 2395 1159 2442 praecipue,
1184 2392 1366 2429 illustravit

208 2457 246 2493 &
273 2467 318 2492 ex
337 2453 430 2492 Cod.
457 2451 567 2488 veteri
591 2449 712 2497 saepius
733 2444 937 2483 emendavit
961 2442 1056 2478 Mich.
1085 2446 1227 2478 Reatinus.
1278 2439 1367 2478 Pro-

208 2505 275 2542 diit
295 2515 381 2540 vero
406 2502 615 2539 Panor‘m
647 2495 889 2542 Cornucopiae
919 2492 1062 2540 saepius‚
1088 2503 1134 2528 ne
1160 2492 1197 2527 in
1221 2489 1367 2538 singulis

208 2556 398 2593 immorer,
430 2551 537 2588 Anno
562 2548 605 2585 sc.
633 2558 735 2592 1504.
761 2543 861 2581 Paris.
883 2548 987 2586 1506.
1012 2552 1076 2589 per
1102 2539 1169 2586 Joh.
1190 2538 1276 2583 Pruss
1303 2538 1368 2576 Ar..

208 2604 408 2651 gentinum.
435 2610 537 2643 1521·
564 2596 633 2634 Bas.
659 2596 866 2641 Iterumque
888 2591 972 2647 ibid.
991 2596 1094 2646 1536.
1120 2588 1243 2645 Deliis
1255 2587 1369 2644 Com-

208 2651 392 2691 mentariis
413 2649 506 2685 istius
524 2647 632 2683 aetatis
652 2645 819 2681 homines
841 2652 964 2678 omnia
983 2646 1121 2686 optima
1131 2641 1256 2676 1entire
1269 2637 1305 2675 &
1317 2636 1369 2675 dt-

210 2712 302 2738 cere.
352 2699 474 2737 Sistam
495 2697 580 2738 tibi,
607 2693 737 2735 letior,
763 2693 893 2728 iterum
912 2691 1088 2731 Latmum,

377 2799 479 2830 Cornu
497 2791 590 2828 nobile
615 2793 707 2836 Copiae
725 2789 835 2825 Perotti

375 2847 449 2880 Non
467 2842 554 2892 quale
575 2840 682 2876 Olenia
698 2850 770 2886 puer
791 2836 912 2884 Capella

248 2979 296 3015 [ᾳ]
316 2980 396 3007 odax.
420 2978 451 3008 in
472 2976 577 3016 praefat.
617 2975 638 2991 ‘¹
652 2973 717 3018 Hoc
736 2981 808 3018 opus
824 2981 878 3010 ego
895 2970 1032 3010 proximis
1046 2967 1187 3014 mensibus
1201 2964 1273 3013 iuffu
1284 2968 1311 2999 ἀ
1323 2977 1372 2999 au-

212 3017 234 3070 ἶῖ
253 3014 631 3084 ἓὲἷῖἓὲηξῖἓάἷῗὲἓῗὲἶῃὲπ
641 3008 1370 3087 ιῗὲῗέἑᾶιῖἕῑὲἒεέἶάεῖἓὶἪέῗὲἓυῗέῗίἷέῗέ·

211 3101 297 3128 quam
315 3098 420 3122 certum
438 3092 478 3122 est
496 3075 629 3129 prodiisse
648 3089 720 3118 intra
738 3084 805 3117 ann.
826 3091 906 3129 1483.
937 3086 963 3115 δε
986 3087 1064 3120 148⁶·
1085 3082 1135 3113 sub
1154 3093 1189 3113 eo
1204 3082 1240 3112 sc.
1259 3066 1372 3126 tempo:

212 3130 250 3159 ris
275 3129 419 3158 intervallo
433 3151 442 3165 ‚
462 3138 519 3167 quo
536 3128 616 3156 Guido
639 3125 778 3156 Ubaldinus
797 3123 895 3154 Urbim
914 3122 1054 3152 Ducatum
1068 3119 1154 3158 gestit.
1196 3119 1311 3150 Fallitur
1330 3129 1371 3149 er-

212 3176 248 3204 go
269 3171 312 3194 Du
327 3167 451 3202 cangius.
472 3165 519 3204 qui
542 3166 571 3195 in
590 3164 695 3203 praefat.
717 3163 754 3192 ad
781 3160 961 3196 Glossarium,
993 3160 1049 3190 hoc
1067 3167 1141 3196 opus
1165 3157 1371 3196 Cornu-Copiae

212 3204 263 3235 sub
282 3213 387 3233 annum
413 3213 492 3240 ¹470-
515 3201 653 3242 publicari
673 3200 832 3242 existiman
855 3236 863 3242 ·
1340 3233 1346 3239 ·
1363 3233 1370 3239 .

250 3240 296 3278 [b]
316 3240 429 3270 Videbis
459 3242 532 3271 hanc
557 3240 718 3270 Editionem
745 3235 864 3268 describi
886 3234 963 3274 apud
990 3233 1090 3264 Annal.
1117 3232 1299 3272 Typograph.
1319 3243 1371 3264 viri

174 3292 177 3300 =
211 3277 422 3318 praestantiffimi
441 3279 519 3308 Mich.
532 3280 658 3306 Manain
670 3276 705 3307 T.
722 3285 745 3306 r.
766 3285 795 3313 p.
808 3281 871 3310 225.

250 3316 294 3359 [c]
312 3316 338 3352 ᾳ.
357 3315 486 3352 qucundus
512 3315 678 3346 Veronensis
692 3312 790 3344 claruit
809 3314 890 3342 Anno
914 3315 995 3346 15¹8.
1028 3309 1229 3347 Praeceptorem
1245 3306 1325 3338 suum
1344 3309 1372 3339 Sc

211 3363 340 3383 omnium
356 3353 492 3382 bonarum
512 3354 611 3382 artium
630 3359 753 3383 veterem
763 3358 921 3386 novamque
932 3347 1134 3378 bibliothecam
1149 3345 1272 3386 appellat
1285 3346 1372 3383 scalig.

212 3392 242 3421 in
260 3391 380 3421 Exercit.
398 3399 460 3425 10⁴-
491 3390 522 3420 V.
543 3393 638 3425 Pignor.
650 3388 775 3428 symbol.
787 3387 900 3426 Epistol.
916 3396 944 3423 p.
956 3394 1002 3416 20.

250 3428 297 3464 [d]
317 3428 394 3458 Alius
415 3428 453 3457 est
469 3427 611 3464 Ambrosius
635 3428 767 3463 Calepinus
787 3426 834 3463 qui
853 3422 942 3454 edidit
966 3429 1023 3452 ties
1042 3428 1136 3452 tomos
1156 3420 1251 3451 Praxis
1275 3420 1372 3450 Eccle-

211 3466 322 3495 siasticae
343 3464 510 3496 Criminalis.
549 3465 655 3495 Floruit
670 3464 746 3495 enim
766 3464 828 3503 post
840 3462 941 3500 integri
959 3460 1052 3491 saeculi
1071 3457 1373 3497 intervallum&quod

212 3509 351 3576 exfengte
369 3540 458 3569 nihilo
475 3540 531 3575 est,
558 3539 660 3575 credo,
680 3540 757 3576 quod
785 3537 928 3568 Borricbim
942 3537 974 3565 in
998 3528 1099 3566 disskrt-
1121 3534 1158 3564 de
1179 3533 1288 3564 Lexicis
1308 3536 1374 3561 Am-

208 3577 312 3614 brofium
327 3577 450 3608 nostrum
469 3577 587 3607 Comitis
606 3578 643 3606 de
667 3576 783 3615 Calepio
798 3578 837 3607 ait
852 3572 931 3606 fuiffe
944 3573 1044 3604 filium.
1082 3571 1162 3603 Nihil
1180 3572 1217 3602 de
1237 3581 1270 3602 ea
1287 3581 1372 3611 gene·

1431 68 1558 125 Edit.
1590 68 1787 123 Londin.
1827 86 1852 125 1
1863 83 1901 138 7
1913 83 1944 138 3
1955 83 1997 139 ς.

1574 176 1682 210 Sanxit
1703 177 1841 218 Jupiter,
1867 173 2030 221 intulitque
2052 173 2133 209 caelot

1575 225 1644 258 Aut
1659 223 1745 270 quale
1767 223 1913 258 Herculea
1934 235 2027 257 manu
2046 223 2221 266 revulfitmj

1577 271 1668 306 AEcolt
1683 270 1777 318 fluvii
1794 282 1918 316 perenne
1942 272 2068 312 vulnus,

1580 320 1690 364 Thymo
1709 318 1747 360 (ᾗ
1764 320 1882 355 baccare
1899 320 2032 355 Naiades
2048 320 2214 365 replerunt:

1580 372 1627 403 At
1650 367 1765 402 datium
1788 372 1968 417 variumque
1982 366 2215 416 multiplexque,

1581 420 1619 451 Et
1639 417 1744 451 canaiis
1760 417 1851 462 opibus
1879 416 2081 464 cupediisque,

1588 469 1673 508 Quas
1689 465 1785 510 Musae
1805 465 1970 501 Oenotrides
1993 474 2094 499 amant
2109 490 2120 507 ,
2144 464 2298 510 refertum.

1581 516 1643 548 Hic
1659 514 1703 548 ille
1726 516 1761 560 est
1782 514 1854 550 liber
1865 541 1875 557 ,
1901 514 1945 548 ille
1961 514 2116 548 Martialis

1582 565 1751 606 Interpres‚
1775 567 1868 598 Latiae
1890 563 1938 597 illa
1961 561 2062 608 lingua
2091 562 2218 609 lingua,

1583 613 1686 646 Cornu
1711 611 1805 647 nobile
1825 613 1918 658 Copia
1941 612 2062 646 Perotti.

1419 709 1662 756 AdJ'ungamus
1683 710 1864 755 Gesnerum3
1916 712 1939 727 “
1961 705 2048 747 Haec
2067 719 2148 758 pars
2171 715 2279 757 quam
2293 704 2466 744 habemus
2481 705 2588 755 plena

1419 765 1444 781 ‘⁶
1468 758 1515 796 est
1532 757 1744 805 Philologiae
1766 759 1802 796 &
1828 758 2039 796 eruditionis
2063 760 2185 800 variae,
2213 767 2260 793 ex
2280 756 2427 804 optimis
2448 755 2589 804 quibus-

1419 812 1442 827 “
1465 819 1534 856 que
1549 813 1710 843 veterum
1729 807 1923 845 denfissima
1941 808 2143 845 testimonia
2166 808 2277 843 citans
2297 804 2488 853 multiplici
2499 806 2586 842 cu'm

1419 862 1442 877 “
1468 857 1511 893 ad
1528 867 1647 892 rerum
1671 862 1750 894 tum
1773 857 1817 894 ad
1834 856 2096 894 vocabulorum
2117 856 2368 904 cognitionem
2391 855 2463 892 usu.
2477 855 2496 872 '’
2520 857 2586 888 Lu-

1419 907 1513 942 dovic.
1542 906 1630 941 item
1653 907 1778 944 Viventi
1828 909 1851 924 “
1868 905 1950 943 Nic.
1974 905 2111 943 Perotti
2137 904 2412 952 Cornu-copiae,
2435 902 2460 940 fi
2482 910 2585 941 vacet

1418 960 1442 975 ‘⁶
1467 955 1603 1002 legere,
1629 964 1707 990 non
1724 955 1919 1002 poenitebit
1950 955 2137 992 collocatae
2165 956 2204 991 in
2230 965 2275 990 eo
2304 954 2464 1001 operae.”
2515 955 2585 987 Tri-

1416 1006 1561 1041 themium
1579 1014 1745 1051 quoque3
1793 1007 1815 1022 “
1833 1002 2006 1041 Nicolaus
2035 1002 2200 1042 Perottus
2228 999 2519 1040 Saxoferratenfis
2544 1002 2584 1039 Sc

1419 1059 1442 1074 “
1467 1053 1677 1100 Sipontinus
1695 1051 1909 1101 Episcopus,
1938 1054 1993 1089 vir
2011 1054 2048 1090 in
2069 1053 2199 1090 divinis
2224 1052 2403 1100 scripturis
2424 1049 2583 1089 eruditis-

1419 1107 1442 1123 “
1467 1101 1572 1138 fimus
1593 1102 1629 1137 δι
1647 1102 1686 1138 in
1702 1101 1918 1139 saecularibus
1946 1102 2057 1140 literis
2078 1103 2168 1140 nulli
2192 1102 2253 1139 suo
2274 1108 2441 1148 tempore
2462 1100 2585 1138 secun-

1418 1157 1443 1173 “
1468 1152 1552 1192 dus,
1579 1151 1742 1198 egregius
1764 1151 2000 1200 Theologus,
2027 1163 2067 1189 ac
2092 1152 2217 1190 rhetor
2245 1149 2502 1193 disertissimus,
2528 1151 2584 1186 in-

1420 1206 1445 1223 “
1467 1202 1577 1249 genio
1598 1211 1695 1241 acer,
1725 1201 1761 1236 &
1783 1202 1854 1237 vita
1879 1201 2076 1249 praeclarus.
2132 1199 2277 1248 Scripsit
2301 1199 2464 1249 quaedam
2482 1197 2582 1237 lucu·

1420 1256 1445 1274 “
1469 1251 1563 1288 lenta
1586 1248 1775 1297 opuscula,
1803 1250 1931 1298 quibus
1957 1261 2094 1287 nomen
2126 1250 2226 1287 suum
2245 1249 2394 1297 posteris
2422 1247 2585 1286 notifica-

1421 1305 1444 1321 “
1470 1302 1529 1337 vit.
1577 1297 1605 1335 E
1625 1299 1753 1347 quibus
1773 1305 1870 1335 extat
1889 1310 1981 1346 opus
2004 1299 2140 1349 insigne
2169 1299 2311 1336 duobus
2337 1298 2586 1335 voluminibus

1420 1354 1444 1370 “
1469 1348 1638 1389 divisum,
1665 1349 1702 1385 in
1721 1346 2082 1388 MarcumValerium
2092 1348 2297 1387 Martialem
2316 1354 2475 1396 poetam,
2503 1359 2585 1384 om-

1421 1403 1446 1418 “
1473 1410 1557 1436 nem
1577 1396 1694 1434 Latini
1711 1397 1883 1434 sermonis
1903 1397 2136 1446 elegantiam,
2160 1399 2340 1435 rationem
2358 1398 2395 1434 &
2420 1396 2586 1434 enuclea-

1421 1452 1445 1469 “
1469 1450 1608 1485 tionem
1643 1445 1884 1493 pulcherrime
1919 1447 2186 1495 complestens‚
2235 1446 2337 1495 quod
2370 1442 2585 1494 praenota'vit

1422 1502 1446 1517 “
1470 1496 1827 1536 Commentariorum
1844 1495 1976 1544 linguae
1988 1495 2123 1534 Latinae
2143 1495 2340 1539 volumen,
2368 1495 2439 1533 five
2456 1503 2496 1534 ut
2507 1494 2588 1533 vul-

1422 1552 1446 1567 “
1469 1558 1519 1596 go
1541 1544 1755 1594 appellatur,
1780 1544 2079 1593 Cornu-copiam.
2096 1549 2115 1563 ”
2170 1544 2304 1583 Eadem
2334 1545 2407 1582 fere
2435 1545 2480 1582 ad
2506 1556 2587 1582 ver-

1419 1599 1529 1640 bum,
1556 1602 1596 1632 ut
1619 1605 1699 1630 mos
1720 1594 1788 1636 est,
1814 1597 1881 1639 Jac.
1898 1595 1973 1630 Phil.
1989 1597 2118 1641 Bergom.
2140 1593 2324 1643 Supplem.
2348 1594 2522 1633 Chronic.
2546 1594 2586 1632 Sc

1421 1646 1604 1685 Chronica
1627 1643 1901 1681 Chronicarum.
1951 1643 2059 1681 Recte
2088 1645 2176 1681 item
2195 1647 2228 1678 Ρ.
2249 1646 2373 1689 Jovius3
2422 1647 2446 1662 “
2470 1642 2586 1682 Com.

1423 1700 1446 1715 “
1471 1695 1588 1744 posuit
1607 1704 1753 1743 quoque
1776 1692 1951 1730 volumen
1969 1692 2233 1731 Commentarii
2261 1693 2413 1730 nomine
2431 1694 2469 1730 in
2486 1692 2585 1731 Mar-

1423 1749 1447 1764 “
1472 1745 1612 1785 tialem,
1640 1742 1916 1790 Cornu-cop1ae‚
1942 1741 2107 1791 usurpato
2125 1749 2244 1780 vetere
2266 1740 2395 1780 Graeco
2414 1741 2587 1780 lemmate

1423 1799 1450 1816 “
1470 1798 1734 1840 nuncupatum,
1761 1791 1913 1840 perutile
1932 1791 2081 1840 quidem
2100 1804 2141 1829 ac
2159 1791 2208 1829 ob
2235 1790 2272 1828 id
2293 1790 2433 1829 fortasse
2460 1793 2589 1840 sempi-

1423 1848 1446 1863 “
1468 1851 1619 1881 ternum.
1632 1845 1649 1859 ’'
1699 1840 1965 1890 Sempiternum
1987 1841 2170 1889 profedto,
2202 1851 2287 1877 cum
2316 1852 2362 1877 ex
2388 1841 2463 1878 hoc
2490 1839 2587 1891 quafi

1423 1895 1570 1932 stamine
1591 1897 1801 1940 perpetuam
1823 1889 1933 1928 telam
1957 1889 2127 1928 duxerint
2141 1917 2153 1934 ,
2177 1901 2256 1939 quae
2274 1889 2398 1928 secutae
2424 1888 2492 1928 fint
2517 1889 2588 1929 Le·-

1422 1941 1731 1993 xicographorum
1753 1950 1882 1988 operae.

1731 2037 1776 2076 Et
1794 2049 1878 2076 ecce
1892 2043 2039 2076 exortus
2057 2037 2378 2078 estCALEPINUS
2390 2037 2459 2087 [111.
2476 2050 2589 2090 quem

1683 2087 1790 2125 alieni
1807 2088 1938 2125 laboris
1957 2099 2034 2125 non
2056 2089 2233 2136 pudebat,
2258 2100 2342 2126 cum
2356 2092 2508 2124 Perottum
2525 2101 2588 2127 ex-

1424 2138 1608 2180 scriberet,
1634 2148 1742 2185 quem
1764 2142 1880 2185 prope
1904 2137 2062 2185 pudebat
2094 2137 2153 2175 sui.
2203 2138 2473 2176 Ammonos
2507 2138 2588 2177 CA-

1426 2199 1615 2224 LEPINUS
1646 2185 1893 2234 Bergomenfis
1921 2186 2071 2225 Ordinis
2092 2187 2125 2224 S.
2155 2186 2340 2236 Augustini
2364 2186 2589 2226 Eremitanus

1426 2239 1557 2282 Calepini
1572 2248 1709 2273 nomen
1729 2247 1748 2272 a
1770 2235 1921 2283 Calepio
1948 2234 1990 2282 [e]
2018 2235 2343 2274 Cenomannorum
2367 2237 2509 2284 oppido
2528 2237 2590 2274 de-

1426 2288 1573 2331 rivavit3
1600 2285 1712 2322 multa
1734 2286 1770 2321 &
1793 2286 1932 2333 pietatis
1955 2286 1991 2321 δε
2010 2284 2192 2323 literarum
2209 2286 2313 2323 laude
2332 2287 2511 2323 excellens
2528 2298 2590 2324 ex.

1427 2342 1533 2372 eunte
1559 2335 1684 2372 saeculo
1707 2346 1761 2378 15.
1802 2335 1838 2371 ὃς
1863 2336 2009 2371 ineunte
2035 2341 2088 2371 16.
2138 2334 2294 2373 Videtur
2322 2334 2413 2372 nihil
2439 2336 2590 2384 posteris

1427 2384 1602 2432 reliquisse
1620 2392 1746 2432 praeter
1769 2383 2033 2421 Didionarium
2050 2384 2126 2421 satis
2144 2393 2284 2422 notum.
2332 2385 2427 2422 Nam
2446 2396 2523 2434 quae
2542 2385 2588 2422 de

1427 2433 1534 2471 Urbis
1555 2434 1787 2471 Venetiarum
1808 2433 1971 2470 laudibus
1997 2445 2016 2470 a
2043 2434 2228 2471 nonnullis
2255 2435 2470 2472 existimatur
2499 2446 2589 2472 con-

1424 2065 1657 2097 Cumanus.

1429 2482 1599 2524 chmaffe,
1627 2483 1717 2519 nihil
1736 2482 1831 2519 aliud
1853 2483 1900 2519 est
1919 2481 1983 2519 nifi
1998 2489 2096 2519 curta
2113 2484 2242 2520 notitia
2261 2484 2354 2521 istius
2368 2485 2462 2520 urbis
2480 2496 2588 2533 quam

1428 2544 1510 2570 cum
1529 2536 1594 2577 Jac.
1612 2532 1734 2576 Philippo
1749 2531 1981 2579 Bergomenfi
2010 2539 2097 2569 tunc
2122 2534 2297 2580 temporis
2324 2532 2590 2571 Chronicarum

1428 2582 1714 2630 supplementum
1733 2581 1927 2618 meditante
1944 2582 2236 2618 communicavit.
2284 2582 2336 2620 Ita
2355 2584 2452 2619 enim
2472 2582 2532 2620 ille
2551 2584 2590 2622 in

1427 2631 1474 2668 V.
1526 2634 1548 2649 “
1574 2631 1734 2668 Venetiae
1754 2632 1874 2667 civitas
1901 2629 2068 2678 infignis,
2086 2631 2228 2667 ——de
2250 2633 2347 2680 quus
2370 2631 2473 2669 laude
2497 2644 2590 2682 quo-

1430 2684 1453 2700 “
1480 2682 1575 2717 niam
1596 2680 1689 2729 apud
1700 2679 1827 2728 Jacobi
1844 2679 2002 2727 Philippi
2017 2679 2237 2717 Chronicam
2253 2693 2272 2718 a
2288 2681 2394 2717 nobis
2411 2681 2480 2718 late
2500 2693 2591 2719 con-

1427 2733 1452 2752 “
1476 2730 1611 2778 gestum
1634 2731 1698 2771 est,
1735 2729 1902 2766 duximus
1937 2728 2190 2766 omittendum.
2206 2732 2225 2747 ''
2275 2729 2381 2769 Obiit
2418 2729 2591 2779 Bergomi

1427 2781 1528 2817 annis
1542 2779 1740 2816 cumulatus
1763 2780 1801 2815 A.
1824 2789 1917 2822 1510
1933 2776 2001 2823 [f].
2030 2779 2066 2814 &
2082 2779 2119 2814 in
2135 2777 2288 2817 Ecclesia
2305 2779 2337 2817 S.
2349 2781 2504 2825 Augustini
2523 2781 2590 2818 ibi-

1427 2829 1512 2867 dem
1533 2827 1604 2866 fine
1628 2828 1700 2866 ulla
1725 2828 1957 2876 inscriptione
1974 2826 2142 2865 humatur
2166 2825 2225 2874 [gJ.
2271 2828 2350 2868 Diu
2376 2830 2520 2878 vigebat
2540 2829 2590 2867 fa.

2529 2891 2590 2917 ma

1428 2964 1466 2997 ris
1488 2964 1613 2996 claritate
1639 2968 1798 2995 memorant
1827 2961 1874 3000 qui
1901 2962 2131 2993 Garamum
2158 2968 2239 2994 aetate
2265 2962 2393 3002 proxime
2416 2963 2590 3002 attigerunt,

1426 3004 1580 3032 Tn‘themius
1601 3010 1687 3042 puta,
1709 3003 1745 3032 de
1758 3001 1891 3039 Scriptor.
1909 3001 2010 3031 Eccles.
2032 3002 2142 3029 Leander
2154 3001 2276 3029 Albertua
2293 3002 2323 3031 in
2340 3001 2526 3040 descriptione
2536 3003 2589 3032 lta.

1427 3041 1472 3072 liae
1486 3064 1494 3077 ,
1523 3043 1549 3071 &
1569 3041 1623 3078 flac.
1652 3041 1754 3077 Philipp.
1778 3039 1967 3077 Bergomensss
1988 3040 2100 3075 Calepini
2122 3040 2148 3069 &
2176 3039 2381 3070 Conterraneus
2403 3042 2430 3070 ἃ
2453 3040 2587 3078 AEqualis.

1428 3080 1604 3110 Contrarium
1623 3078 1713 3116 magis
1735 3086 1832 3107 omnes
1847 3086 1917 3114 quos
1935 3077 2066 3106 vidimus.
2107 3075 2138 3106 V.
2161 3078 2229 3104 Hier.
2254 3080 2369 3114 Magium
2390 3078 2438 3115 qui
2460 3078 2590 3108 laudatur

1427 3118 1510 3147 infra.
1551 3117 1694 3147 Natalium
1723 3121 1799 3144 certe
1825 3114 2004 3152 splendorem
2035 3114 2151 3144 minime
2175 3114 2342 3145 confirmant
2366 3125 2398 3145 ea
2424 3125 2485 3153 quae
2504 3115 2590 3146 habet

1428 3155 1487 3209 i‘pse
1509 3156 1538 3184 in
1559 3155 1664 3221 pagati
1683 3153 1875 3219 1hEditiplrtiis.
1918 3154 1937 3168 “
1952 3151 1986 3182 Et
2000 3159 2090 3190 neque
2106 3152 2363 3220 diciamffiffiffffiuss
2375 3152 2528 3198 refragante
2542 3163 2592 3198 na-

1429 3232 1450 3247 «ι
1469 3201 1532 3261 {ff}
1545 3198 1812 3269 “gitrissuinfaffitss
1832 3198 2184 3258 3353131.¹³5q⁰{0r¹355251¹57¹25
2188 3193 2290 3266 ῗξέἒέυι
2306 3192 2450 3258 litigi?
2459 3190 2592 3259 32¹3an

1428 3266 1540 3299 induxit
1559 3266 1676 3296 Ghilinus
1696 3267 1724 3295 in
1749 3268 1840 3292 Temo
1863 3264 2001 3293 d'huomini
2021 3267 2156 3296 letterati:
2179 3269 2215 3293 La
2235 3266 2285 3302 sua
2309 3265 2451 3301 nobiliffima
2472 3266 2590 3304 fhmigliu

1423 3306 1558 3344 principale
1580 3306 1607 3332 in
1632 3309 1748 3340 Bergamo
1769 3302 1805 3330 ha
1826 3304 1918 3339 origine
1942 3305 1974 3331 da
2003 3303 2104 3338 calepio
2119 3324 2128 3338 ,Ι
2148 3304 2188 3330 del
2228 3305 2273 3330 καί
2295 3299 2412 3340 villa-egio
2436 3306 2445 3331 i
2465 3303 2523 3342 suoi
2542 3315 2591 3333 an-

1426 3346 1510 3372 tenati
1532 3343 1620 3380 furano
1644 3343 1728 3370 Comi.
1769 3339 1844 3370 Tum
1863 3350 1931 3370 vero
1953 3340 2054 3378 postea.
2098 3340 2159 3377 Vest}
2175 3340 2195 3368 il
2219 3351 2274 3368 aceo
2289 3340 2375 3368 habito
2398 3341 2481 3369 Panna
2508 3348 2591 3378 1458,

1427 3381 1462 3415 ὠ·
1485 3378 1641 3416 chiamavafi
1664 3381 1689 3406 al
1707 3378 1785 3415 secolo
1809 3378 1829 3405 il
1852 3379 1930 3406 conte
1946 3380 2062 3405 Giacomo
2085 3380 2184 3415 Calepio
2206 3376 2275 3415 figlio
2298 3379 2339 3406 del
2357 3382 2436 3406 Come
2461 3381 2593 3416 TruJardo.

1428 3416 1573 3456 Calepium
1593 3416 1730 3455 oppidum
1749 3415 1787 3445 est
1806 3416 1834 3444 in
1859 3415 2048 3445 Cenomannis
2068 3416 2103 3445 ad
2130 3426 2172 3451 ¹4·
2195 3415 2320 3453 lapidem
2344 3425 2360 3446 a
2378 3415 2516 3454 Bergomo
2535 3418 2593 3448 Bri-

1427 3457 1503 3486 xiam
1520 3454 1614 3484 versus
1629 3455 1665 3484 ad
1682 3453 1770 3483 colles
1790 3453 1820 3482 in
1842 3451 1944 3483 sinistra
1967 3459 2046 3490 parte
2065 3453 2194 3491 positum.
2216 3454 2234 3490 †

1467 3493 1526 3530 [f]
1548 3492 1651 3522 Errasl'e
1670 3498 1739 3528 puto
1755 3492 1844 3526 Konig.
1865 3490 1995 3520 Biblioth.
2013 3490 2074 3521 Vet.
2090 3493 2116 3522 &
2133 3492 2205 3522 Nov.
2225 3492 2273 3529 qui
2292 3490 2328 3522 ad
2341 3491 2371 3521 A.
2388 3499 2469 3529 ηις.
2494 3493 2589 3524 refert.

1428 3530 1494 3568 Quo
1508 3530 1594 3559 etiam
1610 3537 1702 3558 errore
1716 3535 1826 3558 tenetur
1846 3529 1985 3557 Baillmus.

1465 3568 1511 3606 [g]
1531 3567 1564 3598 In
1585 3566 1679 3598 lucem
1695 3567 1787 3597 editus
1806 3564 1887 3596 fuisse
1908 3566 2021 3596 videtur
2035 3566 2110 3598 circa
2129 3566 2241 3597 Annum
2259 3576 2339 3604 ¹440·
2361 3566 2428 3603 Ejus
2443 3567 2518 3598 enim
2534 3566 2593 3599 fere

2503 3608 2594 3638 aetatis

203 3656 2603 3678 ww*

247 3696 265 3729 †
286 3693 326 3723 En
340 3693 424 3723 verba
440 3692 543 3722 Donati
560 3691 657 3726 Calvi,
678 3690 849 3730 Bergomatis
867 3691 935 3719 item
955 3689 1116 3727 scriptoris,
1138 3688 1165 3717 ἃ
1180 3685 1271 3725 inepti
1290 3684 1374 3715 valde

208 3731 360 3761 laudatoris
387 3730 530 3768 popularis
558 3728 614 3765 sui,
636 3730 665 3758 in
683 3733 756 3756 Stena
779 3733 919 3755 Lenerarm
941 3728 971 3755 de
988 3729 1023 3764 gli·
1047 3726 1162 3754 scrittori
1178 3722 1371 3761 Bergamaschi,

210 3770 256 3799 ed.
280 3768 408 3805 Bergomi
427 3769 455 3796 in
477 3774 535 3802 4t0.
559 3770 638 3802 ¹⁶⁶4·
670 3767 768 3802 quibus
788 3765 895 3795 Ghilini
915 3765 1113 3799 narrationem,
1135 3763 1210 3799 (quae
1230 3760 1373 3797 &cangio

208 3807 286 3837 Praef.
308 3805 392 3835 Gioff.
413 3806 434 3841 §.
452 3815 516 3834 ιιι.
534 3803 657 3840 suspesta
670 3805 756 3839 fuit‚)
777 3802 938 3832 confirmat:
961 3806 1018 3829 Non
1035 3802 1061 3838 si
1079 3808 1127 3837 pue
1139 3801 1197 3838 fare
1212 3798 1373 3834 d’Ambraga'o

209 3845 325 3880 Calepino
348 3843 464 3868 memoria
477 3863 486 3876 ,
517 3842 560 3868 che
579 3851 627 3867 non
647 3841 671 3876 fi
691 3841 826 3867 rammenu‘
850 3849 884 3865 un
901 3840 974 3874 tuglio
995 3849 1042 3867 non
1063 3848 1133 3866 meno
1153 3838 1215 3864 della
1240 3840 1372 3868 Fortuna,

209 3891 257 3918 que
277 3882 335 3908 delle
351 3882 447 3906 Lettere
461 3898 467 3907 .
487 3888 522 3905 un
548 3879 657 3913 Prodigia
680 3888 728 3904 non
749 3886 818 3905 meno
845 3878 906 3902 della
919 3883 987 3902 sorte
1002 3896 1009 3907 ‚
1036 3886 1084 3913 que
1107 3875 1149 3902 del
1171 3878 1265 3910 Sapen.
1305 3875 1373 3901 sorti

209 3919 262 3956 qui«
275 3917 319 3953 gii·
337 3917 365 3946 in
384 3918 500 3945 Genitore
515 3916 535 3943 il
545 3919 623 3943 Conna
636 3916 759 3951 Trusardo
774 3914 887 3948 Caleppio
903 3915 1048 3941 fumiaran'a
1065 3913 1125 3940 dulia
1148 3910 1212 3940 Valle
1233 3915 1271 3940 cot
1291 3911 1372 3947 medua

1426 3680 1487 3718 fimo
1501 3690 1613 3718 cognome
1633 3679 1778 3714 thamara,
1812 3687 1854 3706 ma
1878 3676 1899 3705 il
1920 3677 1983 3706 dirlo
2003 3677 2070 3715 prole
2085 3678 2146 3705 della
2168 3678 2254 3706 Gloria
2268 3676 2370 3714 [arebba
2390 3679 2418 3707 al
2433 3680 2482 3717 suo
2504 3683 2597 3710 merito

1425 3719 1472 3756 pila
1496 3722 1617 3754 adeguato
1630 3739 1638 3752 ,
1670 3727 1718 3744 non
1733 3715 1847 3754 r'effando
1863 3717 1981 3752 scrittore
1993 3738 2002 3752 ‚
2037 3715 2080 3743 che
2095 3714 2196 3743 n’habbi
2217 3725 2261 3743 con
2282 3722 2358 3743 tanta
2370 3717 2471 3753 felicita
2493 3725 2594 3747 toccum

1428 3758 1454 3784 la
1476 3764 1542 3783 meta
1553 3776 1560 3788 ‚
1581 3755 1614 3788 &
1632 3755 1653 3782 il
1663 3755 1735 3790 pallio
1750 3754 1895 3790 consegus'to.
1932 3752 2011 3782 Idem
2028 3753 2107 3782 diem
2126 3752 2309 3783 emortualem
2324 3753 2384 3789 ejus
2403 3755 2487 3785 refert
2498 3755 2528 3784 in
2542 3765 2592 3786 an.

1430 3803 1499 3823 num
1521 3802 1600 3828 1511.
1624 3792 1670 3820 die
1696 3792 1721 3821 S.
1735 3792 1869 3826 Andreae,
1899 3800 1955 3828 quo
1974 3790 2078 3820 sacrum
2097 3790 2229 3820 viaticum
2259 3791 2407 3828 acceperit.
2449 3791 2535 3828 Quod
2554 3794 2592 3824 ad

1429 3831 1547 3861 Comitis
1567 3830 1731 3867 dignitatem
1752 3829 1873 3862 attinet,
1907 3828 2051 3858 sciendum
2070 3828 2108 3857 est
2130 3828 2160 3857 in
2187 3828 2263 3858 ltalia
2286 3838 2348 3858 eam
2368 3838 2427 3858 non
2441 3828 2495 3859 effe
2512 3832 2592 3868 pari,

1424 3876 1514 3904 vatque
1536 3868 1563 3896 in
1586 3867 1685 3896 ceteris
1704 3866 1819 3904 Europae
1839 3865 1964 3903 partibus
1977 3887 1985 3900 ‚
2006 3866 2130 3902 fastigi03
2163 3866 2200 3895 ita
2220 3872 2251 3895 ut
2266 3866 2338 3895 nihil
2359 3872 2514 3904 repugnet,
2536 3878 2592 3907 quo

1427 3907 1523 3939 nunus
1538 3905 1692 3943 Calepinus
1709 3906 1736 3935 δι
1751 3904 1892 3935 Comitem
1913 3903 2018 3935 habere
2035 3909 2144 3943 patrem
2160 3904 2302 3942 potuerit,
2322 3905 2349 3935 Sc
2362 3914 2528 3944 pauperem.
