2600 4177
5 1850 15 1868 ,λ
0 1771 8 1830 aaa
0 1648 11 1755 τι...
5 1620 9 1628 -

459 62 486 100 Α
582 64 620 98 Μ
718 63 753 98 N

43 146 298 179 Auitomac'ua
313 168 320 180 ,
344 145 401 181 Adj.
424 141 646 185 [Rufamne-19¹4]
667 150 713 178 ut.
737 145 930 176 Ammoniacus
948 147 1001 183 sal,
1023 149 1057 178 ab
1083 151 1196 180 Ammo-

76 186 120 214 nia
140 185 249 213 civitate
261 206 268 218 ,
300 188 357 220 quae
376 185 402 212 ἃ
416 183 595 211 Paraetonium
609 179 727 213 dicitur,
749 183 866 212 authore
885 186 1019 215 Strabone
1034 209 1041 222 ‚
1075 187 1124 216 lib.
1149 196 1192 224 17.

76 221 212 252 Columel.
226 221 272 250 lib.
287 225 312 250 6.
335 231 394 257 cap.
411 228 451 255 17.
493 219 575 248 Ovid.
590 218 624 247 de
643 217 792 249 Medicam.
812 220 900 251 Faciei
912 245 919 257 ,
942 234 966 253 v.
982 235 1026 260 94.

157 260 282 295 Cumque
302 258 481 286 Ammoniaco
500 255 617 285 mascula
638 256 717 292 thura
733 256 793 286 sale.

77 295 285 326 Ammoniacum
297 295 379 323 salem
399 294 453 322 dici
473 293 554 322 tradit
568 293 739 322 Dioscorides
754 316 760 326 .
783 295 854 331 quasi
871 298 1048 326 Arenarium:
1071 298 1115 325 cui
1135 296 1196 326 sub-

96 334 187 362 scribit
198 333 261 362 Plin.
281 332 326 360 lib.
341 341 452 368 31.c.ip.
469 341 493 367 7.
522 331 556 359 de
567 330 627 359 salis
640 332 785 367 generibus
804 332 934 369 loquens,
965 336 1036 364 Nam
1048 335 1193 370 Cyrenaici

97 372 175 407 (ait)
191 371 293 404 tractus
307 369 488 397 nobilitantur
499 368 677 397 Ammoniaco
688 390 695 403 ‚
718 370 742 398 ἃ
755 370 812 406 ipso
825 372 888 406 quia
903 372 949 401 sub
963 372 1051 401 arenis
1072 373 1197 400 invenia-

93 409 157 442 ¹tur,
177 407 324 444 appellato,
367 407 395 435 V.
420 405 506 434 Etiam
525 404 663 435 Matthiol.
1031 440 1032 444 Ἰ

43 440 250 479 Ammoniou
266 465 274 477 ,
306 445 323 472 i.
344 454 371 472 n.
400 444 510 472 Nomen
529 442 629 471 coloris
648 442 765 476 subrufi,
787 445 860 481 apud
885 446 957 475 Varr.
977 456 1001 482 3.
1022 446 1056 475 de
1076 445 1108 475 R.
1121 445 1152 476 R.
1167 455 1192 475 2.

81 483 132 512 Ubi
143 486 236 510 ‘tamen
252 482 280 509 in
289 482 417 510 correctis
426 481 508 519 codd.
521 482 621 509 sestius
634 479 733 517 legitur
751 483 917 512 Armenium.

41 517 92 552 ἈΜ
105 529 176 548 ΜοΝ
186 522 197 548 i
209 528 223 547 1·
235 529 250 546 R
262 529 308 547 uixi
322 540 330 551 ,
350 519 368 547 i.
380 529 410 553 nn.
435 520 449 553 [
464 518 643 552 οἱμιιώνιτξον]
683 517 767 546 Malla
780 520 841 547 vitri
855 519 907 548 albi
925 531 931 549 :
959 520 994 550 de
1015 532 1067 560 qua
1079 522 1113 551 sic
1124 522 1193 551 Plin.

76 553 125 587 lib.
141 560 182 592 36.
202 565 262 593 cap.
276 560 320 585 26.
374 556 435 591 Jam
453 565 516 584 vero
534 557 559 585 ἃ
580 556 608 584 in
628 554 762 584 Vulturno
781 557 848 585 mari
871 558 954 587 ltaliae
973 569 1055 589 arena
1073 560 1135 589 alba
1149 570 1196 588 na-

78 591 174 627 scens,
196 592 241 622 sex
262 604 291 622 M.
311 603 334 621 P.
355 603 370 622 a
394 593 472 621 litore
491 594 561 621 inter
577 593 676 621 Cumas
699 600 780 629 atque
803 593 968 629 Lucrinum,
991 607 1050 634 quae
1074 597 1196 626 mollissi-

79 637 123 661 ma
142 631 198 660 est:
222 630 278 668 pila
291 630 418 667 molaque
430 631 534 659 teritur.
575 630 648 664 Dein
660 630 789 659 miscetur
801 632 886 660 tribus
900 633 1022 669 partibus
1044 634 1107 664 nitri
1125 645 1197 671 pon-

79 670 142 699 dere
161 668 204 697 vel
224 667 349 697 mensura
364 691 371 703 ,
406 678 437 697 ac
460 667 562 703 liquata
579 668 607 696 in
630 667 694 696 alias
712 668 837 697 fornaces
859 671 1066 701 transfunditur.
1108 673 1148 701 lbi
1166 672 1195 700 fit

79 706 160 736 massa
182 715 241 743 quae
260 712 375 735 vocatur
396 706 611 735 ammonitrum:
635 712 716 742 atque
735 705 789 734 hoc
805 708 980 744 recoquitur,
1002 711 1027 739 Sc
1047 709 1078 738 fit
1095 710 1196 739 vitrum

75 754 193 782 purum,
215 747 246 772 ac
258 743 340 772 massa
357 744 420 772 vitri
437 743 557 772 candidi.

43 778 319 815 Amiiouifiuus,
342 781 359 810 i.
378 791 415 810 m.
446 781 664 821 Grammaticus,
685 780 796 817 Syriani
823 782 933 820 aequaiis
955 784 981 813 ἃ
997 785 1121 819 amicus,
1150 784 1196 814 cui

50 832 51 835 ¹
80 819 166 848 asinus
180 818 381 856 fuitsapientiae
391 819 507 848 auditor.
538 818 646 847 Suidas.
669 817 686 846 f.
701 821 763 847 206.

43 853 262 889 fflumoums.
291 857 310 885 i.
329 867 365 885 m.
394 855 596 892 [Kffiuaiva&«]
626 854 695 884 Tres
723 855 777 885 hoc
797 858 910 886 nomine
940 855 1097 895 Philosophi
1125 859 1196 888 cele-

81 894 210 923 brantur:
242 894 370 930 Quorum
391 895 495 931 primus
523 892 688 930 AEgyptius,
708 902 860 931 praeceptor
881 894 1017 925 Plutarchi
1034 897 1195 932 Chaeronei,

75 931 125 962 'sub
147 932 258 961 Nerone
269 954 276 964 .
299 932 377 967 cujus
392 932 447 969 ipse
461 931 530 968 stepe
546 931 690 959 meminit:
714 931 807 960 Stoica
824 932 849 961 se
865 933 1017 969 imbuerat,
1039 933 1086 963 sed
1109 934 1198 963 Plato-

77 970 148 1000 nicae
165 970 250 1006 magis
263 969 315 998 fuit
335 969 470 998 addictus.
510 969 655 1011 Secundus
675 968 727 997 fuit
749 969 852 999 nobilis
870 970 916 1000 ille
936 971 1116 1009 Philosophus
1136 972 1199 1001 Ale-

78 1007 230 1037 xandrinus
245 1029 252 1041 ,
273 1015 441 1036 memoratus
466 1007 609 1035 Ammiano
631 1016 674 1035 22.
689 1016 734 1040 42.
773 1008 866 1043 Quem
882 1009 953 1037 inter
970 1008 1038 1038 alios
1060 1010 1198 1046 Origenes

76 1046 106 1075 δε
125 1044 249 1074 Plotinus
269 1044 381 1073 audiere
396 1067 403 1079 ,
425 1044 501 1081 quod
520 1045 549 1072 in
566 1043 665 1072 Plotini
687 1044 860 1082 Praeceptoris
877 1045 916 1075 sui
933 1047 987 1075 vita
1009 1046 1111 1088 scripsit
1135 1047 1198 1076 Por-

77 1082 202 1121 phyrius.
253 1081 411 1111 Commodo
439 1083 593 1119 imperante
618 1082 720 1111 relictis
744 1082 846 1118 saccis,
875 1084 903 1112 in
931 1082 1032 1120 quibus
1059 1086 1198 1114 frumenta

76 1119 306 1155 circumferebat,
341 1119 540 1157 philosophicae
559 1120 621 1148 vitre
648 1118 674 1148 se
693 1120 831 1149 tradidisse
853 1121 950 1150 author
969 1122 1007 1150 est
1025 1121 1195 1151 Theodoret.

31 1159 34 1164 “
78 1157 127 1187 lib.
149 1162 175 1187 6.
196 1158 231 1187 de
251 1157 314 1186 Cur.
346 1157 431 1187 Graec.
453 1156 499 1186 aff.
523 1188 525 1192 .
554 1156 627 1186 Hinc
652 1157 758 1186 scilicet
788 1168 945 1195 cognomen
970 1161 978 1187 i
1002 1159 1018 1188 si
1042 1159 1137 1189 datum
1159 1160 1199 1189 est

78 1196 176 1225 Saccas
189 1218 197 1231 ,
228 1197 332 1222 Σακκὲῐς
347 1217 354 1230 ,
375 1203 406 1224 ut
428 1194 510 1224 habet
524 1194 631 1224 Suidas.
668 1195 780 1224 Tertius
794 1197 957 1225 Ammonius
1006 1198 1097 1226 ermiae
1113 1197 1195 1232 filius,

39 1234 51 1244 ‘
78 1233 168 1301 {fecii
200 1231 351 1299 discipulus
368 1255 376 1269 ,
410 1238 566 1271 praeceptor
587 1232 733 1270 Simplicii.
783 1233 946 1263 Ammonios
966 1234 1033 1264 alios
1054 1234 1199 1272 suggerent

111 1275 151 1300 art
168 1281 200 1300 ro
213 1281 230 1299 e
251 1280 283 1299 ia.

43 1281 254 1340 ΆΜΜοζἽ-ῐεξι
267 1330 275 1343 ‚
297 1309 313 1343 [
329 1306 450 1343 Α’μμοθὲοι
466 1308 481 1343 ]
514 1308 588 1344 Nym
599 1308 646 1337 iha
665 1308 787 1343 marina,
807 1306 891 1337 Nerei
909 1310 934 1338 Si
953 1308 1065 1339 Doridis
1082 1309 1137 1339 filia
1149 1310 1200 1345 (ut

80 1346 299 1384 placetHesiodo
309 1347 338 1374 in
349 1345 482 1383 Theog.)
499 1345 537 1375 ita
547 1346 575 1375 di
606 1357 620 1375 a
639 1344 689 1372 dmi
711 1346 743 1372 τέ
761 1346 838 1381 ἄμμε
859 1349 881 1382 »9
899 1344 973 1382 θέειν,
995 1348 1067 1384 quasi
1084 1357 1134 1385 per
1144 1358 1201 1377 are-

50 1416 54 1420 ,
80 1394 144 1414 nam
161 1384 322 1413 discurrens.

45 1421 95 1454 ΛΜ
104 1433 124 1450 M
135 1423 152 1450 ῠ
162 1432 180 1450 r>
190 1424 205 1450 Ᾰ
215 1432 234 1450 τ
244 1431 257 1450 ε
266 1431 278 1450 s
289 1443 296 1456 ‚
318 1421 392 1450 Deus
404 1419 471 1449 olim
482 1421 558 1458 apud
567 1420 728 1456 Romanos,
749 1421 828 1457 cujus
838 1421 944 1452 mentio
960 1428 1068 1453 tantum
1082 1423 1114 1452 fit
1124 1423 1199 1461 apud

3 1469 7 1474 ·
44 1468 52 1476 ¹
79 1458 314 1489 Commodianum
330 1459 454 1489 lnstruci.
483 1461 525 1493 18·

472 1534 501 1571 A
595 1530 635 1570 M
729 1532 764 1570 N

43 1604 238 1646 AMNAcuM
250 1633 257 1646 ,
276 1610 298 1640 i.
321 1608 423 1644 herba,
444 1613 504 1646 q'uae
524 1606 734 1638 &Parthenium
752 1609 770 1644 [
785 1606 971 1645 πιμπυῖφέμιῶι
987 1611 1002 1646 ]
1022 1610 1140 1641 Plin.21.
1155 1620 1198 1647 30.

43 1648 196 1680 ›AMNENS
207 1659 235 1678 is
246 1671 254 1683 ,
286 1658 300 1677 e
312 1670 320 1683 ‚
342 1647 489 1677 Amnenses
515 1646 725 1684 appellabantur
735 1646 821 1676 Urbes
833 1647 886 1676 sitae
898 1658 986 1692 prope
995 1659 1123 1685 aninem;
1147 1656 1202 1678 uta

82 1685 169 1721 Mari,
184 1686 347 1716 Maritimie:
383 1685 458 1714 unde
468 1685 640 1720 Interamnae,
662 1685 1022 1722 &Anteninaedietaesunt,
1045 1687 1201 1723 quodinter

81 1728 176 1753 amnes
185 1723 351 1762 sintpositae,
372 1722 489 1752 velante
503 1722 528 1751 se
549 1722 668 1751 habeant
683 1730 786 1751 amnes.
826 1721 927 1752 Festus.

42 1760 247 1791 iAiiNE‘sriA
262 1784 270 1796 ,
294 1772 323 1790 ae.
349 1761 366 1790 f.
390 1759 551 1797 [ἀμνηςὶοι]
571 1760 686 1789 Oblivio
706 1760 875 1796 injuriarum.
904 1761 1063 1791 Plutarchus
1084 1762 1113 1791 in
1131 1761 1202 1791 Poli-

83 1799 144 1829 ticis
155 1800 208 1834 ait,
229 1799 342 1829 Athenis
351 1798 628 1828 cominuniomnium
636 1797 767 1827 consensu
784 1798 922 1828 decretam
939 1799 1198 1829 fuisseamnestiam:

81 1837 100 1866 i.
120 1847 143 1866 e.
165 1836 564 1873 Iniuriarum'offensuonumve
589 1841 648 1872 q'uae
674 1836 786 1872 triginta
802 1836 865 1864 viris
885 1836 1022 1875 Reinpub.
1039 1838 1202 1875 occupanti-

80 1873 133 1904 bus
155 1875 226 1904 ultro
251 1875 375 1912 citroque
400 1873 482 1903 illata:
501 1879 656 1911 acceptaeve
685 1873 771 1903 essent
798 1873 979 1904 oblivionem.
1033 1875 1091 1904 Val.
1121 1875 1198 1904 Alax.

80 1911 127 1942 iib.
153 1923 179 1948 ⁴·
203 1923 262 1951 cap.
289 1923 311 1941 1.
339 1919 394 1941 ext.
417 1923 442 1946 4.
474 1912 508 1940 de
534 1911 725 1949 Thrasybulo,
755 1911 930 1941 Plebiscitum
959 1912 1138 1950 interposuit,
1165 1922 1202 1941 ne

85 1960 138 1987 qua
157 1951 355 1988 praeteritarum
370 1959 459 1979 rerum
473 1950 580 1978 mentio
596 1949 682 1978 fieret.
724 1949 789 1979 Haec
805 1949 909 1978 oblivio
922 1973 929 1985 ,
952 1960 1034 1988 quam
1051 1951 1202 1980 Athenien-

80 1988 121 2017 ses
151 1988 315 2017 Amnestia'm
342 1991 462 2022 vocant,
491 1987 652 2016 concussum
676 1988 702 2016 Sc
728 1986 869 2017 {abentem
894 1988 1013 2018 civitatis
1030 1989 1149 2024 statum,
1171 1989 1202 2017 in

79 2025 225 2064 ‘pristinum
246 2027 371 2055 habitum
390 2025 535 2054 revocavit.
576 2025 671 2062 Nepos
694 2025 723 2053 in
738 2024 823 2060 ejusd.
845 2034 870 2054 V.
891 2025 1050 2056 Praeclarum
1065 2026 1120 2055 hoc
1132 2036 1200 2063 quou

62 2071 137 2101 ‚que
147 2063 330 2102 Thrasybuli,
370 2063 429 2092 uod
450 2062 632 2092 reconciliata
653 2072 738 2100 pace,
761 2071 846 2100 quum
865 2063 1017 2101 plurimum
1038 2065 1067 2093 iri
1087 2065 1201 2093 civitate

80 2100 187 2140 posset,
213 2102 304 2139 legem
324 2073 408 2136 tissit,
440 2101 483 2130 Ne
505 2101 565 2138 quis
596 2102 782 2130 anteactarum
802 2106 893 2130 rerum
914 2102 1100 2137 accusaretur,
1131 2112 1201 2131 neve

81 2139 275 2175 mulctaretur:
308 2148 424 2175 eamque
445 2138 484 2167 iili
513 2139 603 2176 legem
624 2138 773 2168 oblivionis
793 2139 975 2176 appellarunt.
1006 2140 1066 2169 Cic.
1093 2152 1116 2169 1.
1140 2140 1202 2169 l’hi-

81 2177 150 2216 lipp.
176 2188 198 2207 1.
253 2177 286 2207 In
306 2187 361 2214 quo
378 2176 503 2214 templo,
524 2181 658 2213 quantum
678 2175 707 2204 in
728 2186 772 2206 me
791 2177 860 2211 fuit,
880 2178 933 2213 jeci
953 2178 1136 2207 fundamenta
1154 2188 1202 2215 pa-

81 2216 122 2245 cis
137 2237 145 2250 ‚
167 2215 428 2252 Atheniensiumque
448 2214 577 2243 renovavi
598 2222 676 2243 vetus
697 2214 874 2251 exemplum:
896 2216 1022 2244 Graecum
1042 2216 1117 2245 enim
1142 2226 1202 2244 ver-

82 2249 150 2287 bum
168 2253 294 2291 usurpavi
315 2275 322 2287 ‚
359 2252 436 2290 quod
456 2259 515 2281 tum
536 2252 565 2281 in
583 2251 710 2281 sedandis
740 2252 884 2282 discordiis
903 2253 1078 2291 usurpaverat
1104 2254 1201 2283 civitas

84 2291 149 2325 illa,
171 2298 252 2328 atque
272 2299 386 2319 omnem
406 2291 570 2319 memoriam
591 2289 788 2319 discordiarum
809 2290 950 2320 oblivione
969 2291 1136 2329 sempiterna
1154 2291 1202 2320 de-

81 2325 193 2358 lendam
213 2329 315 2358 censui.
356 2328 405 2357 Per
425 2328 550 2357 Graecuin
570 2327 685 2357 verbum
698 2350 705 2361 ,
736 2326 849 2363 οὲμνηςὶοις
870 2339 968 2358 vocem
988 2329 1201 2368 intelligendam

53 2372 60 2383 “·
81 2366 207 2435 {letique
234 2367 398 2404 interpretes
427 2365 621 2395 consentiunt:
668 2365 844 2395 dissentiente
869 2373 963 2395 tamen
991 2367 1104 2397 Mureto
1123 2367 1199 2399 ,Varn

106 2406 156 2445 εὲζὶ.
178 2405 223 2434 lib.
248 2415 274 2434 2.
296 2414 357 2441 cap.
385 2414 425 2439 ις.
466 2403 545 2433 Tulit
564 2403 636 2432 hanc
655 2403 746 2441 legem
766 2404 972 2442 Thrasybu1u8‚
1000 2415 1085 2442 quum
1106 2405 1201 2434 civita-

83 2446 140 2472 tem
160 2443 328 2472 Athenarum
355 2435 508 2480 oppressam
539 2446 554 2471 a
583 2442 693 2479 triginta
713 2442 857 2479 tyrannis,
886 2443 913 2471 in
934 2442 1090 2472 libertatem
1111 2444 1202 2472 vindi-

82 2477 171 2510 casset.
195 2480 328 2518 Vopiscus
348 2480 378 2508 in
399 2479 563 2514 Aureliano,
584 2479 722 2508 Amnestia
741 2480 825 2509 etiam
846 2480 894 2509 sub
914 2490 948 2509 eo
968 2480 1135 2511 delictorum
1148 2492 1200 2519 pu-

83 2514 219 2548 blicorum
240 2519 350 2547 decreta
371 2518 408 2547 est
428 2517 463 2546 de
483 2517 614 2555 exemplo
635 2517 853 2547 Atheniensium.
906 2518 948 2547 De
968 2518 1134 2556 Thrasybuli
1167 2521 1201 2548 A·

83 2557 197 2588 mnestia
217 2556 252 2585 sic
271 2556 364 2585 scribit
383 2555 495 2585 Orosius
515 2554 564 2584 lib.
586 2565 612 2584 2.
635 2565 694 2593 cap.
721 2565 762 2584 12.
823 2555 1002 2586 Athenienses
1029 2557 1149 2586 revocati
1169 2559 1200 2589 in

83 2604 188 2629 unum,
209 2594 268 2623 haec
287 2594 376 2632 prima
394 2593 557 2622 fundamina
585 2599 753 2630 recuperatae
782 2593 915 2623 libertatis
943 2594 1109 2630 instaurant,
1137 2605 1201 2633 pro-

57 2643 61 2646 ·
84 2633 169 2671 'posita
187 2629 365 2667 jurisjurandi
389 2629 590 2660 contestatione
604 2653 613 2665 ‚
647 2631 687 2660 uti
707 2631 852 2660 discordiae
872 2632 1113 2670 animoiitatesque
1133 2643 1201 2671 prze-

88 2671 175 2700 teritae
187 2670 216 2698 in
229 2668 399 2704 oblivionem
412 2676 574 2706 perpetuam
591 2676 673 2706 atque
688 2669 718 2697 in
731 2669 885 2698 immortale
899 2670 1037 2699 silentium
1059 2671 1201 2700 deducam-

83 2713 135 2738 tur.
176 2707 261 2744 Quod
295 2706 410 2736 aetionis
426 2716 523 2744 genus,
546 2707 710 2737 Amnestiam
724 2714 906 2737 vocaverunt:
929 2709 946 2737 i.
964 2713 988 2737 e.
1012 2708 1201 2738 Abolitionem

59 2761 65 2770 ι
84 2746 228 2775 malorum.
298 2744 340 2774 ale
354 2744 391 2774 est
403 2744 473 2773 illud
496 2745 571 2774 Suet.
592 2745 620 2773 in
645 2745 743 2773 Claud.
766 2754 825 2782 cap.
847 2756 888 2775 11.
929 2745 1049 2784 Imperio
1067 2746 1199 2782 stabilito,

83 2783 155 2813 nihil
171 2783 309 2821 antiquius
326 2783 421 2816 duxit,
443 2792 524 2820 quam
542 2783 571 2811 id
591 2782 708 2811 biduum
722 2805 729 2817 ,
753 2792 808 2820 quo
828 2783 861 2812 de
875 2785 1009 2813 mutando
1031 2785 1110 2823 Reip.
1130 2785 1200 2814 statu

53 2819 55 2822 ⁴
83 2821 234 2851 haesitatum
254 2827 312 2850 erat
330 2836 338 2856 ·,
359 2820 500 2853 memoriae
513 2821 647 2849 eximere.
688 2820 823 2849 Omnium
845 2822 936 2858 itaque
959 2822 1095 2852 factorum
1112 2823 1201 2852 dicio-

83 2866 199 2897 rumque
214 2860 244 2888 in
267 2868 301 2888 eo
321 2859 429 2887 veniam
452 2860 477 2887 δι
494 2857 667 2887 oblivionem
689 2858 718 2886 in
730 2866 895 2896 perpetuum
908 2859 998 2889 sanxit
1014 2870 1046 2889 ac
1065 2861 1198 2898 praestitit.

48 2911 51 2914 ·
76 2897 162 2927 ·Plura
179 2898 208 2926 in
225 2897 297 2926 hanc
314 2906 372 2925 rem
393 2894 533 2925 Boeeleriis
555 2895 584 2924 in
605 2895 709 2925 Dissert.
730 2896 766 2925 de
781 2897 916 2926 Amnestia
935 2895 1002 2926 olim
1019 2908 1085 2928 cum
1093 2898 1199 2928 Velleio

63 2933 166 2965 edita.
188 2934 327 2964 Boxhorri.
346 2933 446 2963 dissert.
467 2933 610 2971 peculiari.
632 2933 764 2964 Forstner.
782 2935 811 2964 in
823 2935 888 2965 Not.
913 2936 949 2965 ad
970 2936 1060 2966 Tacit.
1083 2945 1125 2966 12.
1148 2938 1200 2966 An-

87 2973 141 3002 nal.
160 2984 202 3009 19.
223 2972 316 3002 Bosius
327 2972 360 3007 ad
370 2972 471 3010 Nepot.
490 2971 621 3009 Thrasyb.
637 2981 697 3009 cap.
715 2981 738 3006 3.

0 3019 4 3028 ’
33 3007 187 3046 'AMN1s‚
223 3011 256 3040 is.
286 3020 323 3039 m.
351 3010 368 3046 [
384 3004 524 3044 mfupoe‘c]
544 3009 665 3039 Fluvius.
685 3009 796 3046 Festus,
827 3010 920 3039 Amnis
938 3012 1051 3049 proprie
1065 3012 1166 3041 dicitur
1185 3021 1201 3041 a

85 3044 312 3081 Circumnando,
335 3048 467 3084 quoniam
487 3047 547 3082 Ain⁷
572 3055 607 3076 ex
630 3048 724 3077 Graeca
744 3048 938 3086 praepositione
958 3049 1017 3078 sum
1040 3056 1117 3085 turn,
1140 3060 1201 3087 quae

84 3086 122 3116 est
141 3087 226 3121 ἀμφὶ,
248 3085 380 3122 significat
400 3085 530 3114 Circum:
560 3086 585 3114 δι
600 3085 687 3120 Nare,
707 3086 802 3115 fluere.
845 3086 892 3115 V'el
915 3086 949 3115 ab
966 3088 1015 3116 Am
1038 3088 1097 3123 itu,
1125 3088 1202 3125 quod

83 3124 233 3158 circumeat
247 3122 353 3160 aliquid
364 3122 517 3152 secundum
527 3122 600 3152 Varr.
626 3134 652 3159 4.
669 3124 705 3152 de
726 3123 754 3153 L.
766 3124 795 3153 L.
808 3135 831 3159 ς.
865 3125 957 3154 Amnis
971 3125 1078 3154 duabus
1096 3126 1203 3157 constat

82 3161 207 3199 syllabis,
228 3162 343 3199 quarum
364 3161 440 3198 prior
452 3161 490 3189 est
507 3170 546 3196 A,
567 3161 700 3198 posterior
717 3173 738 3190 M
749 3172 786 3191 Nl
798 3170 818 3191 s.
856 3162 919 3192 Hoc
936 3173 971 3192 ex
990 3163 1101 3192 Charisii
1114 3165 1203 3193 verbis

83 3199 164 3234 facile
183 3199 337 3237 colligitur,
358 3198 405 3227 lib.
423 3209 446 3227 1.
466 3208 526 3236 cap.
553 3198 595 3228 De
613 3199 730 3236 syllabis.
777 3199 920 3238 Syllabae,v
933 3201 1043 3238 inquit,
1064 3202 1202 3238 politione

85 3237 173 3275 longae
185 3237 262 3271 sunt,
286 3247 373 3275 quum
392 3245 517 3273 correpta
533 3236 636 3265 vocalis
652 3237 797 3274 sequentes
809 3238 891 3268 habet
909 3239 976 3267 duas
997 3240 1199 3269 consonantes:

84 3271 127 3304 hae
142 3282 236 3304 autem
251 3276 280 3304 in
296 3275 393 3304 eadem
411 3273 518 3311 ,syllaba
537 3274 625 3303 solent
643 3274 714 3310 esse,
736 3282 766 3304 ut
785 3277 852 3306 Ars:
883 3285 930 3306 aut
951 3277 979 3305 in
998 3277 1126 3314 proxima
1141 3299 1149 3314 ,
1171 3284 1203 3307 ut

86 3310 197 3343 Amnis:
219 3313 303 3342 autin
320 3313 386 3341 duas
401 3311 516 3350 syllabas
530 3312 621 3341 divisae
634 3335 642 3347 ,
660 3320 689 3342 ut
706 3314 794 3343 Arma.

86 3351 195 3387 Amnis,
217 3361 267 3390 pro
293 3351 438 3380 Torrente.
475 3349 544 3385 Virg.
560 3361 585 3385 4.
605 3350 667 3380 AEn.
693 3355 754 3388 164.

85 3396 87 3398 ·
242 3406 279 3409 —
299 3396 382 3417 ruunt
397 3388 432 3417 de
451 3387 593 3417 montibus
610 3393 714 3418 amnes.
775 3423 777 3425 ¹

87 3425 181 3456 Amnis
191 3426 294 3455 vetuste
315 3425 434 3463 positum
446 3425 475 3454 in
492 3425 569 3465 foem.
588 3434 613 3463 g.
651 3426 735 3457 Plaut.
753 3426 841 3457 Merc.
858 3438 880 3462 ς.
895 3431 921 3457 2.
947 3432 989 3462 18.
1028 3429 1127 3467 Neque
1147 3429 1203 3460 ulla

104 3463 298 3493 'mihiobstabi't
315 3464 413 3493 amnis.
453 3461 564 3492 Naevius
577 3463 718 3501 Lycurgo,
738 3465 785 3494 sed
801 3463 872 3502 quasi
884 3467 972 3495 amnis
990 3466 1029 3496 cis
1041 3468 1112 3504 rupit
1126 3489 1134 3502 ,
1155 3467 1202 3497 sed

103 3503 196 3531 tamen
210 3502 312 3531 inflexa
332 3502 459 3531 flectitur.
500 3501 583 3529 Varro
610 3503 672 3533 mest*
690 3502 775 3530 πλέη
789 3525 796 3538 ,
818 3502 864 3531 lib.
886 3513 908 3532 1.
944 3504 1057 3542 Propter
1076 3504 1127 3535 hos
1141 3506 1203 3536 fluit

104 3540 192 3569 amnis
203 3562 210 3574 ,
231 3542 312 3577 quam
323 3539 390 3568 olim
403 3537 528 3568 Albulam
543 3539 642 3568 dicunt
649 3542 807 3570 vocitatam.
828 3541 870 3570 Ex
879 3541 973 3571 Nonio
990 3551 1014 3579 3.
1033 3553 1074 3573 11.

87 3576 147 3606 Alii.
167 3577 264 3613 Juven.
289 3588 328 3606 io.
344 3577 398 3606 Sar.
412 3585 472 3613 177.

33 3635 35 3641 .
86 3615 210 3644 Auriferi.
233 3614 329 3644 Claud.
344 3622 370 3643 2.
392 3616 421 3643 in
431 3615 545 3652 Eutrop.
555 3619 618 3645 260.

86 3648 186 3682 Castior
196 3652 332 3682 bibendus
343 3653 439 3682 amnis.
461 3652 527 3681 Stat.
539 3665 564 3688 4.
578 3653 650 3691 Sylv.
662 3660 687 3691 7.
702 3663 743 3685 12.

85 3690 182 3720 Cavus.
206 3690 301 3721 Auson.
324 3690 426 3728 Ingerit
444 3689 490 3719 illa
511 3699 593 3720 cavos
611 3699 715 3722 amnes.

85 3727 238 3758 Coeriiieus.
270 3727 336 3757 Stat.
359 3738 378 3757 i.
396 3727 470 3766 Sylv.
485 3731 508 3762 ζ.
525 3738 568 3763 51.

86 3765 268 3796 Circunfluus.
291 3766 375 3795 Ovid.
396 3776 437 3800 ις.
452 3765 520 3795 Met.
535 3770 598 3803 739.

163 3803 303 3833 Scinditur
312 3804 340 3832 in
351 3805 473 3841 geminas
484 3809 574 3841 partes
587 3805 756 3836 circumfluus
765 3806 863 3836 amnis»

86 3839 224 3870 Clamatus
238 3841 316 3870 sacris
327 3841 485 3871 ululatibus.
507 3842 573 3871 Stat.
585 3853 609 3877 9.
627 3842 717 3873 Theb.

86 3878 325 3910 Clementissimus.
348 3876 431 3910 ovid.
445 3885 471 3916 9.
492 3879 561 3910 Met.
581 3883 641 3910 116.

1638 74 1666 109 A
1764 77 1803 112 Μ

1291 151 1424 181 &incitus
1438 153 1580 183 imbribus.
1604 155 1689 185 Ovid.
1704 164 1729 192 3.
1748 157 1817 187 Met.
1831 168 1874 194 '⁷9-

1290 185 1425 231 srigidus.
1449 191 1545 221 Claud.
1563 192 1669 223 deTer.
1682 194 1762 223 Cons.
1782 188 1855 225 Hori.
1873 207 1916 232 99.

1290 224 1431 255 humidus.
1457 228 1526 266 Virg.
1542 239 1568 265 7.
1588 230 1649 259 AEn.
1668 235 1732 266 465.

1346 300 1350 304 .
1371 264 1501 294 humidus
1512 274 1592 301 atque
1603 267 1656 296 alte
1671 268 1772 306 spumis
1788 270 1921 299 exuberat
1937 272 2033 301 amnis.

1292 299 1414 330 Gelidus.
1437 302 1532 332 Claud.
1549 304 1639 340 Epigr.
1657 316 1680 340 ς.

1292 335 1461 366 Gratilliinus
1472 341 1554 381 ciclo.
1578 342 1649 378 Virg.
1667 348 1694 375 8.
1716 343 1777 373 AEn.
1791 348 1835 380 64.
1849 344 1970 382 loquitur
1982 347 2017 376 de
2032 347 2156 379 Tibride.

1291 371 1406 402 Inflatus
1423 385 1507 412 aquis.
1531 378 1587 407 Liv.
1614 389 1637 413 3.
1661 380 1726 410 Bell.
1739 382 1803 411 Pun.

1291 408 1427 439 Lethzrus.
1452 413 1522 449 Virg.
1538 420 1562 443 6.
1578 416 1637 444 [En.
1654 427 1717 453 705.

1292 445 1504 489 Liquidilliuius.
1535 451 1618 482 Ovid.
1645 460 1671 484 6.
1707 456 1775 486 Met.
1798 467 1862 493 400.

1292 492 1436 550 Lsssssrtsdiis.
1459 524 1542 554 Ovid.
1558 536 1580 560 3.
1595 528 1683 558 Amor.
1701 534 1726 559 6.
1744 536 1788 563 8¹-

1293 558 1422 593 Magnus.
1445 559 1528 590 Ovid.
1548 573 1568 591 1.
1584 564 1650 593 Met.
1666 577 1727 602 5-4.
1753 563 1757 566 ’

1293 594 1421 637 Muligno
1431 606 1512 626 amne
1526 601 1595 628 radit
1608 595 1710 632 arenas.
1732 605 1793 633 Sen.
1808 607 1921 644 Hippoi.
1938 618 1959 637 1.
1978 618 2002 637 v.
2015 614 2055 639 16.

1292 631 1463 662 Nitillimus,
1482 635 1548 665 Stat.
1564 647 1586 665 1.
1613 640 1684 671 Sylv.
1699 650 1722 675 3.
1736 652 1779 677 24.

1294 669 1451 706 Nubigena.
1475 672 1541 701 Stat.
1558 684 1578 702 1.
1604 675 1694 705 Theb.
1708 683 1769 713 365.

1296 706 1446 772 Obliquus.
1469 703 1572 739 sucun.
1594 711 1639 741 lib.
1659 724 1680 741 1.
1693 724 1756 743 220.

1385 745 1481 773 ’rimus
1499 747 1526 775 in
1551 748 1701 789 obliquum?
1721 752 1829 789 sonipes
1846 759 1999 793 opponit-ur
2015 769 2134 789 amnem.

1293 780 1529 848 Ogieeaptiffiumnes.
1553 785 1624 823 Virg.
1642 799 1668 822 4.
1688 790 1786 825 Georg.
1808 801 1870 827 233.
1911 795 1981 823 Sunt
2000 798 2080 833 Aqua:
2106 800 2213 829 Oceani
2237 809 2335 831 terram
2356 810 2411 831 am«

1293 853 1444 899 Papyrirer.
1475 858 1558 898 O‘sld·
1575 868 1598 895 3.
1618 860 1696 890 Trist.
1718 872 1813 900 10.27.
1838 865 1933 895 Nilum
1948 868 2086 907 intelligit.

1295 893 1465 930 Peregrinus.
1489 897 1572 926 Ovid.
1585 902 1610 930 8.
1626 898 1695 928 Met.
1710 904 1771 935 836.

1293 929 1454 962 Perlucidus
1474 935 1558 971 magis
1573 936 1651 964 vitro.
1685 937 1768 966 Ovid.
1788 948 1828 975 15.
1851 939 1932 976 Epist.
1950 951 2008 979 157.

1294 967 1503 1011 Phaethontius.
1524 972 1571 1001 Sil.
1586 973 1643 1003 Ital.
1655 973 1701 1003 lib.
1716 983 1740 1011 7.
1768 975 1856 1005 Padus
1868 978 2036 1015 intelligitur.

1294 1005 1423 1049 Piscosus.
1448 1009 1532 1038 Ovid.
1550 1018 1573 1047 3.
1596 1010 1662 1040 Fast.
1678 1017 1739 1047 581.

1294 1041 1433 1074 Placidus.
1457 1046 1540 1088 Ovid.
1558 1057 1579 1076 1.
1595 1048 1662 1078 Met.
1685 1059 1748 1086 702.
1771 1050 1816 1080 Sic
1834 1056 1919 1081 'vocat
1934 1063 2043 1084 amnem
2059 1055 2184 1088 Ladonis.

1296 1079 1411 1111 Pronus.
1433 1083 1504 1120 Virg.
1522 1094 1543 1113 1.
1567 1086 1667 1122 Georg.
1687 1093 1751 1125 283-

1377 1119 1465 1156 Atque
1478 1121 1556 1150 'illum
1575 1124 1604 1151 in
1621 1134 1742 1162 praeceps
1763 1135 1853 1163 prono
1870 1127 1941 1165 rapit
1959 1127 2051 1158 alveus
2070 1132 2155 1162 amni.

1296 1155 1392 1185 Purus.
1412 1158 1481 1187 Hor.
1497 1169 1522 1188 2.
1538 1160 1618 1198 Epist.
1638 1172 1662 1191 2.
1680 1173 1740 1193 120.

1295 1194 1426 1237 Quietus.
1452 1196 1549 1226 Claud.
1572 1198 1662 1236 Epigr.
1685 1205 1730 1236 46.

1297 1230 1431 1269 Rapidus.
1453 1235 1515 1264 Sen.
1528 1235 1603 1265 Med.
1619 1247 1681 1272 411.
1712 1238 1820 1269 Lucret.
1835 1239 1882 1269 lib.
1899 1249 1922 1270 1.
1938 1250 1982 1276 15.

1293 1297 1295 1301 Α
1379 1270 1412 1299 Et
1435 1273 1546 1308 rapidos
1568 1281 1677 1304 tranant
1701 1278 1814 1306 amncis.

1296 1306 1421 1350 Refluus.
1444 1309 1541 1339 Claud.
1553 1311 1643 1349 Epigr.
1661 1323 1705 1343 22.

1298 1344 1424 1388 Rigidus.
1446 1347 1505 1376 Val.
1522 1348 1593 1378 Flac.
1608 1361 1633 1385 4.
1656 1352 1753 1389 Argon.
1769 1361 1831 1389 345.

1295 1382 1412 1424 Riguus.
1435 1384 1507 1422 Virg.
1519 1396 1545 1416 2.
1567 1388 1664 1425 Georg.
1678 1395 1741 1424 485.

1298 1420 1416 1450 Sedatus
1432 1425 1528 1453 amnis.
1570 1424 1627 1455 Cic.
1652 1427 1682 1456 in
1707 1427 1783 1457 Orat.
1813 1438 1855 1463 19.
1886 1429 1921 1458 de
1939 1427 2086 1460 Herodoto
2114 1432 2140 1460 ἃ
2158 1430 2346 1470 Thucydide,
2373 1436 2418 1466 Al-

1318 1461 1458 1525 }{rtenim
1478 1462 1533 1491 line
1550 1462 1613 1492 ullis
1630 1462 1740 1494 salebris
1759 1466 1832 1503 quasi
1852 1466 1959 1497 sedatus
1977 1470 2066 1498 amnis
2081 1469 2160 1498 fluit:
2192 1470 2260 1500 alter
2274 1472 2418 1503 incitatior

1376 1507 1416 1526 Us-

1902 80 1937 115 0
2343 99 2409 135 175

1912 457 1954 487 De
1981 459 2088 496 marsya
2118 460 2243 499 Phrygiae
2262 472 2343 494 amne
2371 464 2412 493 l·-

1297 1533 1424 1564 Severus.
1445 1535 1518 1573 Virg.
1535 1546 1557 1573 3.
1576 1537 1673 1577 Georg.
1688 1549 1730 1577 37.
1753 1540 1788 1570 de
1803 1540 1910 1579 Cocyto
1923 1551 2012 1572 amne.

1295 1570 1422 1603 *Solutus
1444 1573 1546 1604 Lucan.
1560 1575 1606 1606 lib.
1618 1586 1643 1605 2.
1660 1588 1722 1613 492.

1299 1609 1417 1640 Sonans.
1440 1612 1530 1641 Catul.
1552 1622 1595 1649 32.
1619 1624 1660 1644 12.

1300 1647 1447 1684 Spumans.
1468 1649 1556 1679 Valer.
1575 1662 1600 1687 4.
1623 1654 1723 1690 Argon.
1747 1663 1808 1690 195.

1300 1685 1447 1722 Spumeus.
1476 1687 1548 1725 Virg.
1561 1698 1585 1717 2.
1601 1689 1661 1719 IEn.
1676 1694 1740 1726 496.

1299 1722 1459 1760 spumosus.
1482 1725 1553 1763 Virg.
1577 1736 1616 1755 12.
1635 1728 1696 1757 AEn.
1714 1738 1775 1765 524.

1254 1776 1259 1781 ι
1296 1760 1444 1799 διώᾱεὶιιε.
1467 1761 1565 1793 Claud.
1580 1764 1657 1802 Epig.
1676 1777 1698 1801 5.

1300 1797 1476 1829 Taciturnus.
1500 1801 1565 1830 Hor.
1583 1812 1606 1830 1.
1627 1804 1772 1839 Carmei.
1786 1809 1811 1838 8.

1300 1835 1438 1874 Torpens.
1461 1838 1527 1867 Stat.
1549 1850 1574 1874 4.
1597 1839 1686 1870 Theb.
1701 1851 1761 1878 172.

1300 1873 1430 1903 Tortuoli
1448 1876 1536 1905 amnis
1555 1877 1627 1907 sinus
1644 1877 1797 1916 flexusque.
1819 1880 1876 1910 Liv.
1891 1889 1915 1918 7.
1925 1880 1992 1912 Beli.
2006 1879 2070 1912 Prin.

1300 1911 1448 1942 Tumidus.
1476 1913 1577 1944 Lucan.
1588 1915 1636 1945 lib.
1653 1927 1675 1945 1.
1690 1926 1753 1952 204.

1299 1950 1450 1980 Turbidus.
1473 1950 1580 1982 Lucret.
1603 1953 1641 1982 lib
1673 1966 1695 1983 1.
1714 1961 1778 1992 287.

1300 1987 1431 2017 Vadosus.
1453 1989 1526 2026 Virg.
1541 1999 1565 2027 7.
1585 1991 1646 2020 ΖΕΗ.
1659 1998 1722 2029 728.

1300 2023 1400 2063 Vagus.
1424 2026 1520 2056 Claud.
1535 2029 1563 2057 in
1578 2028 1652 2058 Ruff.
1667 2040 1693 2059 2.
1710 2040 1772 2060 121.

1300 2061 1368 2100 Vagi
1383 2065 1473 2094 amnis
1488 2066 1563 2103 ripae.
1585 2067 1647 2096 Sen.
1661 2068 1779 2106 Hippoi.
1791 2078 1818 2104 4.

1299 2099 1394 2131 vastos
1414 2104 1548 2139 congerit.
1570 2103 1627 2134 Val.
1645 2116 1670 2141 4.
1689 2109 1789 2143 Argon.
1810 2115 1872 2144 717.

1300 2139 1411 2168 Viridis.
1436 2140 1483 2170 Sil.
1498 2141 1617 2171 ltal.lib.
1629 2154 1655 2179 4.

1301 2176 1467 2207 Vorticosus.
1490 2177 1547 2208 Liv.
1562 2189 1605 2209 21.
1622 2191 1646 2214 ς.
1903 2212 1905 2215 ,
1974 2211 1977 2214 ,

1298 2212 1453 2258 'Deducunt
1471 2226 1564 2247 amnes
1578 2218 1665 2248 undas
1682 2219 1712 2248 in
1735 2228 1818 2248 mare.
1842 2218 1926 2248 Ovid.
1942 2219 2045 2250 1.Met.
2059 2226 2121 2258 582.

1300 2251 1406 2282 Defluit
1426 2255 1500 2282 amni
1519 2254 1649 2285 secundo.
1673 2256 1744 2294 Virg.
1757 2266 1779 2293 3.
1795 2257 1893 2294 Georg.
1909 2267 1973 2294 4⁴7-

1297 2289 1373 2319 'Eliso
1385 2301 1466 2320 amne
1476 2292 1589 2330 pellitur
1601 2304 1685 2331 vapor
1701 2294 1839 2332 spumeus.
1863 2294 1960 2324 Claud.
1974 2295 2065 2333 Epigr.
2083 2307 2107 2332 ς.

1297 2328 1383 2366 'Epoti
1394 2331 1488 2359 amnes
1499 2331 1619 2360 arebant.
1652 2332 1750 2361 Claud.
1769 2343 1790 2362 1.
1803 2333 1838 2361 de
1850 2332 1965 2362 Laudib.
1986 2334 2093 2363 Stilich.
2110 2341 2174 2372 171.

1298 2366 1445 2407 ‘Evanuisse
1456 2377 1550 2397 amnes
1563 2370 1588 2398 Sc
1604 2370 1735 2399 exaruisse
1745 2371 1879 2408 quosdam
1896 2371 2030 2401 videmus.
2054 2371 2111 2402 Cic.
2128 2383 2151 2401 1.
2167 2371 2202 2402 de
2212 2370 2306 2404 Divin.
2319 2380 2365 2412 38.

1297 2403 1430 2433 Exhaiiiti
1447 2415 1542 2435 amnes
1563 2406 1672 2436 solibus.
1709 2408 1775 2438 Stat.
1792 2417 1815 2443 3.
1828 2407 1918 2437 Theb.
1932 2418 1993 2443 259.

1297 2441 1419 2471 'Incurrit
1434 2444 1522 2472 amnis
1543 2444 1641 2474 validis
1661 2455 1726 2475 cum
1746 2445 1856 2475 viribus.
1878 2444 1985 2476 Lucret.
2000 2446 2049 2475 lib.
2068 2457 2091 2476 1.
2115 2456 2179 2484 970.

1300 2479 1396 2509 Ruunt
1414 2490 1518 2510 amnes.
1543 2482 1614 2520 Virg.
1628 2494 1654 2518 4.
1676 2483 1736 2512 AEn.
1754 2488 1814 2519 164.

1296 2517 1477 2555 Rmnpuntur
1496 2529 1598 2549 amnes.
1629 2521 1700 2558 Virg.
1719 2531 1741 2557 3.
1758 2521 1857 2557 Georg.
1871 2526 1935 2556 428.

1298 2556 1405 2585 Sedatis
1416 2556 1543 2598 amnibus
1552 2556 1656 2596 septem
1670 2559 1739 2588 altus
1747 2559 1858 2595 surgens
1877 2559 1993 2595 Ganges.
2019 2558 2091 2598 Virg.
2106 2570 2130 2596 9.
2143 2560 2204 2590 AEn.
2216 2569 2229 2598 3
2240 2572 2261 2590 r.

1299 2593 1403 2623 Solutis
1416 2594 1542 2626 amnibus
1553 2596 1607 2631 jam
1624 2606 1688 2625 nare
1698 2597 1781 2632 juvat.
1804 2597 1870 2628 Stat.
1885 2608 1907 2631 ς.
1925 2597 2015 2626 Theb.
2036 2607 2076 2632 15.

1300 2633 1407 2661 Sonant
1418 2642 1512 2661 amnes
1526 2633 1616 2663 balatu
1626 2636 1652 2663 8.-
1663 2634 1764 2663 c‘rebris
1777 2644 1823 2663 inu
1844 2635 1951 2669 itibus.¹
1966 2635 2038 2672 Virg.
2053 2644 2076 2671 3.
2091 2635 2190 2674 Georg.
2209 2646 2270 2673 154.

1298 2670 1457 2699 Sonuerunt
1466 2671 1569 2700 Amnes
1582 2673 1662 2701 tectis
1674 2672 1805 2701 cursibus.
1827 2645 1940 2702 gLucan.
1953 2684 1977 2708 4.
1996 2682 2060 2708 299.

1298 2708 1438 2743 Trajiceie
1456 2711 1574 2738 amnem.
1598 2709 1655 2738 Liv.
1677 2720 1722 2739 21.
1741 2719 1786 2747 27.

1298 2746 1419 2776 Tranare
1436 2755 1539 2776 amnes.
1562 2747 1633 2785 Virg.
1649 2751 1673 2776 6.
1693 2748 1754 2778 ΕΠ.
1777 2752 1840 2785 671.

1262 2785 1312 2814 AM
1324 2785 1466 2813 Νῐοῡιυ
1478 2793 1510 2819 s,
1541 2785 1561 2814 i.
1583 2795 1620 2814 m.
1643 2786 1741 2815 dimin.
1763 2785 1819 2814 Liv.
1841 2787 1883 2820 36.
1897 2794 1943 2815 22.

1260 2826 1311 2852 ΛΜ.
1322 2832 1341 2851 N
1353 2832 1362 2849 1
1373 2831 1389 2850 C
1399 2824 1416 2850 ὦ
1426 2832 1441 2849 L
1451 2831 1470 2850 A
1485 2843 1492 2856 ‚
1514 2822 1782 2860 [wgqmrtifaei&·]
1803 2823 1943 2853 Ovld.10.
1969 2822 2038 2852 Met.
2049 2826 2093 2859 96.

1373 2859 1578 2896 Amnicolaeque
1596 2861 1674 2890 simul
1689 2860 1801 2896 salices,
1831 2862 1856 2890 ἃ
1882 2862 2008 2898 aquatica
2027 2861 2108 2890 lotos.

1261 2897 1435 2929 AMN'icus
1448 2918 1456 2931 ,
1480 2897 1538 2931 Adi.
1561 2896 1725 2934 [mn-istm&
1741 2899 1754 2934 ]
1776 2907 1807 2928 ut
1821 2921 1828 2934 ,
1850 2899 1962 2927 Amnica
1973 2898 2067 2928 insula.
2090 2899 2157 2929 Piin.
2173 2899 2191 2928 l.
2206 2907 2229 2936 3.
2243 2908 2321 2935 025.

1298 2935 1389 2965 insula
1408 2935 1437 2963 in
1448 2935 1502 2964 Sao
1515 2935 1695 2971 Matubarris,
1717 2938 1887 2966 amnicarum
1902 2937 2029 2966 maxima.

1299 2973 1421 3014 Ainnicae
1429 2972 1519 3002 herbae
1533 2995 1541 3008 ,
1563 2974 1722 3012 Solinmap.
1737 2984 1780 3003 20.
1805 2975 1935 3005 Amnicus
1946 2974 2053 3012 liquor,
2074 2974 2199 3004 Prudent.
2218 2974 2415 3013 Peristeph.rr.

1318 3009 1365 3040 fin.
1387 3011 1502 3040 Amnica
1519 3018 1611 3049 terga,
1632 3011 1731 3041 Auson.
1744 3011 1851 3041 Mosell.
1869 3022 1894 3041 v,
1908 3021 1971 3046 2ος.

1261 3050 1311 3079 ΑΜ
1321 3058 1341 3115 p
1352 3060 1360 3076 1
1372 3058 1389 3077 G
1401 3058 1443 3076 EN
1452 3058 1470 3077 υ
1479 3058 1492 3077 s
1502 3070 1510 3083 ,
1530 3059 1546 3078 a
1556 3072 1563 3085 ,
1586 3060 1642 3079 um.
1665 3050 1697 3079 In
1708 3060 1788 3079 amne
1802 3050 1922 3087 genitus.
1945 3049 2041 3078 Auson.
2058 3047 2162 3078 Mosell.
2179 3058 2203 3077 v.
2219 3051 2279 3078 116.
2310 3049 2344 3080 Et
2355 3050 2414 3081 Val.

1300 3087 1319 3116 F
1333 3095 1389 3115 acc.
1412 3097 1435 3121 5.
1454 3091 1516 3122 5'84.

1260 3126 1281 3154 A
1293 3134 1453 3158 MleUS,
1480 3125 1500 3153 'i.
1519 3135 1555 3153 m.
1584 3124 1696 3154 Fluvius
1716 3125 1823 3161 Cretae,
1854 3131 1884 3154 ut
1904 3123 2063 3153 Callimachi
2092 3122 2254 3153 Scholiastes
2274 3125 2359 3154 tradit
2379 3127 2415 3155 ad

1297 3162 1402 3199 Hymn.
1437 3162 1532 3191 Diana*
1546 3172 1571 3191 v.
1596 3173 1637 3198 ¹5·
1667 3164 1695 3192 ὁὶ
1715 3163 1810 3201 Steph.
1833 3173 1867 3192 ex
1888 3161 2019 3191 Holstenii
2039 3161 2243 3191 emendatione.
2285 3162 2415 3200 Inprimis

1298 3200 1401 3231 Spanh.
1419 3200 1455 3228 ad
1475 3199 1584 3229 Caliim.
1596 3199 1613 3229 l.
1623 3210 1646 3229 c.

1259 3234 1281 3268 A
1290 3236 1336 3267 MN
1345 3242 1377 3267 is
1388 3239 1423 3266 ῑΞ
1432 3248 1449 3266 o
1461 3248 1474 3266 a
1484 3248 1496 3266 s
1508 3260 1516 3272 ,
1538 3238 1677 3276 Nymphae
1691 3237 1782 3267 eidem
1792 3237 1888 3281 [Steph.v
1909 3237 1960 3265 live
1970 3236 2119 3265 Amnisides
2131 3258 2138 3271 ‚
2158 3243 2190 3266 ut
2200 3236 2268 3266 Call.
2281 3236 2300 3266 l.
2314 3247 2338 3267 c.
2355 3238 2416 3268 bre-

1298 3276 1358 3305 vius
1368 3285 1467 3305 vocem
1482 3276 1627 3310 formavit,
1656 3291 1694 3296 —
1714 3271 1846 3309 Α’μνιστθικ
1868 3285 1934 3305 ειυω
1951 3276 2051 3306 νύμφας-

1260 3315 1431 3348 ΑΜΝῐυΜ,
1466 3314 1479 3349 [
1494 3313 1552 3348 ἄμμι.
1568 3326 1575 3337 ν
1591 3314 1605 3348 ]
1633 3313 1750 3343 Interior
1771 3311 1928 3340 membrana
1938 3310 2092 3347 appellatur
2104 3310 2137 3340 ab
2150 3311 2320 3349 Empedocle
2331 3335 2339 3348 ‚
2361 3324 2415 3351 qua

1297 3351 1381 3380 suetus
1404 3351 1433 3380 in
1443 3354 1522 3380 utero
1534 3351 1652 3380 inclusus
1665 3350 1801 3387 obtegitur⁴
1814 3371 1821 3383 ,
1840 3360 1855 3377 a
1867 3348 1983 3377 mollitie
1996 3358 2128 3390 vagnorum
2144 3349 2266 3379 dedudto
2276 3351 2390 3380 nomine
2404 3361 2413 3380 ;

1298 3389 1419 3419 exterior
1439 3399 1503 3418 vero
1518 3389 1642 3417 chorium
1654 3388 1773 3417 Polluci:
1795 3395 1949 3423 quanquam
1969 3385 2014 3415 alii
2026 3386 2164 3416 diversum
2175 3388 2293 3418 tradant.
2334 3389 2415 3419 Vola-

1296 3434 1358 3457 terr.
1384 3429 1410 3457 δι
1423 3426 1518 3456 Galen.
1529 3426 1578 3456 lib.
1600 3427 1634 3455 de
1647 3426 1774 3454 Foet'uum
1783 3424 1968 3453 formatione.

1260 3461 1283 3495 Α
1292 3476 1311 3494 Μ
1322 3475 1340 3494 n
1350 3475 1370 3494 «u
1379 3475 1408 3500 s,
1431 3464 1528 3494 Insula:
1541 3463 1645 3493 Dolicae
1654 3464 1681 3491 in
1694 3462 1786 3491 Arabia
1798 3462 1847 3489 fluv
1856 3461 1905 3489 ius.
1929 3460 2059 3503 Plin31ib.
2071 3464 2096 3490 6.
2107 3471 2167 3499 cap.
2182 3467 2227 3495 28.

1261 3504 1282 3533 A
1294 3513 1340 3532 Mo
1354 3525 1362 3537 ,
1381 3501 1399 3539 '[
1416 3504 1497 3536 φιλίω,
1516 3499 1589 3537 ἐρέω,
1602 3501 1700 3535 ἀφανιῶ,
1719 3496 1785 3535 ςέξᾳω
1801 3499 1815 3532 ]
1835 3501 1888 3527 are.
1914 3498 1950 3527 Ex
1971 3510 2030 3530 mauu
2051 3509 2099 3536 per
2109 3500 2222 3529 metath.
2246 3499 2289 3530 vel
2299 3511 2334 3530 ex
2347 3512 2416 3531 con-

1297 3543 1385 3570 trado
1402 3541 1443 3575 μᾶ
1455 3562 1462 3574 ,
1483 3541 1500 3568 i.
1519 3550 1541 3567 e.
1567 3538 1748 3567 Vehementer
1760 3537 1854 3573 cupio,
1868 3537 1924 3578 {3351
1934 3536 2028 3573 epitat.
2050 3537 2153 3566 factum
2164 3538 2283 3573 videtur,
2299 3540 2325 3568 &
2336 3540 2415 3577 ligni-

1296 3579 1360 3608 ficat
1372 3578 1492 3607 Charum
1504 3576 1612 3606 habere.
1644 3575 1705 3604 Plus
1715 3573 1751 3602 est
1762 3583 1843 3609 quam
1854 3573 1980 3610 Diligere.
2003 3574 2060 3603 Cic.
2074 3585 2098 3610 9.
2111 3574 2185 3604 Fam.
2204 3586 2243 3611 ¹4·
2276 3576 2346 3612 Quis
2357 3586 2414 3607 erat

1317 3617 1344 3646 ui
1357 3623 1466 3654 putaret
1474 3617 1507 3643 ad
1522 3623 1585 3643 euni
1601 3621 1730 3645 amorem,
1753 3621 1833 3647 quem
1855 3617 1917 3648 erga
1927 3618 1954 3640 te
1965 3611 2101 3641 habebam
2115 3635 2121 3645 ‚
2140 3612 2215 3650 posse
2225 3613 2415 3650 aliquidacce-

1297 3627 1385 3683 dere?
1406 3661 1513 3682 tantuin
1527 3660 1616 3680 tamen
1629 3648 1745 3683 accessit,
1759 3656 1789 3676 ut
1798 3649 1865 3677 inihi
1878 3650 1998 3686 denique
2010 3659 2084 3678 nunc
2096 3660 2186 3679 amare
2197 3652 2290 3680 videar
2302 3673 2309 3686 ‚
2333 3659 2414 3682 antea

1295 3690 1430 3721 dilexisse.
1470 3690 1555 3721 Idem.
1575 3687 1628 3717 Sed
1639 3694 1732 3715 tamen
1745 3693 1775 3714 ut
1784 3686 1864 3715 scires
1882 3696 1945 3715 eum
1958 3697 2014 3715 non
2026 3697 2040 3716 a
2051 3697 2095 3716 me
2107 3688 2183 3725 diligi
2194 3688 2296 3723 solum,
2317 3699 2413 3719 verum

1297 3730 1381 3759 etiarn
1393 3728 1485 3757 amari.
1506 3726 1579 3754 conf.
1594 3725 1717 3754 Nonium
1739 3734 1762 3759 5.
1778 3733 1801 3759 3.
1842 3724 1955 3753 Factum
1966 3725 2031 3754 hinc
2045 3733 2075 3753 ut
2093 3726 2220 3754 Amicitia
2231 3736 2341 3763 quoque
2352 3728 2413 3765 plus

1296 3766 1350 3796 eise
1359 3774 1440 3802 quam
1452 3762 1644 3792 benevolentia
1656 3761 1804 3790 censeatur.
1842 3761 1892 3791 Illa
1902 3762 1940 3790 est
1951 3763 2066 3791 amantis
2075 3784 2082 3797 ,
2104 3763 2162 3792 haec
2173 3764 2313 3801 diligentis
2324 3766 2415 3802 inquit

1296 3803 1395 3834 Auson.
1409 3803 1502 3838 Pomp.
1529 3812 1550 3830 1.
1575 3799 1686 3829 deDiff.
1706 3799 1786 3827 Verb.
1813 3809 1840 3836 p.
1853 3809 1895 3836 31.
1931 3800 2040 3829 Catullo
2051 3807 2143 3829 tamen
2159 3802 2251 3830 minus
2262 3802 2299 3830 est
2322 3803 2414 3832 Amare

1295 3850 1379 3878 quam
1391 3840 1463 3868 Bene
1472 3838 1551 3872 velle,
1566 3837 1656 3875 Epigr.
1669 3846 1712 3873 72.
1726 3837 1761 3865 ad
1770 3836 1850 3866 Lesb.
1876 3836 1923 3872 ubi
1936 3837 2079 3867 Muretum
2093 3838 2156 3868 vide
2173 3849 2201 3876 p.
2214 3844 2276 3873 228.
2318 3841 2415 3870 Amare

1295 3880 1365 3908 item
1375 3887 1406 3907 ac
1426 3876 1546 3913 Diligere
1558 3874 1865 3913 saepeconfunduntur,
1887 3882 1918 3903 ut
2321 3915 2371 3943 Am

2373 3924 2418 3944 are
