2604 4222
548 9 562 20 ἰ

105 114 172 151 598
538 99 569 136 C
667 96 704 132 O
799 95 837 132 M

144 189 249 257 Cffdvitals³
257 187 415 218 communis
426 186 543 215 deorum
553 188 636 219 atque
645 178 794 210 hominum
806 198 814 212 ,
836 172 962 205 Mundus
981 167 1133 200 universus.
1154 164 1214 195 Cic.
1228 163 1265 193 de

187 238 229 265 egi
253 250 259 255 .
271 234 315 261 23.

148 265 283 295 Conditio
297 261 464 292 communis.
484 258 552 288 Hor.
564 266 590 286 2.
604 254 688 292 Epist.
706 262 728 282 1.
746 260 808 287 152.

150 304 263 333 Crimen
273 308 431 330 commune.
453 297 510 327 Cic.
523 297 552 324 iri
564 295 640 324 Orat.
1029 319 1035 325 Ι
1247 314 1254 320 ι

151 339 318 372 Dividundo
330 336 483 369 communi,
504 328 703 370 jurisconsultis
723 324 860 363 judicium
875 322 921 357 est,
934 319 1015 363 „quod
1028 323 1099 347 inter
1115 325 1163 345 eos
1175 312 1267 344 reddi-

174 385 218 408 tur
227 399 235 411 ,
256 378 368 413 quirem
380 383 461 411 quam
475 372 528 402 alia
539 377 620 406 atque
635 377 667 396 ex
681 363 854 394 haereditaria
862 360 952 390 cauila
962 363 1142 387 communem
1153 353 1268 386 habent,

176 416 263 446 dividi
275 436 282 448 ‚
304 412 438 448 simulque
449 409 523 447 quod
535 407 651 437 alterum
663 402 739 433 alteri
751 411 784 430 ex
792 401 867 443 borio
883 400 910 429 δι
922 406 1001 433 aequo
1011 394 1136 432 praestare
1147 397 1268 429 oportet,

176 454 234 483 dari
245 453 302 482 fieri
315 449 462 489 postulant.
484 447 502 476 l.
515 446 580 475 ’.ἃ
595 454 617 480 3.
632 442 664 471 D.
676 441 783 470 Comm.
798 437 884 466 diVid.
900 436 1084 465 Hotomanus.

157 491 245 522 Dolor
256 489 420 519 communis.
441 485 499 515 Cic.
510 484 546 512 de
559 480 682 511 Provinc.
696 475 775 507 Coris.
786 485 813 505 2.
853 511 859 518 ·

158 529 385 560 Emolumentum
398 526 422 554 ἃ
434 524 566 552 damnum
577 525 734 549 commune.
775 513 838 551 Ulp.
852 521 880 540 in
894 510 914 540 l.
936 509 1007 539 Cum
1021 506 1142 537 duobus.
1162 504 1184 542 §-
1207 510 1272 533 cum

106 600 112 603 ,
179 564 244 596 duo.
269 565 300 594 D.
324 573 372 601 pro
389 562 472 590 socio.

158 605 242 635 Fama
252 610 332 638 atque
344 601 429 629 sermo
443 595 610 627 communis.
631 592 687 622 Cic.
702 602 728 627 4.
741 589 816 619 Verr.
832 596 883 625 pro
895 586 983 616 Flacc.
999 591 1041 619 13.

160 642 235 673 Filia.
260 639 377 676 Quintil.
394 637 441 665 lib.
457 645 480 670 3.
493 644 554 670 cap.
571 643 611 662 11.
1012 658 1018 665 ⁸

160 680 281 710 Fortuna
292 677 371 706 nobis
382 683 444 704 cum
455 670 616 710 propinquis
626 665 784 698 communis
793 663 965 702 plerumque.
988 659 1045 689 Cic.
1060 666 1084 687 1.
1101 654 1159 686 Off.
1178 658 1222 691 58.

162 718 242 754 Fuga.
266 716 326 744 Seii.
346 713 420 742 Med.
437 719 532 742 ¹225-

163 754 269 784 Gaudia
279 750 447 781 communia.
470 746 554 776 Ovid.
571 755 612 779 ις,
629 742 710 780 Epist.
725 750 787 777 317.
814 750 827 761 s
876 775 880 781 Ι
1009 771 1015 777 .
1237 765 1243 771 .

161 791 315 822 Haereditas
329 785 491 817 communis.
505 783 576 813 Paul.
591 783 617 809 in
629 781 647 809 l.
661 779 697 809 Ea
706 787 779 808 vero,
791 778 811 814 §.
825 774 865 806 De
875 773 923 803 illo
934 776 1071 810 quaerltur.
1084 768 1117 799 D.
1129 768 1180 798 Pro
1189 765 1273 796 socio.

161 830 253 860 Hostis
266 830 288 857 kk
305 826 397 864 praedo
407 822 562 854 communis
573 819 708 848 oninium.
731 815 790 845 Cic.
801 818 826 844 6.
838 814 911 842 Verr.
927 821 971 840 21.

162 867 335 896 Humanitas.
359 864 414 892 Cic.
434 870 483 899 pro
494 860 581 888 Flacc.
599 866 644 891 24.
1137 881 1143 887 ἠ

162 904 324 936 Intellectus
375 899 492 936 Quintil.
507 897 552 925 lib.
567 905 591 924 2.
607 903 665 931 cap.
682 895 724 921 16.
744 891 848 920 Nonne
863 887 1008 926 pulchrum
1017 882 1060 913 vel
1070 882 1124 912 hoc
1136 879 1224 919 ipsum
1238 878 1275 909 est

181 952 214 971 ex
231 939 372 969 communi
387 936 529 966 intellectu
542 956 549 968 ,
571 931 712 967 verbisque
726 951 734 965 ‚
755 928 855 965 quibus
871 933 984 956 utuntur
995 930 1092 951 omnes
1103 942 1110 956 ,
1130 921 1181 949 διε.

161 978 356 1015 intelligentia.
378 976 435 1004 Cic.
453 984 472 1002 r.
486 974 520 1001 de
532 972 608 1001 Orat.
624 979 686 1004 2⁴9-
1178 994 1183 1000 .

161 1017 320 1053 Judiczitum
341 1021 489 1042 commune
501 1010 555 1044 est,
577 1007 653 1045 quod
670 1013 768 1035 omnes
784 1001 867 1039 vulgo
886 999 1038 1039 probarunt
1055 997 1081 1026 &
1098 995 1185 1025 secuti
1203 992 1274 1023 sunt.

182 1055 239 1084 Cic.
256 1064 277 1082 i.
291 1053 324 1081 de
336 1052 442 1081 invent.
459 1055 503 1084 48.
878 1076 884 1081 Ι
1004 1074 1011 1080 θ

163 1092 302 1127 Judieiiuii
316 1097 483 1121 commune,
508 1082 747 1120 intelligentiaque
758 1077 908 1117 popularis.
930 1074 990 1105 Cic.
1003 1082 1033 1102 in
1046 1071 1123 1102 Orat.
1142 1078 1203 1107 117.

163 1130 220 1165 Jus.
244 1129 299 1157 Cic.
314 1137 338 1156 2.
352 1127 387 1155 de
398 1126 474 1154 Orat.
489 1133 552 1157 ²09-

162 1168 228 1201 Jura
242 1165 401 1195 communia
411 1162 495 1199 regni.
520 1160 620 1189 Lucan.
637 1166 677 1185 10.
690 1164 735 1191 93.

163 1206 236 1234 Laus
247 1202 403 1233 communis
413 1209 477 1230 cum
492 1198 593 1234 aliquo.
616 1195 673 1224 Cic.
689 1200 712 1230 3.
730 1191 805 1221 Verr.
821 1193 862 1224 18.

163 1242 239 1272 Lecti
252 1248 424 1270 communes.
447 1237 516 1267 Cato
527 1243 586 1272 cap.
604 1243 644 1261 io.

164 1279 265 1316 Legem
278 1278 402 1308 oninium
413 1282 590 1306 communem
601 1270 696 1299 leviter
704 1264 861 1297 adornabit.
1083 1298 1089 1304 ·
1238 1295 1245 1301 ·

164 1317 281 1348 Litterae.
323 1316 379 1344 Cic.
390 1324 415 1344 2.
427 1314 462 1342 de
474 1312 549 1341 Orat.
563 1318 606 1345 7²·
630 1307 721 1336 Ludus
739 1304 777 1333 est
791 1301 899 1331 homini
920 1309 979 1329 non
996 1298 1110 1332 hebeti,
1131 1304 1221 1333 neque
1237 1303 1279 1324 m-

183 1355 351 1385 exercitato.
374 1360 464 1387 neque
477 1344 830 1379 communiumlitterarum
842 1341 867 1369 St
878 1336 1014 1377 politioris
1033 1335 1214 1365 humanitatis
1233 1342 1279 1363 ex-

184 1394 263 1431 perti.
296 1392 325 1420 V.
349 1391 377 1418 in
399 1393 642 1418 HUMANlTAS.
937 1413 943 1420 .
983 1413 989 1419 ¹

165 1430 256 1461 Locos
267 1436 430 1458 communes
440 1426 540 1455 dicere.
563 1419 679 1458 Quintilv
693 1418 740 1447 lib.
753 1426 779 1447 2.
791 1424 852 1453 cap.
866 1424 890 1444 1.
912 1413 970 1443 Cic.
981 1421 1011 1441 in
1022 1411 1098 1441 Orat.
1110 1417 1156 1447 72.

164 1467 240 1498 Loca
254 1466 411 1496 communia
428 1486 436 1499 ,
455 1464 472 1492 i.
486 1472 509 1491 e.
534 1459 651 1490 Publica.
675 1457 731 1486 Cic.
742 1466 767 1491 4.
780 1454 854 1483 Verr.
870 1461 929 1495 ¹.¹²·
942 1489 948 1494 ⁸
1240 1481 1246 1489 ⁸

165 1506 285 1536 Lucrum
298 1501 507 1540 &impendium
519 1490 678 1529 conimurie.
701 1492 763 1529 Ulp.
775 1491 832 1521 inl.
855 1491 881 1519 Si
894 1490 1062 1518 societatem.
1084 1485 1117 1515 D.
1133 1484 1182 1514 Pro
1191 1483 1277 1513 socio.

166 1544 235 1574 Lux.
267 1542 325 1571 Cic.
339 1550 387 1578 pro
399 1537 494 1575 Quint.
510 1547 553 1573 74.
576 1535 613 1564 Ut
624 1532 707 1571 perse
717 1531 849 1560 afflictum
857 1535 938 1565 atque
952 1524 1075 1555 eversum
1090 1523 1280 1560 propinquum

186 1591 242 1610 non
254 1579 339 1608 modo
350 1577 461 1607 'noneste
473 1576 554 1613 partis
563 1573 643 1602 bonis
652 1593 659 1605 ,
681 1578 777 1598 verum
790 1568 873 1596 etiam
885 1563 1027 1594 communi
1040 1560 1103 1591 luce
1113 1561 1240 1598 privaret.

167 1619 246 1649 Mare
263 1624 411 1646 commune
422 1613 559 1643 omnibus.
584 1609 667 1640 Plaut.
678 1607 749 1636 Rud.
761 1617 787 1642 4.
800 1614 824 1638 3.
835 1608 879 1640 36.
1071 1636 1076 1642 ¹
1176 1635 1182 1641 ·

167 1657 243 1687 Mars
258 1654 324 1684 belli
343 1652 508 1682 communis.
549 1649 606 1679 Cic.
617 1653 639 1676 ⁶.
659 1645 732 1675 Fam.
743 1655 768 1679 4.
797 1642 871 1672 Nam
894 1648 978 1677 quum
1001 1645 1092 1667 omnis
1116 1634 1184 1666 belli
1204 1634 1281 1665 Mars

188 1690 344 1723 communis
355 1712 362 1726 ,
384 1692 409 1719 δι
422 1698 505 1727 quum
515 1687 621 1724 semper
630 1683 726 1714 incerti
735 1681 826 1711 exitus
838 1678 995 1718 praeliorum
1007 1676 1066 1705 sint.

168 1731 260 1761 Mens.
283 1730 341 1758 Cic.
354 1737 376 1764 3.
394 1728 429 1756 de
441 1727 516 1756 Orat.
532 1732 590 1759 113.
1151 1749 1157 1755 “

168 1769 237 1800 Mos
252 1766 409 1796 communis
425 1764 578 1794 verborum.
601 1766 649 1796 ut,
670 1760 690 1789 A
710 1754 854 1788 communi
873 1762 951 1783 more
966 1751 1114 1781 verborum
1130 1746 1280 1779 discedere.

187 1807 245 1835 Cic.
260 1807 287 1834 iri
300 1805 375 1834 Orat.

169 1845 292 1875 Mortem
304 1841 380 1871 omni
389 1839 462 1870 aetati
473 1837 525 1868 esse
538 1843 726 1866 communem.
750 1829 808 1863 Cic.
821 1831 857 1860 de
867 1829 975 1860 Senec‘t.
985 1830 1031 1864 ⁶7·

171 1881 304 1912 Mundus.
326 1878 383 1908 Cic.
399 1887 421 1912 3.
437 1877 471 1906 de
482 1875 569 1906 Finib.
583 1884 607 1909 3.

170 1919 260 1949 Natus
271 1917 442 1950 communis,
463 1915 481 1943 i.
497 1924 521 1943 e.
541 1910 686 1948 Utriusque
694 1905 829 1944 conjugis.
849 1905 920 1943 Virg.
936 1913 961 1934 2.
976 1902 1114 1939 slim-189.

172 1957 238 1987 Nati
251 1964 333 1992 apum
347 1961 517 1983 communes.
540 1950 611 1987 Virg.
624 1960 650 1983 4.
662 1948 755 1984 Georg
780 1955 838 1979 ¹53·

251 1993 322 2022 301ae
335 1999 496 2020 communes
504 1994 582 2018 natos
592 2008 600 2022 ,
621 1984 757 2015 consortia
766 1984 838 2012 tecla

253 2029 331 2060 Urbis
343 2029 454 2058 habent.
550 2026 590 2055 De
602 2023 700 2062 apibus
712 2021 849 2058 loquitur:
870 2017 917 2047 ubi
929 2015 1037 2046 Servius
1049 2036 1057 2049 ‚
1078 2013 1155 2044 Plato
1168 2012 1195 2041 iri
1207 2011 1285 2041 libris

194 2068 329 2105 (inquit)
370 2075 419 2096 uos
435 2061 489 2094 tn&
504 2063 624 2089 τηλιτε-ίας
644 2060 747 2098 sci-ipsit
761 2080 768 2093 ,
790 2058 861 2087 dicit
871 2056 956 2085 amori
971 2052 1142 2091 Reipublicae
1153 2049 1206 2079 effe
1214 2047 1286 2078 nihil

195 2114 344 2143 praeponen
369 2113 422 2133 um.
462 2102 569 2131 Omnes
580 2104 709 2137 praeterea
726 2099 751 2127 δι
765 2104 865 2125 uxores
877 2093 1016 2123 &liberos
1035 2091 1073 2120 ita
1091 2099 1143 2118 nos
1154 2093 1286 2121 tanquam

196 2141 469 2173 communesliabei·e
480 2139 597 2172 debere,
620 2144 650 2165 ut
669 2135 765 2165 caritas
788 2133 835 2167 sit,
856 2141 913 2160 nori
931 2129 1020 2159 libido
1035 2126 1156 2158 confusa.
1198 2124 1287 2162 Quod

196 2186 364 2218 praeceptum
379 2178 446 2207 dicit
456 2176 562 2206 nullum
575 2180 671 2212 praeter
683 2181 747 2210 apes
758 2170 861 2200 servare
874 2167 1000 2206 potuisse.

177 2219 300 2249 Nomine
311 2215 619 2250 comniunicomparare
635 2210 747 2247 aliquid.
770 2208 833 2246 Ulp.
850 2207 878 2235 iri
900 2207 918 2236 l.
940 2213 1026 2243 quum
1044 2201 1164 2233 duobus.
1187 2201 1210 2238 ς.
1230 2199 1289 2238 qui-

197 2257 260 2285 dam
272 2255 408 2291 sagariam.
434 2253 463 2281 D.
487 2261 537 2289 pro
553 2250 634 2278 socio.

179 2294 284 2323 Odium
297 2292 376 2321 alicui
388 2300 449 2319 cum
460 2288 565 2330 populo
576 2294 733 2316 commune.
758 2283 821 2314 Sen.
830 2281 912 2312 Here.
923 2280 973 2310 fur.
986 2282 1013 2312 6.

178 2332 294 2369 Opinio.
318 2330 373 2358 Cic.
387 2338 410 2357 ι.
426 2328 481 2357 Ost.
495 2337 518 2361 ς.

179 2370 286 2406 Opinio
295 2366 431 2396 imbecilla
443 2367 467 2394 δι
476 2373 539 2393 cum
549 2358 616 2392 falso
627 2356 826 2395 incognitoque
835 2354 1002 2386 communis.
1023 2353 1083 2384 Cic.
1099 2363 1123 2384 ι.
1141 2350 1224 2382 Acad.
1238 2359 1284 2388 44.

178 2406 289 2436 Padum
299 2412 455 2434 commune.
480 2401 618 2439 Papinian.
629 2398 648 2428 l.
660 2398 676 2427 si
689 2397 784 2426 socius.
804 2395 836 2425 D.
850 2404 900 2433 pro
916 2393 999 2422 socio.

179 2443 332 2473 Periculum
342 2448 500 2471 commune.
522 2438 585 2475 Ulp.
598 2438 626 2466 in
640 2435 657 2465 l.
674 2434 765 2473 plane.
782 2433 815 2463 D.
831 2442 881 2469 pro
897 2430 982 2461 socio.

178 2481 333 2512 Periculum
346 2487 494 2508 commune
504 2475 668 2514 propulsare.
690 2473 779 2502 Tacit.
794 2472 823 2500 in
835 2471 896 2500 Vita
911 2470 997 2506 Agric.
1015 2475 1059 2497 12.

179 2518 334 2549 Periculum
344 2526 429 2546 unum
441 2517 465 2545 ὁὶ
477 2522 625 2544 commune
637 2511 779 2540 ambobus.
801 2507 873 2545 Virg.
886 2516 912 2537 2.
924 2507 985 2538 AEn.
999 2515 1063 2543 709.

180 2556 316 2587 Pernicies
329 2553 484 2584 communis
496 2549 712 2580 adolescentium
724 2569 732 2583 ,
753 2547 827 2577 leno.
848 2545 913 2576 Ter.
929 2543 1005 2575 Adel.
1017 2553 1042 2574 2.
1057 2552 1080 2572 1.
1098 2550 1145 2578 34.

180 2594 260 2624 Pestis
273 2592 440 2622 communis.
463 2590 520 2619 Cic.
533 2599 554 2618 i.
568 2589 603 2616 de
613 2588 687 2615 Orat.
699 2594 724 2615 2.

180 2632 281 2667 Pignus
291 2638 448 2660 commune.
469 2626 551 2657 Ovid.
567 2636 589 2659 ς.
605 2624 672 2654 Nlet.
689 2632 751 2659 523.
770 2622 816 2651 Sic
825 2626 905 2650 vocat
914 2618 1102 2656 Proserpinam
1113 2615 1241 2655 Juppiter
1253 2614 1290 2646 ad

201 2670 327 2698 Cererem
341 2667 456 2703 loquens
467 2686 475 2699 ,
497 2663 627 2701 quoniam
640 2661 782 2690 amborum
793 2666 849 2689 erat
859 2658 925 2687 filia.

181 2705 302 2741 Populus
314 2703 468 2734 communis
479 2724 487 2738 ‚
509 2701 564 2738 Qui
575 2698 733 2738 principum
744 2697 944 2733 conjunctione
958 2695 986 2723 in
1000 2702 1087 2723 unum
1098 2692 1163 2722 coit.
1186 2691 1290 2729 Virg.4.

202 2745 263 2774 AEn.
279 2752 337 2772 102.

181 2781 320 2818 Praecepta
331 2778 456 2808 omnium
472 2775 631 2807 communiti
643 2775 667 2804 ἃ
677 2772 803 2802 contrita.
825 2771 882 2801 Cic.
899 2781 922 2799 i.
933 2770 967 2798 de
976 2769 1053 2799 Orat.
1068 2775 1128 2803 137.

181 2819 329 2849 Prudentia
341 2816 504 2846 communis.
545 2813 602 2842 Cic.
616 2823 639 2846 ς.
652 2811 686 2840 de
696 2809 780 2839 Finib.
796 2812 839 2838 66.
868 2808 1007 2837 Omnibus
1016 2806 1090 2835 enim
1102 2804 1205 2833 artibus
1215 2803 1293 2833 volu-

203 2866 263 2885 mus
273 2855 429 2885 attributam
440 2853 494 2881 eise
506 2861 566 2881 eam
578 2872 586 2885 ,
608 2860 666 2886 quae
677 2847 832 2877 communis
844 2846 996 2883 appellatur
1006 2842 1161 2882 prudentia.

183 2894 237 2924 Res
247 2893 403 2922 communis
415 2913 422 2924 .
445 2891 462 2919 i.
476 2899 499 2919 e.
523 2888 673 2925 Negotium
685 2893 841 2914 commune.
866 2884 930 2913 Hor.
941 2892 967 2912 2.
980 2882 1101 2911 Serm.6.
1115 2884 1158 2915 36.

184 2932 238 2961 Rcs
249 2929 404 2960 communis
415 2927 487 2965 apud
497 2924 726 2962 ,Iurisconsult08.
750 2922 787 2951 est
808 2920 851 2951 vel
866 2930 928 2950 cum
947 2920 1095 2952 societate,
1116 2917 1157 2946 vel
1177 2916 1232 2945 sine
1252 2915 1292 2945 so-

203 2970 311 2999 cietate.
351 2967 421 2996 Cum
435 2966 564 2994 societate
577 2985 584 2998 ‚
606 2961 691 2991 veluti
703 2961 774 2988 inter
785 2968 832 2987 eos
845 2979 853 2993 ‚
875 2959 919 2995 qui
936 2958 1052 2986 eandem
1069 2965 1126 2984 rem
1146 2961 1292 2984 emerunt:

202 3007 267 3036 Sine
277 3005 404 3034 societate
416 3025 423 3038 ‚
444 3001 529 3032 veluti
541 3002 669 3030 intereos
680 3020 688 3033 ‚
708 2997 806 3034 quibus
817 2996 914 3026 eadem
923 3004 964 3025 res
973 2995 1134 3024 testamento
1145 2993 1235 3030 legata
1244 2991 1292 3021 est.

204 3044 222 3073 l.
236 3053 260 3072 2.
275 3043 306 3072 D.
318 3051 419 3071 comm.
431 3041 518 3070 divid.
548 3039 731 3067 Hotomanus.

187 3081 265 3111 Salus
275 3079 438 3109 communis.
461 3078 518 3107 Cic.
532 3076 591 3106 Post
603 3074 680 3104 redit.
697 3073 730 3102 ad
744 3071 824 3108 Quir.

187 3118 271 3148 Saluti
285 3117 425 3146 communi
436 3114 533 3144 deeffe.
555 3113 661 3142 Lucret.
676 3121 697 3140 1.
715 3121 759 3145 44.

187 3155 295 3185 Scelera
304 3155 453 3187 coniuneta
462 3160 542 3187 atque
553 3148 712 3180 communia
724 3146 805 3176 alicui
817 3154 881 3175 cum
890 3143 992 3182 aliquo.
1015 3142 1072 3173 Cic.
1082 3152 1132 3181 pro
1140 3142 1215 3172 Sext.
1226 3148 1271 3178 29.

188 3193 284 3223 Sensus
297 3200 468 3221 communes.
491 3190 549 3219 Cic.
563 3198 586 3222 3.
602 3189 637 3216 de
647 3187 722 3216 Orat.
737 3195 777 3221 ¹9·

189 3229 272 3259 Sensu
285 3228 424 3258 communi
436 3237 536 3257 carere.
560 3227 625 3255 Hor.
643 3234 664 3255 1.
677 3225 761 3252 Serni.
774 3231 798 3257 3.
812 3223 857 3250 66.

189 3267 351 3305 Sepulcrum
363 3275 511 3295 commune
524 3264 607 3301 plebi.
631 3262 695 3291 lior.
713 3271 733 3289 i.
746 3261 831 3289 Serm.
846 3263 872 3291 8.
889 3263 931 3286 10.

284 3305 342 3333 lloc
352 3303 451 3332 miserie
468 3302 542 3340 plebi
555 3301 639 3330 stabat
653 3306 802 3328 commune
812 3295 976 3333 sepulcrum.
1072 3291 1110 3321 Ad
1119 3291 1296 3322 hunclocum

210 3341 245 3370 sic
252 3340 397 3370 Turnebus
408 3362 415 3374 ,
440 3340 534 3376 Quum
547 3338 615 3367 olim
626 3359 634 3372 ‚
655 3336 701 3374 qui
712 3334 867 3372 locupletes
880 3338 965 3361 erant.
985 3331 1013 3358 in
1026 3329 1078 3358 suis
1090 3330 1182 3358 fundis
1191 3329 1296 3365 aliquid

211 3377 264 3407 loci
276 3377 416 3414 sepulturae
426 3377 590 3414 seponerent
600 3397 608 3410 ‚
630 3376 655 3404 ἃ
668 3375 772 3412 privata
783 3371 917 3401 haberent
929 3369 966 3397 ibi
983 3367 1104 3405 sepulcra
1118 3366 1164 3396 sibi
1177 3366 1298 3395 familiae.

212 3425 264 3450 que
274 3415 324 3443 sure
335 3421 379 3443 aut
393 3414 544 3444 hiercdibus
554 3435 561 3447 ‚
605 3412 661 3441 lebs
670 3433 677 3444 ,
697 3420 754 3446 qua:
764 3410 833 3447 agris
845 3406 991 3443 fundisque
1000 3404 1118 3438 carebat,
1139 3405 1166 3432 in
1177 3404 1239 3433 loco
1250 3405 1298 3433 ali-

213 3462 267 3487 quo
279 3453 417 3481 communi
429 3451 569 3488 sepultura:
577 3423 710 3478 Sestinum
722 3447 904 3480 liumabatur‘,
925 3443 1137 3480 sepulcrumque
1148 3451 1298 3471 commune

212 3489 375 3523 vocabatur,
396 3489 441 3518 ubi
459 3488 645 3526 sepeliebatur.
688 3486 759 3515 Hinc
781 3485 864 3514 etiam
880 3482 1003 3511 Catullus
1015 3484 1058 3509 66.
1070 3486 1114 3514 89.
1137 3479 1190 3508 fata
1209 3479 1298 3509 fratris

212 3526 250 3554 sui
262 3526 406 3561 deplorans
418 3547 425 3558 ,
446 3527 519 3563 apud
530 3525 643 3560 Trojain
653 3525 752 3552 mortui
765 3524 788 3551 St
797 3521 914 3553 conditi.
936 3519 981 3548 ubi
996 3525 1037 3547 tot
1048 3516 1187 3554 quondam
1200 3516 1297 3546 heroes

214 3562 397 3597 belli'srojiini
407 3570 530 3599 tempore
540 3572 573 3590 ex
593 3562 648 3590 Asia
661 3563 685 3589 E<
700 3561 806 3597 Europa
821 3558 1009 3587 occubuerant
1033 3556 1059 3586 Sc
1079 3554 1224 3591 compositi
1240 3553 1298 3584 fue-

213 3607 289 3632 rant,
311 3610 370 3628 exim
381 3601 473 3628 urbem
486 3601 643 3629 Commune
654 3597 806 3634 sepulcrum
816 3595 936 3634 appellat
951 3594 1064 3630 Europae
1075 3594 1100 3622 St
1113 3592 1174 3620 llsiae
1184 3613 1191 3626 ‚

286 3636 369 3678 Troia
389 3638 520 3672 (inquit)
540 3638 625 3670 nefas,
635 3644 784 3664 commune
799 3633 953 3671 sepulcrum
968 3631 1081 3667 Europae
1103 3629 1226 3665 iifiaeque.
1266 3629 1299 3659 Et

215 3674 355 3717 Lucretius
371 3683 392 3707 5.
408 3679 470 3702 260.
499 3674 610 3703 ‘serrum
630 3680 752 3701 mortuos
771 3681 866 3700 omnes
878 3692 886 3704 ‚
914 3670 1062 3704 omniaque
1084 3667 1231 3696 senecintis
1248 3666 1298 3696 situ

215 3710 316 3740 cariosa
339 3712 364 3738 δι
403 3712 505 3744 uirida.
527 3721 639 3745 :ovoque
658 3709 720 3738 seilli
733 3731 739 3743 ,
769 3709 816 3737 suo
827 3709 882 3736 sinu
906 3708 1065 3744 gremioque
1087 3711 1297 3742 receptantem,

215 3750 370 3789 Commune
391 3746 531 3782 epulorum
543 3749 640 3776 eodem
660 3747 744 3776 niodo
756 3745 894 3783 appellat,

276 3787 459 3820 (imniparens
478 3786 485 3812 (
499 3784 604 3820 inquit)
625 3784 721 3813 eadem
736 3793 824 3812 rerum
837 3789 985 3811 commune
996 3778 1161 3816 sepulcrum.

195 3823 337 3852 Sententia
349 3822 383 3849 de
392 3822 529 3848 communi
539 3822 639 3856 aliquid
650 3823 819 3849 constituere.
841 3820 898 3849 Cic.
913 3828 936 3855 3.
947 3817 1003 3847 off.
1015 3823 1060 3851 80.

195 3860 456 3890 Sermoeoinmunis
489 3858 594 3892 Quintil
617 3858 662 3885 lib.
677 3868 699 3886 ².
713 3868 772 3894 cap.
789 3868 829 3886 io.

194 3898 311 3935 Spiritus
319 3895 475 3925 communis
488 3895 566 3923 vivis.
588 3895 645 3923 Cic.
655 3895 683 3923 in
693 3895 769 3924 Orat.
782 3903 843 3929 107.

884 1261 1003 1300 Quintil.
1019 1257 1068 1290 lib.
1082 1268 1107 1295 7.
1120 1265 1180 1296 cap.
1193 1266 1219 1287 2.

1765 76 1797 111 c
1890 76 1928 111 ο
2018 63 2060 112 Μ’

1360 160 1486 204 Statione
1495 158 1639 189 communi
1649 157 1743 187 locum
1753 157 1874 194 aliquem
1892 164 1996 187 tenere.
2018 157 2089 195 Virg.
2103 168 2128 191 ο.
2142 157 2204 188 ΗΞι-ι.
2221 163 2282 192 182.

1361 200 1561 236 Stipulationes
1574 195 1946 230 communesJureconsultis
1956 195 2018 224 sunt
2033 217 2041 229 ,
2063 196 2151 225 veluti
2170 196 2239 225 Rem
2256 195 2356 224 salvam
2367 195 2426 225 fore
2435 204 2486 234 pii-

1382 236 1462 274 pilio.
1485 235 1619 272 Pompon.
1634 232 1651 262 l.
1670 233 1887 270 stipulationum.
1911 232 1944 262 D.
1960 233 1995 262 de
2004 233 2080 263 verb.
2095 233 2177 270 oblig.
2200 234 2225 263 Sc
2238 232 2348 270 Ulpian.
2361 233 2390 262 in
2406 233 2425 262 l.
2440 244 2486 263 ve.

1383 275 1439 303 stis.
1463 273 1496 316 D
1518 274 1554 316 rie
1573 281 1628 300 aur.
1653 272 1743 314 &arg
1767 270 1957 306 Communes,
1978 271 2086 308 inquit,
2107 271 2170 301 sunt
2196 269 2405 309 stipulationes,
2424 280 2486 308 quae

1386 311 1456 340 fiunt
1471 311 1575 343 iudicio
1590 308 1696 337 sistendi
1707 307 1795 337 causa.

1366 349 1464 378 Studia
1475 346 1643 377 communia.
1666 345 1751 375 Ovid.
1765 354 1788 381 3.
1804 344 1883 375 Trist.
1896 355 1921 382 7.
1936 352 1978 375 11.

1367 387 1487 424 Superos
1500 393 1663 414 communes
1677 391 1784 412 vocare.
1809 382 1895 412 Valet.
1908 393 1935 418 4.
1953 384 2051 420 Argon.
2067 386 2132 416 218.

1368 424 1544 461 Supplicium
1554 421 1687 458 improbis
1699 422 1724 450 ἃ.
1732 420 1826 458 probis
1836 430 1984 450 commune
1995 421 2064 458 legis
2072 430 2104 449 ac
2114 420 2221 456 judicii.
2237 418 2295 450 Cic.
2306 420 2336 449 in
2345 418 2434 450 Pison.
2441 430 2486 457 99.

1367 462 1541 499 Temporiiiii
1554 459 1747 488 communium
1759 467 1854 491 graves
1867 458 1950 487 casus.
1975 458 2033 487 Cic.
2049 468 2070 487 1.
2083 457 2118 487 de
2135 458 2213 488 Orat.
2228 468 2254 487 2.

1367 497 1438 530 Tem
1451 509 1494 527 ius
1505 506 1657 527 commune
1668 518 1675 530 ,
1697 496 1733 524 est
1743 495 1828 532 Quod
1843 496 1944 525 accidit
1956 495 2086 525 omnibus
2100 495 2202 526 eodem
2215 495 2273 526 fere
2290 501 2417 534 tempore
2457 500 2486 526 ut

1387 510 1478 566 meliis
1491 557 1497 571 ‚
1520 535 1662 563 vindemia
1673 556 1682 568 ‚
1697 536 1749 563 &e
1771 533 1828 563 Cic.
1847 543 1868 562 1.
1885 534 1920 563 de
1932 533 2039 565 invent.
2054 542 2101 569 40.
2426 516 2435 531 ⁹

1370 574 1475 604 Terror
1486 573 1652 602 communis.
1675 571 1738 600 Seri.
1750 571 1853 600 Troad.
1867 574 1894 601 6.

1368 612 1458 642 Torus
1473 610 1639 640 communis.
1662 609 1726 638 Seri.
1739 609 1817 639 Med.
1832 618 1871 638 12.

1369 649 1459 680 Verba
1470 648 1638 678 communia.
1677 647 1695 675 i.
1709 655 1732 676 e.
1754 646 1851 676 Soluta
1861 669 1869 681 ‚
1890 654 1944 676 nec
1953 644 2074 684 pedibus
2083 645 2185 676 vinsta.
2207 642 2306 676 Claud.
2317 643 2397 685 Epig.
2410 648 2488 683 8¹·3c'
2514 631 2518 633 -
2559 653 2563 676 ⁴.

1389 687 1425 717 de
1436 686 1622 724 descriptione
1632 690 1728 722 portus
1740 681 1894 714 Zarinensis
1905 705 1913 719 ‚

1564 739 1601 743 ——
1610 722 1657 751 sed
1668 721 1749 751 verba
1760 730 1862 759 negant
1873 720 2034 751 communia
2047 720 2133 751 Musae
2145 730 2152 750 :

1438 799 1444 805 .
1464 761 1592 790 Carmina
1604 760 1659 789 sola
1670 759 1785 797 loquor:
1807 760 1842 789 sic
1850 769 1895 788 me
1907 767 1985 789 meus
1996 756 2095 796 implet
2105 757 2215 796 Apollo.

1370 799 1542 830 Vestimenta
1554 799 1713 827 communia
1724 797 1923 833 Jureconsultis
1935 797 1996 826 sunt
2006 818 2014 832 ⁷
2036 796 2146 833 Quibus
2159 794 2316 834 promiscue
2328 795 2415 826 utitur
2431 805 2491 827 mu-

1390 838 1441 867 lier
1453 847 1516 866 cum
1528 837 1595 865 viro.
1618 835 1728 873 Ulpian.
1744 835 1761 864 l.
1778 836 1865 872 magis
1875 841 1952 873 puto.
1976 834 2008 864 D.
2025 834 2060 864 de
2073 834 2131 863 reb.
2143 843 2200 864 eor.
2222 835 2268 872 qui
2280 834 2328 864 sub
2346 839 2397 863 tut.

1371 875 1468 904 Vincla
1480 875 1642 903 communia
1652 880 1733 903 vocat
1749 873 1855 902 Lucret.
1879 871 2231 910 Complexusaniantium‚
2250 871 2300 901 lib.
2313 882 2340 907 4.
2356 877 2436 906 1188.

1372 914 1434 943 vita
1447 913 1613 941 communis.

1391 952 1485 980 munis
1495 948 1616 988 speftare
1628 946 1767 978 videntur.

1372 989 1437 1018 Vita
1448 1011 1455 1022 ,
1478 987 1619 1024 victusque
1629 986 1796 1016 communis.
1820 986 1879 1016 Cic.
1894 995 1917 1015 1.
1929 984 1988 1015 Off.
2000 989 2041 1019 58.

1372 1028 1461 1094 Agrici
1467 1035 1542 1092 c{luqs
1555 1026 1634 1069 novit
1644 1027 1700 1055 vita
1711 1025 1879 1054 communis.
1917 1023 1936 1053 i.
1948 1033 1972 1053 e.
1996 1022 2055 1060 Qui
2066 1022 2130 1052 vitae
2138 1021 2339 1053 consuetudine
2351 1021 2412 1052 noti
2420 1020 2492 1052 sunt.

1418 1074 1452 1094 ic.
1488 1070 1520 1093 ei
1535 1072 1598 1092 mic.
2481 1056 2484 1061 '

1372 1103 1435 1132 Vita
1448 1103 1477 1130 in
1488 1100 1669 1131 communi&
1680 1099 1786 1137 vulgari
1796 1100 1944 1129 hominum
1953 1098 2156 1129 consuetudIne
2173 1107 2227 1128 nec
2239 1097 2371 1128 hebetem
2387 1106 2441 1128 nec
2450 1106 2495 1127 rii-
2525 1120 2529 1134 ,
2565 1086 2567 1092 ’

1392 1141 1457 1169 dem
1472 1139 1533 1169 esse.
1557 1139 1613 1168 Cic.
1626 1148 1648 1167 1.
1668 1139 1702 1167 de
1713 1138 1789 1168 Orat.
1800 1144 1864 1173 248·

1373 1178 1438 1207 Vita
1448 1180 1473 1208 ἃ
1484 1176 1545 1207 usus
1556 1177 1722 1206 communis.
1746 1177 1803 1206 Cic.
1815 1176 1850 1205 de
1861 1175 1971 1205 Amicit.
1987 1179 2031 1210 18.

1373 1216 1479 1245 Vitium
1490 1224 1648 1244 commune.
1672 1212 1759 1244 Ovid.
1772 1224 1797 1243 2.
1812 1214 1847 1242 de
1865 1213 1952 1242 Ponto
1963 1235 1971 1248 ‚
1996 1221 2020 1249 3.
2035 1220 2081 1242 22.

1373 1253 1482 1283 Vitium
1493 1262 1643 1282 commune
1656 1252 1680 1281 Sc
1692 1259 1880 1290 pervagatum.
1902 1252 1960 1281 Cic.
1973 1260 1997 1281 α..
2011 1250 2048 1279 de
2058 1249 2136 1279 Orat.
2154 1256 2197 1278 ιο.

1373 1291 1507 1329 Voluptas
1517 1290 1675 1319 communis
1685 1311 1693 1325 ,
1716 1288 1842 1319 Lucretio
1857 1289 1957 1319 dicitur
1969 1311 1976 1324 ‚
2000 1288 2133 1326 Voluptas
2144 1295 2216 1317 exre
2226 1293 2354 1324 venerea,
2369 1295 2398 1316 1.
2417 1281 2497 1318 12620'
2523 1283 2533 1300 ’“
2565 1274 2578 1307 ῗῖ

1375 1330 1445 1359 Usus
1457 1327 1615 1358 communis
1628 1337 1768 1364 aquarum.
1792 1328 1876 1357 Ovid.
1892 1331 1917 1356 6.
1933 1326 1999 1356 Met.
2011 1336 2072 1362 349.

1375 1367 1444 1397 Usus
1453 1376 1545 1396 rerum
1557 1365 1694 1401 aliquibus
1706 1366 1870 1395 communis.
1895 1365 1956 1394 Seri.
1971 1364 2068 1393 octav.
2081 1372 2108 1397 7.

1375 1405 1445 1435 Usus
1456 1405 1582 1434 omnium
1596 1403 1696 1433 artium
1707 1403 1826 1440 vulgaris
1836 1402 2046 1439 communisque
2057 1410 2115 1430 non
2127 1400 2174 1431 est.
2196 1399 2254 1429 Cic.
2268 1407 2294 1436 3.
2310 1398 2346 1429 de
2356 1397 2417 1429 Fin.
2433 1407 2460 1435 3.

1376 1442 1462 1487 Usum
1471 1443 1506 1472 ad
1518 1450 1697 1485 communem
1707 1441 1854 1470 hominum
1866 1450 1964 1469 omnes
1976 1450 2017 1469 res
2030 1446 2125 1468 natura
2136 1439 2238 1476 genuit.
2254 1438 2312 1467 Cic.
2325 1447 2346 1467 1.
2361 1435 2418 1466 Off.
2431 1446 2475 1466 22.

1376 1482 1485 1525 Utilitas
1500 1489 1664 1509 communis.
1687 1478 1745 1509 Cic.
1758 1487 1782 1515 3.
1796 1478 1849 1508 Off
1867 1488 1908 1513 52,
1932 1477 2152 1511 Ututilitastua‚
2174 1476 2331 1506 communis
2343 1474 2445 1504 utilitas
2454 1474 2497 1505 sit.

1395 1519 1467 1549 Ibid.
1484 1528 1506 1548 ι.
1522 1527 1564 1554 ς2.
1587 1517 1702 1555 Semper
1711 1516 1815 1554 aliquid
1825 1516 1860 1546 ad
1871 1524 2052 1545 communem
2065 1514 2211 1544 utilitatem
2226 1513 2417 1544 adferendum.

1377 1557 1520 1587 Utendum
1530 1554 1726 1585 communibus
1737 1564 1786 1592 pro
1797 1555 2006 1588 communibus,

1379 1596 1538 1638 Commune
1548 1593 1587 1636 eil
1605 1600 1669 1622 cuni
1680 1592 1851 1630 supradietis.
1875 1592 1943 1621 Plin.
1957 1591 2005 1621 lib.
2020 1601 2045 1621 2.
2058 1599 2118 1629 cap.
2134 1595 2161 1625 8.

1377 1633 1494 1670 Utrique
1508 1637 1578 1669 parti
1588 1639 1748 1660 commune.
1772 1630 1892 1667 Quintil.
1904 1629 1952 1659 lib.
1963 1641 1989 1666 4.
2000 1639 2062 1667 cap.
2077 1638 2101 1659 1.

1377 1671 1525 1708 Occupare
1537 1669 1708 1698 communia.
1729 1668 1815 1698 Ovid.
1831 1677 1872 1705 13.
1888 1668 2032 1704 Metam.

1653 1722 1690 1727 —-
1703 1706 1790 1735 modo
1803 1715 1837 1736 ne
1846 1707 2006 1735 communia
2021 1704 2095 1734 solus

1471 1745 1620 1783 Occupet,
1641 1751 1724 1782 atque
1734 1744 1853 1782 aliquem
1866 1742 1946 1773 vobis
1955 1751 2067 1782 quoque
2084 1741 2183 1772 reddat
2193 1741 2339 1770 honorem.

1379 1784 1545 1815 Communis
1556 1792 1633 1812 meus
1644 1783 1670 1812 &
1684 1789 1747 1812 tuus
1757 1781 1927 1812 benevolens
1940 1791 1947 1812 :
1969 1782 2116 1819 antiquum
2124 1803 2132 1816 ,
2154 1789 2205 1818 pro
2219 1777 2385 1809 Communis
2396 1776 2499 1809 amicus
2509 1796 2521 1803 .-

1399 1822 1499 1851 noster.
1526 1821 1610 1850 Plaut.
1621 1820 1699 1850 Trin.
1715 1831 1737 1855 ς.
1749 1829 1774 1849 2.
1788 1829 1833 1856 23.

1380 1859 1531 1890 Communi
1541 1860 1635 1888 animo
1647 1856 1701 1887 effe
1719 1859 1745 1888 δι
1756 1857 1820 1888 levi.
1841 1857 1906 1887 Ter.
1920 1856 2019 1886 Heaut.
2037 1854 2061 1892 ς.
2078 1865 2101 1885 1.
2117 1864 2161 1891 39.

1474 1897 1642 1934 Quenquam
1651 1895 1745 1925 animo
1755 1903 1812 1926 tam
1823 1895 1967 1925 communi
1978 1894 2032 1924 esse
2044 1899 2092 1924 aut
2099 1893 2154 1924 levi
2164 1898 2259 1931 putas,

1474 1935 1532 1972 Qui
1543 1934 1568 1963 se
1580 1934 1693 1964 vidente
1701 1934 1820 1978 amicam
1832 1934 1951 1972 patiatur
1960 1931 2036 1962 suam
2045 1933 2059 1961 ἵ
2153 1931 2192 1961 Al.
2217 1929 2299 1960 Comi
2313 1930 2339 1960 &
2353 1928 2431 1959 Leni.

1382 1973 1551 2006 Commune,
1560 1971 1716 2001 substantiv.
1731 1971 1766 2008 [ᾧ
1777 1972 1863 2006 virzi]
1875 1980 1924 2009 pro
1941 1970 2127 1999 Univerfitate.
2138 1975 2178 2003 ut,
2191 1969 2348 1998 Commune
2357 1967 2429 1997 Afiae.
2441 1965 2458 1996 i.
2473 1967 2502 1996 e.

1400 2012 1560 2041 Asianorum
1569 2009 1737 2045 universitas,
1750 2019 1809 2047 quae
1818 2009 1852 2038 ab
1864 2018 1920 2039 uno
1932 2007 2097 2039 Proconsule
2108 2006 2260 2044 regebatur.
2280 2005 2298 2035 l.
2311 2006 2361 2034 tria
2369 2014 2460 2034 onera.
2472 2013 2499 2034 2.

1400 2049 1435 2093 D.
1447 2049 1484 2091 de
1492 2048 1581 2077 exous.
1596 2054 1647 2077 tut.
1671 2047 1755 2084 Quod
1771 2057 1806 2077 ex
1818 2046 1932 2084 epistola
1946 2045 2080 2076 Antonini
2095 2045 2134 2074 Pii
2152 2051 2283 2082 apparet,
2303 2053 2363 2080 quae
2376 2051 2502 2072 commu-

1400 2088 1554 2123 mquidem
1565 2086 1627 2115 Asiae
1636 2085 1735 2123 scripta
1744 2086 1792 2119 est,
1813 2085 1859 2114 sed
1871 2084 1997 2114 universo
2007 2090 2138 2113 terrarum
2147 2082 2208 2112 orbi
2220 2081 2359 2111 convenit.
2382 2080 2427 2109 Sic
2441 2081 2499 2109 Cic.

1399 2135 1426 2160 4.
1439 2124 1511 2154 Verr.
1527 2134 1587 2168 145.
1610 2123 1767 2153 Commune
1777 2123 1876 2153 Siciliae
1888 2122 1976 2152 dixit:
1999 2123 2025 2152 δι
2039 2131 2062 2158 3.
2076 2124 2121 2157 96.
2143 2120 2300 2151 Commune
2318 2117 2482 2148 Meliadum.

1382 2162 1547 2192 Communis
1557 2163 1685 2191 omnium
1697 2160 1834 2191 inimicus.
1856 2161 1915 2190 Cic.
1930 2169 1953 2195 3.
1970 2160 2043 2189 Verr.
2056 2163 2098 2195 38.

1381 2200 1414 2230 In
1422 2200 1618 2229 communibus
1628 2198 1782 2237 proverbiis
1793 2197 1899 2228 versari.
1928 2198 1986 2227 Cic.
2001 2207 2025 2233 ³·
2038 2196 2110 2226 Verr.
2126 2205 2186 2225 120.
2212 2195 2282 2231 Quae
2292 2202 2344 2231 ego
2358 2202 2415 2222 nori
2426 2200 2502 2222 com-

1399 2247 1603 2280 memorarem.
1624 2237 1672 2266 nisi
1684 2237 1753 2266 illud
1766 2236 1866 2266 vellem
1875 2243 1923 2265 vos
1935 2235 2073 2265 recordari
2083 2256 2091 2269 ,
2113 2234 2187 2263 istius
2199 2232 2352 2270 nequitiam
2365 2232 2390 2260 8(
2401 2229 2499 2267 iniqui-

1400 2282 1486 2305 tatem
1498 2297 1506 2309 ,
1527 2282 1586 2318 tum
1597 2284 1625 2318 iri
1637 2284 1683 2307 ore
1692 2275 1783 2311 vulgi,
1801 2280 1862 2304 tum
1882 2275 1911 2303 in
1922 2273 2119 2303 communibus
2129 2270 2280 2309 proverbiis
2290 2267 2344 2298 effe
2358 2268 2498 2298 versatam.

1382 2313 1539 2357 Commune
1550 2313 1619 2342 mihi
1636 2313 1673 2342 est
1683 2322 1748 2342 cum
1757 2311 1815 2342 illo.
1828 2312 1885 2342 Cic.
1900 2312 1935 2341 de
1949 2311 2058 2341 Amicit.
2078 2319 2089 2339 1
2098 2321 2121 2346 ς.
2133 2309 2266 2346 Quocum
2275 2305 2408 2338 &domus
2417 2306 2469 2336 fuit
2477 2305 2503 2336 &

1401 2351 1503 2381 militia
1514 2351 1681 2380 communis.

1382 2389 1550 2419 Communia
1564 2388 1720 2425 aliquosum
1733 2387 1804 2417 inter
1815 2387 1849 2417 se.
1891 2386 1957 2417 Ter.
1971 2385 2046 2415 Adel.
2060 2396 2083 2421 ς.
2097 2393 2120 2421 3.
2136 2388 2179 2419 18.

1482 2426 1650 2455 Communia
1666 2426 1720 2455 esse
1729 2426 1881 2455 amicorum
1889 2425 1961 2454 inter
1971 2424 1997 2453 se
2011 2424 2114 2453 omnia.

1382 2464 1416 2496 Ir'i
1430 2473 1580 2494 commune
1592 2470 1724 2493 metuere.
1747 2463 1832 2493 Plaut.
1846 2463 1914 2492 Asin.
1931 2472 1956 2492 2.
1970 2471 1995 2491 2.
2009 2471 2055 2491 20.

1464 2503 1527 2531 Non
1541 2502 1640 2539 placet.
1663 2507 1760 2531 metuo
1774 2502 1803 2530 in
1814 2509 1974 2535 commune,
1991 2509 2026 2529 ne
2035 2494 2362 2536 quamfraudemfiausus
2369 2494 2426 2524 fiet.

1383 2539 1415 2570 In
1426 2549 1578 2569 commune
1588 2540 1724 2569 conferre.
1748 2539 1804 2568 Cic.
1817 2549 1868 2576 pro
1879 2539 1976 2575 Quint.
1993 2546 2035 2567 12.

1383 2578 1416 2608 In
1428 2587 1578 2607 commune
1588 2577 1731 2614 congredi.
1755 2577 1844 2606 Tacit.
1855 2587 1879 2605 2.
1895 2576 1960 2606 i-list.
1976 2586 2020 2611 54.

1384 2616 1579 2645 incommune
1589 2615 1741 2644 consulere.
1765 2615 1854 2644 Tacit.
1868 2623 1910 2643 12.
1925 2616 1994 2643 Ann.
2008 2623 2032 2649 ς.

1385 2653 1417 2683 ln
1428 2662 1579 2682 commune
1588 2654 1691 2689 aliquid
1704 2651 1845 2689 derogare.
1867 2651 1959 2681 Tacit.
1975 2660 2015 2685 13.
2024 2651 2094 2679 Arm.
2105 2657 2151 2686 27.

1386 2692 1418 2721 Iri
1429 2701 1578 2720 commune
1588 2691 1680 2719 dicere
1691 2691 1725 2719 de
1738 2690 1862 2725 pluribus
1871 2689 1961 2719 rebus.
1984 2688 2051 2718 Plin.
2066 2687 2113 2715 lib.
2130 2695 2168 2722 17.
2183 2694 2244 2723 cap.
2262 2692 2287 2714 1.

1385 2729 1417 2759 Iri
1429 2738 1578 2759 commune
1586 2738 1688 2758 emere.
1710 2727 1773 2766 Ulp.
1791 2728 1848 2757 inl.
1869 2734 1900 2757 ut
1916 2728 1944 2756 in
1956 2725 2200 2756 conductionibus.
2223 2722 2257 2753 D.
2277 2731 2329 2760 pro
2341 2719 2427 2751 socio.

1385 2767 1418 2796 Iri
1429 2775 1578 2795 commune
1589 2766 1694 2802 aliquid
1705 2766 1890 2803 profuturum.
1914 2764 2033 2802 Quintil.
2048 2763 2094 2791 lib.
2108 2766 2133 2792 6.
2146 2772 2206 2799 cap.
2220 2771 2243 2790 1.

1386 2804 1418 2834 In
1428 2812 1577 2848 commune
1593 2804 1717 2841 redigere
1729 2804 1843 2840 aliquid.
1868 2803 1929 2840 Ulp.
1941 2804 1967 2831 in
1980 2802 1997 2831 l.
2017 2801 2033 2830 si
2044 2801 2212 2830 societatem.
2226 2798 2260 2828 D.
2276 2805 2327 2835 pro
2339 2795 2424 2826 socio·

1388 2842 1487 2871 Cetera
1497 2842 1676 2871 inconimuni
1690 2842 1737 2870 sita
1748 2841 1818 2871 sunt.
1838 2840 1928 2871 Tacit.
1944 2852 1971 2875 4.
1984 2840 2051 2869 Hist.
2065 2848 2109 2875 74.

1388 2880 1420 2909 In
1432 2889 1582 2908 commune
1594 2888 1693 2908 vocare
1710 2880 1838 2908 honores.
1880 2879 1908 2906 V.
1932 2886 1980 2907 iN.

1388 2917 1500 2947 Nomen
1512 2918 1621 2955 imperii
1631 2918 1660 2946 in
1673 2926 1823 2946 commune
1835 2916 1932 2946 odium
1944 2915 2020 2945 orbis
2031 2920 2108 2943 terrae
2122 2911 2281 2943 vocabatur.
2303 2908 2363 2940 Cic.
2375 2917 2398 2939 1.
2414 2907 2449 2937 de
2458 2905 2505 2938 Le-
2526 2923 2531 2936 i

1407 2964 1439 2991 ge
1454 2960 1508 2992 Agr.
1528 2965 1552 2984 2.
2495 2966 2500 2972 .

1389 2992 1554 3022 Communis
1570 2991 1747 3025 &remissus,
1769 3001 1819 3029 pro
1839 2991 1906 3020 Non
1925 2988 2053 3027 singulari
2075 2990 2100 3018 δι
2119 2986 2262 3024 exquisito.
2305 2985 2380 3014 Suet.
2407 2981 2504 3020 Claud.

1408 3037 1468 3068 cap.
1484 3040 1527 3060 21.
1561 3032 1622 3059 Nec
1641 3030 1697 3059 ullo
1715 3028 1863 3068 spectaculi
1884 3038 1984 3066 genere
2007 3026 2183 3057 communior
2208 3031 2255 3053 aut
2273 3022 2409 3052 remissior
2431 3025 2506 3054 erat,

1408 3069 1480 3098 adeo
1498 3076 1527 3097 ut
1539 3068 1648 3097 oblatos
1668 3067 1819 3097 viclmibus
1839 3076 1952 3101 aureos,
1975 3066 2135 3103 prolataque
2145 3062 2244 3091 sinistra
2260 3061 2362 3099 pariter
2372 3068 2436 3088 cum
2449 3056 2518 3087 vult

1409 3115 1466 3149 gr),⁴
1481 3116 1550 3135 voce
1561 3129 1568 3138 .
1589 3106 1734 3143 digitisque
1746 3112 1912 3134 numeraret.
1955 3103 2044 3139 [Fere
2058 3103 2132 3130 idem
2142 3110 2173 3129 ac
2182 3100 2285 3128 Comis.

1412 3143 1520 3181 cipibus
1530 3144 1593 3173 viris
1604 3144 1750 3181 usurpatur
1760 3165 1767 3176 ,
1790 3142 1870 3177 quise
1882 3140 2054 3170 inferioribus
2069 3138 2149 3168 facile
2161 3136 2386 3166 accommodant.

1391 3181 1558 3223 Communia
1579 3182 1711 3219 principis
1730 3181 1839 3215 vestigia
1861 3181 1886 3209 ὁὶ
1899 3178 2020 3208 confusa.
2064 3177 2130 3206 Plin.
2147 3176 2175 3204 in
2188 3175 2284 3211 Paneg.
2299 3183 2359 3211 cap.
2373 3181 2417 3206 24.
2436 3175 2506 3200 extr.

1410 3218 1553 3254 Teuma,
1575 3219 1716 3253 terdona,
1738 3224 1766 3247 te
1776 3219 1880 3247 civium
1891 3218 1994 3254 pietas,
2016 3215 2174 3248 teubertus,
2196 3211 2357 3250 superipsos
2370 3209 2507 3248 principes

1409 3256 1530 3291 veliunt,
1553 3265 1579 3285 te
1590 3259 1623 3285 aii
1636 3257 1718 3285 {iderti
1737 3255 1811 3284 tollit
1825 3256 1942 3289 liumus.
1964 3255 2002 3282 ita
2023 3252 2184 3282 communia
2201 3253 2226 3280 ἃ
2245 3248 2359 3279 confusa
2377 3245 2509 3285 principis

1411 3294 1531 3331 vestigia.
1555 3295 1570 3323 i.
1587 3304 1611 3323 c.
1637 3294 1710 3323 Adeo
1723 3294 1831 3322 incedis
1841 3302 1918 3321 more
1930 3292 2042 3330 plebeio
2053 3292 2077 3320 ἃ
2088 3289 2217 3318 omnibus
2228 3285 2384 3317 communi:
2406 3290 2508 3322 nempe

1411 3342 1468 3361 non
1489 3332 1586 3360 lectica
1597 3354 1604 3367 ⁷
1625 3331 1670 3360 sed
1686 3331 1805 3368 pedibus
1818 3352 1825 3360 .
1848 3331 1931 3366 idque
1943 3330 1998 3358 sine
2010 3329 2067 3358 ullo
2081 3327 2158 3356 fastu.

1357 3373 1379 3404 C
1389 3378 1406 3400 ο
1419 3381 1437 3398 M
1449 3381 1469 3398 M
1478 3380 1496 3398 υ
1509 3380 1527 3398 Ν
1536 3371 1547 3397 ῑ
1556 3380 1574 3397 i·
1585 3380 1599 3398 ii
1609 3380 1624 3397 R
1636 3392 1643 3402 .
1665 3370 1761 3404 [¹19thoe
1772 3369 1786 3403 ]
1809 3363 1873 3396 Adv.
1898 3368 1956 3396 Cic.
1968 3367 2004 3395 de
2013 3366 2122 3395 Senefft.
2135 3373 2161 3393 2.
2182 3362 2227 3392 Tu
2238 3359 2402 3391 occurrebas
2410 3359 2508 3396 dignm

1392 3418 1426 3437 eo
1442 3417 1556 3436 munere
1567 3429 1574 3441 ,
1596 3418 1650 3442 quo
1671 3414 1784 3443 uterque
1798 3405 1919 3434 nostrum
1933 3404 2119 3434 communiter
2131 3406 2262 3431 uteretur.

1393 3446 1586 3475 Commuiiirer
1599 3446 1624 3474 S.-
1637 3444 1808 3481 separatim,
1830 3443 1962 3480 opposita.
1987 3442 2045 3471 Cic.
2063 3451 2101 3474 ις,
2118 3440 2190 3469 Fam.
2203 3448 2228 3467 2.

1393 3483 1586 3513 Coniiiiiiiiiter
1612 3485 1637 3511 ἃ
1658 3482 1767 3517 Proprie
1789 3481 1921 3518 (ippolita.
1962 3478 2019 3508 Liv.
2032 3478 2092 3507 dec.
2103 3489 2127 3512 4.
2141 3476 2188 3505 lib.
2202 3485 2227 3510 ς.
2242 3483 2303 3512 pag.
2319 3472 2427 3511 penult.
2446 3470 2506 3500 Pro-

1411 3522 1507 3549 vectus
1518 3520 1622 3548 deinde
1632 3520 1668 3548 cst
1680 3519 1891 3555 intemperantia
1902 3517 2001 3552 linguae
2014 3518 2041 3545 in
2053 3515 2215 3545 maledieta.
2237 3521 2313 3541 nunc
2323 3508 2506 3540 communiter

1411 3558 1616 3592 Romanorum,
1638 3555 1927 3593 nuncproprieiplius
1943 3554 2078 3591 Quinctii.
2118 3553 2174 3581 Cur
2194 3550 2348 3587 genitivum
2367 3549 2441 3577 liunc
2459 3553 2507 3583 pro

1411 3596 1443 3625 In
1456 3594 1596 3624 Romanos
1609 3597 1633 3624 ὁὶ
1650 3596 1677 3622 in
1690 3594 1878 3629 Quinctium?
1902 3593 1934 3622 Η.
1948 3594 1986 3621 St.
2012 3591 2099 3621 Locus
2111 3590 2149 3618 est
2164 3588 2210 3617 lib.
2226 3597 2269 3622 35.
2289 3596 2349 3623 cap.
2359 3591 2403 3621 48.
2417 3589 2483 3614 extr.

1393 3633 1731 3663 Admiraricommuniter.
1772 3632 1830 3660 Cic.
1846 3641 1871 3659 2.
1893 3630 1975 3659 Offic.
1991 3633 2033 3663 36.
2060 3629 2235 3657 Admirantur
2256 3625 2339 3661 igitur
2355 3618 2507 3652 communi-

1412 3677 1453 3700 ter
1467 3669 1507 3698 illi
1519 3670 1631 3706 quidem
1643 3670 1755 3703 omnia,
1777 3678 1837 3705 quae
1856 3677 1955 3705 magna
1971 3668 1995 3697 &
2006 3673 2104 3704 praeter
2114 3664 2279 3702 opinionem
2297 3661 2372 3690 suani
2388 3656 2507 3690 animad-

1413 3714 1532 3736 vertunt.

1394 3745 1587 3775 Administrare
1598 3743 1792 3773 communiter.
1833 3743 1908 3772 Suet.
1918 3741 2013 3771 Tiber.
2025 3750 2070 3771 21.
2093 3738 2130 3769 Ut
2148 3737 2307 3768 Provincias
2324 3732 2506 3766 communiter

1412 3791 1477 3812 cum
1492 3782 1607 3817 Augusto
1616 3782 1825 3810 administraret.
2493 3789 2497 3807 i

1394 3820 1457 3856 Apti
1468 3820 1696 3848 conimuniterad
1711 3819 1832 3848 vii-tutes.
1856 3817 1913 3846 Cic.
1930 3827 1955 3851 4.
1970 3816 2005 3845 de
2015 3815 2073 3844 Fin.
2085 3825 2112 3849 4.

1393 3856 1550 3886 Promiscue
1566 3858 1591 3885 ἃ
1602 3855 1881 3885 cominuiiiterstultis
1891 3864 1923 3885 ac
1933 3852 2103 3892 sapientibus
2118 3850 2152 3881 ab
2170 3856 2269 3880 natura
2286 3849 2384 3878 datum
2402 3845 2505 3876 aurium

1410 3895 1560 3930 judicium.
1583 3895 1641 3925 Cic.
1658 3903 1710 3931 pro
1719 3893 1801 3924 Font.
1815 3902 1857 3922 12.
2428 3919 2452 3949 C

1748 3940 1753 3950 x
2451 3926 2508 3948 om.

1655 911 1712 940 Cic.
1728 920 1751 941 1.
1764 910 1820 940 Off.
1835 920 1860 948 7.
1882 910 1956 948 Quia
1966 911 2052 947 magis
2063 910 2099 939 ad
2110 909 2314 940 institutionem
2333 909 2397 940 vitae
2417 917 2493 940 com·
2520 916 2524 949 j

2029 1552 2142 1591 privatis
2153 1558 2183 1582 ut
2197 1551 2261 1582 suis.
2274 1551 2334 1582 Cic.
2345 1560 2370 1581 ι.
2382 1549 2440 1582 Off.
2451 1558 2496 1581 20.
2524 1579 2528 1582 .

2332 3099 2369 3127 Ac
2383 3097 2418 3126 de
2435 3095 2506 3134 prin-
2520 3130 2525 3135 .
2571 3087 2576 3098 '

2565 3365 2568 3444 l

2566 3585 2568 3659 l

2566 3721 2568 3794 l

2583 3628 2585 3644 l
