2604 4222
91 99 164 133 734
522 71 811 113 CUM

133 169 212 206 Saepe
223 168 296 198 enim
312 166 346 196 de
356 165 386 195 L.
397 161 487 193 Crasso
498 158 624 190 familiari
635 156 683 200 illo
694 161 743 198 tuo
754 152 848 181 videor
858 145 958 177 audisse
968 166 975 179 ‚
997 150 1081 180 quum
1092 145 1120 168 te
1133 135 1234 174 togatis

153 206 282 235 omnibus
293 204 347 234 fine
358 202 444 232 dubio
454 198 609 229 anteferret.
632 194 687 223 Cic.
698 192 746 220 lib.
762 200 784 218 1.
802 189 837 216 de
848 186 909 215 Nat.
922 183 1002 212 Deor.
1018 185 1061 214 58.

136 244 205 274 cum
216 242 362 281 praesertim
372 263 380 275 ,
403 241 427 268 ἂ
441 235 583 266 Praesertim
595 241 666 261 cum.
687 229 749 258 Ter.
760 227 827 255 Eun.
843 234 866 258 ς.
880 230 961 254 224.
1061 252 1066 258 .

227 279 373 310 Praesertim
385 285 468 314 quum
482 274 505 303 se
517 273 620 301 servum
637 268 750 296 fateatur
768 271 853 292 tuum.
933 253 1038 286 Sallust.
1060 262 1088 280 in
1107 247 1232 290 jugurth.

154 328 214 355 cap.
227 327 251 346 2.
262 323 331 346 extr.
354 315 422 344 Cum
434 309 577 350 praesertim
586 314 641 335 tam
650 302 741 332 multae
752 323 760 337 ,
781 299 914 334 variaeque
922 302 991 324 artes
1002 291 1052 320 sint
1063 288 1157 322 animi,
1175 294 1235 322 qui-

136 356 207 423 calip]
215 351 463 430 {dixinuiriliarncilleisitiiido
478 353 612 413 Czrsditiiel.
625 378 672 407 lib.
686 387 709 406 1.
722 384 780 412 cap.
794 384 816 409 ς.
837 371 923 415 Igitur
936 369 965 397 id
982 366 1119 396 structurae
1135 361 1236 391 vitium

156 441 220 460 cum
233 430 351 467 primum
363 426 447 455 statim
460 421 637 451 fundamenta
646 415 782 452 jaciuntur
793 432 801 445 ,
822 407 982 454 evitandum
996 404 1041 433 est.
1142 446 1149 452 .

138 469 208 498 Cum
223 467 375 496 minimum.
408 461 474 491 Plin.
491 458 538 487 lib.
554 461 594 490 18-
607 463 666 491 cap.
681 456 721 481 16.
743 450 774 479 ld
785 448 870 477 sexies
879 450 971 476 evenit
980 451 1029 480 per
1041 446 1130 470 annos
1142 459 1149 467 .
1172 443 1238 465 cum

140 506 480 579 Cririiiiiipliilrrijmquuriffiler'Plin.
494 531 541 562 lib.
555 532 597 560 16.
613 537 672 564 cap.
687 535 729 555 12.
751 524 820 553 Cum
834 521 985 560 plurimum
1000 512 1121 553 bipedali
1139 511 1216 541 hiatu
1227 532 1236 546 ,

159 590 188 610 ut
199 591 213 608 a
223 587 289 608 terra
299 576 391 605 cubito
401 582 463 603 cuni
477 570 620 600 minimum
630 564 705 595 absit.

141 618 284 653 Cumque,
306 613 347 642 vel
360 613 490 647 Cunque,
512 608 537 637 &
551 604 725 648 Quandoque
848 635 853 640 .

159 654 231 692 apud
242 651 382 682 Horatium
393 648 508 684 Cunque
519 652 586 681 poni
598 647 676 677 putat
693 647 742 676 pro
760 636 869 672 Quovis
886 639 1018 669 tempore.

161 694 247 722 Carni.
260 699 301 724 32.
314 698 355 721 ις.
546 696 582 702 -
593 681 610 708 ὂ
621 678 743 707 laborum

230 727 316 757 Dulce
326 725 447 753 lenimen
460 742 468 755 ,
489 719 558 748 mihi
570 724 678 753 cunque
692 713 764 742 salve
1162 736 1168 743 ⁸

335 762 397 791 Rite
408 757 525 787 vocanti.
637 751 734 783 Sensus
748 754 838 778 autern
849 745 900 774 est:
926 742 1004 773 Salve
1021 739 1101 770 dulce
1113 737 1237 766 lenimen

157 803 225 834 milii
237 801 332 838 quovis
345 805 468 834 tempore
478 804 505 824 te
522 791 640 823 vocanti.
681 787 808 825 Porphyr.
840 784 955 817 Cunque
978 773 1239 819 exponieQuoties-

158 849 273 876 cunque.
289 838 316 866 V.
330 837 428 864 locum.
455 832 561 868 [Quem
570 837 660 858 tamen
670 827 714 855 vix
725 825 857 854 adducor.
869 820 1090 861 insanum-atque
1099 820 1238 849 integrum

156 886 258 916 putem.
297 873 452 911 Exprimere
462 869 546 898 voluit
557 868 598 895 his
609 865 697 895 verbis
714 862 787 900 Lyrae
803 860 854 889 suae
865 857 1097 899 consecrationem
1113 859 1206 893 poeta.

138 917 208 946 Cum
220 913 356 945 maxime,
376 909 437 942 vel,
459 907 494 936 Ut
506 915 570 936 cum
588 903 722 937 maxime3
744 909 799 929 una
818 905 878 935 pars
897 901 1044 926 orationis,
1065 898 1116 928 pro
1130 888 1237 922 Nimis,

157 953 200 983 vel
212 951 291 981 valde
304 971 312 985 ‚
334 948 399 978 teste
412 946 527 975 Donato.
548 942 609 971 Ter.
624 940 690 969 Hec.
704 948 726 968 1.
737 947 764 967 2.
782 946 824 972 39.

414 999 448 1004 —
461 982 531 1011 hanc
543 978 706 1009 Bacchidem
966 1004 971 1011 ,

217 1024 345 1058 Amabat,
367 1028 396 1051 ut
408 1030 470 1050 curn
484 1018 612 1049 maxime,
623 1022 682 1044 tum
696 1009 859 1049 Pamphilus.
877 1044 885 1050 ,
902 1045 907 1050 Ι
941 1005 998 1049 Cic.
1009 1013 1058 1041 pro
1072 1001 1180 1031 Cluent.
1193 1008 1236 1043 ¹.²'

154 1065 223 1093 Ouae
233 1061 332 1092 multos
341 1061 394 1096 jam
407 1066 501 1092 annos,
523 1057 547 1085 &
558 1063 633 1083 nunc
642 1061 704 1082 curn
714 1050 849 1090 maxime,
869 1043 956 1074 hlium
967 1041 1143 1071 interfectum
1151 1043 1236 1080 cupit.

135 1092 206 1132 Cffm
227 1101 361 1132 maxime,
384 1097 473 1125 Aliter.
513 1093 602 1122 Tacit.
617 1099 641 1127 3.
666 1091 735 1120 Ann.
749 1097 790 1124 59.
815 1085 923 1118 Litora,
943 1082 970 1111 ἃ.
986 1080 1061 1109 lacus
1079 1077 1237 1114 Campaniae

154 1149 215 1169 cum
228 1138 343 1166 maxime
355 1138 549 1172 peragrantem.
1033 1154 1038 1160 ·
1120 1151 1126 1158 ο
1150 1150 1156 1157 υ
1217 1149 1224 1155 .

135 1178 205 1207 Cum
217 1176 327 1213 quidem
337 1195 344 1207 ,
366 1182 414 1209 pro
427 1169 486 1200 Etsi.
528 1168 621 1204 Nepos
633 1171 657 1199 8.
669 1173 694 1194 2.
705 1167 773 1192 extr.
792 1159 824 1190 Iri
835 1156 957 1188 secundo
964 1154 1058 1193 praelio
1069 1151 1170 1182 cecidit
1180 1149 1238 1178 Cri-

153 1216 220 1247 tias,
242 1221 304 1241 curn
325 1209 435 1247 quidem
456 1205 594 1236 fortissime
620 1207 760 1241 pugnaret.
801 1197 976 1240 lde.m·²4·,²3
990 1203 1031 1230 pr.
1063 1191 1159 1233 Neque
1181 1187 1236 1216 hoc

153 1262 201 1291 per
212 1251 333 1280 senatum
341 1245 450 1277 efficere
460 1243 566 1283 potuit,
584 1250 647 1271 cum
659 1239 770 1277 quidem
780 1236 872 1272 Scipio
883 1243 911 1262 m
923 1237 1035 1261 civitate
1049 1231 1237 1266 principatum

154 1300 170 1318 0
205 1290 297 1317 iiieret.
1211 1299 1217 1306 .

136 1290 204 1357 cub‘t‘
216 1323 372 1354 tardissime.
409 1321 475 1350 Plin.
486 1318 533 1348 lib.
548 1322 589 1351 ¹8-
599 1326 659 1353 cap.
672 1323 697 1351 7.
718 1310 867 1347 Eriimpita
878 1307 968 1351 primo
978 1306 1036 1335 satu
1045 1302 1183 1333 hordeum
1190 1300 1237 1330 die

155 1365 285 1402 septimo,
307 1360 444 1398 legumina
456 1362 552 1396 quarto
563 1377 570 1389 ,
594 1354 635 1383 vel
647 1361 709 1382 cum
721 1347 866 1380 tardissime
878 1345 1005 1383 septimo.

136 1403 206 1432 Cum
216 1399 314 1433 semel,
334 1408 383 1435 pro
395 1397 463 1426 Cum
476 1394 602 1431 primurn.
626 1389 710 1420 Ovid.
724 1388 802 1432 ilem.
820 1387 909 1415 Amor.
919 1391 982 1419 241.

225 1438 294 1467 Cum
305 1435 386 1465 semel
398 1433 495 1463 exieris
506 1454 513 1466 ‚
535 1437 646 1460 centum
659 1427 751 1457 solatia
762 1433 833 1453 curae
843 1444 852 1457 ,

263 1475 295 1504 Et
308 1483 352 1503 rus
364 1495 372 1508 ,
393 1473 418 1502 δι’.
429 1470 544 1500 comites
556 1489 563 1502 ,
585 1469 610 1497 Sc
620 1467 662 1496 via
672 1465 753 1501 longa
763 1461 875 1503 dabunt.
911 1495 916 1502 ι
941 1495 948 1501 .
1055 1491 1061 1499 η
1105 1491 1112 1498 ⁸

135 1512 274 1544 Cumalter
284 1534 292 1547 ,
313 1509 442 1547 significat
452 1507 522 1536 Cum
531 1505 630 1535 altero:
653 1503 758 1533 dietum
771 1499 803 1529 ab
813 1502 932 1534 antiquis
941 1500 978 1538 ita
987 1494 1128 1536 brevitatis
1136 1488 1235 1525 causas,

155 1551 279 1581 utSodes
293 1571 300 1583 ,
318 1558 367 1586 pro
377 1547 402 1576 Si
414 1546 515 1580 audes·‚
535 1542 664 1574 Scilicet,
685 1548 735 1577 pro
755 1537 828 1568 Scias
842 1535 923 1570 licet3
946 1533 988 1562 Sis
999 1541 1049 1570 pro
1064 1530 1092 1560 Si
1103 1538 1152 1559 vis.
1193 1527 1236 1557 Ex

155 1589 238 1620 Festo.
279 1586 369 1623 [Ergo
383 1583 492 1613 Cualter
504 1581 640 1610 contracte
649 1576 806 1615 legendum.
1115 1604 1121 1611 ¹

99 1629 203 1660 ΟῦΜΑ
214 1648 221 1659 ,
242 1635 271 1654 ae.
293 1623 336 1653 vel
355 1622 452 1651 Com
464 1642 472 1655 ,
493 1628 530 1648 eS.
552 1618 570 1647 f.
593 1616 699 1653 [κύμη]
720 1613 788 1643 Urbs
799 1613 827 1641 in
837 1607 962 1653 Locrensi
973 1617 1055 1650 agro,
1066 1615 1122 1649 ¹qui
1140 1603 1178 1633 est
1194 1602 1238 1647 1⁰:

136 1666 188 1696 niae
200 1663 259 1692 mia:
271 1661 396 1690 minoris:
418 1669 433 1688 a
443 1667 495 1695 qua
506 1656 616 1686 Cumaea
628 1652 731 1689 Sibylla
744 1673 752 1686 ,
773 1659 853 1688 quam
877 1647 961 1683 aliqui
984 1655 999 1674 a
1017 1650 1160 1673 Vicinitate
1180 1640 1238 1685 loci

135 1701 301 1739 Erythraeam
315 1696 498 1736 appellarunt.
539 1694 604 1723 Haec
617 1691 739 1731 profesta
750 1689 779 1718 in
794 1686 899 1717 ltaliam
914 1706 923 1720 ,
943 1682 1031 1714 multa
1050 1682 1085 1712 de
1103 1680 1237 1711 Romanis

136 1739 281 1771 vaticinata
292 1736 337 1765 est.
358 1734 404 1764 Sil.
417 1733 463 1762 lib.
476 1738 501 1767 8.
520 1736 580 1767 538.
842 1762 847 1768 Ι

226 1775 386 1804 Linternum
397 1794 404 1808 ,
426 1773 451 1802 ἂ
466 1769 605 1807 quondam
622 1767 741 1796 fatorum
759 1761 866 1792 conseia
886 1760 984 1790 Cume.

136 1815 238 1845 Cumae.
277 1811 399 1848 [Cumas
410 1814 482 1838 certe
491 1807 575 1838 Italiae
586 1803 712 1841 intelligit
722 1825 730 1839 ,
751 1800 938 1839 appellatione
952 1797 1053 1826 Graeca.

100 1854 122 1884 C
131 1856 146 1882 ῦ
156 1864 175 1882 Μ
184 1863 207 1881 AE
219 1873 226 1885 ,
248 1848 380 1886 [κῶμαι]
400 1850 484 1876 arum.
505 1843 631 1874 Lucaniae
641 1842 736 1872 ciVitas
754 1840 782 1868 in
796 1837 872 1869 Italia
883 1858 891 1872 ‚
912 1843 997 1878 quarn
1006 1832 1116 1877 Sibyllae
1125 1830 1238 1875 illustrat

136 1890 278 1919 divinitas:
303 1887 379 1922 cujus
388 1884 462 1914 libris
472 1892 521 1921 pro
529 1880 650 1911 Otaculo
662 1901 670 1916 ,
692 1879 817 1908 Romana
826 1875 871 1905 usa
877 1873 915 1904 est
922 1871 1103 1911 providentia.
1126 1869 1239 1899 Servius

135 1928 164 1958 in
175 1926 243 1956 illud
256 1925 327 1961 Virg.
342 1932 364 1958 3.
379 1922 439 1952 AEn.
454 1930 517 1956 441.
1154 1945 1160 1952 ι

215 1963 275 1993 Huc
285 1961 333 1991 ubi
344 1960 448 1989 delatus
459 1959 596 1988 Cumaeam
606 1952 745 1984 accesseris
755 1950 852 1981 urbem
863 1971 872 1986 ‚
892 1949 944 1979 &c
1026 1944 1133 1975 Euboea
1152 1943 1240 1974 insula

136 2002 174 2032 est
185 2023 192 2036 ,
216 2001 250 2030 de
261 2000 337 2035 cujus
348 1998 458 2027 civitate
467 1994 597 2026 Calchide
611 1991 727 2030 profecti
739 1989 800 2019 sunt
813 1988 847 2018 ad
865 1995 950 2030 novas
963 1983 1238 2027 sedes—quaerendas:

138 2041 164 2070 &
174 2038 245 2068 haud
257 2037 339 2074 longe
351 2045 366 2065 a
379 2035 448 2065 Baiis
458 2035 622 2063 invenerunt
628 2038 746 2059 vacuum
759 2027 825 2056 litus
837 2047 845 2061 ‚
865 2024 914 2054 ubi
924 2022 977 2053 Visa
987 2020 1102 2051 muliere
1112 2020 1222 2058 gravrda
1232 2041 1240 2054 ‚

138 2077 277 2107 civitatem
292 2073 490 2104 condiderunt:
514 2080 572 2108 quae
583 2078 625 2098 res
640 2066 786 2096 fecundam
809 2061 969 2093 ostendebat
981 2060 1040 2089 fore
1058 2057 1199 2105 Rempub.
1216 2059 1243 2087 δε

139 2123 199 2144 eam
210 2113 308 2142 Cumas
322 2116 505 2140 vocaverunt:
526 2107 579 2137 srve
587 2106 620 2136 ab
631 2101 708 2138 ἐγκύε
721 2103 750 2132 id
759 2102 796 2132 est
806 2105 964 2138 praegnante
975 2119 983 2133 ,
1004 2097 1058 2141 sive
1071 2100 1118 2141 {⁷¹³
1139 2107 1184 2122 wi·
1199 2106 1243 2121 κυ-

140 2148 247 2186 paeiwv,
262 2150 290 2178 id
304 2148 341 2178 est
350 2147 382 2177 ab
394 2147 493 2182 undis3
515 2154 578 2175 narn
598 2139 690 2174 κύμωιῖοι
706 2141 844 2170 dicuntur.
865 2150 878 2164 v
894 2143 988 2167 autem
999 2135 1091 2165 Latini
1110 2143 1141 2164 m
1154 2143 1173 2163 υ
1184 2141 1243 2164 ver·

140 2195 220 2220 tunt,
238 2194 268 2216 ut
278 2186 383 2224 Byrria,
402 2184 503 2214 Burria.
523 2183 662 2211 Hactenus
674 2178 729 2207 ille.
750 2177 782 2206 V.
804 2176 861 2205 Liv.
873 2185 899 2211 4.
911 2184 957 2211 44.
969 2180 1038 2203 extr.
1062 2200 1068 2206 ,

142 2225 235 2269 Cqmis
247 2223 387 2253 oriundus.
427 2221 457 2250 V.
479 2231 495 2249 o
507 2230 538 2248 ar
547 2229 563 2247 ο
572 2229 597 2247 a.
735 2252 740 2258 .
872 2250 878 2256 ι

106 2265 128 2295 C
138 2275 153 2294 υ
165 2274 184 2292 Μ
194 2273 215 2291 με
225 2273 240 2290 υ
250 2271 261 2290 s
270 2284 278 2295 ,
299 2271 313 2289 a
323 2282 331 2295 ,
353 2269 408 2288 um.
430 2259 490 2294 Adj.
511 2254 665 2292 [κεμαῖος]
686 2252 742 2289 Qu
753 2260 787 2281 ex
799 2248 950 2294 Cumis'est.

142 2301 211 2331 Anni
223 2298 333 2328 Cumaei.
356 2296 438 2326 Ovid.
450 2306 473 2324 2.
486 2294 605 2323 dePont.
617 2297 642 2325 8.
655 2300 699 2326 41.
727 2291 745 2318 i.
758 2298 782 2318 e.
804 2287 942 2325 Sibyllini.

143 2339 257 2369 Carmen
270 2336 420 2364 Cumaeum.
442 2333 513 2368 Virg.
522 2342 546 2366 4.
560 2330 617 2359 Ecl.
629 2339 656 2363 4.
680 2365 686 2372 .
711 2365 717 2371 ⁸

232 2373 333 2403 Ultima
342 2371 446 2401 Cumaei
455 2370 529 2400 venit
538 2369 594 2405 jam
604 2374 732 2397 carminis
743 2370 815 2394 aetas.

141 2412 210 2442 Urbs
221 2411 340 2440 Cumaea.
361 2409 433 2445 Virg.
448 2417 470 2443 3.
484 2407 544 2437 AEn.
555 2416 619 2441 441.

141 2450 216 2479 Vatis
226 2448 342 2478 Cumaeae
351 2447 464 2476 cortina.
485 2444 573 2473 Valet.
589 2453 609 2472 1.
624 2441 721 2478 Argon.
737 2450 761 2474 ς.

106 2489 127 2518 C
137 2498 153 2517 u
165 2499 182 2515 Μ
192 2491 205 2515 tr
219 2496 235 2515 Ν
247 2496 284 2514 us
295 2507 302 2519 ‚
322 2494 337 2513 a
347 2506 355 2519 ,
375 2493 432 2514 um.
453 2481 527 2512 aliud
541 2480 600 2516 Adj.
622 2486 667 2515 ut,
686 2477 777 2507 Pulvis
789 2475 936 2506 Cumanus.
955 2471 1074 2503 martial.
1087 2481 1131 2508 14.
1147 2480 1210 2508 114.

144 2525 222 2554 Vates
237 2524 367 2552 Cumana.
389 2521 489 2550 Lucan.
503 2530 526 2555 ς.
541 2524 602 2553 183.

143 2562 235 2592 Asinus
245 2561 316 2598 apud
328 2560 465 2588 Cumanos
495 2555 627 2594 competit
637 2554 667 2582 in
676 2562 723 2582 eos
732 2573 741 2587 ,
759 2550 804 2587 qui
816 2559 880 2578 cum
892 2549 942 2578 sirit
950 2548 1038 2586 inepti
1049 2569 1056 2583 ,
1071 2554 1163 2576 tamen
1171 2546 1246 2584 apud

161 2601 269 2665 ignotp’s
281 2597 412 2626 habentur
422 2596 450 2624 in
463 2577 559 2633 hdo,
584 2593 616 2622 V.
641 2590 741 2621 Erasmi
754 2587 870 2618 Chiliad.
890 2588 916 2617 &
934 2586 1046 2616 Lucian.
1057 2585 1091 2616 T.
1106 2594 1130 2614 1.
1141 2593 1244 2623 p.407.

162 2638 228 2666 edit.
253 2637 326 2664 'raev.

106 2674 184 2705 Cui(
195 2683 242 2702 Au
253 2683 272 2702 A
284 2695 292 2707 ,
313 2681 342 2701 ae.
365 2670 383 2700 s.
407 2670 457 2700 Vas
473 2668 557 2699 fictile
569 2666 622 2697 sive
636 2663 690 2695 olla
707 2673 722 2694 a
740 2662 844 2694 Cumis.
865 2662 944 2700 Apic.
954 2671 981 2698 4.
991 2670 1017 2692 2.
1040 2661 1144 2699 Aquam
1158 2660 1187 2690 in
1199 2669 1248 2689 cu-

145 2722 222 2741 mana
231 2717 390 2747 compones.

147 2750 250 2778 Munda
259 2755 383 2776 cumana.
406 2744 482 2775 Idem
493 2754 516 2778 ς.
525 2753 550 2777 4.

108 2786 129 2816 C
141 2797 157 2816 υ
167 2798 185 2815 Μ
195 2797 212 2815 Α
223 2796 240 2814 Ν
252 2795 268 2813 υ
278 2794 297 2813 Μ
308 2806 315 2819 ,
336 2785 353 2812 i.
375 2792 401 2811 n.
425 2783 516 2812 Caulis
527 2779 638 2818 species.
661 2776 730 2807 Plin.
746 2785 788 2811 19.
801 2780 827 2810 8.

147 2824 224 2861 Apud
238 2823 294 2851 Cic.
307 2821 343 2850 est
352 2820 482 2858 praedium
497 2820 523 2848 in
538 2819 662 2847 Cumano
675 2823 748 2848 agro.

108 2861 128 2891 C
138 2865 154 2889 ῦ
167 2872 184 2889 Μ
195 2864 209 2889 X
221 2862 281 2888 rrii.
291 2870 297 2886 i
307 2869 318 2888 s
330 2880 337 2893 ,
358 2867 382 2887 e.
406 2857 464 2893 Adj.
485 2851 662 2892 [κυμαΖιιρς]
688 2851 784 2881 Caesius
796 2850 847 2879 sive
863 2849 1010 2879 Caeruleus.
1032 2857 1097 2878 nam
1108 2847 1194 2878 Graeci
1209 2848 1248 2875 κὺ-

144 2909 213 2933 μιιτοι
233 2897 328 2926 fluetus
348 2900 456 2924 vocant.
496 2893 580 2922 Plaut.
593 2890 710 2929 Epid.2.
725 2898 750 2917 2.
764 2899 808 2924 49.
840 2887 977 2917 Cumatile
991 2908 998 2921 ‚
1019 2894 1066 2916 aut
1088 2885 1247 2921 plum-nile,

144 2943 189 2964 aut
199 2935 329 2963 cerinum.
369 2933 385 2961 i.
403 2942 427 2962 e.
448 2931 645 2961 Vestimentum
665 2925 773 2957 caerulei
799 2924 907 2956 coloris.
947 2925 1068 2961 Quidam
1083 2923 1248 2961 Cymatilem

147 2972 269 3002 colorem
281 2976 386 3000 vocant.

110 3009 255 3043 Cumaei,
279 3007 309 3036 V.
332 3017 437 3036 cuna.

111 3047 132 3076 C
143 3057 159 3075 υ
170 3058 188 3075 Μ
197 3056 234 3075 iio
246 3068 253 3080 ,
274 3045 385 3074 Veteres
394 3044 524 3072 dixerunt
536 3042 564 3071 in
577 3040 656 3071 tertia
668 3037 862 3075 conjugatione
873 3057 881 3071 ,
901 3035 975 3073 quod
989 3045 1064 3065 nunc
1081 3035 1109 3065 in
1129 3034 1178 3065 usu
1189 3044 1249 3065 non

148 3084 183 3112 est
193 3105 201 3117 ‚
222 3090 398 3120 praeterquam
409 3082 437 3109 in
448 3079 604 3117 compositis
614 3100 622 3112 ,
643 3084 673 3107 ut
682 3075 826 3107 Incumbo.
848 3073 947 3103 Perott.

113 3120 134 3150 C
144 3124 158 3149 u
168 3132 185 3148 Μ
196 3122 209 3149 ἒ
220 3131 232 3148 κ
244 3131 260 3148 Λ
270 3141 277 3154 ,
298 3129 327 3148 ae.
346 3119 364 3148 s.
388 3118 438 3147 Vas
450 3118 545 3154 ingens
558 3116 706 3145 vimineum
718 3136 726 3149 ,
748 3114 774 3142 in
787 3121 841 3149 quo
854 3111 990 3140 frumenta
1004 3110 1169 3139 conduntur.
1208 3110 1251 3140 Si.

149 3168 179 3186 vc
190 3179 197 3191 ,
217 3158 338 3186 Cumerae
349 3156 476 3185 dicuntur
492 3153 554 3183 Vasa
566 3152 659 3183 fictilia
675 3151 770 3181 similia
784 3149 883 3185 doliis,
905 3148 952 3177 ubi
978 3148 1146 3176 frumentum
1169 3147 1248 3178 suum

150 3194 317 3231 reponebant
337 3192 469 3231 agricolae.
508 3191 603 3220 Tertio
621 3189 724 3224 modo,
754 3188 879 3216 Cumerae
899 3186 1029 3215 dicuntur
1045 3185 1110 3214 Vasa
1125 3185 1248 3220 minora,

152 3242 208 3267 quai
219 3232 331 3268 capiunt
342 3231 462 3267 quinque
474 3228 525 3257 sive
538 3228 583 3257 sex
593 3228 703 3257 modios
713 3248 722 3262 ,
743 3235 802 3263 quae
813 3224 906 3262 lingua
922 3223 1086 3253 Sabinorum
1099 3221 1250 3253 Trimodiae

154 3269 287 3298 dicuntur.
309 3268 446 3297 Hactenus
460 3267 555 3295 Acron.
570 3266 597 3294 in
609 3265 673 3294 Hor.
689 3274 711 3293 r.
726 3263 810 3292 Serm.
830 3271 851 3290 1.
866 3270 908 3296 53.

243 3306 296 3334 Cur
306 3312 350 3334 tua
361 3305 421 3342 plus
431 3304 524 3332 laudes
533 3303 650 3332 cumeris
659 3301 779 3345 granaria
792 3299 886 3328 nostris
894 3299 908 3327 ‘3

119 3341 141 3371 C
150 3351 167 3371 u
176 3353 192 3370 Μ
203 3351 216 3370 ir
226 3352 239 3370 a
249 3353 265 3371 u
276 3353 295 3370 Μ
304 3364 312 3376 ,
333 3343 349 3370 i.
371 3352 396 3370 n.
418 3340 554 3369 vocabant
567 3340 670 3376 antiqui
687 3339 736 3367 Vas
747 3337 885 3374 quoddam
896 3357 903 3370 ,
925 3334 998 3371 quod
1010 3340 1136 3371 opertum
1153 3334 1182 3362 in
1201 3344 1251 3364 nu.

177 3380 219 3407 tiis
230 3379 365 3413 serebant,
387 3380 413 3407 in
425 3388 479 3415 quo
488 3383 564 3406 erant
574 3376 702 3406 nubentis
711 3374 832 3404 utensilia
846 3396 854 3409 ,
875 3373 950 3410 quod
964 3373 990 3401 &
1008 3371 1158 3400 Camillum
1175 3372 1251 3401 dice-

176 3424 236 3449 ant,
256 3426 288 3445 eo
303 3416 376 3453 quod
392 3415 525 3444 sacrorum
541 3414 692 3443 ministrum
712 3412 822 3443 wincma-
840 3409 1033 3476 apfpellabant:
1056 3409 1093 3438 est
1103 3414 1194 3438 autem
1205 3419 1251 3439 vas

158 3453 209 3481 hoc
222 3454 355 3490 nuptiale,
376 3463 389 3481 a
401 3452 575 3481 similitudine
584 3459 756 3480 cumerarum
767 3471 775 3483 ,
797 3459 855 3485 qua:
889 3454 939 3476 unt
953 3447 1066 3484 palmeae
1080 3447 1123 3476 vel
1141 3446 1252 3484 sparteae

155 3490 190 3518 ad
202 3490 274 3518 usum
286 3491 462 3527 popularem,
484 3489 517 3517 lic
527 3488 708 3526 appellatum.
732 3488 830 3515 Auctor
842 3485 940 3515 Festus.

120 3526 196 3555 Cum
209 3536 296 3554 iinon
309 3549 316 3560 ,
337 3528 352 3556 i.
375 3537 400 3555 n.
424 3527 642 3555 promontorium
655 3524 746 3554 ltaliae.
774 3523 838 3552 Plin.
852 3523 899 3552 lib.
917 3531 941 3556 ς.
963 3531 1022 3559 cap.
1042 3530 1083 3556 13.
1106 3520 1252 3551 Abiisdem

156 3563 263 3627 colbo-nia
274 3565 380 3630 Agcona
393 3586 401 3599 ,
422 3565 544 3601 opposita
558 3563 750 3601 promontorio
759 3560 889 3595 Cumero,
910 3560 938 3588 in
950 3558 1006 3596 ipso
1017 3558 1152 3589 flectentis
1164 3559 1189 3588 se
1199 3569 1252 3588 orte

157 3610 189 3628 cu
213 3607 250 3627 ito
260 3621 267 3632 ,
314 3611 337 3629 c.

120 3637 142 3669 C
151 3640 165 3664 ῠ
178 3648 194 3664 Μ
204 3641 214 3664 ῖ
224 3646 241 3664 si
254 3647 270 3664 υ
281 3648 298 3664 Μ
309 3659 316 3670 ‚
337 3638 353 3666 i.
374 3648 400 3666 n.
425 3635 566 3673 [κύμινον]
588 3636 675 3665 Herba
688 3635 768 3672 vulgo
781 3641 853 3663 nota.
893 3633 958 3669 Ejus
968 3639 1060 3662 autem
1069 3633 1124 3662 duo
1136 3632 1197 3663 sunt
1208 3643 1253 3671 ge-

154 3684 215 3702 nem
227 3674 527 3715 .“Γ.ι1ἰνυηι81ᾗ1νε[ἱῐε.
567 3673 608 3702 De
622 3672 727 3702 silvestri
747 3672 781 3701 sic
800 3671 867 3700 Plin.
883 3670 930 3700 lib.
943 3681 987 3699 20.
1005 3680 1065 3706 cap.
1084 3681 1124 3705 14.
1159 3671 1254 3700 Cumi-

153 3721 219 3752 niim
231 3711 342 3754 silvestre
352 3713 387 3739 eil
400 3720 534 3747 pur-tenue
544 3733 551 3745 ,
573 3712 711 3747 quaternis
729 3710 871 3745 autquinis
881 3709 953 3737 foliis
962 3708 1046 3736 veluti
1059 3707 1172 3737 serratis.
1207 3709 1253 3737 Di-

152 3757 221 3790 citur
234 3751 257 3775 ot
268 3750 424 3788 Cyminum:
446 3749 570 3783 frequens
579 3748 651 3785 apud
663 3747 743 3777 ltalos
756 3748 781 3776 &
793 3748 819 3775 in
832 3746 920 3775 Gallia
930 3745 1097 3774 Narbonensi
1115 3745 1254 3781 hujusmo.

154 3786 181 3813 di
197 3786 282 3814 herba:
294 3787 392 3819 kmcn,
413 3787 484 3821 quod
496 3788 564 3813 inter
574 3786 678 3822 optima
687 3784 824 3821 legumina
834 3790 1027 3812 annumeratur
1038 3804 1045 3817 ,
1084 3783 1142 3812 ltali
1152 3785 1254 3810 Comino

158 3831 264 3850 voc-int.

152 3855 278 3895 Exangue
287 3857 435 3887 cuminum.
456 3857 521 3888 Hor.
535 3868 558 3889 1.
571 3858 653 3897 Epist.
668 3869 707 3895 19.
721 3864 761 3893 ¹8-
785 3858 803 3888 i.
816 3867 840 3887 e.
862 3856 1013 3894 Pallidum,
1034 3856 1067 3886 ab
1079 3856 1188 3887 effectu.

744 598 819 628 idem
839 595 938 625 valent.
973 589 1123 621 Lambinus
1144 592 1238 615 tamen

1042 625 1136 657 Versus
1151 624 1189 654 est
1210 633 1235 653 1.

1077 1755 1130 1786 Alii
1140 1754 1238 1793 legunt

909 2361 928 2391 i.
938 2370 964 2391 e.
985 2358 1123 2397 Sibyllini.

1776 39 1807 73 C
1904 38 1936 73 U
2036 39 2076 73 M

1326 124 1457 157 Pallentis
1468 131 1550 160 grana
1559 121 1673 151 cumini.
1713 119 1781 149 Pers.
1796 130 1820 156 ς.
1836 119 1891 149 Sat.
1904 129 1947 155 55.
1972 118 2110 150 Pallidum
2129 125 2210 151 vocat
2224 142 2231 157 ‚
2252 122 2315 158 quia
2329 118 2447 158 pallidos

1348 162 1439 192 reddit
1451 162 1496 198 qui
1509 160 1617 189 bibunt.
1641 159 1739 186 Acron.

1294 201 1316 231 C
1327 211 1344 230 u
1354 212 1374 229 Μ
1387 211 1394 228 1
1406 209 1426 228 N
1436 203 1451 227 R
1461 208 1480 226 >r
1490 208 1507 226 u
1518 208 1539 226 Μ
1551 218 1558 231 ,
1576 197 1593 225 i.
1611 205 1638 224 n.
1657 195 1878 224 condimentum
1887 204 1923 224 ex
1933 195 2048 224 cumino
2060 196 2175 226 factum.
2197 196 2274 234 Apio.
2291 206 2314 225 1.
2329 205 2374 230 29.
2396 195 2448 224 Cu-

1332 240 1469 267 minatum
1480 233 1687 272 superfundere.
1715 232 1790 262 Adde
1801 243 1828 267 4.
1839 241 1865 262 2.

1296 276 1319 305 C
1330 286 1347 304 u
1357 286 1376 303 Μ
1387 285 1423 303 Μι
1436 296 1444 308 ,
1466 283 1493 302 n.
1515 277 1702 308 monoptoton
1716 280 1722 299 τ
1745 270 1776 299 ln
1786 269 1923 299 feminino
1937 277 2029 300 tamen
2048 280 2147 308 genere
2159 270 2323 306 declinatur,
2339 276 2370 300 ut
2381 279 2450 308 pup.

1334 313 1376 349 pis
1387 334 1394 346 ,
1416 311 1498 340 febris
1509 332 1517 345 ,
1537 308 1634 348 pelvis.
1663 307 1765 351 'Cinna
1775 329 1783 342 ,
1805 306 1957 344 Alpinaque
1967 310 2078 338 cummi.
2103 309 2168 337 Haec
2178 308 2295 337 Nonius.

1296 351 1318 381 C
1329 353 1345 379 ῠ
1356 361 1375 378 Μ
1387 351 1403 378 u
1414 360 1430 377 L
1441 358 1496 383 us,
1518 348 1535 376 i.
1557 356 1594 375 m.
1616 347 1770 388 [ffijedsstj‘022
1791 344 1929 380 ἔπὶμετςαν,
1949 343 2049 382 θύμων,
2067 346 2191 382 θημθνιά]
2212 346 2325 383 proprie
2340 344 2451 380 dicitur,

1332 387 1473 423 majorum
1483 395 1571 414 rerum
1584 383 1670 412 veluti
1680 382 1793 419 quidam
1803 391 1924 411 acervus.
1965 383 2023 413 Liv.
2038 393 2079 413 10.
2093 393 2136 419 29.
2151 391 2218 412 extr.
2247 382 2374 412 Consulis
2395 391 2454 412 cor.

1334 433 1386 463 pus
1399 434 1432 454 eo
1444 424 1505 458 die,
1530 423 1594 459 quia
1605 421 1734 449 obrutum
1749 419 1918 456 superstratis
1937 420 2080 450 Gallorum
2096 421 2215 451 cumulis
2237 426 2313 455 erat,
2335 419 2453 449 inveniri

1334 473 1393 492 non
1407 462 1506 499 potuit.
1546 461 1560 495 [
1573 459 1642 487 Vide
1654 459 1805 486 auctorem.
1826 455 1861 485 H.
1877 456 1916 486 St.
1957 457 2095 488 Caesorum
2107 459 2212 489 cumuli
2221 458 2426 496 intelliguntur.

1334 501 1470 531 Arboreus
1484 496 1620 527 cumulus.
1642 495 1727 523 Ovid.
1745 504 1786 523 12.
1805 493 1874 523 Met.
1888 503 1950 529 514.
2035 520 2037 522 ,

1334 539 1471 574 Aquarum
1483 534 1610 564 immanis
1622 532 1759 562 cumulus.
1780 531 1867 561 Ovid.
1885 541 1927 566 15.
1943 531 2012 561 Met.
2027 537 2090 568 508.

1334 576 1398 605 Auri
1411 573 1536 603 cumulos
1546 573 1656 601 struere.
1679 570 1776 599 Claud.
1792 579 1815 598 1.
1826 570 1855 598 in
1866 568 1982 607 Eutrop.
1993 579 2059 601 222.
2079 580 2083 581 ⁷

1333 613 1470 650 Lepidum
1483 609 1620 640 cumulus.
1638 608 1714 638 Curt.
1726 619 1753 643 4.
1770 616 1795 643 3.
1811 616 1837 641 7.

1333 650 1428 679 Cladis
1438 647 1567 678 cumulus
1579 669 1586 681 ,
1607 645 1747 675 translate.
1770 644 1856 674 Ovid.
1870 653 1913 679 14.
1929 643 1999 675 Met.
2011 653 2078 682 472,

1335 686 1594 717 Conimendationis
1602 683 1738 713 cumulus.
1760 682 1818 711 Cic.
1834 691 1874 719 13.
1889 682 1963 712 Fam.
1978 687 2020 712 16.

1333 725 1428 756 Debiti
1439 724 1575 753 cumulus.
1598 722 1732 759 Papin.in
1744 720 1762 751 l.
1775 720 1919 756 maj0rem.
1934 720 1967 751 D.
1984 721 2020 750 de
2029 719 2127 758 pactis.

1333 763 1504 793 Deliciarum
1515 759 1651 790 cumulus.
1694 758 1762 788 Plin.
1774 757 1822 787 lib.
1839 767 1880 795 ¹3·
1899 767 1961 797 cap.
1974 768 1999 788 1.
2027 758 2113 789 Nunc
2129 757 2239 788 dicetur
2255 758 2384 789 cumulus
2397 757 2455 798 ipse

1353 800 1518 829 deliciarum
1533 820 1541 834 ,
1563 799 1588 828 &
1602 797 1708 836 summa
1718 796 1865 826 auctoritas
1874 796 1924 826 rei.

1332 839 1457 868 Dierum.
1480 837 1537 866 Cic.
1551 837 1586 864 de
1599 834 1723 864 Provinc.
1739 833 1820 863 Cons.
1833 837 1878 863 26.

1334 876 1435 906 Gaudii
1450 874 1594 904 cumulum
1609 872 1715 901 afferre.
1756 872 1816 901 Cic.
1834 875 1876 901 16.
1890 872 1944 901 Att.
1957 880 2003 901 21.
2023 870 2099 902 Tum
2111 880 2178 902 vero
2189 871 2393 908 iucundiffimae
2402 877 2456 903 tuae

1352 915 1450 943 litterae
1465 911 1609 941 cumulum
1622 910 1691 940 mihi
1702 909 1796 947 gaudii
1803 909 1903 938 attuler
1945 916 1965 938 t.

1332 951 1459 981 Lauduni
1470 950 1565 979 beatus
1575 948 1652 978 omni
1661 946 1784 976 cumulo.
1805 948 1873 976 Stat.
1884 958 1909 982 4.
1942 947 1988 976 ilv.
2004 956 2029 983 3.
2041 953 2103 983 158.

1332 989 1438 1026 Legum
1447 986 1596 1017 immensus
1605 986 1720 1015 aliarum
1727 985 1808 1022 super
1817 985 1883 1014 alias
1892 993 2083 1015 acervatarum
2095 983 2231 1016 cumulus.
2242 984 2454 1022 Liv.3.34.extr.

1332 1027 1475 1057 Malorum
1486 1025 1630 1054 maximus.
1656 1024 1718 1052 Sen.
1731 1022 1846 1060 Hippol.
1862 1032 1904 1052 1ο.

1331 1064 1481 1095 Mercedis.
1521 1062 1579 1092 Cic.
1597 1071 1618 1090 r.
1633 1063 1686 1104 Att.
1702 1064 1743 1090 16.
1766 1063 1826 1096 ,lam
1836 1070 1902 1090 vero
1919 1060 1959 1097 (ὁ
1973 1061 2013 1090 dii
2028 1060 2095 1090 boni
2115 1070 2175 1090 rem
2188 1060 2349 1099 perditam)
2370 1061 2455 1091 etiam

1351 1104 1449 1132 nostes
1460 1107 1596 1130 certarum
1611 1099 1759 1128 mulierum
1768 1121 1776 1134 ,
1797 1105 1880 1135 atque
1892 1097 2163 1129 adolescentulorum
2176 1097 2315 1129 nobilium
2329 1099 2457 1129 introdu-

1352 1142 1459 1169 ctiones
1470 1161 1478 1174 ‚
1499 1137 1643 1167 nonnullis
1654 1136 1795 1172 judicibus
1804 1146 1855 1175 pro
1866 1137 2003 1167 mercedis
2015 1136 2128 1167 cumulo
2139 1136 2261 1166 fuerunt.

1331 1177 1464 1209 Perfidiae.
1486 1176 1571 1206 Ovid.
1588 1185 1629 1204 ri.
1646 1174 1714 1204 Met.
1726 1179 1790 1204 206.

1331 1215 1451 1247 Accessit
1463 1214 1600 1257 cumulus.
1621 1212 1679 1242 Cic.
1691 1222 1741 1250 pro
1753 1212 1878 1242 Marcell.
1889 1218 1958 1242 extr.
1980 1210 2091 1241 Tamen
2099 1211 2136 1241 ad
2144 1217 2190 1241 tua
2199 1210 2411 1242 innumerabilia
2426 1212 2456 1242 i’n

1350 1264 1397 1283 me
1410 1262 1498 1283 unum
1511 1258 1617 1286 merita,
1626 1252 1703 1288 quod
1717 1250 1776 1280 fieri
1790 1251 1845 1284 iam
1862 1250 1938 1288 posse
1951 1260 2009 1279 non
2023 1250 2182 1284 arbitrabar,
2194 1251 2332 1280 maximus
2342 1249 2397 1279 boc
2407 1256 2456 1280 tuo

1349 1292 1424 1321 facto
1443 1290 1571 1320 cumulus
1591 1287 1739 1318 accesserit.
1779 1288 1806 1318 h.
1820 1299 1845 1318 e.
1874 1288 2021 1325 Tanquam
2045 1288 2081 1318 ad
2102 1288 2257 1318 auctarium
2273 1288 2456 1324 faciendum,

1352 1330 1407 1358 hoc
1415 1328 1453 1358 est
1464 1328 1541 1365 supra
1554 1336 1702 1356 numerum
1715 1326 1868 1364 expletum.
1890 1326 1961 1356 Bud.

1331 1369 1466 1405 Aggerare
1477 1366 1582 1402 aliquid
1592 1363 1760 1393 immanibus
1773 1364 1902 1393 cumulis.
1924 1363 2022 1393 Claud.
2031 1373 2058 1393 2.
2074 1364 2103 1393 in
2115 1363 2229 1401 Eutrop.
2241 1371 2306 1399 439.

1332 1405 1454 1435 Deruere
1466 1403 1609 1433 cumulum
1623 1403 1658 1431 de
1674 1401 1941 1437 laudibusalicujus.
1964 1401 2022 1431 Cic.
2036 1405 2079 1432 16.
2093 1400 2145 1431 Att.
2161 1411 2185 1431 1.

1333 1442 1468 1473 Cumulus
1478 1464 1486 1478 ,
1508 1451 1559 1480 pro
1572 1440 1725 1469 Altitudine
1737 1441 1763 1469 &
1776 1439 1849 1477 quafi
1862 1439 1992 1468 acumine
2002 1449 2087 1477 aquae.
2111 1439 2182 1477 Virg.
2198 1448 2221 1468 1.
2234 1437 2297 1469 AEn.
2314 1447 2375 1472 100.

1527 1478 1724 1515 —insequitur
1732 1477 1846 1507 cumulo
1857 1485 2013 1515 praeruptus
2023 1487 2100 1515 aquae
2109 1486 2201 1508 mons.
2298 1476 2418 1507 Servius.

1334 1516 1486 1553 Cumulus,
1508 1518 1702 1554 Augmentum.
1726 1515 1833 1553 Virg.2.
1844 1516 1904 1545 AEn.
1916 1521 1981 1551 498.

1426 1556 1490 1585 Non
1503 1555 1538 1584 sic
1548 1554 1692 1592 aggeribqs
1703 1555 1790 1591 ruptis
1801 1563 1888 1591 quum
1899 1553 2028 1590 spumeus
2038 1552 2127 1582 amnis

1426 1593 1519 1628 Exiit,
1539 1591 1732 1631 oppositasque
1742 1592 1827 1621 evicit
1841 1592 1947 1629 gurgite
1961 1590 2065 1625 moles,

1425 1631 1520 1660 Fertur
1531 1631 1560 1660 in
1573 1640 1636 1659 arva
1644 1630 1737 1659 furens
1748 1628 2219 1666 cumulo.Servius.confiAquarum
2230 1627 2357 1658 cumulus
2366 1628 2454 1668 supra.

1335 1669 1470 1699 Cumulus
1480 1670 1518 1698 est
1529 1669 1585 1706 Qui
1597 1668 1708 1698 additur
1716 1667 1848 1697 mensurae
1861 1667 1958 1705 plenae.
1981 1667 2083 1697 Festus.

1335 1706 1470 1737 Cumulus
1484 1706 1522 1736 est
1535 1708 1619 1736 etiam
1634 1705 1773 1735 Peroratio
1786 1726 1794 1740 ,
1815 1705 1862 1735 vel
1876 1704 2024 1736 Conclusio
2039 1704 2180 1734 orationis.

1354 1745 1494 1791 Peroratio
1504 1744 1675 1790 sequebatur,
1686 1753 1771 1781 quarn
1780 1743 1926 1773 cumulum
1937 1743 2061 1780 quidam,
2069 1741 2277 1772 conclusionem
2288 1741 2335 1771 alii
2345 1748 2455 1772 vocant.

1298 1784 1321 1815 C
1331 1794 1349 1813 υ
1360 1792 1459 1849 Μυόὲο
1472 1804 1480 1818 ,
1501 1783 1634 1820 [meatim
1652 1780 1784 1817 'ammiratio
1794 1803 1803 1818 ‚
1820 1782 1974 1818 ὄπιμεσιςέω]
1994 1784 2051 1811 are.
2073 1780 2260 1815 Coacervare,
2279 1789 2397 1818 augere,
2416 1779 2458 1810 su-

1355 1830 1399 1850 era
1441 1829 1495 1850 ere.

1333 1832 1485 1888 Cumulare
1496 1859 1522 1888 δι
1538 1858 1685 1895 adaugere.
1708 1856 1766 1887 Cic.
1778 1867 1830 1896 pro
1843 1856 1924 1887 Rosc.
1938 1856 2027 1887 Amer.
2041 1865 2083 1893 30.

1335 1897 1382 1927 AEs
1393 1896 1514 1926 alienum
1526 1897 1667 1926 cumulare
1677 1894 1773 1926 usuris.
1794 1896 1812 1925 i.
1824 1905 1848 1925 e.
1872 1894 2057 1933 Amplificare.
2077 1893 2138 1925 Liv.
2154 1902 2183 1925 2.
2196 1901 2243 1932 ας.

1335 1935 1437 1964 Altaria
1446 1934 1528 1964 donis
1539 1934 1672 1964 cumulat.
1695 1933 1768 1971 Virg.
1782 1943 1794 1962 1
1802 1943 1825 1963 1.
1841 1933 1904 1964 AEn.
1918 1943 1962 1970 50.

1336 1972 1484 2003 Benefada
1495 1973 1646 2001 cumulare.
1667 1971 1753 2001 Plaut.
1767 1971 1847 2009 Capt.
1859 1980 1885 2001 2.
1899 1980 1924 2007 3.
1937 1975 1982 2007 64.

1428 2010 1499 2048 Ergo
1516 2019 1601 2047 quum
1612 2010 1718 2048 optime
1730 2009 1816 2039 fecisti
1827 2030 1836 2045 ,
1857 2019 1934 2039 nunc
1943 2008 2019 2038 adest
2032 2006 2139 2037 occasio

1428 2047 1576 2077 Benefaeta
1585 2048 1726 2077 cumulare
1736 2069 1744 2081 ,
1765 2054 1796 2076 ut
1804 2057 1866 2084 erga
1873 2047 1949 2077 hunc
1959 2056 2017 2076 rem
2030 2055 2106 2083 geras
2114 2043 2244 2074 fideliter.

1337 2085 1476 2128 Beneficia
1487 2086 1579 2122 priora
1587 2085 1782 2123 posterioribus
1793 2085 1945 2115 cumulare.
1967 2084 2036 2114 Plin.
2051 2093 2075 2121 3.
2088 2083 2172 2121 Epist.
2183 2093 2209 2118 4.
2223 2082 2257 2112 ad
2271 2081 2438 2113 Macrinum.

1338 2123 1480 2153 Gaudium
1489 2123 1646 2167 cumulare,
1668 2133 1717 2161 per
1727 2122 1945 2153 translationem.
1986 2121 2045 2151 Cic.
2056 2132 2083 2156 4.
2095 2122 2150 2150 Att:
2163 2130 2185 2150 1.
2217 2121 2312 2156 Itaque
2333 2121 2388 2151 hoc
2407 2121 2459 2151 tibi

1355 2170 1420 2190 vere
1427 2160 1533 2190 affirmo
1543 2182 1552 2194 ‚
1571 2170 1599 2189 in
1612 2161 1732 2191 maxima
1744 2160 1840 2190 laet‘itia
1858 2161 1884 2190 &
1904 2157 2308 2198 exoptatiss'ima-gratulatione
2320 2181 2328 2194 ‚
2349 2169 2435 2188 unum
2448 2179 2458 2190 ‚

1355 2199 1391 2265 {id
1405 2198 1604 2264 cui‘triiutlansidum
1616 2199 1749 2236 gaudium
1764 2220 1773 2235 ,
1794 2197 1974 2237 conspectum
1985 2220 1993 2234 ,
2014 2203 2062 2227 aut
2077 2197 2171 2235 potius
2187 2196 2368 2235 complexum
2388 2197 2457 2226 mihi

1368 2246 1435 2266 uum
1468 2247 1482 2265 e
1497 2246 1522 2265 ui
1547 2245 1570 2265 e.
1751 2248 1754 2250 ·

1337 2274 1442 2318 Gaudia
1452 2273 1733 2318 praemissi-cumulant
1744 2274 1863 2312 inopina
1874 2272 1994 2303 dolores.
2015 2271 2113 2302 Claud.
2125 2271 2162 2301 de
2171 2270 2239 2302 Bell.
2253 2271 2314 2301 Get.
2327 2277 2391 2305 208.

1337 2312 1446 2342 Gaudio
1456 2311 1599 2341 cumulari.
1640 2312 1698 2341 Cic.
1713 2322 1755 2348 14.
1768 2314 1878 2343 Διί-..αα
1902 2311 2012 2341 Tamen
2027 2320 2084 2340 non
2107 2310 2216 2347 possum
2233 2319 2290 2338 non
2311 2309 2457 2346 confiteri,

1355 2349 1491 2393 cumulari
1500 2359 1545 2393 me
1556 2349 1677 2392 maximo
1688 2349 1789 2387 gaudio
1801 2372 1809 2387 ,
1831 2349 1907 2388 quod
1916 2349 2004 2387 ,vulgo
2017 2348 2164 2378 hominum
2179 2348 2277 2385 opinio
2293 2347 2398 2377 socium
2414 2357 2460 2378 me

1356 2386 1472 2417 ascribat
1486 2392 1540 2417 tuis
1555 2386 1692 2416 laudibus.

1338 2425 1461 2456 Gloriam
1470 2425 1610 2455 cumulare
1620 2425 1750 2455 bellicam
1758 2425 1927 2462 eloquentia.
1969 2424 2026 2454 Cic.
2041 2434 2063 2453 1.
2077 2422 2134 2453 Off.
2150 2426 2211 2452 116.
2235 2423 2357 2459 Quidam
2369 2430 2462 2453 autem

1357 2464 1392 2507 ad
1403 2473 1447 2492 eas
1458 2462 1564 2506 laudes,
1577 2472 1643 2500 quas
1653 2473 1669 2492 a
1678 2463 1801 2501 patribus
1811 2469 1990 2501 acceperunt.
2010 2462 2118 2492 addunt
2127 2460 2247 2498 aliquam
2256 2461 2331 2491 suam
2344 2471 2352 2491 :
2374 2467 2406 2490 ut
2414 2461 2462 2491 hic

1358 2503 1435 2530 idem
1442 2501 1587 2544 *Africanus
1599 2501 1758 2538 eloquentia
1770 2501 1925 2531 cumulavit
1934 2500 2061 2530 bellicam
2071 2499 2194 2537 gloriam.

1338 2538 1501 2569 Honoribus
1512 2538 1656 2568 cumulari.
1688 2540 1762 2569 Suet.
1774 2539 1879 2569 Neron.
1891 2548 1953 2578 cap.
1965 2544 1991 2573 8.
2013 2538 2055 2569 Ex
2063 2536 2214 2572 immensis,
2225 2536 2327 2574 quibus
2336 2534 2461 2567 cumula·

1359 2577 1438 2606 batur
1448 2598 1456 2611 ,
1476 2576 1627 2606 honoribus
1639 2583 1746 2606 tantum
1760 2579 1812 2607 &a

1339 2614 1476 2646 Invidiam
1485 2613 1626 2644 cumulare
1636 2615 1694 2644 sibi.
1717 2614 1775 2644 Liv.
1789 2624 1811 2651 3.
1830 2623 1871 2644 12.

1340 2652 1382 2683 Ira
1395 2652 1539 2696 cumulari.
1580 2652 1638 2682 Cic.
1650 2662 1700 2689 pro
1711 2652 1781 2683 Coel.
1794 2661 1836 2689 37.
1859 2651 1945 2682 Nunc
1952 2660 2047 2682 meum
2057 2660 2106 2681 cor
2116 2649 2273 2681 cumulatur
2286 2651 2334 2680 ira.

1341 2690 1483 2720 Laudibus
1494 2689 1623 2726 aliquem.
1646 2690 1735 2720 Tacit.
1749 2700 1774 2720 2.
1786 2691 1853 2720 l-list.
1866 2695 1912 2724 80.
2003 2707 2009 2709 —

1342 2728 1489 2757 Cumulare
1500 2727 1620 2765 aliquem
1630 2728 1724 2758 multis
1732 2729 1862 2757 laudibus
1876 2727 1950 2765 apud
1962 2726 2040 2757 alios.
2061 2726 2130 2756 Plin.
2143 2725 2191 2755 lib.
2204 2734 2229 2762 3.
2242 2725 2325 2763 Epist.
2340 2733 2384 2755 11.

1341 2765 1506 2809 Muneribus
1515 2766 1621 2802 magnis
1630 2766 1771 2796 cumulare
1781 2766 1914 2803 aliquem.
1936 2765 2009 2815 Virg.
2024 2775 2048 2800 ς.
2062 2764 2122 2795 AEn.
2138 2772 2199 2801 532.

1342 2803 1451 2833 Officns
1465 2803 1613 2833 cumulare.
1636 2803 1704 2834 Plin.
1720 2804 1769 2833 lib.
1785 2814 1828 2833 ιο.
1840 2803 1923 2841 Epist.
1934 2807 1980 2833 26.

1342 2841 1438 2885 Scelus
1448 2841 1588 2870 cumulare
1598 2840 1707 2871 scelere.
1748 2841 1807 2872 Cic.
1823 2852 1847 2870 r.
1861 2843 1890 2870 in
1901 2841 1983 2871 Catil.
1998 2850 2039 2876 ¹4·
2059 2839 2163 2869 Nonne
2179 2838 2264 2868 etiam
2280 2836 2462 2867 alioincredi-

1364 2879 1412 2908 bili
1421 2878 1520 2908 scelere
1531 2878 1586 2908 hoc
1596 2878 1683 2908 scelus
1694 2879 1838 2909 cumulasti
1848 2880 1862 2908 ‘2

1306 2919 1330 2950 C
1340 2928 1357 2947 u
1366 2928 1386 2960 Μ
1396 2927 1413 2945 υ
1424 2920 1464 2946 LK
1476 2926 1495 2945 *r
1506 2926 1546 2960 us
1558 2938 1566 2951 ,
1588 2927 1603 2946 a
1614 2938 1622 2952 ‚
1643 2927 1698 2946 um.
1721 2917 1818 2947 Partic.
1839 2915 2051 2952 [ἐπωρώθὰε]
2079 2914 2136 2944 Cic.
2149 2924 2174 2950 9.
2191 2913 2267 2943 Fam.
2279 2923 2320 2948 ¹4·
2350 2913 2461 2942 Tamen

1342 2955 1436 2998 Idi—bus
1444 2954 1550 2984 Martiis
1557 2960 1666 2983 tantum
1679 2954 1789 2985 accessit
1798 2955 1833 2984 ad
1843 2963 1968 2984 amorem
1977 2975 1985 2988 ,
2007 2959 2039 2982 ut
2049 2952 2160 2982 mirarer
2166 2951 2261 2981 locum
2271 2950 2351 2981 fuiffe
2361 2959 2463 2988 augen-

1343 2994 1372 3022 di
1382 3002 1410 3021 in
1421 3001 1453 3021 eo
1466 3014 1474 3027 ,
1496 2993 1571 3029 quod
1583 2992 1653 3021 mihi
1669 2993 1723 3028 jam
1737 2992 1845 3031 pridem
1856 2990 2029 3021 cumulatum
2041 2990 2123 3019 etiam
2134 2989 2289 3018 videbatur.

1343 3029 1515 3060 Cumulatus.
1556 3029 1691 3059 Mensurae
1711 3039 1798 3068 quum
1822 3029 1944 3066 impletae
1965 3028 2043 3063 sunt,
2065 3033 2177 3065 aequatae
2197 3027 2343 3056 dicuntur:
2376 3034 2462 3062 quum

1362 3069 1522 3111 abundant,
1543 3067 1698 3096 cumulatae-
1730 3068 1826 3105 Veget.
1842 3067 1960 3097 Mulom.
1983 3066 2092 3095 Exinde
2104 3065 2192 3102 prima
2202 3065 2247 3093 die
2259 3073 2346 3093 unum
2357 3063 2465 3093 coclea-

1362 3115 1434 3135 rium
1444 3103 1618 3135 cumulatum
1628 3114 1691 3134 cum
1701 3104 1818 3135 sextario
1829 3106 1886 3135 vini
1895 3103 2006 3134 veteris.
2041 3103 2157 3137 Iterum,
2177 3102 2291 3140 Singula
2302 3101 2405 3137 majora
2417 3110 2464 3130 co-

1362 3143 1460 3173 clearia
1471 3143 1552 3180 plena
1563 3144 1589 3173 δ’(
1599 3142 1737 3172 cumulata
1748 3143 1934 3172 commisceas.
1961 3141 1999 3170 Ex
2009 3140 2152 3171 Turnebo.

1342 3180 1432 3247 [ἕως
1441 3180 1594 3210 cumulatus
1603 3181 1686 3218 strage
1698 3181 1764 3211 semi
1775 3181 1827 3210 ruti
1836 3181 1908 3210 muri
1918 3180 2019 3209 dicitur
2028 3200 2036 3214 ‚
2058 3177 2213 3217 Impeditus
2222 3176 2311 3207 ruinis
2315 3175 2460 3214 congestis.

1385 3228 1419 3247 iv.
1433 3228 1475 3254 32.
1491 3228 1530 3255 ¹7·
2378 3231 2381 3232 ν

1344 3256 1444 3285 Orator
1458 3257 1533 3285 omni
1546 3255 1626 3284 laude
1636 3255 1802 3285 cumulatus.
1825 3255 1883 3285 Cic.
1898 3264 1922 3284 1.
1935 3254 1970 3283 de
1980 3254 2057 3283 Orat.
2073 3258 2133 3286 118.

1343 3293 1429 3323 Venia
1440 3293 1588 3325 cumulata.
1611 3294 1627 3322 i.
1639 3303 1663 3322 e.
1685 3293 1780 3323 Solida
1792 3295 1818 3324 ἃ
1833 3292 1915 3331 plena
1926 3313 1934 3326 ,
1955 3292 1999 3321 cui
2014 3290 2084 3320 nihil
2097 3290 2181 3320 deest.
2204 3290 2279 3328 Virg.
2292 3299 2318 3326 4.
2331 3289 2461 3325 AEn.435.

1424 3331 1579 3361 Extremam
1591 3330 1663 3360 hanc
1672 3341 1720 3360 oro
1734 3332 1861 3360 veniam:
1883 3329 2011 3360 miserere
2024 3328 2138 3358 sororis:

1364 3406 1370 3413 ¹
1405 3406 1414 3435 l
1424 3369 1515 3406 Quam
1526 3369 1593 3398 mihi
1603 3378 1666 3398 cum
1677 3368 1788 3398 dederis
1799 3390 1806 3404 ,
1827 3367 1995 3398 cumulatam
2005 3371 2094 3396 morte
2104 3365 2252 3395 remittam.
2333 3363 2365 3393 V.
2386 3363 2461 3395 Serv.

1363 3416 1391 3435 in
1416 3416 1459 3436 oc.

1344 3443 1435 3488 Virtus
1448 3444 1569 3482 perfet‘ta
1581 3444 1606 3472 &
1617 3442 1765 3476 cumulata.
1787 3443 1845 3473 Cic.
1858 3452 1909 3481 pro
1920 3442 1995 3472 Sext.
2006 3444 2051 3476 86.

1345 3481 1418 3511 Vitio
1428 3481 1568 3510 cumulata
1577 3482 1614 3510 est
1624 3481 1804 3510 eruditissima
1813 3481 1857 3510 illa
1868 3480 2026 3510 Graecorurn
2039 3478 2123 3508 natio.
2149 3476 2227 3507 Idem
2240 3485 2264 3505 2.
2279 3475 2314 3506 de
2326 3475 2401 3504 Orat.
2419 3481 2461 3509 18.

1344 3519 1538 3556 Voluptatibus
1554 3517 1678 3555 plurimis
1689 3520 1714 3548 &
1729 3519 1856 3548 maximis
1868 3516 2027 3547 cumulatus
2038 3515 2144 3554 aliquis.
2167 3514 2223 3544 Cic.
2238 3523 2264 3543 2.
2278 3514 2313 3543 de
2322 3513 2381 3544 Fin.
2394 3518 2439 3550 63.

1346 3556 1417 3586 Urbs
1427 3557 1509 3595 strage
1520 3557 1641 3585 virorum
1656 3555 1804 3585 cumulata.
1827 3555 1873 3585 Sil.
1887 3555 1935 3584 lib.
1951 3565 1992 3591 ις.
2007 3564 2070 3589 ⁴09-

1347 3594 1475 3637 Compar.
1498 3601 1545 3628 ut,
1569 3594 1741 3633 Cumulatior
1754 3593 1849 3630 gloria.
1871 3593 1928 3623 Liv.
1941 3602 1967 3622 2.
1982 3602 2026 3629 47.
2038 3599 2106 3621 extr.
2126 3590 2197 3621 Item
2211 3588 2465 3618 cumulatiormen·

1366 3632 1431 3661 sura.
1456 3632 1513 3661 Cic.
1526 3632 1560 3660 dc
1571 3630 1640 3660 Cliir.
1655 3632 1731 3660 Orat.
1749 3641 1809 3666 ¹¹5·

1347 3669 1454 3707 Supcrl.
1480 3668 1714 3698 Cumulatislimus
1727 3667 1869 3698 scelerum.
1891 3667 1975 3697 Plaut.
1990 3666 2049 3696 Aul.
2064 3675 2123 3701 ς.ς.
2137 3673 2178 3699 17.

1311 3706 1359 3737 Cu
1371 3718 1390 3735 Μ
1402 3717 1418 3735 υ
1429 3710 1469 3735 ιλ
1480 3716 1539 3740 τε,
1562 3706 1626 3734 Adv.
1649 3701 1858 3741 [πωρώῶρως.
1878 3705 2019 3739 eluendus]
2045 3702 2229 3733 abundanter.
2253 3701 2311 3730 Cic.
2325 3710 2367 3730 10.
2389 3699 2465 3730 Fam.

1349 3753 1393 3778 29.
1418 3744 1457 3773 De
1466 3753 1528 3773 meo
1539 3743 1626 3772 studio
1638 3753 1699 3779 erga
1711 3743 1827 3772 salutem
1838 3745 1864 3772 &
1878 3742 2099 3772 incolumitatem
2113 3746 2199 3775 tuam,
2221 3740 2305 3768 credo
2316 3745 2343 3767 te
2354 3736 2469 3775 cognos-

1348 3781 1375 3810 se
1385 3791 1418 3810 ex
1431 3781 1526 3810 litteris
1541 3787 1651 3809 tuorum
1666 3802 1673 3813 ,
1698 3781 1798 3817 quibus
1809 3791 1853 3809 me
1864 3779 2076 3809 cumulatissime
2091 3776 2248 3807 satisfecisse
2263 3783 2337 3806 certo
2349 3775 2412 3805 scio.

1349 3818 1466 3855 Explere
1478 3819 1624 3847 cumulate.
1648 3819 1704 3846 Cic.
1717 3828 1742 3846 2.
1760 3819 1795 3846 de
1806 3818 1893 3847 Finib.
1903 3828 1948 3853 42.

1348 3856 1448 3887 Facere
1457 3856 1563 3893 aliquid
1576 3854 1693 3893 planum
1705 3855 1856 3888 cumulate.
1879 3854 1938 3886 cie.
1952 3864 1979 3892 7.
1993 3853 2067 3885 Verr.
2083 3855 2144 3889 164.

2201 1703 2321 1740 Quintil.
2333 1706 2359 1733 6.
2376 1713 2400 1733 1.
2412 1714 2455 1742 pr.

2381 3864 2469 3919 Pesfe.

2543 980 2546 981 Ἴ
2554 922 2566 949 κ..

2570 656 2583 667 el

2597 1215 2601 1223 ·
2584 1148 2588 1162 '⁴
2574 1081 2601 1119 ἓν
2577 1066 2580 1071 “
2568 982 2604 1052 ’ἃς
2564 690 2604 970 ἿῇνΫ-ᾼῇἵδὲἓμι
2578 666 2590 674 “

2553 853 2570 878 ‘5
