2600 4177
485 116 516 151 C
604 116 620 150 I
712 115 735 150 B

85 192 175 228 Resici
189 194 262 226 cibo.
284 196 391 226 Petron.
410 206 470 227 111.

85 234 204 271 Replere
219 234 252 263 se.
273 234 341 263 lbid.

85 271 208 303 Reuoiiti
221 271 282 300 cibi.
325 272 433 307 Quintil
454 271 500 300 lib.
514 281 541 301 2.
563 271 681 302 Necesse
691 272 730 302 est
741 272 773 302 iis
784 295 792 308 ,
813 282 899 310 quum
913 273 1011 302 eadem
1025 273 1151 311 pluribus
1163 274 1206 309 ju-

107 309 186 337 diciis
198 309 296 337 dicunt
307 330 314 344 ,
335 310 472 338 fastidium
483 315 514 338 ut
524 317 673 344 moveant,
697 317 728 339 ut
738 311 847 347 repositi
859 313 884 340 ἀ
897 311 989 347 frigidi
999 312 1063 341 cibi.

86 346 213 376 secretus
225 346 296 373 cibo,
335 347 353 375 i.
366 357 389 375 e.
414 348 431 376 Α
444 347 506 375 cibo
522 346 640 376 secretus
652 369 660 382 ,
684 349 759 384 quod
775 349 813 378 est
823 349 962 385 sejunctus
974 351 1000 380 ἃ
1012 349 1131 379 semotus
1143 348 1204 378 aci-

87 416 88 419 *
106 383 161 414 bo.
183 384 207 411 8<
220 383 333 416 quinon
346 384 413 413 edit.
438 384 542 413 Lucret.
559 384 606 413 lib.
627 395 647 413 ι.
666 395 725 418 ¹9<-

30 436 37 442 ·
86 420 193 451 Servire
203 419 266 448 cibo
276 420 332 450 suo.
355 423 372 450 i.
385 431 409 451 e.
433 421 519 458 Quod
534 422 617 459 vulgo
635 423 736 452 dicitur
751 429 796 460 pro
813 423 925 461 Impenfis
936 424 1001 460 suis.
1017 423 1108 453 ,Plane
1130 423 1203 454 Rud.

0 1247 21 1363 l

18 1454 19 1464 l

18 1473 20 1490 l

113 467 135 486 ι.
153 468 175 488 ς.
188 466 231 489 ²<-
287 486 292 491 ,

86 495 191 531 Sperne
202 494 296 524 cibum
308 495 400 525 vilem.
425 496 491 526 Hor.
507 506 533 526 2.
549 497 634 526 Serm.
648 505 673 527 2.
689 507 734 534 14.

87 531 217 563 Suffulcit
227 535 305 562 cibus
317 541 398 563 artus.
420 533 527 564 Lucret.
541 534 589 564 lib.
603 545 628 570 4.
646 539 709 567 πός.

88 606 91 607 7
182 569 326 606 Propterea
336 572 444 608 capitur
456 572 533 602 cibus
543 595 551 607 ,
573 581 604 601 ut
615 572 751 602 suffulciat
760 578 843 604 artus.

87 607 238 644 Suggerere
251 608 330 637 cibos
338 608 429 639 alicui.
453 611 518 639 Qut.
533 621 558 644 9·
570 611 660 640 Theb.
672 620 735 647 740.

88 645 209 676 Sumere.
234 645 299 674 Plin.
316 646 396 683 Epist.
413 659 436 682 ς.
450 647 497 677 lib.
513 658 536 683 3.

87 682 254 719 Suppeditat
265 683 343 713 cibos
355 691 433 715 terra.
457 686 514 715 Cic.
528 694 552 714 2.
564 686 599 714 de
609 685 703 723 Legib.
720 688 765 723 67.

86 720 225 750 Sustentat
238 721 307 750 cibis
318 723 395 751 cibus
406 746 413 757 ,
435 731 482 753 aut
492 723 572 752 fulcit
581 733 689 761 corpus.
711 723 817 752 Lucret.
832 723 878 752 lib.
888 732 915 754 2.
930 727 1011 757 1146.

87 757 206 788 Tenere.
229 766 273 793 ut,
298 760 431 789 Praeclusae
441 762 535 791 cibum
543 761 635 792 fauces
646 768 740 791 tenere
752 762 893 797 dicuntur,
916 771 975 800 quae
986 772 1044 792 non
1056 762 1208 793 demittunt

106 796 136 824 in
149 795 249 825 alvum.
270 797 334 826 Sen.
349 798 464 836 Thyest.
482 805 506 833 8.

86 832 269 863 VacarecibO.
293 835 362 865 Cels.
374 836 421 866 lib.
435 847 458 873 3.
472 846 531 875 cap.
549 847 588 871 ¹4·
604 843 671 867 extr.
690 835 799 866 Postero
809 837 864 870 die,
883 847 939 873 quo
960 838 1020 872 (a)
1037 838 1100 867 cibo
1112 843 1208 875 vacat,

108 872 134 900 ἃ
144 870 178 899 ab
191 872 391 902 exercitatione
402 897 409 908 ,
430 876 618 910 unctioneque
628 897 635 910 ,
656 884 726 910 aqua
740 881 847 904 tantum
859 881 1008 905 contentus
1019 876 1205 913 conquiescat.

87 907 244 939 Vincuntur
259 910 313 939 cibi
328 913 627 950 praecipuepcrvigilio.
650 912 719 942 Plin.
735 912 784 941 lib.
801 923 842 942 ιι.
860 923 920 951 cap.
935 923 978 950 53.
990 914 1024 943 ad
1041 914 1137 943 finem.

87 946 134 976 Uti
145 946 223 977 cibis.
245 947 344 978 Claud.
355 960 381 985 4.
394 950 475 979 Cons.
487 951 561 979 Hon.
577 959 638 986 34¹·

86 983 191 1027 Incibo
201 985 240 1014 est
253 985 370 1016 homini.
410 988 478 1017 Plin.
490 988 538 1019 lib.
551 993 593 1022 18.
612 998 673 1026 cap.
687 998 728 1023 14.
753 987 925 1018 Maceratum
943 988 1033 1018 calida
1053 999 1138 1026 aqua,
1159 989 1208 1019 ho-

106 1022 175 1050 mini
187 1022 215 1050 in
225 1023 290 1052 cibo
308 1024 354 1054 est.
377 1025 394 1054 i.
406 1035 430 1054 e.
456 1025 549 1055 Homo
558 1026 643 1055 utitur
656 1036 690 1055 eo
702 1035 752 1064 pro
764 1027 838 1055 cibo.

87 1058 174 1089 Cibus
189 1060 376 1092 humanitatis.
418 1063 476 1093 Cic.
490 1073 514 1099 5.
526 1064 561 1092 de
573 1063 631 1093 Fin.
648 1075 690 1098 54.
714 1064 767 1092 Sed
776 1064 961 1095 animicultus
973 1064 1020 1095 ille
1030 1070 1087 1095 erat
1095 1066 1120 1095 ei
1134 1065 1207 1103 quasi

103 1097 217 1134 quidam
230 1097 412 1130 humanitatis
428 1101 515 1130 cibus.
553 1101 602 1130 Per
612 1101 816 1139 metaphoram.

86 1134 246 1173 Disciplinae
258 1137 322 1166 cibo
334 1138 429 1168 satiari.

86 1172 157 1204 Mali
183 1173 262 1203 cibus
274 1197 282 1210 ,

107 1211 199 1240 Amor.
217 1218 276 1248 138.

168 1249 236 1279 Haec
244 1250 306 1280 sunt
316 1252 434 1287 jucundi
447 1251 526 1282 causa
539 1274 547 1287 ,
570 1252 702 1289 cibusque
713 1252 788 1282 mali.

452 1139 573 1175 Quintil.
591 1139 639 1168 lib.
653 1149 678 1168 2.
694 1149 755 1176 cap.
769 1150 795 1175 4.

321 1176 339 1206 i.
353 1186 378 1207 e.
400 1177 576 1207 Nutrimcnta
598 1179 624 1207 δι
642 1177 766 1206 fomenta
787 1177 935 1208 malorum.
966 1178 1051 1209 Ovid.
1074 1179 1110 1209 de
1125 1178 1206 1209 Rem.

51 1283 92 1318 Cr
103 1289 141 1315 RK
152 1297 184 1315 ιι
195 1296 207 1315 s
218 1309 225 1321 ‚
247 1297 271 1317 e.
292 1284 451 1325 [ὲοὶέῶμςς]
474 1290 560 1326 Quod
578 1291 613 1319 ad
629 1291 725 1319 cibum
741 1291 870 1329 pertinet.
894 1291 978 1321 Varro
991 1313 999 1328 ,
1020 1293 1058 1324 est
1074 1293 1149 1322 enim
1166 1291 1210 1322 lac

86 1324 215 1354 omnium
228 1334 317 1356 rerum
329 1349 337 1361 ,
359 1337 424 1364 quas
435 1327 518 1357 cibali
527 1328 604 1357 causa
616 1329 746 1365 cupimus
758 1350 766 1363 ,
787 1328 955 1365 liquentium
972 1333 1093 1360 maxime
1104 1330 1208 1366 alibile,

86 1363 113 1393 &
123 1363 151 1392 id
164 1362 279 1392 ovillum
289 1386 296 1398 ,
318 1365 384 1394 inde
395 1367 548 1403 caprinum.
572 1366 617 1395 Sic
630 1367 704 1395 enim
719 1367 851 1396 hactenus
868 1367 970 1397 lectum
981 1369 1054 1397 estin
1066 1368 1208 1404 omnibus,

84 1407 223 1437 quotquot
235 1402 330 1431 videre
343 1404 461 1439 contigit
471 1404 685 1442 exemplaribus.
725 1403 815 1434 Locus
828 1404 955 1434 Varronis
967 1406 1005 1435 est
1016 1406 1050 1435 de
1065 1407 1097 1436 R.
1113 1407 1142 1435 R.
1158 1406 1206 1435 lib.

85 1448 111 1467 2.
128 1447 188 1475 cap.
204 1448 214 1468 1
225 1449 245 1468 r.
271 1439 392 1470 Lactant.
413 1442 449 1470 de
462 1441 562 1479 Opific.
584 1442 652 1473 Dei.
671 1449 732 1480 cap.
748 1452 789 1472 ιι.
813 1442 887 1472 Duas
898 1444 952 1474 esse
963 1454 1010 1482 per
1023 1444 1127 1474 collum
1136 1444 1210 1473 fistu-

87 1471 126 1506 las
139 1476 247 1506 necesse
265 1478 302 1507 est
313 1500 321 1513 ‚
344 1479 463 1508 cibalem
475 1489 506 1508 ac
517 1479 675 1517 spiritalem.

17 1514 20 1540 l
49 1511 89 1545 Cr
100 1524 113 1542 a
123 1525 132 1542 1
143 1518 180 1543 ci
191 1524 208 1542 r>
218 1525 236 1543 A
249 1536 257 1550 ,
279 1526 310 1546 ae.
333 1517 391 1554 Qui
400 1517 496 1547 cibum
509 1518 591 1547 caedit
601 1519 626 1548 <St
638 1516 775 1553 absumit,
796 1518 851 1548 hoc
867 1519 905 1548 est
916 1529 1010 1550 vorax.
1033 1519 1121 1550 Lucil.
1132 1517 1209 1559 apud

17 1602 20 1618 l

88 1552 358 1627 Νοηᾶίὲῐιιξῑξάοηῑί
367 1615 375 1629 ,
397 1603 431 1622 an
443 1593 553 1630 triginta
563 1615 570 1628 ‚
592 1592 636 1621 vel
648 1598 761 1623 centum
772 1592 907 1623 cibicidas
917 1595 981 1624 alas.

5 1630 20 1654 ff
49 1624 232 1663 Cinaram,
255 1639 343 1660 orum.
366 1641 392 1660 n.
412 1641 462 1670 pro
477 1631 630 1661 Alimentis.
653 1631 711 1662 Cic.
723 1636 749 1661 6.
761 1632 815 1661 Att.
830 1641 854 1668 3.
879 1632 972 1669 Unde,
990 1633 1090 1671 inquit,
1112 1634 1209 1669 meju÷

87 1665 134 1695 bes
146 1672 241 1703 petere
252 1668 362 1698 cibaria.

86 1703 195 1733 Cibaria
206 1705 353 1735 menstrua.
375 1706 432 1736 Cic.
447 1716 471 1740 ς.
484 1705 559 1736 Verr.
570 1713 614 1743 7³.

83 1740 182 1779 Inopia
193 1742 368 1774 cibariorum.
392 1744 457 1773 Caes.
471 1747 496 1773 6.
515 1744 582 1774 Bell.
594 1744 663 1774 Gall.
675 1755 701 1779 9.

84 1779 173 1809 Boum
185 1781 297 1811 cibaria.
339 1782 407 1811 Cato
419 1786 443 1811 6.
460 1782 494 1811 de
505 1782 579 1812 R.R.
592 1793 652 1821 cap.
669 1788 714 1813 60.
736 1781 830 1813 Bubus
847 1782 968 1820 cibaria,
989 1793 1082 1815 annua
1101 1785 1131 1814 in
1142 1784 1207 1822 juga

102 1817 206 1855 fingula
217 1818 307 1857 lupini
319 1821 430 1850 modios
441 1841 449 1855 ,
463 1821 513 1850 &c

84 1855 228 1893 Congesta.
253 1858 317 1887 Hor.
331 1868 353 1888 1.
365 1859 451 1888 Serm.
469 1868 492 1888 1.
505 1868 547 1894 32.

48 1905 53 1909 ·
84 1893 157 1923 Dare
171 1894 272 1924 cibaria
284 1896 376 1926 alicui.
418 1896 477 1925 Cic.
491 1900 516 1925 6.
534 1897 584 1925 Art.
598 1905 622 1931 3.
649 1895 810 1933 Respondi,
831 1905 876 1927 me
891 1906 950 1927 non
960 1895 1103 1928 instituisse
1118 1898 1151 1928 iis
1162 1898 1208 1928 dae

105 1941 134 1960 re
142 1933 244 1962 cibaria
255 1955 263 1968 ,
286 1944 402 1970 quorum
412 1944 497 1972 opera
509 1944 566 1963 non
577 1934 660 1963 essem
675 1936 745 1964 usus.

83 1968 236 2000 Detrahere
246 1972 366 2001 militum
377 1972 485 2001 cibaria.
509 1971 627 2008 Quintil.
644 1972 692 2001 lib.
711 1984 734 2008 ς.
748 1982 808 2010 cap.
821 1981 864 2010 ις.

83 2007 165 2038 Facta
175 2007 237 2037 sunt
245 2009 373 2039 uberiora
384 2010 485 2039 cibaria
497 2011 618 2039 caritate.
643 2010 700 2040 Cic.
717 2021 740 2046 ς.
760 2010 832 2040 Verr.
845 2013 910 2041 216.

84 2044 198 2075 Publice
209 2045 307 2076 locare.
348 2048 406 2077 Cic.
420 2058 470 2086 pro
482 2047 717 2082 Rosc.An1er.<6.
750 2048 895 2079 Anseribus
916 2048 1019 2079 cibaria
1038 2049 1150 2089 publice
1167 2049 1209 2080 lo·-

101 2091 200 2112 r-:antur
210 2106 218 2118 ,
239 2086 266 2114 ἃ
277 2095 360 2114 canes
373 2085 520 2114 alunturin
534 2086 675 2124 Capitolio
685 2109 692 2121 ,
715 2088 767 2117 ἃς.

83 2120 206 2151 Praebere
215 2121 308 2152 alicui.
331 2123 388 2152 Cic.
401 2133 452 2160 pro
466 2123 547 2154 Rosc.
560 2125 648 2153 Amer.
664 2135 705 2160 57.

83 2159 214 2196 Quaerere
225 2170 259 2189 ex
270 2161 347 2197 agris.
370 2161 453 2190 Varro
468 2161 504 2191 de
514 2161 546 2191 R.
558 2161 592 2191 R.
608 2161 655 2191 lib.
672 2172 698 2191 2.
719 2173 779 2201 cap.
793 2172 819 2198 9.

83 2196 234 2235 Reportare
246 2208 280 2227 ex
289 2199 398 2228 cibariis
409 2209 587 2237 permagnam
599 2202 757 2237 pecuniam.
789 2201 849 2230 Cic.
865 2210 888 2234 ς.
903 2200 979 2230 Verr.
992 2203 1056 2230 216.

83 2234 229 2265 Tractatus
239 2235 391 2266 liberaliter
405 2247 440 2266 ex
455 2237 565 2267 cibariis
574 2238 699 2271 alicuius.
740 2239 798 2268 Cic.
812 2249 836 2273 4.
855 2238 926 2268 Verr.
943 2249 984 2268 12.
1008 2239 1163 2276 Quaestores
1176 2239 1208 2269 li-

103 2272 231 2303 beraliter
241 2283 277 2304 ex
293 2275 368 2304 istius
379 2275 488 2306 cibariis
499 2277 604 2305 “aetati
616 2286 672 2305 non
684 2277 775 2307 minus
784 2286 860 2306 acres
871 2283 968 2306 contra
983 2284 1028 2306 me
1047 2277 1166 2307 fuerunt.

19 2323 21 2327 ’
49 2311 260 2347 cinnum,
282 2313 300 2342 i.
321 2313 384 2342 Sen.
396 2313 444 2342 lib.
460 2323 482 2348 3.
495 2314 530 2343 de
546 2314 641 2343 Benef.
654 2324 714 2351 cap.
727 2324 772 2344 21.
794 2315 838 2344 Est
857 2314 964 2352 aliquid
980 2316 1056 2352 quod
1074 2315 1208 2346 dominus

15 2809 19 2816 .
2 2751 5 2758 “
2 2653 23 2744 (mg,
20 2637 22 2643 -

85 2349 210 2387 praestare
220 2349 298 2379 servo
309 2351 412 2386 debet,
434 2359 464 2380 ut
474 2352 607 2381 cibarium
619 2375 627 2387 ,
647 2353 812 2383 vestiarium.

85 2386 226 2416 cibarium
238 2409 245 2423 ‚
267 2388 321 2418 five
332 2389 541 2419 Secundarium.
582 2390 650 2419 Plin.
668 2396 709 2424 153.
728 2400 788 2428 cap.
800 2401 825 2425 9.
846 2396 928 2419 vocat
939 2390 1064 2420 Farinam
1077 2391 1138 2429 post
1149 2391 1210 2435 pol-

103 2424 190 2454 linem
202 2426 246 2454 vel
256 2425 354 2456 florem
365 2427 502 2457 excussam
513 2450 521 2462 ,
543 2438 625 2465 quam
636 2428 753 2458 furfures
764 2428 923 2465 sequuntur.
963 2427 1071 2465 Justum
1087 2430 1126 2458 est
1137 2452 1143 2463 ,
1165 2436 1208 2458 in-

102 2463 179 2500 quit,
200 2473 216 2492 e
225 2473 310 2501 grano
321 2465 469 2503 Campanae
481 2475 561 2502 quam
574 2474 675 2495 vocant
686 2467 827 2495 castratam
840 2488 847 2499 .
869 2477 885 2496 e
907 2468 1003 2495 modio
1022 2467 1111 2496 redire
1121 2467 1208 2497 sexta-

101 2501 157 2530 rios
173 2509 291 2538 quatuor
307 2502 435 2540 siliginis,
456 2504 501 2533 vel
520 2513 536 2533 e
557 2504 659 2541 gregali
677 2503 733 2534 sine
750 2505 895 2534 castratura
915 2504 1046 2534 sextarios
1064 2506 1206 2542 quinque,

100 2545 234 2577 praeterea
245 2540 320 2569 floris
331 2541 505 2577 semodium,
529 2541 661 2571 &cibarii
674 2564 681 2576 ,
703 2543 778 2579 quod
797 2542 992 2572 secundarium
1009 2548 1128 2575 vocant.
1149 2543 1208 2573 sex-

99 2576 182 2606 tarios
193 2584 325 2620 quatuor,
346 2578 456 2609 furfuris
468 2579 598 2609 sextarios
606 2580 735 2609 totidem.
776 2579 810 2609 Et
821 2581 906 2617 paulo
923 2581 1002 2617 post,
1025 2581 1051 2609 Si
1065 2591 1130 2610 vero
1147 2582 1210 2619 pol-

100 2614 187 2644 linem
200 2615 398 2653 sacerelibeat,
421 2626 485 2646 xvr
505 2618 603 2655 pondo
618 2619 696 2656 panis
714 2617 850 2654 redeunt,
874 2621 900 2649 Sc
915 2618 1011 2648 cibarii
1030 2620 1099 2655 tria,
1120 2620 1208 2650 furfu-

99 2662 214 2690 rumque
226 2653 374 2683 semodius.
405 2654 532 2685 Budaeus.

47 2690 251 2727 ciamus,
273 2702 307 2726 a,
329 2702 386 2722 um.
410 2685 607 2729 flamme,
625 2693 772 2728 maaca..
797 2686 935 2729 raxam]
957 2693 1017 2727 Aaj.
1041 2694 1126 2731 Quod
1144 2705 1206 2733 per.

80 2729 150 2773 tinet
161 2729 196 2758 ad
206 2729 310 2760 cibum.
351 2730 437 2760 Plaut.
451 2728 532 2769 Capt.
542 2742 568 2768 4.
580 2740 606 2769 3.
621 2741 644 2762 r.
667 2732 739 2761 Mihi
755 2741 813 2761 rem
832 2730 966 2761 summam
991 2733 1110 2762 credidit
1131 2733 1207 2764 ciba—

79 2776 157 2796 nam.

79 2804 171 2834 Homo
179 2804 307 2835 cibarius.
332 2805 416 2835 Varro
431 2806 494 2836 ⁷612&
513 2802 574 2836 mei:
587 2804 662 2842 λύραν
674 2828 682 2841 ,
705 2805 785 2836 Tuus
796 2812 888 2836 autem
908 2806 966 2843 ipse
983 2806 1066 2837 frater
1084 2808 1203 2839 cibarius

95 2842 149 2872 fuit
164 2842 348 2873 Aristoxenus.
389 2844 429 2874 Ex
449 2844 563 2879 Nonio,
584 2846 612 2872 ir.
633 2844 712 2873 litera
725 2844 756 2873 C.
778 2852 911 2882 tanquam
928 2845 1022 2875 Omne
1034 2847 1108 2883 quod
1120 2847 1204 2877 sordi-

99 2880 166 2910 dum
177 2888 260 2918 atque
272 2882 411 2918 abjectum
420 2881 486 2911 esset
496 2904 504 2917 ‚
527 2884 600 2911 rec‘te
611 2882 752 2912 Cibarium
766 2883 856 2911 vocari
869 2882 957 2920 possit.

0 2939 1 2944 .
22 2953 24 2958 λ
76 2916 133 2948 Lex
143 2918 254 2948 cibaria.
294 2919 420 2949 Macrob.
434 2929 458 2955 3.
472 2920 578 2949 Saturn.
593 2930 652 2958 cap.
670 2928 711 2951 1²7.
734 2920 809 2949 Sulla
827 2928 938 2949 mortuo
959 2920 1079 2958 Lepidus
1098 2922 1202 2953 Consul

93 2955 188 3023 legerrlil
199 2957 265 3024 ttulit
283 2959 309 2988 ἃ
322 2958 380 2997 ipse
391 2957 533 2988 cibariam.
575 2958 643 2988 Cato
660 2959 735 2988 enim
754 2959 943 2996 Sumptuarias
966 2959 1059 2996 leges,
1080 2959 1204 2991 Cibarias

112 3004 167 3032 ppe
191 3005 204 3024 a
220 3018 226 3024 .

77 3031 103 3061 O
115 3042 179 3061 eum
189 3033 323 3062 cibarium
336 3055 344 3067 ‚
366 3034 384 3062 i.
396 3043 421 3063 e.
444 3032 504 3063 Vile
515 3034 646 3072 parvique
657 3033 747 3071 pretii.
768 3032 908 3064 Columel.
925 3033 975 3064 lib.
990 3043 1033 3064 12.
1043 3044 1106 3074 cap.
1120 3045 1163 3073 50.
1216 3056 1217 3061 ,

23 3065 25 3078 ³
76 3067 155 3100 Panis
163 3070 289 3100 cibarius.
309 3071 369 3100 Cic.
385 3082 409 3106 ς.
423 3070 504 3101 Tusc.
521 3081 566 3106 97.
1200 3079 1203 3087 ’

76 3107 207 3146 Saporem
223 3109 359 3138 cibarium
368 3109 478 3138 habere.
501 3108 640 3138 Columel.
654 3108 702 3138 lib.
720 3117 762 3138 12.
773 3117 834 3147 cap.
851 3118 893 3138 ιι.

0 3142 8 3177 ³.
22 3171 25 3178 2
76 3144 178 3175 Vinum
189 3146 333 3176 cibarium.
378 3147 462 3176 Varro
472 3146 572 3176 Modio
585 3169 593 3182 ,
615 3147 646 3177 In
661 3146 795 3176 ‘cubiculo
807 3148 930 3177 dormire
941 3147 1053 3177 mallem
1063 3170 1072 3184 ‚
1095 3148 1202 3179 scilicet

93 3185 187 3222 potius
196 3184 396 3214 vinummeum
406 3185 558 3221 cibarium,
579 3194 663 3222 quam
679 3194 731 3223 ego
751 3186 884 3215 dominus
904 3186 1044 3216 cubarem.
1085 3186 1126 3216 Ex
1145 3187 1203 3216 No-

95 3221 143 3251 nio
156 3243 165 3257 ,
186 3222 217 3251 in
232 3222 312 3252 litera
324 3222 354 3252 C.
369 3232 396 3252 2.
411 3228 473 3257 108.

5 3267 7 3279 ⁴
22 3259 24 3265 ’
78 3256 188 3289 Utilitas
198 3259 310 3289 cibaria.
352 3260 420 3290 Plin.
433 3260 482 3290 lib.
498 3270 540 3297 14.
556 3268 618 3299 cap.
633 3270 660 3290 2.
691 3260 833 3291 Horconia
848 3261 877 3290 in
900 3259 1067 3297 Campania,
1091 3266 1202 3293 tantum

95 3297 221 3327 utilitatis
233 3297 352 3333 cibariae‚
364 3298 411 3328 sed
423 3298 548 3328 ubertate
557 3299 704 3337 praecipua.
727 3299 811 3328 Vetus
821 3299 963 3337 exemplar
975 3298 1059 3327 habet
1071 3299 1200 3331 Vilitatis.

76 3333 135 3364 Uva
144 3335 255 3366 cibaria.
295 3336 363 3366 Plin.
377 3336 424 3366 lib.
441 3346 482 3372 14.
497 3346 558 3374 cap.
575 3346 599 3373 3.
632 3336 799 3367 Consemina
812 3337 913 3380 nigral,
934 3336 1001 3380 vino
1016 3337 1201 3381 minime-du-

95 3376 265 3441 ssrditceibaqiv?
279 3375 421 3404 maxime:
443 3374 504 3412 post
522 3384 566 3405 xv
585 3374 663 3411 dies,
685 3385 769 3412 quam
788 3374 845 3404 ulla
864 3374 917 3404 alia
931 3379 1062 3410 metitur,
1082 3376 1199 3413 ferulis,

3 3458 6 3471 2
42 3447 156 3484 cmo,
176 3447 300 3486 [στ’ἇζω]
319 3452 373 3480 are.
396 3450 497 3486 Alere,
518 3449 572 3480 sive
581 3451 696 3480 nutrire.
718 3449 856 3480 Columel.
874 3455 901 3483 8.
915 3459 956 3479 ro.
981 3432 1108 3485 Atqueea
1118 3460 1201 3489 gene-

79 3496 117 3523 ra,
129 3496 189 3524 quae
198 3489 271 3518 intra
281 3488 356 3525 septa
364 3487 436 3517 villae
446 3488 583 3521 cibantur.
600 3488 658 3518 fere
667 3488 825 3527 persequuti
836 3488 936 3517 sumus.
959 3486 1066 3528 Lttret.
1080 3499 1102 3518 1.
1116 3498 1197 3525 1092.

228 3536 288 3555 —a
298 3527 377 3555 terris
388 3536 499 3563 quoque
511 3526 626 3556 cibatur.
741 3526 817 3556 Suet.
829 3524 924 3556 Tiber.
944 3535 1005 3563 cap.
1019 3533 1064 3563 72.
1087 3526 1178 3557 Draco
1190 3549 1199 3564 ,

80 3571 161 3599 quem
171 3572 206 3592 ex
217 3563 418 3593 consuetudine
428 3573 511 3593 manu
522 3563 569 3593 sua
578 3564 716 3594 cibaturus
726 3586 733 3599 ,
748 3565 799 3593 &c

43 3598 130 3629 cini
139 3610 205 3630 Tus
219 3623 227 3636 ‚
250 3602 288 3631 fis.
309 3611 345 3631 m.
366 3602 487 3645 [νιξοφὲ]
510 3601 591 3631 ldem
606 3601 662 3631 fere
687 3602 763 3639 quod
785 3601 879 3631 Cibus.
918 3601 1002 3630 Varro
1014 3611 1040 3631 2.
1063 3601 1099 3631 de
1118 3601 1151 3631 R.
1163 3601 1197 3633 R.

24 3662 25 3665 ,
78 3647 138 3675 cap.
148 3648 171 3670 ο.
186 3638 300 3669 Cibatus
311 3640 387 3668 canis
396 3649 509 3677 propior
519 3639 651 3674 hominis,
662 3649 744 3678 quam
755 3640 813 3668 ovis
823 3650 831 3675 ς
851 3638 968 3677 pascitur
978 3640 1056 3669 enim
1067 3649 1083 3669 e
1093 3640 1196 3677 culina,

28 3683 30 3696 ⁸
79 3676 107 3706 ἀ
117 3676 233 3713 offibus,
255 3687 313 3706 non
330 3676 422 3706 herbis
433 3699 440 3711 ,
463 3684 510 3706 aut
520 3677 676 3707 frondibus.
699 3678 804 3706 Lucret.
817 3677 865 3707 lib.
882 3688 905 3707 1.
922 3686 1002 3714 1093.

170 3750 196 3781 T
230 3730 264 3734 —
269 3715 322 3781 ‹¹1³³ss
333 3716 435 3745 aterris
447 3715 582 3753 paulatim
591 3717 693 3753 cuique
708 3715 830 3745 cibatum

198 3761 256 3781 erra
290 3759 324 3783 et.

29 3796 31 3806 ⁴
71 3787 227 3819 cibatus&
239 3796 421 3820 commeatus.
458 3789 544 3820 Plaut.
559 3791 620 3821 Mil.
632 3799 658 3820 2.
669 3800 695 3821 2.
709 3793 754 3828 67.
776 3790 843 3821 Tibi
856 3790 936 3821 muni
946 3791 1038 3828 viam,
1059 3801 1114 3829 qua
1125 3792 1199 3823 ciba-

98 3832 143 3856 tus
153 3848 162 3862 ,
182 3828 407 3865 commeatusque
417 3828 453 3857 ad
464 3835 508 3860 te.
527 3831 579 3859 διο.

30 3881 31 3886 =
79 3863 191 3894 Cibatus
201 3865 371 3902 gratissimus.
395 3866 462 3895 Plin.
474 3866 520 3895 lib.
528 3873 554 3901 8.
568 3877 628 3904 cap.
643 3876 685 3896 10.

30 3903 32 3921 ἕ
78 3900 178 3932 cibatu
189 3902 315 3941 longiore
325 3903 470 3933 sustentare
481 3904 549 3934 sues.
572 3905 644 3934 Varr.
656 3913 682 3934 2.
694 3903 726 3934 R.
740 3902 773 3933 R.
791 3912 851 3942 cap.
864 3915 892 3940 4.

31 3949 32 3966 2
79 3939 120 3971 Ad
129 3939 192 3971 usus
201 3941 309 3972 cibatus
319 3942 452 3980 expedire
461 3943 488 3973 ἀ
496 3952 625 3981 promere
635 3942 683 3972 far.
724 3942 809 3972 Varro
829 3952 853 3972 1.
868 3943 905 3973 de
914 3940 948 3974 R.
960 3940 993 3972 R.
1005 3952 1069 3981 cap.
1082 3945 1127 3980 ⁶3·
1148 3942 1200 3973 Far

1746 121 1775 156 C
1872 121 1888 157 Ῑ
1983 125 2008 158 Β
2361 140 2428 174 509

1322 199 1397 236 qued
1409 200 1437 228 in
1449 200 1529 237 spicis
1540 201 1699 231 condideris
1711 211 1761 240 per
1770 202 1884 233 tressem
1895 226 1902 239 ,
1924 206 1949 234 ἃ
1962 205 1996 234 ad
2010 205 2072 235 usus
2083 206 2190 236 cibatus
2200 206 2333 246 expedire
2344 210 2422 246 velis,

1323 238 1510 272 promendum
1524 239 1631 275 hieme,
1650 242 1703 270 Sec.

1305 274 1436 308 obiicere
1447 276 1549 304 cibatui
1560 278 1692 307 triticum.
1714 277 1788 307 Varr.
1802 287 1825 315 3.
1837 279 1873 308 de
1889 278 1921 308 R.
1932 279 1966 308 R.
1980 288 2040 315 cap.
2056 285 2081 313 8.
2101 280 2136 309 de
2152 282 2313 313 turturibus.

1268 310 1359 340 Cum
1371 322 1451 347 Tro,
1473 313 1544 342 onis.
1564 314 1582 343 f.
1604 316 1691 344 Solin.
1705 326 1750 349 40.
1765 321 1824 351 ςόι.
1845 316 1938 346 Solita:
1956 317 2090 346 cibationi
2102 317 2300 356 superponunt.

1306 350 1391 392 Simu
1404 351 1574 414 apli‘llsmb'
1590 353 1672 395 uertit
1688 353 1773 382 Cibus
1791 354 1956 398 Xylander,
1978 364 2029 391 ego
2050 352 2161 398 (gibano
2175 377 2183 390 ‚
2205 358 2234 399 &t
2247 358 2341 400 addidi
2353 381 2360 393 ,
2381 360 2426 391 vel

1325 394 1417 454 ii‘f‘s‘ss?
1428 389 1727 457 υίῖἓὲῗῗέινὲζῖῗέξεζῗ
1739 392 1748 457 1¹
1751 391 1865 459 ilii‘Jdffi
1869 402 1996 463 {3¹23ss
2000 393 2133 466 Ῑξιῗέιῗῖἷῖι
2138 393 2215 460 isacii
2226 394 2274 461 {ish
2281 395 2423 463 {iii‘ffflm'

1269 461 1291 490 C
1302 463 1335 490 1:ss
1346 470 1389 490 YR
1399 472 1414 490 A
1426 483 1434 496 ‚
1455 472 1486 491 ae.
1509 463 1622 500 [κέξυρφ
1637 465 1807 501 Ptolemseo]
1830 466 1975 505 Oppidum
1987 467 2102 502 Ciliciae.
2118 478 2174 497 non
2191 470 2287 507 procul
2299 480 2313 500 a
2325 471 2428 501 Maean.

1305 498 1356 527 dro
1368 499 1462 528 fluvio.
1504 500 1570 530 Pliu.
1587 513 1609 537 5.
1622 512 1666 539 ²7·
1685 503 1743 533 Cic.
1755 509 1780 533 6.
1794 505 1866 534 Verr.
1879 515 1922 539 29.
1945 505 2050 539 Hasce.
2077 507 2177 543 opinor
2193 507 2318 544 Cibyrae,
2341 519 2426 546 quum

1305 537 1333 564 in
1347 535 1530 580 suspicionem
1545 539 1680 569 venissent
1698 542 1822 577 civibus,
1846 544 1941 572 sanum
1958 542 2090 581 expilasse
2107 544 2251 582 Apollinis.
2290 546 2323 576 Et
2340 547 2426 585 paulo

1306 573 1382 610 post,
1404 574 1533 612 Cibyram
1550 586 1613 606 cum
1626 579 1753 608 inanibus
1765 580 1924 618 syngraphis
1936 587 2056 610 venerat.

1269 611 1511 647 CissYssA'rrs,
1533 614 1575 642 vei
1595 616 1824 652 C1BYRATA,
1846 619 1958 654 gentile.
1999 619 2057 648 Cic.
2078 618 2202 653 ibidem.
2225 620 2265 650 Eo
2282 630 2426 659 quumve-

1307 649 1354 677 nio
1365 670 1373 682 ,
1400 649 1498 678 Praetor
1513 652 1685 687 quiescebat:
1709 654 1852 684 sratresilli
1866 656 2230 694 Cibyrataeinambulabant.

1268 685 1549 722 ciurana-icus,
1570 699 1601 724 a,
1624 700 1679 719 um.
1702 691 1807 727 possess.
1847 693 1903 722 Cic.
1917 699 1942 724 6.
1959 694 2090 731 Verr.47.
2116 695 2423 728 lmniiitebmturillico

1307 723 1455 766 Cibyratici
1468 725 1619 765 illicanes,
1642 730 1914 766 quiinvestigabnnt,
1937 733 1962 761 Sc
1981 732 2220 769 perscrutabantur
2238 735 2341 764 omnia.
2384 736 2426 766 De

1306 761 1348 804 his
1363 762 1475 799 populis
1489 763 1553 792 vide
1569 765 1655 793 strab.
1668 765 1716 794 lib.
1732 776 1773 802 13.
1797 769 1854 798 Cic.
1867 779 1891 805 5.
1910 770 2020 799 Artax.
2041 769 2230 807 Cibyraticum
2250 772 2350 803 sorum.
2373 774 2427 804 Ta-

1306 805 1354 828 cit.
1366 811 1393 835 4.
1406 800 1477 829 Ann.
1491 809 1532 837 13.
1556 801 1713 839 Cibyratica
1727 804 1833 835 civitas.

1714 891 1743 924 C
1840 891 1856 926 Ι
1953 894 1982 929 C

1268 949 1439 983 CchnA,
1462 956 1493 977 ae.
1514 948 1532 978 f.
1556 946 1675 986 [τέθιξ]
1697 950 1766 981 Ρ1ἰη.
1780 951 1827 983 lib.
1844 963 1958 993 11.cap.
1972 959 2016 986 26.
2048 957 2212 988 Cicadarum
2230 960 2286 989 duo
2307 971 2423 998 genera:

1306 987 1427 1015 minores
1447 995 1507 1022 quat
1530 989 1626 1024 primae
1645 990 1831 1026 proveniunt,
1854 993 1880 1021 ὃς
1904 994 2055 1023 novissimae
2073 1002 2189 1033 pereunt
2242 1000 2313 1027 Sunt
2334 1007 2426 1030 autem

1306 1023 1410 1066 multae.
1451 1023 1574 1067 Sequens
1588 1025 1625 1054 est
1635 1026 1730 1055 volatu
1744 1037 1812 1057 rara.
1851 1029 2034 1065 Qiaecanunt
2044 1042 2178 1063 vocantur
2186 1036 2287 1065 achete
2300 1046 2306 1065 :
2329 1038 2355 1066 ἃ
2367 1048 2427 1074 quae

1306 1070 1428 1104 rumores
1437 1071 1472 1090 ex
1481 1071 1519 1091 eis
1530 1062 1609 1097 sunt,
1631 1065 1802 1101 tettigoniae:
1826 1065 1872 1096 sed
1890 1068 1943 1096 ille
1955 1070 2041 1105 magis
2055 1080 2170 1101 canorae.
2213 1073 2304 1102 Mares
2321 1083 2427 1105 canunt

1307 1108 1335 1127 111
1346 1108 1462 1136 utroque
1473 1109 1588 1142 genere:
1612 1101 1723 1131 feminee
1739 1103 1827 1134 silent.
1869 1104 1974 1135 Gentes
1989 1107 2136 1138 vescuntur
2161 1110 2193 1138 iis
2210 1111 2244 1139 ad
2260 1112 2405 1144 Orientem
2416 1135 2425 1150 ‚

1303 1137 1391 1166 ‘etiam
1403 1136 1490 1166 Parthi
1504 1138 1605 1175 opibus
1615 1138 1831 1171 abundantibus.
1872 1143 1903 1173 V.
1925 1144 2006 1182 plura
2021 1145 2089 1176 ibid.
2105 1148 2130 1176 ἃ
2142 1156 2203 1186 cap.
2219 1148 2273 1186 seq.

1305 1176 1407 1212 Arguta
1418 1176 1522 1204 cicada.
1548 1177 1618 1214 Virg.
1637 1178 1664 1206 in
1675 1178 1772 1209 Culice
1786 1201 1794 1213 ‚
1812 1189 1872 1216 ¹5¹·

1388 1214 1496 1250 Argutis
1507 1215 1532 1243 ἄ
1544 1216 1645 1244 cuncta
1657 1215 1781 1246 fremunt
1792 1219 1890 1249 ardore
1901 1219 2015 1250 cicadis.

1307 1250 1439 1280 Avenaria
1452 1252 1555 1281 cicada.
1595 1253 1628 1282 In
1648 1264 1668 1282 A
1678 1264 1695 1282 v
1705 1264 1720 1283 a
1729 1265 1748 1284 N
1759 1265 1789 1285 A.

1305 1288 1430 1318 Canorae.
1452 1289 1521 1318 Plin.
1533 1300 1558 1320 2.
1575 1295 1620 1320 26.

1308 1326 1449 1363 Querulae.
1475 1327 1544 1365 Virg.
1559 1337 1582 1364 3.
1595 1329 1696 1366 Georg.
1710 1335 1772 1367 328.

1401 1365 1435 1394 Et
1445 1373 1527 1395 cantu
1538 1367 1658 1404 querulae
1672 1374 1804 1406 rumpent
1815 1368 1920 1400 arbusta
1929 1370 2042 1402 cicadae.

1307 1400 1416 1432 Raucae.
1439 1403 1667 1441 Virg.2.Ecl.13.

1305 1440 1455 1470 fritinnire
1474 1444 1605 1472 dicuntur
1620 1444 1725 1474 cicadae
1740 1451 1886 1477 cantantes
1897 1468 1905 1483 ‚
1926 1449 2040 1478 auctore
2059 1447 2109 1479 illo
2125 1449 2205 1485 cujus
2224 1449 2260 1481 de
2277 1451 2429 1483 Philomela

1325 1488 1438 1508 carmen
1455 1488 1530 1509 extat
1546 1491 1570 1509 v.
1589 1491 1632 1517 35.

1389 1516 1422 1545 Et
1432 1518 1525 1547 cuculi
1538 1519 1669 1549 cuculant
1678 1542 1686 1555 ,
1705 1520 1826 1551 fritinnit
1839 1532 1922 1553 rauca
1933 1523 2038 1554 cicada.

1306 1552 1456 1584 Pascuntur
1468 1566 1537 1586 rore.
1563 1556 1635 1594 Virg.
1650 1569 1673 1593 ς.
1691 1558 1746 1588 Ecl.
1761 1568 1805 1596 77.

1305 1590 1543 1624 Ponunttunicas.
1570 1594 1677 1625 Lucret.
1689 1596 1738 1626 lib.
1755 1607 1781 1633 4.
1795 1600 1839 1633 56.

1306 1629 1432 1697 TXceant
1443 1632 1545 1662 cicadae
1559 1634 1635 1670 prius
1643 1634 1742 1664 aestate.
1782 1635 1824 1665 De
1834 1645 1863 1665 re
1873 1645 1933 1673 quae
1945 1636 2004 1666 fieri
2014 1646 2074 1667 non
2083 1637 2158 1668 solet.
2180 1639 2265 1670 Ovid.
2285 1651 2306 1671 1.
2321 1641 2356 1671 de
2367 1642 2430 1673 Arte

1350 1678 1386 1698 m.
1400 1679 1465 1707 27¹·

1401 1707 1471 1737 Vere
1483 1708 1559 1745 prius
1568 1709 1696 1739 volucres
1707 1715 1835 1747 taceant,
1857 1712 1947 1741 aestate
1958 1713 2070 1743 cicadae.

1304 1744 1424 1775 Cicadas
1438 1746 1610 1776 Philostratus
1625 1748 1653 1776 in
1667 1748 1808 1784 Apollonii
1820 1749 1927 1787 Tyanei
1939 1750 1992 1779 vita
2002 1773 2010 1786 ,
2032 1754 2057 1781 δι
2068 1751 2142 1782 Plato
2153 1753 2180 1782 in
2192 1752 2305 1782 Phaedro
2316 1777 2323 1789 ,
2341 1765 2356 1784 a
2369 1755 2429 1785 Mu-

1326 1783 1358 1812 sis
1375 1790 1488 1813 cantum
1506 1784 1631 1815 habuisse
1646 1785 1769 1816 scribunt
1783 1807 1790 1820 ‚
1814 1788 1928 1817 dicente
1944 1788 1978 1818 sic
1989 1790 2119 1820 Socrate.
2147 1791 2238 1820 Fertur
2255 1801 2346 1822 autem
2362 1794 2430 1824 olim

1326 1822 1435 1850 cicadas
1448 1822 1575 1852 homines
1585 1823 1664 1852 fuisse
1676 1830 1740 1854 ante
1753 1824 1857 1855 Musas:
1881 1826 1951 1855 natis
1966 1826 2069 1856 deinde
2088 1828 2180 1864 Musis,
2201 1838 2341 1866 cantuque
2351 1842 2432 1861 mon-

1325 1859 1407 1888 strato
1419 1882 1427 1894 ,
1447 1859 1559 1889 illorum
1576 1861 1728 1892 nonnullos
1749 1862 1892 1901 voluptate
1907 1871 2003 1894 cantus
2020 1865 2105 1903 usque
2125 1867 2197 1896 adeo
2218 1868 2349 1898 delinitos
2367 1869 2432 1899 fuis-

1325 1896 1353 1926 se
1366 1919 1374 1932 ,
1397 1904 1426 1926 ut
1446 1905 1577 1927 canentes
1596 1899 1690 1928 cibum
1711 1907 1864 1938 potumque
1882 1902 2071 1939 negligerent,
2094 1905 2341 1942 imprudenterque
2358 1907 2429 1943 peri-

1325 1942 1389 1965 rent
1404 1945 1410 1964 :
1433 1945 1467 1965 ex
1479 1937 1579 1972 quibus
1592 1937 1725 1975 deinceps
1739 1938 1897 1968 cicadarum
1915 1950 2002 1976 genus
2022 1941 2054 1971 sit
2074 1949 2169 1972 natum
2182 1965 2189 1978 ,
2212 1944 2256 1972 cui
2273 1944 2357 1973 Musa
2376 1945 2431 1974 hoc

1326 1983 1429 2002 munus
1440 1975 1599 2010 dederunt,
1622 1983 1652 2005 ut
1663 1975 1795 2005 alimonia
1806 1986 1862 2005 non
1879 1978 2023 2014 indigeat,
2043 1980 2088 2009 sed
2106 1980 2205 2018 absque
2222 1982 2285 2010 cibo
2306 1990 2430 2019 potuque

1326 2012 1449 2048 quandiu
1461 2014 1560 2041 vixerit
1570 2018 1680 2043 cantet:
1704 2014 1797 2051 postea
1814 2024 1879 2044 vero
1891 2017 1924 2045 ad
1938 2016 2030 2046 Musas
2044 2018 2248 2056 proficiscatur,
2270 2030 2350 2057 quam
2368 2021 2430 2057 quis

1325 2049 1475 2079 hominum
1487 2050 1594 2080 Musam
1608 2050 1652 2080 hic
1662 2053 1736 2081 colat
1746 2054 2113 2085 renuntiaturumll‘leminit
2125 2058 2224 2087 Caelius
2234 2057 2279 2086 lib.
2291 2069 2295 2085 ι
2305 2062 2428 2095 7.cap.6.

1268 2087 1481 2124 CTCXTRIX,
1501 2089 1562 2119 icis.
1584 2089 1602 2118 f.
1626 2089 1709 2125 [ἐλὴ.
1723 2090 1824 2125 aire-sm,
1845 2090 1976 2127 μώλωψ]
1999 2093 2072 2123 diem
2086 2094 2158 2131 quasi
2181 2096 2258 2124 Circa
2273 2103 2366 2125 cutem
2380 2096 2428 2126 sit:

1304 2127 1400 2163 estque
1411 2126 1538 2163 Signum,
1551 2128 1625 2164 quod
1642 2137 1677 2157 ex
1689 2128 1814 2163 vulnere,
1828 2129 1880 2158 sive
1892 2129 1986 2159 ulcere
2004 2139 2135 2162 remanet.
2155 2133 2217 2162 Ter.
2232 2133 2300 2162 Eun.
2313 2143 2335 2168 3.
2347 2144 2372 2163 2.
2384 2144 2429 2169 29.

1303 2165 1404 2200 Neque
1416 2174 1522 2201 pugnas
1533 2172 1638 2200 narrat,
1663 2176 1754 2204 neque
1765 2167 1906 2197 cicatrices
1916 2167 1975 2196 suas
1983 2169 2111 2200 ostentat.
2150 2170 2209 2201 Cic.
2218 2181 2244 2209 7.
2267 2171 2368 2210 Philip.
2384 2181 2429 2209 17.

1303 2201 1488 2232 Luculentam
1504 2201 1560 2240 ipse
1569 2203 1679 2241 plagam
1691 2205 1799 2242 accepit
1811 2227 1818 2238 ,
1840 2212 1871 2234 ut
1886 2207 1970 2235 docet
1978 2207 2104 2238 cicatrix.

1304 2240 1421 2278 Vestigia
1434 2250 1534 2277 pugnae
1549 2243 1700 2271 cicatrices.
1723 2242 1808 2272 Ovid.
1824 2251 1848 2277 3.
1863 2245 1949 2272 timor.
1964 2250 1989 2278 8.
2009 2256 2049 2281 ¹9·

1400 2278 1490 2308 Cerne
1500 2280 1643 2309 cicatrices
1657 2302 1664 2315 ,
1685 2281 1785 2310 veteris
1795 2280 1906 2318 vestigia
1919 2292 2028 2320 pugrae.

1303 2316 1434 2346 Adversas
1444 2316 1587 2347 cicatrices
1596 2318 1748 2348 ostendere.
1771 2318 1831 2348 Cic.
1844 2329 1869 2349 2.
1881 2319 1916 2349 de
1927 2320 2005 2351 Orat.
2019 2330 2082 2358 124.

1303 2355 1447 2389 Corporea
1457 2355 1580 2385 cicatrix.
1622 2356 1653 2386 ln
1675 2366 1692 2385 c
1701 2366 1717 2385 0
1726 2367 1742 2385 R
1753 2366 1766 2385 Ρ
1777 2366 1795 2386 u
1804 2366 1826 2386 s.

1302 2391 1398 2423 Foeda.
1421 2393 1489 2422 flor.
1510 2403 1531 2423 1.
1556 2394 1640 2423 Serm.
1659 2405 1680 2429 ς,
1697 2398 1742 2423 60.
1777 2430 1785 2433 J

1576 2448 1614 2452 —
1624 2438 1651 2461 at
1662 2431 1700 2461 illi
1710 2433 1785 2462 foecsa
1797 2433 1913 2463 cicatrix

1395 2468 1518 2499 Setosam
1529 2469 1591 2498 laevi
1604 2470 1725 2500 frontem
1736 2477 1894 2509 turpaverat
1901 2471 1966 2502 oris.

1302 2505 1379 2537 Male
1389 2507 1452 2536 sana
1463 2529 1470 2542 ‚
1488 2508 1505 2536 i.
1521 2517 1545 2537 e.
1571 2508 1704 2537 Nondum
1716 2517 1811 2538 curata
1824 2510 1921 2546 probe.
1943 2509 2026 2541 Ovid.
2039 2510 2122 2543 Rem.
2131 2511 2224 2543 Amor.
2236 2515 2300 2550 623.

1302 2545 1446 2575 Marcidae.
1470 2545 1596 2575 Plimlib.
1610 2555 1640 2578 2³
1671 2547 1699 2575 in
1716 2549 1864 2584 prooemio.

1303 2583 1466 2613 Numerosa.
1491 2584 1589 2613 Claud.
1605 2585 1639 2613 de
1650 2584 1717 2614 Bell.
1732 2585 1793 2615 Get.
1805 2591 1869 2620 482.

1301 2619 1404 2651 Rusula
1415 2623 1440 2651 Sc
1453 2620 1602 2651 sublurida.
1627 2622 1711 2652 Plaut.
1723 2624 1821 2662 Amph.
1834 2634 1860 2660 4.
1873 2634 1899 2661 4.
1912 2627 1958 2661 63.

1300 2659 1367 2689 Coit
1380 2660 1504 2689 cicatrix.
1546 2660 1577 2689 ln
1599 2670 1641 2689 co
1651 2671 1699 2690 Eo.

1302 2697 1473 2727 Contrahere
1483 2698 1635 2728 cicatrices.
1669 2698 1702 2728 ln
1723 2708 1740 2728 c
1748 2709 1765 2728 o
1775 2708 1846 2728 NTR
1856 2709 1873 2728 A
1886 2709 1941 2730 no.
2046 2723 2048 2726 >

1300 2734 1419 2765 Ducitur
1428 2736 1550 2765 cicatrix.
1584 2736 1669 2766 Ovid.
1685 2746 1708 2766 r.
1727 2738 1762 2766 de
1776 2737 1853 2767 Pont.
1865 2747 1888 2772 ³.
1906 2747 1948 2773 ις.
2247 2756 2267 2774 0

1393 2773 1538 2811 Tempore
1549 2774 1668 2804 ducetur
1677 2774 1762 2812 longo
1775 2774 1883 2805 sortasse
1899 2776 2026 2805 cicatrix.

1299 2809 1431 2848 Exceptae
1454 2811 1566 2840 adverso
1585 2822 1711 2849 corpore.
1751 2813 1809 2842 Cic.
1824 2824 1849 2850 7.
1872 2813 1944 2843 Verr.
1959 2823 1982 2849 3.
2005 2812 2064 2851 lpse
2079 2814 2195 2852 arripuit
2214 2813 2255 2844 M.
2265 2812 2422 2850 Aquilium,

1319 2849 1517 2886 constituitque
1540 2851 1567 2878 in
1590 2850 1740 2887 conspectu
1760 2852 1887 2881 omniurn
1901 2873 1908 2886 ‚
1931 2852 2111 2888 tunicamque
2131 2853 2191 2888 ejus
2213 2862 2228 2881 a
2246 2853 2359 2889 pectore
2378 2851 2425 2881 ab.

1317 2887 1413 2916 scidit:
1436 2893 1467 2916 ut
1483 2888 1626 2918 cicatrices
1646 2889 1768 2927 Populus
1776 2889 1858 2919 Rom.
1876 2889 2036 2928 judicesque
2054 2889 2218 2927 aspicerent,
2235 2889 2348 2919 adverso
2364 2899 2425 2920 cor-

1298 2933 1609 3006 Fiail(ii?ci{sstcii)xiis·Non
1619 2968 1740 3002 apparet.
1763 2964 1833 2995 Plin.
1846 2965 1893 2995 lib.
1908 2969 1953 2995 26.
1970 2974 2031 3002 cap.
2047 2974 2090 2995 12.

1298 3000 1397 3030 ludere
1409 3002 1552 3031 cicatrices
1563 3002 1590 3030 in
1602 3002 1726 3040 scapulas
1737 3002 1862 3038 alicuius.
1904 3003 1935 3032 V.
1959 3013 1968 3031 ι
1980 3013 1999 3032 N
2011 3013 2029 3031 r>
2040 3013 2066 3031 ο.
2346 3040 2353 3046 ·

1297 3038 1408 3068 mederi
1420 3039 1606 3070 cicatricibus.
1645 3040 1704 3070 Cic.
1719 3050 1743 3076 3.
1760 3041 1842 3070 Tusc.
1860 3052 1903 3077 54.
1939 3040 2024 3070 Necsi
2038 3040 2144 3077 aliquot
2157 3040 2237 3070 annis
2248 3039 2324 3078 post,
2344 3039 2422 3071 idem

1316 3076 1363 3105 ille
1379 3076 1448 3106 liber
1459 3078 1583 3115 captivus
1598 3078 1691 3108 missus
1702 3078 1783 3115 esset,
1805 3078 1965 3110 vulneribus
1982 3078 2156 3114 mederetur,
2177 3077 2224 3108 sed
2232 3077 2418 3108 cicatricibus.

1297 3114 1438 3144 Obdut‘ta.
1462 3117 1520 3145 Cic.
1536 3123 1561 3151 3.
1574 3116 1610 3145 de
1621 3116 1692 3154 Lege
1704 3118 1763 3155 Agr.
1775 3128 1802 3153 4.

1298 3152 1367 3181 Pati.
1392 3153 1512 3189 Quintil.
1524 3164 1549 3183 2.
1563 3165 1589 3189 4.

1297 3188 1394 3220 Rediit
1406 3192 1434 3219 in
1444 3191 1554 3221 vulnus.
1578 3192 1661 3221 Ovid.
1677 3192 1756 3222 Rem.
1770 3192 1861 3223 Amor.
1874 3195 1937 3230 623.

1298 3228 1444 3265 Recipere.
1466 3229 1537 3259 Cels.
1553 3230 1601 3259 lib.
1613 3241 1640 3265 4.
1657 3240 1717 3268 cap.
1731 3241 1756 3266 9.
1845 3248 1848 3252 ·

1295 3265 1444 3297 Refricare.
1487 3267 1544 3297 Cic.
1558 3277 1581 3304 3.
1592 3266 1666 3305 Lege
1682 3270 1743 3306 Agr.
1756 3278 1781 3304 4.
1799 3268 1843 3297 Ne
1853 3268 1981 3298 refricare
1992 3267 2145 3298 obductam
2155 3266 2212 3302 jam
2221 3265 2341 3305 Reipub.
2350 3267 2422 3298 cica-

1315 3305 1415 3334 tricem
1428 3305 1544 3335 viderer.

1295 3342 1449 3380 Suscipere.
1472 3342 1591 3379 Quintil.
1610 3343 1658 3373 lib.
1673 3352 1699 3373 2.
1715 3353 1775 3381 cap.
1789 3353 1831 3378 ις.

1295 3380 1527 3418 Suseeptaebello.
1566 3380 1687 3417 Quintil.
1701 3381 1749 3410 lib.
1763 3386 1789 3410 6.
1803 3390 1863 3418 cap.
1878 3389 1901 3409 1.
1931 3378 2136 3410 periclitantem
2152 3388 2219 3408 vero
2239 3381 2421 3411 commendat.

1316 3418 1436 3456 dignitas
1447 3441 1454 3454 ,
1477 3420 1502 3449 6<
1514 3419 1602 3448 studia
1612 3419 1709 3455 fortia,
1733 3417 1895 3455 &susceptae
1906 3416 1982 3447 bello
1996 3417 2139 3447 cicatrices
2150 3439 2159 3453 ,
2180 3419 2206 3448 ἃ
2222 3417 2370 3456 nobilitas,
2392 3421 2420 3449 δε

1314 3463 1412 3486 merita
1421 3467 1468 3485 rna
1481 3466 1570 3486 orum.

1296 3492 1428 3524 Tendere
1439 3467 1483 3524 adl.
1525 3493 1594 3523 Cels.
1606 3493 1655 3522 lib.
1668 3501 1695 3530 7.
1705 3503 1766 3530 cap.
1781 3500 1825 3530 27.
1847 3492 1930 3530 Ergo,
1943 3502 2028 3529 quum
2037 3494 2093 3529 iam
2105 3494 2140 3522 ad
2147 3493 2305 3524 cicatricem
2317 3494 2420 3525 vulnus

1314 3533 1408 3561 tendit
1419 3555 1426 3565 .
1448 3532 1570 3561 extentis
1583 3532 1675 3567 jacere
1689 3531 1840 3559 feminibus
1852 3532 1877 3560 &
1887 3530 2012 3560 cruribus
2023 3537 2144 3568 oportet.

1296 3569 1456 3600 Cicatrixin
1466 3569 1576 3599 arbores
1586 3578 1696 3605 quoque
1708 3569 1792 3598 cadit.
1814 3568 1890 3605 Virg.
1902 3577 1928 3597 2.
1942 3568 2042 3605 Georg.
2055 3578 2116 3606 379.

1490 3622 1527 3628 ·-
1543 3605 1668 3636 admorso
1680 3606 1781 3643 signata
1793 3607 1821 3634 in
1833 3606 1914 3644 stirpe
1924 3606 2047 3635 cicatrix.

1296 3645 1338 3675 Ad
1349 3644 1441 3675 Caicei
1458 3644 1571 3673 sarturas
1582 3644 1723 3680 eleganter
1732 3643 1876 3672 transtulit.
1902 3644 2001 3679 Juven.
2014 3653 2037 3679 3.
2054 3644 2110 3674 Sat.
2125 3653 2186 3680 ῐςῐ.

1391 3684 1478 3719 Atque
1491 3691 1585 3711 recens
1602 3681 1690 3710 linum
1702 3681 1822 3710 ostendit
1832 3691 1889 3710 non
1900 3691 1954 3711 una
1963 3682 2091 3711 cicatrix.
2174 3683 2191 3711 i.
2205 3691 2230 3712 e.
2254 3681 2416 3721 multiplex.

1261 3720 1542 3751 CICATsslcfiLA
1556 3741 1565 3754 ,
1586 3728 1617 3747 ae.
1639 3719 1658 3747 f.
1681 3717 1816 3754 [amam]
1836 3719 1934 3748 dimin.
1957 3726 2003 3754 ut,
2025 3719 2124 3749 Valens
2148 3720 2313 3750 cicatricula.
2349 3722 2419 3751 Cels.

1298 3759 1380 3787 lib.2.
1399 3767 1461 3795 cap.
1480 3768 1520 3786 ιο.
1544 3756 1668 3792 Ideoque
1679 3756 1806 3794 protinus
1825 3757 1969 3786 brachium
1982 3757 2182 3795 deligandum,
2204 3758 2420 3796 habendumque

1296 3796 1335 3825 ita
1363 3795 1418 3830 est,
1449 3795 1543 3824 donec
1569 3793 1664 3823 valens
1690 3794 1849 3824 cicatricula
1870 3795 1916 3831 sit,
1947 3805 2008 3832 quae
2022 3795 2168 3825 celerrime
2188 3797 2218 3825 in
2234 3806 2305 3825 vena
2322 3797 2421 3826 contir-

1297 3839 1396 3862 matur.

1257 3871 1282 3901 C
1291 3882 1300 3900 1
1311 3881 1329 3900 c
1339 3881 1358 3899 A
1369 3879 1412 3898 Ta
1423 3880 1433 3897 r
1442 3879 1459 3898 c
1469 3873 1486 3899 ὃ
1495 3879 1507 3898 s
1517 3879 1535 3897 u
1543 3879 1556 3898 s
1564 3891 1572 3903 ,
1596 3864 1733 3905 [ἐλόέὶς]
1754 3869 1814 3906 Adj.
1836 3869 1935 3902 Plenus
1944 3870 2130 3901 cicatricibus.
2153 3870 2238 3901 Plaut.
2253 3871 2350 3909 Amph.
2366 3881 2388 3900 r.
2396 3881 2419 3901 1.

1296 3919 1361 3943 290.
1383 3907 1506 3944 Tergum
1517 3906 1721 3936 cicatricosum.

1296 3946 1390 3976 Facies
1402 3944 1571 3975 cicatricosa.
1613 3944 1732 3982 Quintil.
1747 3944 1796 4012 libs.
1809 3955 1836 3980 4.
1851 3955 1913 3984 cap.
1929 3956 1952 3976 1.
1973 3945 2094 3977 Turbari
2102 3946 2237 3977 memoria
2250 3968 2258 3981 ,
2279 3945 2323 3976 vel
2335 3946 2423 4012 conte?

1807 3992 1820 4013 s
1832 3992 1844 4013 s
1865 3993 1877 4019 3
2316 3992 2390 4012 nuan
2413 3992 2422 4011 1
