2600 4177
529 90 558 125 C
657 91 692 126 O
790 90 820 125 R

79 164 127 196 CO
137 175 153 196 Ρ-
165 171 240 199 Ν’ῦτ
251 180 289 200 us
301 192 308 205 ,
330 181 345 201 a
356 193 363 204 ,
385 181 442 201 um.
466 172 525 207 Adj.
549 171 697 207 [negarit]
718 171 804 207 Quod
823 179 927 200 cornua
944 170 1036 201 habet.
1062 169 1146 200 Varro
1158 179 1184 198 2.
1204 168 1240 198 de

116 204 149 248 ll.
162 206 194 235 R.
211 217 270 245 cap.
285 219 309 244 7.
333 210 407 239 ffitas
424 209 600 246 cognoscitur
614 218 769 245 equorum,
791 209 816 237 S<
834 209 892 238 fere
909 209 1036 238 omnium
1061 209 1108 246 qui
1125 207 1242 244 ungulas

120 244 252 281 indivisas
263 246 365 275 habent
375 269 383 279 ,
406 248 430 276 Sc
445 248 528 275 etiam
539 252 718 275 cornutarum
730 268 737 280 ‚
759 246 834 283 quod
846 268 854 281 ,
876 248 927 277 &c.
970 246 1060 276 Potest
1081 246 1166 276 etiam
1186 245 1245 274 dici

121 281 278 312 Cornutum
293 306 300 316 .
323 284 407 319 Quod
424 284 551 320 procedit
561 293 595 312 ex
607 293 703 313 cornu.
726 283 847 313 martial.
868 295 889 313 1.
907 294 949 318 19.

216 321 358 350 Occubuit
367 322 481 351 tandem
492 330 611 350 cornuto
624 322 721 350 ardore
736 323 849 358 potitus.

120 354 274 387 cornutam
286 359 398 387 bestiam
410 360 482 395 petis
493 380 501 393 .,
523 359 613 394 inquit
632 359 717 388 l'laut.
747 360 763 387 i.
780 368 805 388 e.
829 357 945 388 Lacessis
961 366 1024 386 eum
1036 358 1081 393 qui
1092 363 1203 394 paratus
1214 355 1247 386 fit

141 395 266 425 retaliare
276 396 403 430 injuriam
417 418 425 430 ‚
446 405 585 434 quemque
597 406 653 425 non
663 419 671 431 ‚
693 396 741 425 nisi
750 405 799 426 tuo
810 396 883 425 malo
894 417 902 431 ‚
924 403 1069 433 provoces.
1093 394 1225 425 Erasmus.

122 429 303 469 syllogismus
314 440 462 469 cornuum,
485 440 598 464 vocatur
609 434 758 464 Dilemma.
780 435 811 464 V.
834 434 950 463 Hieron.
967 432 1050 471 Epist.
1062 438 1107 470 83.
1124 442 1148 462 1.
1168 431 1243 462 conf.

145 479 162 497 C
173 479 186 497 R
195 480 209 497 R
220 480 237 499 A
248 479 267 499 T
275 481 284 499 1
293 480 314 499 N
323 480 345 499 Β.

85 503 110 533 C
121 514 136 533 o
147 516 186 535 RN
197 509 213 535 ῡ
224 517 268 536 TA
278 529 286 543 ‚
308 517 338 537 ae.
362 509 380 537 f.
403 508 482 539 Piscis
492 518 587 546 genus.
610 509 677 540 Plin.
693 518 736 546 32.
755 518 797 538 11.
810 509 837 539 δι
853 519 879 542 o.
891 517 937 545 ²7·

84 542 134 571 Co
144 553 159 571 ιι
171 554 191 572 Ν
202 548 243 573 uA
253 555 272 573 τ
282 555 300 574 υ
310 555 322 574 s
336 568 344 581 ‚
365 556 379 576 a
390 568 397 580 ,
419 557 476 576 um.
502 553 533 577 ut
543 569 551 583 ‚
572 547 676 577 Umbra
685 553 826 577 cornuata.
850 546 925 576 Varr.
940 545 976 575 de
990 545 1020 575 L.
1036 544 1065 575 L.
1078 548 1103 574 6.
1122 554 1147 581 3.
1165 554 1208 583 pr.

86 579 352 624 Considamus,
374 585 392 613 i.
414 595 450 614 m.
473 585 620 615 Cornuarii
645 585 725 620 sunt,
745 584 789 614 vel
810 584 866 620 Qui
885 593 988 613 cornua
1009 583 1180 617 conficiunt,
1202 581 1247 612 vel

124 618 182 654 Qui
193 628 280 662 cornu
294 629 400 651 canunt
411 644 419 657 ‚
442 633 510 660 quos
524 623 681 653 ffineatores
691 633 706 652 a
721 622 814 660 priscis
826 622 917 651 dieras
931 622 1023 651 Festus
1042 621 1089 650 lib.
1106 631 1129 650 1.
1142 620 1246 649 scribit.

124 655 168 684 De
180 656 223 685 ius
233 657 378 689 litmentio
388 661 415 689 in
427 660 444 690 l.
457 661 566 691 ultima.
583 659 617 690 D.
629 659 874 696 dejunimmunit.
907 660 924 689 A
941 659 1071 689 Tubariis
1087 664 1180 687 autem
1200 666 1248 687 eos

123 691 256 725 Paternus
267 697 388 734 separat,
411 705 441 728 ut
456 701 481 728 δι
491 699 654 728 cornicines
669 708 686 728 a
699 697 897 728 Tubicinibus.
935 696 1063 734 Vegetius
1076 695 1125 726 lib.
1136 705 1162 726 2.
1184 705 1246 733 cap.

125 740 170 761 22.
194 733 219 762 Sc
230 733 409 766 Modestusin
423 736 552 773 Epitome
562 735 696 772 ejusdem.

86 766 109 798 C
117 778 134 797 o
145 779 161 797 R
172 779 190 798 N
200 780 213 799 ε
223 780 235 800 s
245 781 262 800 c
271 782 287 801 o
298 795 306 807 ,
328 774 516 809 [κερατῡμοω]
536 775 591 804 e‘re.
614 773 762 803 Durescere
772 772 800 801 in
810 781 908 802 cornu.
924 771 993 802 Plin.
1003 771 1050 800 lib.
1067 780 1078 801 1
1087 781 1110 801 1.
1125 780 1187 809 cap.
1201 778 1246 806 49.

127 806 194 836 Urso
207 818 317 848 quoque
330 811 410 841 iimul
421 817 451 841 ut
460 811 638 849 expiraverit,
659 808 821 840 cornescere
831 811 909 839 aiunt
918 809 1058 847 genitalia.

86 843 137 888 Co
148 854 164 873 ι(
175 855 194 874 Ν
204 848 221 874 ῠ
232 857 247 875 ι.
258 858 274 876 υ
285 859 304 877 M
318 871 325 884 ‚
346 850 364 879 i.
388 859 415 878 n.
440 849 537 878 dimin.
559 849 638 887 Apio.
651 853 677 882 8.
696 858 719 877 1.
753 848 809 877 Sed
823 848 995 884 frequentius

84 882 110 912 U
120 892 136 911 ο
148 892 164 926 a
174 893 192 911 N
204 886 239 913 rc
248 888 266 914 ῠ
276 897 291 914 1.
302 897 319 915 υ
329 898 365 921 Μ,
386 888 404 916 i.
427 897 454 916 n.
475 889 492 923 [
501 886 650 922 κερριτὶῶον]
671 886 770 915 dimin.
784 895 799 914 a
811 886 916 915 Cornu.
930 885 1000 914 Plin.
1015 883 1063 914 lib.
1079 893 1121 914 11.
1135 888 1246 922 capas.

124 920 190 950 Aliis
200 924 343 954 cornicula
353 933 415 954 ante
425 925 523 954 oculos
533 924 745 962 praetenduntur
755 924 863 960 ignava.
884 923 964 953 ldem
975 922 1021 952 lib.
1032 933 1058 956 9.
1069 931 1131 960 cap.
1147 930 1190 959 ³²-
1212 922 1249 951 de

122 959 250 990 cochleis
261 983 269 995 ,
290 962 390 992 Oculis
403 970 515 992 carent:
538 963 631 1000 itaque
642 961 793 992 corniculis
804 967 972 999 praetentant
982 961 1043 989 iter.

124 996 204 1027 Est&
217 999 397 1030 Corniculum
408 1022 416 1035 ‚
438 1001 603 1030 Ornamenti
612 1009 699 1038 genus
708 1021 716 1035 ‚
738 1009 793 1036 quo
804 1000 980 1028 donabantur
992 997 1095 1027 milites
1108 996 1143 1026 ab
1158 996 1250 1034 Impe-

144 1037 281 1065 ratoribus
292 1047 343 1075 pro
354 1048 381 1067 re
393 1038 465 1068 bene
474 1039 556 1076 gesta.
597 1037 653 1067 Liv.
668 1047 710 1066 ιο.
727 1047 772 1072 44.
788 1036 882 1066 scribit
900 1037 930 1067 1..
950 1036 1087 1073 Papirium
1100 1034 1249 1064 Consulem

144 1073 253 1140 eqtllli-tses
273 1084 387 1112 omnes,
406 1076 446 1105 ob
457 1077 590 1114 insignem
605 1077 635 1105 in
649 1074 724 1105 bello
735 1084 849 1113 operam
860 1096 868 1110 ‚
889 1074 1003 1104 donasse
1018 1073 1168 1104 corniculis
1183 1094 1191 1108 ,
1210 1081 1251 1102 ar-

143 1119 181 1139 mi
208 1121 284 1148 ique
294 1123 322 1142 ar
343 1115 440 1144 enteis.

124 1146 189 1177 Hoc
209 1151 294 1180 etiam
313 1123 429 1181 ngomine
440 1159 569 1181 vocatum
587 1151 626 1181 est
637 1150 784 1189 Oppidum
807 1151 884 1186 juxta
904 1150 1072 1188 Tarquinios
1082 1171 1090 1183 ‚
1112 1149 1251 1185 κε’ςνιιιλΘ·

146 1188 290 1225 Stephano
299 1211 307 1224 ‚
329 1199 409 1227 aquo
422 1190 590 1228 Oppidani.
608 1188 789 1218 Corniculani
809 1209 818 1223 ,
838 1191 991 1225 κοςηιιλωὶ
1002 1209 1010 1223 ,
1032 1186 1166 1225 appellati
1177 1186 1248 1215 sunt.

86 1223 114 1254 C
123 1235 139 1254 o
147 1235 162 1253 a
173 1235 192 1254 N
204 1237 212 1254 1
222 1236 238 1255 c
247 1237 265 1256 u
275 1238 292 1255 ι.
300 1231 316 1256 A
327 1237 347 1256 ‘r
357 1238 375 1257 u
384 1238 406 1263 s,
417 1237 442 1262 a,
456 1237 512 1257 um.
527 1228 587 1263 Adj.
600 1226 679 1256 ldem
693 1236 727 1256 ac
734 1226 899 1256 Cornuatus.
917 1225 998 1265 Apul.
1011 1226 1047 1254 de
1059 1226 1119 1254 Deo
1131 1225 1251 1260 Socr.pr.

86 1262 138 1292 Co
149 1273 163 1291 a
174 1273 211 1292 Νι
221 1274 267 1294 cu
277 1269 318 1295 LA
328 1275 342 1294 a
353 1277 362 1294 1
374 1276 428 1300 us,
449 1266 467 1295 i.
488 1275 527 1295 m.
549 1264 681 1294 Asconius
696 1265 726 1293 in
739 1274 763 1301 3.
781 1264 855 1294 Verr.
869 1273 914 1300 71.
935 1263 1070 1294 Accensus
1088 1271 1192 1292 nomen
1214 1261 1252 1291 est

127 1302 233 1331 ordinis
243 1325 252 1337 ‚
273 1304 299 1333 &
310 1303 495 1341 promotionis
505 1304 533 1332 in
545 1303 646 1332 militia
655 1324 662 1337 ‚
683 1310 715 1332 ut
725 1311 800 1332 nunc
809 1302 910 1331 dicitur
924 1324 932 1338 ‚
952 1303 1099 1340 princeps,
1121 1300 1164 1330 vel
1175 1309 1252 1330 com·

125 1341 316 1371 mentariensic
327 1363 334 1377 ‚
355 1348 403 1371 aut
414 1340 624 1370 cornicularius.
644 1341 704 1370 haec
715 1341 791 1370 enim
803 1340 918 1370 nomina
936 1340 971 1369 de
984 1339 1137 1376 legionaria
1151 1338 1252 1367 militia

125 1375 236 1415 sumpta
247 1378 319 1408 sunt.
343 1379 410 1409 Haec
419 1379 474 1409 ille.
513 1378 601 1409 Valet.
617 1378 692 1408 Max.
707 1378 754 1407 lib.
764 1382 789 1408 6.
805 1388 828 1408 1.
844 1388 885 1407 11.
913 1377 968 1407 Cui
987 1377 1132 1407 Cominius
1150 1375 1252 1405 Tribu-

126 1425 180 1444 nus
188 1416 279 1454 plebis
291 1417 366 1447 diem
377 1418 412 1446 ad
419 1415 558 1455 populum
573 1417 648 1446 dixit
661 1438 670 1451 ‚
691 1417 766 1453 quod
778 1416 993 1446 cornicularium
1002 1416 1082 1445 suum
1093 1414 1178 1452 stupri
1189 1423 1252 1457 cau-

123 1453 153 1482 sa
161 1454 334 1491 appellasset.
372 1455 481 1485 Dicitur
493 1461 588 1484 autem
595 1454 796 1489 cornicularius
815 1455 843 1483 in
853 1453 929 1483 bello
941 1476 950 1489 .‚
971 1453 1103 1483 accensus
1117 1452 1252 1482 Decurio-

123 1493 169 1521 nis
181 1501 188 1521 :
209 1493 240 1522 in
251 1502 307 1530 quo
320 1492 470 1530 fignificatu
486 1494 594 1530 capitur
603 1494 688 1522 eriam
699 1492 951 1530 apudFrontinum‚
960 1491 1007 1521 lib.
1020 1500 1044 1526 3.
1052 1489 1249 1525 14.1.Tribuni

125 1530 329 1560 cornicularius
341 1531 437 1568 vigiles
452 1531 585 1567 quosdam
596 1531 738 1561 excitavit.
779 1529 810 1558 V.
831 1530 968 1559 Alciatum
979 1530 1009 1558 in
1021 1536 1075 1558 tres
1086 1528 1253 1566 posteriores

125 1566 213 1598 libros
228 1569 351 1598 Codicis.
391 1568 542 1598 Turnebus
554 1569 583 1597 in
596 1569 712 1598 Sueton.
724 1567 829 1597 Domit.
842 1576 903 1605 cap.
916 1576 959 1604 17.
982 1568 1113 1597 Saucium
1129 1575 1160 1595 ac
1172 1575 1252 1603 repu-

126 1613 260 1643 gnantem
270 1607 360 1636 adorti
370 1606 524 1637 Clodianus
540 1606 747 1636 Cornicularius
765 1607 792 1635 δε
807 1605 967 1641 Maximus,
990 1606 1043 1635 διο.
1067 1605 1104 1634 lic
1126 1604 1252 1642 explicat

126 1644 170 1672 his
179 1645 271 1674 verbis
281 1667 289 1680 ‚
312 1645 349 1674 Ut
363 1645 392 1674 in
402 1645 528 1675 exercitu
538 1646 565 1674 &
581 1645 641 1674 acie
655 1645 757 1674 dicitur
772 1653 877 1679 cornu,
898 1644 937 1673 ita
948 1644 977 1673 in
995 1642 1159 1672 cohortibus
1172 1641 1251 1671 Trib.

126 1681 249 1712 rnilitum
260 1682 436 1713 corniculum
448 1704 456 1719 ,
478 1681 504 1713 ἆ
514 1682 624 1712 fortasse
634 1683 663 1711 in
674 1681 823 1712 ordinibus
835 1681 1049 1711 centurionum:
1072 1690 1087 1709 a
1107 1689 1163 1717 quo
1185 1680 1253 1709 Cor-

123 1720 279 1750 nicularius
296 1743 304 1755 ⁷
324 1722 371 1759 qui
380 1721 524 1751 corniculo
536 1720 655 1751 Tribuni
666 1719 787 1749 militum
797 1720 900 1757 praeest.
940 1718 1095 1756 Tranquill.
1112 1718 1147 1747 de
1165 1717 1252 1747 Claris

126 1758 322 1789 Grammaticis
340 1769 401 1796 cap.
414 1770 440 1794 9.
463 1759 554 1788 Primo
573 1759 761 1796 apparituram
774 1758 842 1786 fecit
853 1757 1054 1794 magistratibus
1066 1778 1074 1791 ‚
1096 1756 1199 1785 deinde
1222 1757 1253 1785 in

127 1796 298 1827 Macedonia
306 1797 449 1827 corniculo
460 1819 469 1833 ‚
490 1806 558 1826 mox
567 1806 643 1833 equo
655 1796 766 1826 meruit.
788 1795 856 1825 Haec
867 1795 925 1825 ille.
957 1795 989 1825 V.
1012 1795 1141 1824 Torrent.
1162 1793 1231 1823 ibid.
1251 1807 1254 1823 :

87 1835 310 1872 Curarem,
329 1836 394 1865 inis.
417 1845 445 1865 n.
467 1834 668 1871 [κεεφπαίλης]
689 1834 745 1871 Qui
754 1842 843 1863 cornu
862 1833 949 1863 sonat.
970 1833 1070 1869 Juven.
1084 1842 1110 1863 2.
1122 1833 1177 1862 Sat.
1191 1841 1252 1868 117..

210 1874 422 1911 Quadringenta
431 1873 510 1902 dedit
519 1872 661 1902 Gracchus
672 1871 789 1901 sestertia
798 1872 896 1901 dotem

209 1911 354 1941 Cornicini
366 1921 372 1941 :
394 1911 450 1940 sive
464 1911 510 1941 hic
520 1911 597 1940 reete
608 1915 766 1940 cantaverat
776 1918 838 1939 aere.

127 1948 293 1979 Cornicines
305 1956 389 1986 atque
400 1950 530 1978 tubarum
538 1955 703 1978 concentus.
723 1948 823 1983 Juven.
837 1958 880 1977 10.
891 1947 947 1977 Sat.
961 1956 1027 1984 214.

128 1988 292 2017 Cornicines
300 1987 493 2024 tubicinesque
503 1994 568 2016 ante
577 1986 682 2015 vallum
694 1995 794 2015 canere
802 1985 890 2021 jubet.
914 1985 971 2015 Liv.
984 1995 1010 2015 2.
1024 1988 1072 2021 64.

87 2025 140 2057 Co
151 2036 166 2055 a
176 2034 196 2054 N
205 2027 236 2055 ir
247 2033 290 2055 ao
299 2035 340 2055 Ns
352 2047 360 2060 ,
381 2026 464 2055 ontis.
488 2025 549 2061 Adi.
571 2025 638 2061 Quo
650 2024 686 2053 usi
699 2023 761 2053 sunt
771 2031 887 2060 veteres,
909 2024 1016 2053 dictum
1025 2033 1041 2052 a
1051 2021 1183 2053 cornibus
1195 2031 1256 2059 quae

127 2064 235 2094 frontes
248 2064 411 2131 prlaeferunt.
451 2062 557 2093 Ennius
569 2062 644 2101 apud
654 2062 728 2092 Non.
745 2071 770 2099 3.
787 2069 813 2097 3.
835 2062 880 2092 Tu
892 2061 1003 2100 pascere
1014 2061 1201 2091 cornifrontes
1216 2070 1257 2090 ar-

129 2108 238 2132 mentas
261 2112 277 2131 o
291 2112 328 2132 es.

88 2139 115 2169 ‘C
124 2150 141 2169 0
150 2150 164 2169 s
177 2150 196 2169 N
205 2142 216 2169 ῐ
224 2150 241 2169 o
249 2141 266 2170 ἐ
275 2150 295 2170 Ν
305 2148 342 2169 us
352 2161 360 2175 ‚
380 2149 396 2169 a
404 2161 412 2174 ‚
433 2148 490 2168 um.
512 2138 600 2175 Quod
609 2138 649 2168 est
662 2147 697 2168 ex
707 2146 808 2176 genere
819 2146 906 2167 cornu
917 2136 1082 2168 habentium
1094 2147 1102 2172 ;
1123 2135 1257 2166 ficut-Ca-

130 2179 276 2216 prigenus,
298 2178 384 2215 Quod
393 2178 432 2207 est
446 2187 481 2207 ex
493 2186 593 2214 genere
603 2186 757 2214 caprarum.
779 2176 912 2205 Perottus.
1156 2195 1158 2197 »

91 2215 141 2246 Co
150 2226 166 2244 ι’.
177 2218 218 2245 Ni
226 2226 244 2245 c
254 2226 268 2246 a
277 2227 293 2245 a
303 2238 311 2251 ,
334 2226 349 2245 a
361 2238 370 2250 ‚
390 2225 448 2245 um.
471 2216 532 2251 Adj.
554 2215 765 2251 [n÷&v&33<&⁴]
786 2214 843 2250 Qui
854 2223 958 2244 cornua
966 2213 1046 2252 gerit.
1067 2212 1137 2243 Plin.
1147 2211 1199 2244 lib.
1210 2221 1222 2242 1
1230 2221 1254 2243 ι.

128 2264 190 2292 cap.
207 2264 249 2290 37.
270 2253 400 2284 Camelus
410 2263 466 2283 una
474 2253 552 2283 exiis
566 2262 626 2290 quae
639 2262 698 2281 non
711 2251 774 2282 sunt
787 2252 939 2291 cornigera.

128 2292 211 2322 Cervi
221 2293 370 2329 cornigeri.
388 2292 473 2321 Ovid.
485 2299 511 2328 7.
524 2291 594 2321 Met.
604 2299 669 2328 701.

130 2331 232 2368 Caput.
255 2331 340 2360 Ovid.
355 2340 379 2366 5.
400 2329 484 2368 Epist.
496 2338 558 2367 ¹37·

128 2368 225 2398 Caffis.
246 2369 294 2398 Sil.
307 2378 350 2404 15.
367 2372 393 2398 6.

127 2407 313 2444 Comigerum
321 2412 405 2444 caput
416 2405 495 2435 mitra
507 2405 643 2435 cohibens
653 2427 662 2440 ‚
683 2403 767 2434 Liber
779 2404 884 2434 dicitur
893 2425 902 2440 ‚
933 2402 1020 2441 Quod
1034 2402 1133 2434 vinum
1155 2403 1258 2433 inermi

148 2455 255 2475 cornua
265 2446 291 2475 δι
306 2444 452 2474 audaciam
462 2443 519 2473 det.
540 2444 606 2473 Sen.
618 2443 736 2481 Hippol.
747 2452 773 2472 v.
783 2445 848 2480 756.

128 2483 242 2515 Fluvius
256 2483 394 2520 corniger.
417 2481 491 2519 Virg.
501 2487 527 2516 8.
545 2482 607 2512 AEn.
621 2490 666 2518 77.
688 2480 742 2510 Ubi
756 2481 884 2515 Serviusg
907 2478 1108 2509 Fluminaideo
1118 2489 1186 2509 cum
1196 2488 1259 2509 cor-

149 2521 393 2559 nibus-pinguntur
403 2541 411 2555 ,
438 2520 492 2549 {ive
502 2520 578 2557 quod
590 2519 728 2556 mugitum
738 2518 824 2548 boum
834 2519 957 2547 imitatur
970 2527 1095 2547 murmur
1104 2518 1253 2554 undarum,

147 2560 202 2589 sive
211 2559 376 2597 plerumque
385 2559 414 2587 in
428 2557 756 2587 cornuumsimilitudine
766 2562 892 2586 curvatas
909 2556 1050 2585 cernimus
1062 2556 1143 2593 ripas.

128 2598 238 2628 Taurus
251 2596 462 2635 cornigerapud
499 2595 558 2625 Cic.
571 2605 597 2625 2.
612 2595 648 2624 de
657 2593 725 2624 Nat.
742 2595 824 2625 Deor.
839 2603 901 2623 110.
924 2593 960 2623 de
972 2594 1088 2624 Sidereo
1100 2601 1178 2623 tauro
1189 2616 1198 2631 ‚
1222 2603 1258 2624 ex

149 2636 266 2673 antiquo
278 2643 369 2674 poeta.
391 2634 468 2664 conf.
490 2633 578 2663 Ovid.
593 2643 637 2668 ις.
651 2632 724 2662 Met.
736 2643 799 2668 51¹·

91 2674 140 2705 Cc
152 2685 168 2703 r<
177 2674 237 2707 NE?
247 2683 282 2703 ss
291 2696 300 2710 ‚
317 2673 391 2703 ¹edis.
413 2672 474 2708 Adj.
494 2673 512 2708 [
521 2669 683 2707 κεεφτέπες]
702 2671 792 2708 Quod
809 2670 897 2709 pedes
906 2678 1031 2699 corneos
1045 2668 1129 2699 habet
1141 2691 1149 2706 ,
1168 2669 1258 2700 veluti

129 2713 223 2751 Equus
233 2713 259 2742 δι
269 2721 359 2749 capra.
383 2706 468 2747 Ovidi.
481 2719 507 2740 2.
518 2709 586 2739 Fast.
602 2712 664 2746 361.

222 2748 377 2787 Cornipedi
390 2748 483 2778 Fauno
492 2747 560 2778 caesa
566 2747 606 2777 de
617 2754 695 2777 more
705 2745 822 2784 capella.

151 2789 217 2819 edes
224 2789 326 2818 habere
337 2787 458 2824 fingitur.

128 2799 223 2865 {quus
232 2826 372 2866 cornipes.
397 2825 467 2863 Virg.
480 2833 507 2860 7.
522 2823 584 2854 AEn.
597 2831 661 2860 779.
840 2859 847 2866 ·
898 2859 904 2865 '
956 2858 962 2866 .

129 2864 305 2903 Cornipedes
314 2886 322 2899 ,
342 2862 508 2893 substantive
523 2862 607 2892 etiam
627 2862 758 2891 dicuntur
776 2860 858 2897 Eqm.
877 2858 926 2890 Sil.
944 2858 992 2889 hb.
1011 2865 1037 2896 7.
1050 2861 1115 2895 684.
1142 2861 1168 2890 &
1188 2859 1258 2890 locis

148 2913 231 2940 quam
243 2902 315 2940 plur.
931 2935 937 2941 ι

91 2939 140 2970 Cn
150 2951 164 2969 s
173 2950 192 2969 Ν
203 2943 220 2969 u
231 2942 296 2970 ι’ἐτ
306 2948 326 2969 A
336 2962 345 2975 ,
364 2938 410 2968 vel
425 2934 450 2968 C
461 2939 551 2967 oaNi
560 2938 599 2967 re
610 2944 657 2966 ΤΑ
667 2956 675 2967 ,
696 2946 728 2966 ae.
750 2946 787 2966 m.
811 2935 1057 2979 Quippetitcornu.
1070 2933 1256 2973 Glofficyriu.

89 2980 115 3009 C
125 2989 141 3007 o
151 2989 166 3007 a
175 2988 194 3007 N
206 2989 224 3008 υ
234 2989 249 3007 Β
258 2990 267 3007 1
279 2988 299 3007 A
310 3000 318 3013 ,
336 2988 366 3007 ae.
387 2977 407 3006 f.
429 2976 561 3006 Extrema
568 2985 631 3013 pars
642 2974 745 3012 Angliae
753 2975 789 3004 ad
797 2974 985 3003 occidentem.
1000 2972 1091 3010 Vulgo
1102 2975 1256 3003 Cornvvau.

128 3017 274 3053 Quoniam
284 3015 366 3045 instar
377 3024 465 3044 comu
473 3015 565 3051 primo
575 3013 686 3051 angusta
697 3035 705 3048 ,
727 3012 831 3042 deinde
844 3011 926 3040 latius
936 3011 963 3040 se
974 3011 1111 3040 extendit.

89 3055 115 3086 C
126 3065 142 3086 o
153 3065 167 3083 a
177 3065 197 3084 Ν
208 3065 225 3083 u
236 3062 248 3084 s
263 3076 271 3090 ‚
291 3055 326 3083 us
336 3075 344 3089 ,
366 3052 411 3082 vel
425 3052 443 3082 i.
465 3053 486 3082 f.
507 3051 648 3088 [nemim]
671 3051 757 3080 Arbor
767 3049 973 3080 ramoshabens
986 3049 1088 3078 duritie
1097 3050 1123 3078 &
1135 3048 1259 3085 rigidita-

124 3100 154 3122 te
165 3092 297 3123 comibus
304 3091 415 3121 similes.
445 3090 553 3120 Cornus
569 3089 694 3118 'frustum
714 3089 787 3119 circa
802 3087 914 3117 solstitia
925 3086 1039 3122 reddit„
1058 3087 1152 3124 primo
1160 3087 1259 3117 candi.

124 3132 212 3167 dum,
233 3130 329 3169 postea
338 3128 530 3167 sanguineum.
552 3127 622 3156 Plin.
636 3131 679 3156 16.
692 3131 787 3164 26.pr.
810 3125 885 3164 Virg.
896 3121 924 3155 ιζ
937 3124 1039 3163 Georg.
1050 3130 1117 3161 448.

400 3182 438 3188 —-
449 3168 475 3196 8ι
489 3166 563 3195 bona
573 3165 648 3194 bello

208 3205 326 3241 Cornus.
405 3204 427 3234 i.
438 3214 463 3234 e.
486 3205 554 3241 Apta
564 3202 716 3232 hastilibus.

126 3245 236 3275 Cornus
250 3244 318 3278 Itala
327 3264 334 3278 ‚
355 3252 406 3281 pro
414 3241 486 3273 Telo
498 3251 534 3272 ex
544 3251 632 3270 cornu
640 3240 724 3269 fado.
745 3240 820 3277 Virg.
830 3249 857 3276 9.
873 3238 936 3269 AEn.
949 3240 1014 3272 698.
1032 3275 1038 3282 .

208 3282 344 3317 conjecto
356 3281 453 3311 sternit
467 3279 560 3316 jaculo
571 3301 580 3314 ‚
599 3285 682 3308 vocat
692 3277 757 3308 itala
767 3286 879 3307 cornus.
952 3276 1082 3307 Semina.

126 3321 207 3352 Levis
216 3326 321 3350 cornus
331 3339 340 3354 ,
361 3319 466 3357 Sagitta
474 3327 510 3348 ex
522 3326 609 3346 corno
618 3316 724 3360 arbore.
746 3317 810 3346 Seu.
820 3313 936 3353 Hippoi.
953 3320 982 3344 v.
993 3318 1056 3352 546.

323 3372 360 3378 —
368 3366 426 3386 non
436 3363 494 3386 erat
501 3355 597 3393 gracili
604 3354 675 3384 levis
1151 3385 1153 3387 ,

220 3397 328 3427 Armata
337 3394 411 3425 ferro
424 3403 537 3424 cornus.
619 3393 638 3423 i.
651 3402 676 3422 e.
697 3391 800 3422 Hastile
813 3396 860 3421 aut
869 3389 964 3428 sagitta
972 3399 1033 3427 quae
1042 3388 1128 3420 fiebat
1144 3390 1180 3421 de
1193 3399 1257 3421 cor..

144 3442 185 3466 'nu
193 3435 302 3465 arbore.

125 3471 235 3503 Sonans
245 3481 363 3506 cornus,
383 3469 487 3507 Sagitta
497 3478 533 3498 ex
542 3477 630 3498 cornu
640 3467 748 3498 arbore.
769 3466 820 3497 Sil.
835 3465 884 3496 lib.
901 3473 944 3503 ις.
957 3473 1022 3503 235.

126 3512 252 3542 Validam
263 3514 383 3540 cornuin
393 3515 530 3544 torquere.
550 3505 599 3536 Sil.
616 3506 665 3535 lib.
684 3511 725 3542 13.
738 3515 804 3541 204.

88 3554 113 3584 C
123 3562 139 3582 0
150 3561 165 3579 a
173 3557 195 3578 N
206 3560 224 3578 u
234 3560 255 3578 M
265 3571 273 3583 ‚
293 3549 311 3578 i.
334 3557 362 3577 n.
383 3542 535 3583 [avite-⁰¹]
555 3544 670 3574 Fmetus
685 3543 774 3574 corni.

126 3587 304 3619 Autumnalia
316 3594 409 3615 corna.
441 3582 525 3613 Ovid.
535 3587 564 3617 8.
583 3582 653 3612 Met.
666 3587 734 3618 408.

127 3624 270 3663 Lapidosa.
292 3624 366 3661 Virg.
380 3632 405 3660 3.
418 3621 561 3665 AEn3650.
674 3621 678 3627 '

125 3662 304 3695 Rubicunda.
324 3662 392 3692 Hor.
408 3670 431 3689 1.
444 3658 525 3697 Epist.
542 3666 584 3694 17.
595 3667 622 3694 9.

125 3700 271 3734 Silvestria.
292 3694 359 3730 Hor.
368 3708 394 3728 2.
406 3699 493 3728 Serm.
508 3706 534 3726 2.
551 3704 594 3732 ς7.
1053 3728 1060 3737 ἡ

86 3742 110 3773 C
118 3753 133 3772 o
145 3752 161 3771 a
171 3748 193 3768 N
202 3748 217 3768 Β
225 3747 244 3767 u
253 3747 266 3767 s
278 3759 287 3774 ‚
307 3747 338 3771 a,
358 3747 415 3766 um.
437 3735 499 3772 Adj.
521 3731 692 3772 [κςανέῑνΘυ]
714 3731 801 3770 Quod
810 3729 849 3762 est
856 3739 893 3762 ex
903 3738 999 3762 corno.
1031 3730 1121 3762 Plaut.
1142 3726 1247 3761 Duram

126 3790 160 3810 ac
170 3785 301 3808 corneam
310 3777 424 3812 virgam.

124 3818 233 3848 Cornea
261 3814 331 3852 yxis.
355 3812 421 3842 Plin.
432 3811 537 3854 liis-21.
549 3819 610 3848 cap.
621 3818 679 3839 ae».v

123 3853 222 3885 Venab
255 3861 279 3881 a.
301 3851 385 3880 Ovid.
400 3862 427 3885 4.
440 3849 523 3887 Epist.
536 3854 581 3884 83.
702 3883 710 3887 η

123 3890 267 3930 virgulta,
288 3889 360 3925 Quae
371 3888 433 3917 sunt
441 3884 665 3916 cornusarboris.
687 3884 760 3921 Virg.
774 3891 800 3918 3.
818 3882 879 3913 IEn.
893 3890 939 3911 22.
1029 3919 1035 3926 .
1137 3919 1144 3926 ·

86 3930 110 3963 C
119 3941 136 3961 o
146 3942 162 3960 a
172 3941 191 3960 N
202 3932 219 3959 ἓ
227 3939 246 3957 τ
256 3937 275 3956 u
284 3937 306 3956 M
317 3949 325 3962 ‚
348 3926 436 3954 Locus
447 3924 495 3954 ubi
505 3924 568 3954 sunt
583 3924 745 3960 frequentes
763 3931 858 3951 corni:
881 3920 950 3950 sicut
971 3929 988 3949 a
1006 3918 1076 3949 Pmo
1085 3941 1094 3956 ,
1114 3918 1252 3950 Pinetum.

123 3968 242 4037 ειςοινῦἐιν,
265 3965 327 4034 Vlet.
340 3962 426 3994 Gloss'.
446 3963 521 3994 Hinc

206 4015 224 4036 o
235 4015 262 4035 ι..
297 4025 305 4034 .

905 2745 1017 2776 Faunus
1034 2745 1113 2776 enim
1127 2746 1259 2785 caprinos

1706 89 1735 123 C
1831 89 1866 124 O
1963 91 1994 125 R
2389 99 2459 142 599

1297 170 1319 200 C
1328 181 1369 237 ola
1380 175 1425 239 NL}
1436 180 1495 239 ἱΛ,
1517 180 1544 201 n.
1566 170 1604 209 pl.
1621 170 1710 201 Locus
1721 169 1819 200 Romae
1831 170 1904 200 inter
1914 170 1993 200 Viam
2006 170 2107 200 sacram
2119 172 2144 201 δε
2155 173 2317 205 Macellum.
2338 176 2371 207 V.
2383 176 2459 209 Varr.

1338 220 1348 237 r
1359 220 1372 238 e
1416 232 1421 238 .
1466 233 1470 238 .
1491 219 1519 244 4.
1534 218 1577 245 3²-

1299 246 1321 275 C
1331 256 1348 275 0
1358 257 1372 275 a
1381 257 1399 275 N
1410 249 1443 276 31
1452 257 1466 275 a
1477 257 1491 275 a
1501 257 1536 281 ,a.
1549 254 1606 275 uin.
1618 246 1678 282 Adj.
1691 245 1748 282 Qui
1758 255 1859 275 cornos
1868 245 1936 274 fert:
1959 251 1999 278 ut.
2013 245 2092 274 Rami
2102 248 2242 279 corniferi.
2261 251 2359 281 Claud,
2372 252 2419 282 lib,
2434 262 2459 283 1.

1338 285 1372 313 dc
1389 285 1466 322 Rapt.
1479 283 1597 322 Proscrp.
1611 294 1674 320 ²04·
1715 284 1770 313 Sed
1781 284 1883 313 rectius
1893 283 1991 320 legitur
2007 283 2152 314 Coniferis.

1300 321 1528 357 Corum-us,
1550 332 1583 356 a,
1604 332 1660 351 um.
1683 322 1743 357 Adj.
1766 322 1795 350 in
1816 331 1953 350 CORNU.

1300 360 1322 388 C
1332 369 1348 387 0
1358 369 1371 386 a
1383 369 1400 387 N
1412 369 1430 388 u
1441 369 1460 388 'r
1469 369 1486 388 υ
1495 369 1516 394 s,
1532 359 1697 396 Cognomen
1710 361 1885 389 Annaeorum.
1908 359 2048 388 Cornutus
2056 357 2179 396 Leptites
2193 368 2293 396 genere
2304 362 2354 398 (est
2366 370 2461 396 autem

1338 396 1432 434 Leptis
1454 397 1548 426 Africae
1562 398 1680 432 civitas)
1700 397 1817 426 emicuit
1828 398 1923 426 Roniae
1934 396 1984 425 sub
2006 396 2119 425 Nerone
2132 419 2140 433 ‚
2161 398 2323 429 interfectus
2347 402 2461 432 demum

1338 434 1373 462 ab
1386 444 1420 462 eo
1439 444 1495 463 una
1509 444 1573 464 cum
1590 434 1721 464 Musonio
1740 434 1916 472 philosopho.
1955 433 2046 463 Multa
2060 435 2119 471 ejus
2134 434 2234 473 scripta
2252 443 2309 465 tam
2328 439 2356 466 in
2371 440 2464 476 philo.

1338 471 1450 509 sophia.
1473 481 1554 508 quam
1570 472 1707 502 rhetorica
1718 473 1852 502 seruntur.
1873 477 1970 501 natura
1982 473 2088 510 magis,
2110 482 2193 509 quam
2206 473 2296 503 studio
2308 475 2462 510 juvabatur.

1338 508 1401 538 Erat
1423 510 1478 539 sine
1494 510 1604 539 liberis:
1625 510 1798 539 humanitate
1820 508 1926 547 alioqui
1940 516 2016 538 tanta
2028 532 2037 544 ,
2059 516 2089 539 ut
2105 511 2257 549 discipulos
2283 521 2318 541 ex
2340 522 2372 542 ea
2385 515 2464 545 causa

1337 547 1472 576 nlurimos
1491 548 1525 576 ad
1543 547 1569 577 se
1581 557 1638 576 non
1655 548 1747 577 minus
1758 557 1842 584 quam
1854 548 1980 577 doctrina
1988 547 2122 577 alliceret.
2145 550 2246 579 Auctor
2255 549 2362 580 Suidas.

1337 577 1401 614 Fuit
1411 586 1436 614 &
1451 585 1644 619 l‘dCornutuS,
1655 585 1752 614 Praetor
1762 586 1884 615 urbanus
1894 585 1990 614 Romae
2000 585 2144 615 Ciceronis
2151 594 2208 616 tem
2220 588 2342 618 ioribus:
2365 589 2400 618 de
2410 599 2465 627 quo

1356 622 1404 650 lib.
1422 633 1461 652 10.
1477 623 1550 652 Fam.
1566 632 1607 651 12.
1621 622 1691 652 Item
1705 633 1728 652 1.
1742 623 1798 653 Att.
1814 633 1857 660 ¹4·
1879 623 1964 653 ssonis
1975 624 2080 654 utimur
2089 624 2168 655 Trib.
2185 598 2261 663 pieb.
2284 626 2410 657 Cornuto
2421 637 2467 657 ve-

1357 669 1386 688 ro
1402 660 1616 690 Pseudocatone.

1301 696 1350 726 Co
1360 707 1373 725 a
1384 707 1426 726 oc
1435 708 1452 726 o
1464 707 1484 727 N
1492 708 1510 727 n
1523 708 1540 727 A
1551 709 1571 726 M
1581 707 1595 726 s
1604 707 1616 727 s
1629 719 1637 732 ,
1659 694 1885 734 [κορωῳνδὶέμης]
1903 697 1988 728 Vicus
1998 699 2036 728 est
2044 698 2078 728 ad
2089 699 2262 738 Bosphorum
2269 701 2464 738 Cimmerium„

1339 736 1496 771 oppositum
1509 736 1614 765 habens
1627 737 1719 764 vicum
1732 735 1931 774 Panticapenfis
1941 737 2014 773 agri,
2035 737 2152 767 nomine
2164 739 2261 768 Acram
2271 761 2280 775 ‚
2300 741 2350 778 qui
2360 740 2467 779 septua-

1339 775 1414 809 ginta
1429 774 1521 803 stadiis
1534 774 1604 802 freto
1615 773 1792 809 disjungitur.
1813 774 1900 803 Strab.
1912 773 1960 803 lib.
1977 783 2018 803 11.

1299 809 1323 840 C
1334 820 1350 839 o
1361 820 1374 838 a
1385 822 1401 839 o
1410 822 1427 839 c
1435 822 1450 839 o
1461 820 1479 839 N
1490 821 1507 839 n
1517 821 1535 840 A
1544 822 1564 839 M
1574 821 1587 840 a
1597 820 1617 839 T
1626 822 1635 839 1
1646 820 1657 840 s
1673 833 1680 846 ‚
1702 808 1952 847 [κοςιιωνῶιμήπς]
1974 812 2060 842 Lacus
2073 812 2112 842 cst
2128 813 2209 851 supra
2220 814 2466 853 Coroeondamen,

1338 849 1385 915 gui
1398 851 1423 915 ἐξ
1438 848 1480 916 ῗὶί)
1489 858 1521 878 ea
1541 855 1673 884 vocatur,
1698 851 1724 878 δι
1741 849 1840 878 decem
1859 849 1945 878 stadia
1962 859 1977 879 a
1989 850 2052 879 vico
2078 852 2108 880 in
2129 861 2204 881 mare
2221 854 2333 883 emittit.
2365 855 2467 885 Auctor

1360 893 1398 915 tra
1421 909 1426 915 .
1452 898 1458 915 1
1484 909 1490 916 .
1503 897 1513 916 1
1523 896 1545 916 1.

1300 923 1324 954 C
1333 926 1351 952 ὁ
1362 934 1377 952 a
1387 934 1414 952 ω
1423 934 1437 952 Β
1447 935 1463 953 υ
1472 934 1484 954 s
1494 946 1502 959 ‚
1524 923 1695 961 [K63018'&1]
1717 924 1908 960 Atheniensis,
1929 924 1978 963 qui
1996 925 2104 963 primus
2121 926 2246 965 figlinam
2265 929 2381 959 invenit.
2414 932 2468 961 Au-

1336 963 1400 990 &or
1412 961 1481 991 Plin.
1497 962 1545 991 lib.
1557 971 1582 998 7.
1595 972 1656 1000 cap.
1669 965 1712 998 56.

1338 999 1403 1029 Fuit
1414 1001 1438 1029 ἃ
1449 1000 1517 1029 alter
1525 1000 1662 1030 Coroebus
1674 1022 1681 1036 ,
1701 999 1776 1030 filius
1786 999 1939 1037 Mygdonis
1958 1000 2055 1036 (unde
2064 1011 2079 1031 a
2091 1001 2163 1040 Virg.
2176 1002 2365 1041 Mygdonides
2375 1007 2470 1045 appel.

1359 1036 1450 1073 latur)
1470 1039 1516 1074 qui
1532 1038 1661 1067 incensus
1671 1048 1765 1067 amore
1775 1038 1930 1067 Caffandrae
1942 1060 1950 1073 ,
1972 1046 2055 1075 quam
2064 1040 2147 1069 etiam
2160 1040 2280 1071 Priamus
2295 1049 2374 1081 pater
2385 1045 2410 1073 ei
2423 1045 2471 1075 de.

1358 1074 1528 1112 sponderat,
1550 1076 1586 1105 ad
1608 1076 1724 1112 Trojam
1751 1076 1847 1111 venit,
1867 1075 1962 1105 socero
1982 1078 2007 1106 &
2025 1077 2176 1115 Phrygibus
2194 1078 2297 1110 laturus
2316 1081 2468 1118 auxilium,

1361 1114 1488 1150 quamvis
1503 1124 1517 1142 a
1531 1113 1546 1142 s
1563 1113 1627 1143 onsa
1643 1114 1691 1152 ipsi
1709 1114 1828 1143 exitium
1839 1135 1847 1148 ‚
1867 1114 1917 1143 nisi
1928 1114 2035 1149 abiret,
2057 1115 2125 1145 esset
2141 1117 2315 1154 praedictum.
2354 1120 2426 1149 Nam
2437 1130 2471 1150 ea

1361 1152 1464 1185 nocte,
1485 1161 1538 1188 qua
1562 1151 1633 1181 lium
1644 1153 1764 1188 cecidit,
1785 1150 1893 1182 occisus
1904 1152 1942 1181 est
1955 1162 1970 1181 a
1984 1151 2102 1182 Peneleo
2111 1155 2233 1189 quodam
2245 1155 2352 1187 Graeco.
2366 1157 2469 1196 virga.

1359 1188 1422 1220 IEn.
1439 1197 1503 1224 ³4¹-
1792 1189 2001 1227 —J'uvenisque
2016 1189 2154 1221 Coroebus

1435 1224 1626 1264 Mygdonides
1637 1249 1645 1262 ‚
1666 1227 1720 1257 illis
1731 1228 1777 1265 qui
1789 1228 1824 1257 ad
1835 1227 1951 1264 Troiam
1963 1228 2036 1257 forte
2046 1228 2147 1259 diebus

1435 1265 1566 1298 Venerat,
1586 1265 1684 1295 insano
1695 1266 1850 1296 Cassandrae
1858 1265 1988 1296 incensus
1997 1275 2104 1297 amore.

1362 1302 1477 1332 Stultior
1489 1303 1620 1333 Coroebo.

1303 1339 1481 1370 CoaoLLA
1495 1363 1503 1377 ,
1527 1341 1823 1371 COROLLAaruM.
1863 1341 1896 1372 In
1915 1351 2082 1373 CORONA.

1305 1378 1329 1407 C
1339 1388 1356 1407 o
1364 1388 1379 1406 a
1388 1388 1405 1407 o
1414 1388 1432 1407 Ν
1442 1401 1451 1414 ,
1473 1378 1562 1415 [κάρον
1582 1379 1763 1415 Dioscoridi]
1786 1379 1879 1410 Herba
1890 1379 1928 1409 est
1939 1380 2038 1410 eadem
2051 1389 2115 1410 cum
2125 1380 2202 1412 Ruta
2208 1382 2331 1414 silvestri.

1301 1415 1328 1445 C
1339 1418 1356 1446 ὅ
1366 1426 1381 1444 R
1391 1419 1408 1445 ὃ
1418 1426 1436 1445 Ν
1448 1427 1466 1446 A
1479 1439 1486 1452 ,
1507 1426 1538 1447 ae.
1560 1417 1579 1449 f.
1600 1418 1656 1447 fine
1669 1417 1852 1455 aspiratione,
1869 1418 2035 1455 thuintil.
2047 1418 2095 1448 lib.
2110 1429 2133 1450 1.
2146 1431 2208 1459 cap.
2221 1431 2245 1456 ς.
2265 1419 2432 1458 [seducha]
2453 1425 2473 1454 Α

1346 1454 1445 1484 nostris
1465 1454 1532 1484 olim
1550 1455 1841 1493 Stroppiappellatae‚
1863 1456 1941 1486 unde
1955 1458 1981 1486 &
1994 1456 2172 1494 Strophiola,
2193 1469 2208 1488 a
2226 1456 2328 1496 ςρέφειῃ
2350 1462 2426 1499 quod
2435 1462 2473 1492 est

1344 1499 1454 1522 vertere
1468 1493 1604 1523 Meminit
1622 1494 1690 1523 Plin.
1704 1493 1752 1523 lib.
1764 1503 1810 1524 21.
1823 1503 1883 1532 cap.
1893 1503 1920 1524 2.
1934 1493 2019 1524 Plaut.
2031 1495 2101 1526 Alin.
2114 1507 2141 1533 4.
2160 1506 2184 1527 ι.
2197 1502 2240 1535 ς8.

1436 1531 1511 1560 Tum
1522 1531 1540 1560 sl
1551 1539 1685 1566 coronas,
1706 1532 1794 1568 serta,
1813 1538 1957 1569 unguenta
1966 1532 2071 1568 jufferit

1437 1568 1574 1598 Ancillam
1584 1570 1656 1599 ferre
1669 1569 1788 1605 Veneri,
1808 1576 1857 1599 aut
1866 1570 2010 1607 Cupidini.

1342 1605 1462 1635 Coronae
1471 1607 1562 1637 floreae
1577 1608 1604 1637 &
1614 1607 1710 1637 soseae.
1732 1607 1820 1637 Plaut.
1831 1608 1923 1637 Aulul.
1935 1618 1962 1644 4.
1976 1617 2002 1638 2.
2019 1612 2065 1644 68.

1340 1644 1461 1673 Coronae
1472 1644 1642 1675 diversorum
1655 1654 1788 1683 generum
1798 1645 1913 1675 fuerunt
1922 1646 1998 1684 apud
2012 1646 2156 1678 Romanos
2167 1648 2239 1678 inter
2259 1649 2334 1680 dona
2343 1650 2477 1683 militaria

1363 1683 1392 1711 in
1403 1692 1505 1726 magno
1518 1684 1607 1727 pretio
1618 1705 1627 1720 ,
1648 1682 1735 1720 qualis
1743 1690 1801 1713 erat
1812 1683 2002 1722 Triumphalis
2013 1706 2021 1720 ‚
2042 1684 2233 1723 obsidionalis,
2254 1688 2343 1718 civica
2354 1690 2477 1720 nobilior

1364 1726 1477 1757 ceteris,
1498 1721 1612 1752 muralis
1623 1743 1631 1757 ‚
1654 1721 1762 1752 vallaris
1774 1743 1784 1757 ,
1804 1723 1901 1759 quae&
1913 1723 2053 1753 castrensis
2069 1745 2077 1757 ,
2098 1723 2222 1759 navalis,
2245 1726 2341 1756 ovalis.
2364 1727 2406 1757 De
2418 1730 2480 1765 qui-

1365 1758 1416 1788 bus
1425 1758 1479 1789 suis
1490 1758 1561 1789 locis
1572 1759 1694 1789 abunde.
1717 1759 1748 1789 V.
1761 1759 1832 1790 Geli.
1846 1760 1895 1789 lib.
1912 1770 1936 1795 ς.
1953 1765 2043 1798 cap.6.
2059 1760 2092 1791 Et
2105 1761 2174 1791 Plin.
2184 1761 2234 1793 lib.
2245 1773 2289 1793 21.
2304 1774 2366 1802 cap.
2377 1775 2401 1794 2.
2412 1767 2477 1802 ἃς.

1344 1796 1433 1826 -Αυιεει
1451 1807 1564 1827 corona.
1603 1797 1664 1827 Cic.
1681 1807 1722 1833 14.
1736 1799 1791 1828 Att.
1806 1803 1849 1832 18.
1871 1797 2069 1836 Mihiquidem
2079 1800 2190 1829 videtur
2202 1800 2303 1832 Brutus
2320 1802 2411 1834 noster
2421 1805 2480 1840 jam

1366 1834 1411 1864 vel
1423 1844 1558 1864 coronam
1572 1844 1684 1865 auream
1695 1845 1746 1873 per
1760 1835 1853 1865 forum
1863 1836 1934 1865 ferre
1943 1836 2029 1874 poffe.
2050 1836 2110 1867 Liv.
2123 1847 2150 1875 7.
2164 1847 2207 1868 ιο.

1346 1873 1589 1911 Agonothetarum
1601 1882 1704 1903 corona
1713 1874 1766 1903 fuit
1775 1883 1866 1903 aurea.
1904 1874 1982 1904 Suet.
1996 1874 2101 1905 Domit.
2113 1886 2140 1911 4.

1344 1911 1518 1953 Convivalis.
1539 1912 1659 1941 Auream
1670 1912 1823 1949 aliquando
1832 1911 1912 1942 fuisse
1924 1918 2003 1950 patet
2016 1922 2052 1942 ex
2063 1913 2155 1944 Tacit.
2168 1923 2195 1945 2.
2206 1914 2276 1945 Ann.
2291 1925 2334 1954 5⁷7.
2351 1922 2423 1947 extr.

1344 1948 1472 1978 Clailica.
1494 1948 1525 1978 V.
1547 1949 1698 1982 Clafficus.
1714 1950 1775 1986 adj.
1795 1951 1826 1978 in
1847 1960 2010 1980 anssrs.

1347 1986 1488 2017 Donatica
1497 2009 1504 2022 ‚
1526 1986 1679 2017 vidioribus
1694 1988 1808 2018 inludis
1821 1988 1979 2019 donabatur
1991 2010 1999 2023 ,
2037 1998 2079 2018 uae
2090 1990 2183 2028 postea
2194 1991 2408 2029 magnificentiae
2415 2002 2482 2022 cau-

1363 2024 1394 2054 “sa
1403 2025 1526 2054 instituta
1536 2025 1574 2054 est
1583 2025 1664 2063 super
1673 2026 1792 2055 modum
1800 2032 1927 2064 aptatum
1935 2027 2023 2065 capiti
2047 2037 2077 2058 us
2092 2050 2099 2063 ‚
2122 2029 2197 2065 quali
2207 2028 2395 2068 amplitudine
2409 2031 2481 2061 fiunt

1367 2072 1432 2092 cum
1446 2063 1528 2092 Lares
1542 2070 1683 2093 ornantur.
1706 2064 1808 2094 Festus.

1347 2098 1461 2138 Duplex
1473 2102 1590 2138 gemmis
1607 2111 1737 2139 auroque.
1760 2102 1833 2141 Virg.
1853 2111 1876 2132 1.
1889 2102 2026 2139 AEn.655.

1347 2138 1494 2175 Equestris.
1516 2139 1584 2168 Plin.
1601 2148 1642 2174 ις.
1656 2150 1681 2175 4.

1348 2176 1552 2214 Exploratoria.
1592 2177 1668 2207 Suet.
1681 2177 1767 2215 Calig.
1780 2187 1841 2215 cap.
1853 2188 1897 2214 45.
1920 2177 2048 2209 Comites
2065 2179 2092 2209 &
2104 2180 2256 2219 participes
2271 2181 2396 2214 vic'koriae
2407 2191 2482 2212 novo

1368 2224 1471 2253 genere
1482 2217 1507 2245 ἂ
1516 2215 1632 2244 nomine
1639 2225 1805 2245 coronarum
1815 2216 1949 2250 donavit,
1971 2226 2038 2253 quas
2056 2217 2199 2249 diffinitas
2212 2218 2286 2250 Solis
2299 2229 2332 2250 ac
2350 2219 2434 2251 Lunae
2452 2221 2483 2250 si-

1368 2253 1525 2290 derumque
1537 2252 1628 2291 specie
1641 2253 1839 2292 exploratorias
1853 2254 2013 2292 appellavit.

1349 2290 1427 2330 Festa
1439 2313 1446 2326 ‚
1470 2291 1547 2320 Festo
1560 2291 1607 2320 die
1621 2291 1738 2329 sumpta.
1762 2292 1848 2322 Ovid.
1864 2302 1907 2321 ιο.
1926 2292 1996 2322 Met.
2011 2297 2073 2329 598.

1350 2329 1481 2359 Florente
1492 2338 1597 2358 corona
1607 2330 1724 2359 cinctus.
1747 2330 1831 2359 Ovid.
1843 2339 1869 2360 2.
1882 2329 1952 2360 Met.
1960 2339 2006 2367 27.

1350 2367 1531 2396 Gemmifera.
1558 2366 1695 2404 Valenlib.
1709 2378 1733 2403 ς.
1747 2369 1846 2405 Argon.
1855 2377 1921 2404 447.

1351 2405 1483 2434 Graciles.
1504 2405 1604 2440 Juven.
1619 2414 1662 2434 12.
1677 2406 1732 2434 Sat.
1746 2410 1789 2440 87.

1350 2443 1508 2479 Herculea.
1534 2442 1664 2480 Populea.
1687 2443 1760 2480 'Virg.
1772 2452 1798 2473 2.
1814 2442 1918 2482 Georg.
1929 2445 1975 2474 66.

1351 2481 1491 2510 Hibernae.
1515 2480 1583 2510 Plin.
1596 2478 1700 2511 lib.21.
1718 2491 1779 2520 cap.
1793 2491 1820 2511 2.

1351 2519 1469 2555 Ilignea.
1493 2518 1523 2548 V.
1546 2528 1641 2548 inex.

1349 2557 1600 2599 InfignisgemmiS.
1624 2556 1696 2595 Virg.
1707 2565 1736 2594 7.
1751 2557 1813 2588 ffin.
1826 2564 1873 2595 75.

1351 2595 1475 2626 Intadtae.
1501 2594 1622 2624 Martial.
1635 2595 1683 2625 lib.
1700 2605 1741 2624 11.
1758 2605 1803 2631 90.

1432 2633 1550 2663 lntad'tas
1564 2634 1747 2670 quare'mittis
1755 2633 1825 2663 mihi
1834 2655 1843 2669 ‚
1865 2632 1941 2664 Polla
1950 2654 1958 2670 ,
1977 2642 2099 2665 coronas
2112 2634 2125 2664 Τ

1351 2671 1450 2709 Longa
1459 2671 1533 2700 fores
1546 2677 1628 2708 tegat.
1654 2671 1738 2701 Ovid.
1752 2682 1779 2707 4.
1796 2672 1865 2702 Fast.
1878 2676 1943 2709 758.

1351 2710 1521 2740 Marcentes.
1543 2709 1642 2738 Claud.
1656 2709 1685 2738 in
1695 2709 1786 2747 Epith.
1798 2713 1844 2745 96.

1352 2747 1479 2814 Niluralis.
1500 2746 1669 2815 Hujtgnlipdi
1682 2757 1786 2778 corona
1796 2748 1912 2778 dabatur
1921 2747 1947 2778 ei
1963 2748 2010 2785 qui
2022 2748 2130 2787 primus
2142 2754 2254 2780 murum
2269 2749 2480 2783 conscendisset.

1393 2795 1429 2815 iv.
1449 2789 1493 2815 26.
1505 2791 1551 2821 48.
1589 2795 1603 2815 e
1628 2808 1634 2814 .
1649 2796 1672 2821 ς.
1684 2789 1710 2815 6.

1351 2823 1470 2854 Muralis
1478 2833 1584 2853 corona
1598 2822 1736 2861 Cybeles,
1757 2823 1877 2854 Turrita.
1898 2823 2009 2854 Lucret.
2018 2822 2071 2852 lib.
2082 2832 2109 2853 2.
2122 2826 2188 2854 606.

1349 2861 1473 2892 Navalis.
1495 2861 1568 2899 Virg.
1581 2866 1606 2895 8.
1622 2862 1757 2898 AEn.684.
1781 2862 1824 2892 De
1837 2862 1966 2901 Agrippa.
1989 2861 2020 2893 V.
2042 2861 2114 2892 Geli.
2129 2865 2193 2898 5.6.

1351 2899 1439 2929 Nexae
1450 2899 1495 2929 vel
1508 2899 1625 2929 nexiles.
1644 2899 1715 2929 ⁴Hor.
1726 2910 1748 2930 1.
1765 2899 1857 2930 Carm.
1869 2906 1914 2936 38.
1926 2910 1953 2931 2.

1352 2937 1548 2967 obfidionalis.
1570 2937 1641 2973 Gell.
1658 2948 1683 2972 ς.
1695 2941 1722 2968 6.
1740 2938 1810 2969 Plin.
1820 2947 1866 2969 22.
1878 2948 1906 2975 4.

1349 2975 1516 3013 'Oleaginea
1539 2974 1610 3005 Geli.
1624 2986 1648 3012 5.
1660 2979 1687 3005 6.
1944 2979 1948 2984 ”

1352 3013 1458 3043 Ovalis.
1474 3013 1552 3043 Geli.
1567 3024 1591 3049 5.
1604 3017 1630 3043 6.
1648 3015 1674 3044 &
1692 3013 1759 3044 Fest.

1351 3050 1471 3081 Pactius.
1510 3050 1639 3081 Plin.lib.
1652 3061 1698 3081 21.
1710 3060 1772 3089 cap.
1785 3060 1810 3088 3.
1832 3052 2003 3090 Summaque
2016 3051 2165 3082 auctoritas
2182 3052 2280 3091 padiiii
2296 3062 2428 3083 coronae:
2449 3060 2482 3084 ut

1370 3091 1402 3119 in
1415 3089 1554 3119 Saliorum
1564 3089 1645 3119 sacris
1654 3090 1812 3119 invenimus
1823 3090 1951 3120 solennes
1966 3098 2071 3120 coenas.
2110 3091 2156 3120 Sic
2175 3092 2292 3120 restituit
2312 3091 2479 3127 Turnebus,

1368 3137 1458 3165 quum
1469 3127 1498 3156 in
1510 3127 1592 3157 editis
1605 3127 1683 3157 locus
1695 3127 1726 3157 sit
1744 3128 1974 3166 corruptissimus.
2014 3127 2130 3158 Paetiles
2147 3135 2240 3158 autem
2259 3139 2371 3159 coronae
2389 3129 2483 3166 pleris-

1371 3176 1425 3203 que
1437 3166 1567 3195 videntur
1576 3165 1782 3204 Compactiles:
1805 3165 1915 3196 sortasse
1922 3173 2019 3195 tamen
2029 3166 2134 3195 fuerint
2143 3188 2151 3201 ,
2171 3176 2288 3203 quarum
2297 3176 2484 3197 coronamen-

1367 3210 1397 3233 ta
1411 3204 1441 3232 in
1460 3203 1708 3238 torulo'rotundo,
1728 3203 1774 3233 vel
1788 3203 1894 3238 uspiam
1912 3204 2035 3241 figuntur
2054 3210 2279 3242 pangunturque.
2319 3205 2484 3236 Harduinus

1371 3241 1461 3271 edidit
1470 3263 1478 3277 ‚
1499 3241 1602 3271 Sutilcs
1610 3242 1748 3272 Saliorum
1756 3240 1841 3272 sacris
1850 3243 2010 3272 invenimus
2020 3243 2047 3272 ἃ
2057 3241 2186 3273 solennes
2192 3242 2290 3273 omnis.

1349 3279 1445 3310 Pieria.
1467 3279 1588 3310 Martial.
1604 3278 1653 3309 lib.
1670 3289 1712 3309 12.
1726 3288 1769 3314 52.

1350 3317 1483 3356 Populea.
1506 3317 1574 3347 Hor.
1587 3327 1609 3346 1.
1620 3317 1710 3347 Carm.
1723 3326 1748 3353 7.
1761 3326 1806 3354 23.

1349 3355 1506 3393 Quadrima
1516 3377 1524 3391 ‚
1547 3355 1639 3385 Vetus.
1664 3354 1782 3385 Martial.
1794 3355 1842 3385 lib.
1856 3364 1898 3385 12.
1913 3363 1957 3392 32.

1431 3394 1588 3430 Quadrima
1596 3394 1667 3430 nigri
1677 3402 1844 3423 necvcorona
1862 3393 1950 3431 pulei.

1350 3431 1474 3469 Querna.
1497 3431 1582 3461 Ovid.
1598 3441 1620 3460 1.
1632 3431 1698 3461 Fast.
1710 3436 1774 3465 61⁴·

1349 3469 1454 3499 Roseae.
1465 3469 1576 3499 Claud.
1589 3470 1617 3498 in
1630 3479 1671 3507 pr.
1693 3468 1774 3498 Cons.
1787 3466 1847 3498 Stil.
1858 3473 1904 3506 87.

1349 3507 1480 3537 Rosacea.
1504 3507 1571 3536 Plin.
1585 3507 1633 3536 lib.
1644 3516 1689 3537 21.
1703 3517 1764 3544 cap.
1782 3515 1807 3542 3.

1350 3546 1460 3584 Spicea.
1486 3545 1550 3574 Hor.
1565 3545 1656 3574 Carm.
1669 3543 1758 3573 saecul.
1771 3553 1816 3579 29.

1443 3583 1551 3612 Fertilis
1562 3583 1674 3620 frugum
1690 3582 1853 3620 pecorisque
1862 3581 1945 3612 tellus

1442 3621 1542 3658 Spicea
1553 3621 1641 3650 donet
1654 3620 1784 3650 Cererem
1791 3629 1908 3649 corona.

1349 3658 1460 3689 Sutiles.
1482 3658 1567 3688 Ovid.
1585 3669 1608 3694 5.
1621 3658 1688 3687 Fast.
1701 3667 1762 3693 ης.
1784 3657 1859 3689 conf.
1882 3656 2001 3687 Pactius.

1348 3697 1450 3727 Tonsa.
1473 3696 1547 3733 Virg.
1562 3707 1585 3731 5.
1599 3696 1660 3726 AEn.
1678 3700 1741 3731 556.

1346 3735 1466 3764 Virides.
1492 3733 1562 3771 Virg.
1577 3744 1600 3768 ς.
1614 3734 1676 3763 AEn.
1690 3743 1751 3762 110.

1346 3773 1445 3802 Votiva
1455 3773 1557 3809 puppis
1569 3770 1698 3800 redimita
1708 3779 1821 3800 corona.
1842 3769 1927 3800 Ovid.
1940 3778 1965 3806 3.
1980 3770 2071 3799 Amor.
2085 3778 2127 3799 11.
2139 3777 2186 3806 29.

1347 3811 1453 3848 Capere
1464 3818 1598 3838 coronam
1608 3809 1706 3846 insigni
1719 3818 1784 3838 cum
1795 3808 1887 3837 laude.
1909 3807 2018 3837 Lucret.
2032 3807 2083 3837 lib.
2096 3811 2123 3838 6.
2135 3818 2181 3843 94.

1346 3849 1419 3878 Dare
1427 3857 1560 3877 coronam
1576 3847 1702 3876 civicam.
1725 3847 1783 3875 Cic.
1799 3856 1848 3882 pro
1860 3845 1951 3875 Plane.
1985 3856 2010 3875 2.

1345 3885 1514 3916 Defluebant
1525 3894 1644 3914 coronae.
1667 3884 1727 3913 Cic.
1745 3895 1769 3920 ς.
1781 3883 1864 3913 Tusc.
1877 3887 1922 3913 62.
1951 3855 1980 3912 &J
2005 3892 2047 3913 DE
2056 3893 2070 3912 ιτ
2080 3893 2096 3912 ι.
2107 3892 2126 3912 υ
2136 3893 2164 3913 o.

1344 3925 1474 3954 Detracta
1486 3922 1603 3960 capillis.
1626 3922 1711 3951 Ovid.
1728 3932 1749 3951 1.
1766 3923 1859 3951 Amor.
1872 3926 1898 3950 6.
1911 3925 1956 3957 67.

1344 3962 1459 3994 Donati.
1480 3961 1548 3991 Hor.
1557 3961 1588 3990 in
1599 3961 1662 3990 Arte
1671 3959 1746 3990 Poet.
1758 3969 1823 3996 250.
1846 3959 1929 4028 C'l‘nf'
1951 3959 2049 3996 Spicea
2060 3958 2146 3997 paulo
2159 3962 2232 3989 aute.

1903 4003 1913 4027 t
1924 4004 1935 4027 t
1945 4005 1956 4027 t
1975 4007 1993 4028 2

2184 1267 2269 1299 Unde
2281 1271 2471 1310 proverbium,

2333 3993 2473 4026 Exornare
