2600 4177
462 118 491 153 C
587 120 616 153 A
709 120 740 154 T

68 205 163 237 tropus
174 200 228 236 est,
249 209 300 229 nos
318 199 477 229 abusionem
493 199 629 229 dicimus:
649 209 735 236 quum
751 199 849 229 alienis
867 201 1007 232 abutimur
1018 204 1135 239 perinde
1146 213 1179 234 ac

68 239 186 275 propriis
196 261 202 270 ,
225 247 308 274 quum
321 238 431 275 propria
439 236 580 267 deficiunt.
622 237 679 266 Cic.
698 239 725 265 in
746 238 821 267 Orat.
834 248 878 273 94.
911 241 1062 270 Aristoteles
1085 251 1178 270 aurem

68 275 240 304 translationi
252 275 309 304 haec
319 274 377 318 ipsa*
384 274 522 318 subjungit
531 296 539 309 ,
561 276 587 304 ἃ
597 274 756 304 abusionem
768 298 774 308 ,
797 286 879 312 quain
887 279 1053 308 catachresin
1064 288 1179 309 vocant:

16 334 17 365 l
33 319 192 380 CAIPrqEZns,
201 313 309 379 inslssits]
313 312 367 385 {sad
367 312 865 385 '1033ssZapzmgffgofacrgrpduffis
876 372 884 385 ‚
906 352 1036 382 astrictus.
1062 360 1107 388 ut,
1130 353 1181 383 Ve.

66 387 104 416 ste
116 388 196 416 nivea
207 390 232 417 Sc
242 384 377 416 cataclista
386 387 536 424 praenitens
545 408 552 421 ,
576 388 593 415 i.
607 397 630 418 e.
653 387 685 416 In
703 397 764 416 arca
775 388 901 425 reposita,
912 391 937 419 ἃ
950 390 1051 420 festivis
1073 397 1181 421 tantum

68 423 165 454 diebus
178 425 310 453 adhibita.
333 424 412 461 Apul.
427 434 468 454 ir.
491 424 561 453 Met.
574 434 602 462 p.
614 433 678 455 200.
718 425 774 455 Sed
788 425 916 456 Elmenli.
938 428 1016 458 aliter
1031 428 1107 466 legit.
1149 429 1179 458 V.

65 461 177 491 Salmas.
188 461 346 491 adTertull.
358 462 394 491 de
411 461 474 491 Pall.
485 471 545 497 cap.
563 471 585 497 3.

31 497 79 529 CA
87 508 133 527 TA
142 508 250 528 CLIST
259 510 268 527 1
278 509 295 528 c
304 509 322 527 u
333 509 345 528 s
355 520 362 533 ,
383 509 398 528 a
409 521 417 532 ,
438 509 494 529 um.
516 500 601 529 Carus
611 521 619 535 ,
640 499 785 537 pretiosus.
806 501 948 532 Fortunat.

159 536 229 573 Quat
242 546 339 566 manus
346 537 457 567 artificis
466 537 634 567 cataclistica
643 537 688 567 fila
698 539 807 567 rotavit.

32 573 54 604 C
62 582 109 603 AT
118 583 137 602 A
146 583 185 603 ci.
194 575 233 602 i‘r
243 584 260 603 u
270 585 309 608 M,
330 575 347 603 i.
361 584 390 604 n.
412 572 605 610 [κατέκλων]
626 575 784 609 Turnebus,
807 575 948 610 Cataclita.
970 577 1097 607 accubita
1107 576 1179 614 sunt,

42 625 44 631 ν
67 610 167 648 quibus
177 611 212 640 ad
225 612 451 642 accumbendum
464 620 569 642 veteres
583 612 750 642 utebantur:
773 623 805 642 ea
822 614 899 643 molli
920 615 1014 651 pluma
1026 615 1181 653 impleban-

67 656 110 678 tur
121 670 128 684 ,
151 655 181 679 ut
194 658 229 678 ex
245 649 418 687 Heliogabali
433 650 488 680 vita
500 658 599 680 notum
616 651 663 681 est.
703 650 763 680 Hac
779 651 903 680 dictione
923 653 1009 682 utitur
1028 653 1181 691 Septimius

66 685 181 716 Florens
193 687 220 715 in
232 686 303 716 libro
314 688 360 725 qui
368 688 526 718 inscribitur
536 689 576 718 De
587 688 681 726 pallio.
694 698 756 726 cap.
770 698 794 723 3.
814 690 861 717 ubi
874 689 984 719 Salmas.
1008 690 1039 720 V.

31 723 80 755 CA
88 733 108 752 T
116 734 136 753 A
146 734 164 753 c
172 735 214 753 ιγ
224 734 236 753 s
247 735 267 754 M
277 735 295 753 A
307 748 314 760 ‚
338 725 380 755 tis.
403 736 431 755 n.
454 724 667 761 [καὲίκλνσκφ]
698 726 939 756 Medicamentum
962 727 1000 757 est
1010 750 1018 763 ,
1041 738 1095 766 quo
1116 738 1182 758 ven-

8 771 12 777 *
63 762 111 791 tris
121 763 146 792 Sc
161 762 353 792 intestinorum
365 763 493 801 pituitam
507 764 633 794 abluunt.
653 764 849 801 Hippocrates,
872 764 926 793 sive
939 786 947 800 ,
968 772 998 794 ut
1010 767 1123 803 quidam
1134 776 1181 795 vo-

63 799 142 835 lunt,
163 799 282 837 Polybus
293 822 301 835 ‚
323 801 358 830 de
371 800 455 832 salub.
468 802 550 832 diaeta
561 824 568 838 ,
590 801 789 839 Cataclysmata
800 823 807 836 ,
830 802 929 838 inquit,
950 804 1065 840 pinguia
1076 805 1101 833 δι
1114 804 1181 833 cras-

64 836 91 866 sa
102 836 164 866 sunt
176 859 184 872 ,
206 847 265 875 quae
279 838 350 868 laete
360 840 547 869 coniiciuntur
558 862 566 875 ‚
589 841 615 869 &
626 848 661 869 ex
676 839 812 869 ciceribus
824 861 832 874 ,
853 850 923 876 aqua
940 840 1011 870 elixa
1027 863 1035 876 ,
1057 842 1122 872 &id
1135 852 1181 879 ge-

32 907 36 911 ,
64 884 116 904 rius
128 874 196 904 aliis.
238 875 267 905 V.
288 877 368 914 plura
377 878 452 915 apud
460 878 555 907 Galen.
566 878 596 906 in
606 884 758 907 comment.
773 877 822 906 lib.
835 877 870 905 de
881 877 965 907 salub.
978 879 1051 908 diaet.

28 912 326 950 CATACLYSMOS,
349 914 402 944 five
422 916 707 944 CATACLYSMUS
719 936 728 949 ,
750 915 766 943 i.
787 924 824 943 m.
857 913 1083 953 [numano-5435]
1112 917 1181 948 diei-

63 956 106 980 tur
121 951 262 980 Diluvium
275 973 283 987 ,
304 952 359 982 sive
370 953 528 983 inundatio.
565 952 649 982 Varro
668 961 691 988 3.
715 953 750 981 de
762 952 794 981 R.
808 952 840 981 R.
855 962 915 991 cap.
935 963 957 983 i.
992 954 1097 985 Thebae
1118 964 1179 991 quae

61 996 125 1018 ante
136 989 322 1026 cataclysiiion
335 991 424 1027 Ogygi
435 991 557 1020 conditae
567 991 714 1020 dicuntur:
737 1000 776 1020 eae
792 995 887 1019 tamen
902 991 1012 1021 circiter
1024 993 1080 1022 duo
1091 993 1180 1024 millia

62 1035 198 1056 annorum
209 1029 234 1056 ἃ
244 1034 357 1057 centum
368 1028 438 1058 sunt.
480 1029 514 1058 Et
525 1028 627 1065 Hygin.
642 1028 708 1058 Fab.
723 1037 783 1064 153.
811 1028 999 1066 Cataclysnius
1011 1052 1018 1065 ,
1040 1031 1115 1068 quod
1128 1041 1180 1061 nos

62 1063 197 1131 {flavium
211 1064 254 1094 vel
264 1065 453 1103 irrigationem
465 1066 594 1096 dicimus.
635 1065 665 1096 V.
685 1066 770 1095 etiam
780 1065 898 1095 Tertull.
915 1067 993 1105 Apol.
1012 1078 1075 1107 cap.
1085 1079 1131 1105 40.
1153 1071 1180 1100 ἃ

84 1111 99 1131 a
129 1108 184 1131 ant.
196 1112 222 1131 2.
237 1113 278 1132 10.

26 1137 75 1170 'ca
84 1149 131 1168 TA
143 1150 160 1168 e
170 1150 185 1168 R
195 1141 212 1169 ὅ
221 1151 242 1170 M
253 1151 270 1169 u
280 1150 307 1176 s,
328 1141 346 1170 i.
365 1151 402 1171 m.
431 1137 644 1178 [mvnicipora&›]
673 1141 771 1171 Latine
793 1141 989 1172 Decursorium
1009 1144 1045 1173 ad
1063 1143 1180 1175 verbum

2 1207 4 1209 ,
43 1177 197 1208 transferri
207 1179 306 1216 potest.
346 1179 467 1210 Dromos
476 1180 552 1210 enim
564 1179 672 1209 cursum
683 1179 824 1216 significat.
854 1180 929 1209 Suet.
941 1181 971 1209 in
985 1181 1176 1220 Ner.‘cap.ir.

0 1237 2 1245 ,
51 1214 250 1246 .Nobi1iffimus
261 1226 345 1254 eques
366 1217 508 1247 Romanus
527 1217 679 1256 elephanto
697 1217 876 1254 supersedens
888 1239 895 1252 ,
918 1228 966 1256 per
986 1220 1178 1250 catadromum

0 1255 5 1264 “’
58 1253 189 1283 decurrit.
210 1255 230 1283 i.
243 1264 266 1284 e.
286 1255 335 1284 Per
356 1255 514 1285 stadiumin
525 1264 580 1292 quo
597 1256 705 1292 equites
720 1257 864 1284 decurrere
875 1255 1178 1296 solebantimaginario

0 1311 6 1326 ,.
57 1290 169 1330 praelio,
192 1298 224 1321 ut
234 1291 264 1321 fit
272 1292 341 1330 saepe
358 1294 386 1322 in
403 1293 512 1329 Gallia,
534 1293 663 1331 principe
679 1293 837 1331 speetante:
859 1296 938 1321 Licias
955 1302 1065 1326 vocant.
1106 1296 1179 1326 Sunt

0 1340 3 1353 ν
58 1328 148 1365 quide
159 1328 491 1368 Elephantofuiiambulo
505 1338 661 1368 exponunt.
703 1331 733 1361 V.
758 1331 879 1369 interpp.
897 1332 931 1361 ad
947 1332 1000 1362 loc.

0 1369 5 1375 '
58 1366 258 1403 Catadromus,
280 1366 419 1398 Machinae
430 1378 517 1406 genus
526 1369 565 1398 est
577 1391 586 1404 ,
606 1370 673 1399 teste
692 1368 819 1398 Vitruvio
831 1391 838 1404 ,
863 1380 916 1406 qua
935 1371 1079 1401 architersti
1095 1378 1178 1403 utun-

75 1411 120 1434 tur
128 1405 163 1434 ad
172 1402 340 1435 sublevanda
353 1406 398 1435 vel
409 1406 584 1437 demittenda
593 1416 677 1436 onera
686 1428 695 1442 ,
717 1417 777 1444 quae
788 1407 863 1444 apud
874 1407 1086 1442 jurisconsultos
1097 1432 1104 1445 ,
1127 1411 1180 1441 Ca-

0 1450 4 1476 ι
76 1442 218 1473 tadromus
233 1441 320 1480 γερένε
339 1450 474 1480 vocatur,
495 1445 569 1482 quasi
583 1445 658 1475 dicas
676 1443 869 1475 Decursorium
882 1447 971 1483 gruis:
994 1457 1009 1476 a
1028 1447 1113 1485 figura
1124 1449 1177 1478 for..

74 1480 165 1517 taslis,
188 1482 263 1518 quod
284 1480 390 1512 collum
405 1482 521 1512 haberet
538 1483 684 1512 extensum
702 1491 780 1512 more
803 1483 877 1520 gruis
890 1506 898 1517 ,
919 1484 1014 1521 quales
1033 1486 1177 1516 machinas

0 1531 5 1550 ι
75 1519 159 1548 etiam
170 1518 255 1548 hodie
265 1520 392 1550 videmus
401 1521 431 1550 in
439 1521 582 1551 maritimis
596 1521 728 1559 emporiis
738 1543 746 1556 ,
768 1521 803 1550 ad
821 1523 1000 1552 exoneranda
1011 1525 1121 1562 navigia
1133 1534 1178 1554 ac*

4 1582 5 1588 ,
42 1590 57 1593 Η
75 1557 265 1587 commodatas
277 1579 286 1593 ,
306 1567 372 1595 quas
387 1559 472 1588 etiam
482 1559 568 1588 hodie
579 1559 665 1589 Grues
676 1568 819 1588 vocamus.

0 1612 3 1625 l
38 1597 40 1602 ’
55 1586 119 1627 Fuit
129 1597 156 1625 δε
169 1596 239 1625 alius
251 1595 410 1626 Catadromi
422 1597 494 1634 usus,
507 1598 585 1633 eujus
596 1597 726 1626 meminit
735 1596 824 1632 Julius
835 1596 941 1631 Pollux,
955 1597 1003 1628 lib.
1017 1610 1043 1635 4.
1059 1609 1120 1638 cap.
1134 1609 1176 1635 19.

73 1642 159 1672 quum
171 1643 205 1662 ex
216 1633 327 1663 sublimi
338 1635 438 1665 theatri
450 1642 526 1673 parte
536 1658 544 1671 ,
565 1646 616 1674 per
625 1635 784 1665 machinam
794 1635 854 1671 quis
866 1634 984 1673 dilapsus
1001 1637 1121 1674 aliquem
1137 1648 1178 1668 raa

75 1672 140 1710 pit,
163 1673 188 1702 &
199 1671 292 1702 secum
302 1671 404 1702 sursum
414 1673 552 1711 asportat,
577 1681 608 1703 ut
621 1683 706 1711 quum
721 1674 821 1702 Aurora
832 1673 1015 1703 Memnonem
1032 1675 1176 1713 rapiebat,

0 1722 9 1740 ι,
72 1709 259 1748 autJuppiter
268 1710 478 1748 Ganymedem,
500 1718 548 1741 aut
561 1711 651 1742 Diana
670 1711 885 1748 Endymionem.
923 1711 964 1741 De
979 1712 1031 1742 hoc
1041 1714 1177 1744 machina?

0 1762 7 1786 i
72 1757 174 1787 genere
193 1748 324 1778 videntur
341 1748 395 1778 effe
411 1750 594 1787 intelligenda
615 1749 698 1779 verba
720 1748 797 1778 Pauli
816 1749 844 1777 in
861 1749 878 1778 l.
895 1760 958 1788 pen.
980 1750 1012 1779 D.
1025 1752 1061 1780 de
1071 1752 1175 1785 action.

71 1793 160 1824 empt.
173 1785 222 1815 ubi
232 1785 333 1822 haber,
355 1786 422 1816 Puta
432 1787 509 1817 enim
519 1797 584 1817 eum
596 1787 674 1818 fuisse
684 1787 806 1823 servum⁷
834 1788 879 1822 qui
899 1798 947 1825 per
968 1786 1120 1826 κωπέῷορςςμ
1136 1802 1177 1825 >⁶¹⁵

74 1825 135 1861 &5⁹⁸
144 1823 329 1860 descendere,
350 1831 398 1855 aut
406 1826 435 1854 in
445 1825 568 1855 cloacam
577 1826 688 1855 demitti
700 1824 794 1854 solitus
811 1824 877 1854 esset
887 1847 894 1860 ,
908 1827 959 1855 ἃς.

22 1861 41 1894 C
50 1872 69 1892 A
77 1871 98 1891 τ
108 1871 128 1891 A
137 1872 155 1891 r>
163 1865 181 1891 ῦ
191 1872 205 1891 r>
214 1871 233 1891 A
244 1884 252 1898 ‚
274 1872 363 1892 orum.
386 1873 413 1892 n.
435 1862 474 1902 pl.
497 1860 684 1900 [κατάὸεπα]
704 1863 816 1893 Nomen
827 1863 883 1892 loci
895 1864 929 1892 ad
941 1863 1117 1894 novissimam
1125 1864 1175 1895 Ni.

55 1900 77 1930 li
93 1901 276 1935 cataradtam‚
308 1900 355 1930 ubi
373 1901 444 1931 inter
458 1901 634 1932 occursantes
654 1901 782 1939 scopulos
803 1908 881 1930 tanto
898 1901 1006 1938 fragore
1025 1903 1081 1932 Nili
1099 1912 1175 1940 aquae

0 1948 2 1967 τ
54 1944 156 1973 ruunt,
177 1946 208 1967 ut
219 1938 305 1968 nimia
316 1938 375 1967 soni
384 1940 560 1969 vehementia
568 1940 679 1970 auditus
697 1939 911 1968 instrumentum
925 1941 1031 1969 vitient.
1074 1941 1131 1970 Cic.
1145 1942 1175 1970 in

54 1977 150 2006 Somn.
162 1975 236 2014 Scip.
252 1985 293 2013 13.
315 1977 375 2006 Nec
385 1977 504 2008 estullus
515 1978 642 2008 hebetior
652 1976 744 2007 sensus
760 1977 788 2006 in
803 1977 880 2006 vobis
893 1999 900 2011 ,
922 1978 1005 2011 sicut,
1029 1977 1075 2007 ubi
1093 1978 1175 2009 Nilus

54 2013 146 2045 adina
156 2023 215 2051 quae
223 2014 369 2053 Catadupa
377 2016 557 2045 nominantur
566 2016 723 2054 praecipitat
733 2025 768 2044 ex
777 2014 909 2044 altissimis
921 2015 1073 2046 montibus.

0 2070 2 2076 ›
22 2050 240 2088 CATAnupr,
261 2062 350 2082 orum.
372 2063 410 2084 m.
432 2053 470 2092 pl.
494 2054 562 2084 Plin.
577 2053 625 2083 lib.
640 2065 664 2089 ς.
678 2063 774 2092 cap.9.
797 2052 887 2083 Locus
900 2054 938 2083 est
946 2053 1128 2092 AEtliiopum:
1148 2056 1176 2086 δι

0 2115 1 2118 ,
13 2093 15 2096 ⁴
56 2090 129 2121 Gens
138 2089 242 2120 Arabiae
252 2090 355 2120 eodem
364 2093 477 2122 auctore
487 2092 535 2122 lib.
551 2096 577 2122 6.
589 2102 649 2130 cap.
659 2102 703 2127 ²9·

0 2137 10 2156 τ
22 2128 67 2158 CA
76 2137 126 2157 τῇ,
135 2138 171 2157 cr
181 2137 193 2158 s
205 2150 213 2163 ‚
233 2129 297 2158 Idis.
319 2128 338 2157 f.
360 2128 524 2166 [καταιφὲς]
545 2130 701 2160 Praefractus
710 2135 818 2159 ventus.
843 2129 920 2167 Apul.
947 2129 982 2158 de
994 2129 1104 2160 Mundo
1115 2153 1123 2165 ,
1144 2141 1172 2169 p.

55 2169 100 2234 ἓν..
111 2166 179 2196 edit.
192 2165 321 2196 Elmenh.
337 2166 401 2198 Sen.
415 2168 480 2198 Nat.
492 2169 596 2206 Quaest.
612 2179 635 2205 5.
648 2178 692 2205 ¹7·
707 2169 734 2198 ὁὶ
745 2164 816 2197 Coel.
830 2167 920 2197 Rhod.
933 2162 1008 2197 Lect.
1021 2169 1081 2198 Ant.
1095 2174 1136 2204 18.
1147 2169 1173 2200 6.

91 2213 136 2234 20.
150 2213 162 2234 ι
186 2227 193 2234 .

22 2240 95 2272 ΒΑὟ
103 2252 123 2271 A
133 2214 201 2272 01391.
209 2251 229 2271 A
237 2252 249 2271 s
257 2242 343 2273 TMus
354 2264 362 2278 ‚
382 2243 401 2273 i.
425 2253 463 2273 m.
487 2243 747 2280 [καωγλάωμῶι]
768 2241 954 2272 Deridendus.
980 2242 1064 2273 Plaut.
1086 2244 1173 2275 Stich.

0 2292 2 2310 :
54 2289 111 2316 42.
125 2291 167 2316 50.
199 2280 284 2310 Nunc
293 2290 346 2319 ego
356 2281 423 2311 nolo
434 2292 449 2312 e
460 2281 596 2312 Gelasimo
605 2282 674 2312 mihi
685 2287 713 2311 te
724 2280 963 2317 Catagelasimum.

0 2317 7 2347 ἰ’
22 2317 294 2354 CATAGRA‘PHA,
316 2329 405 2349 orum.
429 2330 455 2350 n.
479 2319 683 2356 [κατάχαφοι]
704 2319 771 2355 quid
791 2317 943 2355 significent
963 2319 1084 2349 declarat
1104 2320 1173 2350 Plin.

53 2355 101 2386 lib.
111 2364 154 2392 35.
166 2365 225 2394 cap.
238 2361 264 2390 8.
277 2356 320 2386 his
333 2357 424 2388 verbis
433 2380 442 2393 ,
462 2358 516 2387 Hic
524 2357 626 2388 Cimon
638 2357 784 2387 Cleonaeus
794 2357 961 2394 catagrapha
973 2358 1096 2392 invenit,
1118 2359 1174 2388 hoc

3 2400 5 2407 ¹
53 2393 385 2432 estobliquasimagines,
406 2398 432 2427 δι
449 2396 524 2426 varie
539 2396 658 2426 formare
674 2395 785 2430 vultus,
807 2394 985 2432 respicientes
996 2417 1004 2430 ,
1025 2394 1176 2434 suspicien-

0 2443 5 2462 .·
54 2431 125 2462 tesve
137 2454 145 2467 ,
166 2433 192 2461 δι
202 2432 397 2471 despicientes.

0 2480 2 2486 ⁸
22 2468 93 2501 ΒΜ·
102 2480 122 2500 A
123 2480 150 2538 (c
159 2480 176 2499 a
185 2481 205 2537 ‘l
214 2480 229 2499 1²
237 2480 258 2499 H
268 2481 285 2499 u
294 2480 306 2500 s
314 2493 322 2507 ‚
344 2481 360 2501 a
371 2492 381 2508 ,
404 2481 462 2502 um.
484 2468 707 2509 [καέίγρριφῶι]
734 2470 870 2509 Βερίέὶυε
883 2492 892 2505 ,
919 2471 1033 2509 Ρυηέὶίε
1048 2476 1172 2503 notatus.

55 2513 85 2539 ut
134 2508 193 2538 ‘atu
207 2531 212 2538 .
224 2517 268 2538 21.
301 2531 308 2538 .

95 2529 102 2546 ²
141 2546 264 2576 Remitte
274 2518 390 2585 p⁷allium
401 2547 472 2577 mihi
482 2555 577 2577 meum
586 2567 594 2582 ,
616 2547 691 2585 quod
702 2545 829 2576 involasti
838 2568 846 2581 ‚

140 2584 344 2622 Sudariumque
353 2584 476 2615 setabum
485 2607 493 2621 ,
515 2585 751 2623 catagraphosque
761 2585 863 2622 thynos
876 2606 884 2620 ‚

142 2622 240 2660 {nepte
252 2644 259 2659 ‚
284 2631 345 2660 quae
357 2622 451 2661 palam
466 2623 537 2653 soles
548 2623 651 2652 habere
665 2631 799 2659 tanquam
811 2623 892 2651 avita.

23 2658 122 2690 CATA
133 2670 151 2689 G
160 2671 179 2689 u
187 2670 199 2690 s
207 2670 227 2689 A
237 2683 245 2696 ,
267 2671 298 2690 ae.
320 2661 339 2690 f.
361 2661 546 2691 Simulacrum
558 2662 700 2698 quoddam
712 2670 747 2690 ex
756 2670 808 2689 aere
819 2670 834 2689 a
845 2659 979 2689 Praxitele
990 2658 1122 2696 effi&um‚
1136 2661 1172 2693 de

54 2704 107 2734 quo
118 2697 154 2728 sic
166 2698 233 2727 Plin.
245 2698 293 2728 lib.
309 2707 351 2735 34.
366 2708 427 2737 cap.
440 2705 466 2734 8.
487 2700 638 2730 Praxiteles
654 2708 765 2736 quoque
775 2708 912 2727 marmore
922 2697 1030 2727 felicior
1042 2708 1048 2727 :
1069 2699 1133 2728 ideo
1144 2703 1172 2731 δι

51 2734 149 2766 clarior
156 2736 217 2766 fuit.
258 2736 335 2767 Fecit
343 2744 437 2766 tamen
445 2747 480 2767 ex
492 2746 544 2766 aere
550 2737 737 2775 pulcherrima
749 2745 851 2773 opera:
876 2735 1040 2774 Proserpinae
1050 2744 1170 2774 raptum,

53 2773 118 2803 item
138 2774 288 2813 Catagusan
300 2797 308 2811 ‚
331 2776 356 2804 δε
371 2774 556 2810 Ebrietatem,
579 2777 605 2806 Sc
621 2775 749 2804 Liberum
787 2780 873 2803 atrem
884 2796 891 2808 ,
914 2775 965 2804 &e
998 2775 1051 2804 Sed
1063 2785 1123 2812 quae
1133 2776 1172 2806 est

51 2810 163 2842 obsecro
173 2813 221 2842 ista
232 2812 388 2850 Catagusa‘?
410 2820 503 2843 utrum
514 2823 575 2850 quae
584 2813 681 2843 lunam
691 2785 833 2842 venesiciis
849 2814 874 2841 ἃ
886 2812 1063 2842 cantionibus
1083 2813 1171 2844 dedu-

53 2849 111 2879 εἰεί)
132 2860 168 2880 an
179 2851 272 2888 potius
281 2860 341 2888 qua>
352 2850 435 2888 pensa
447 2851 572 2886 deducit,
587 2851 662 2881 unde
674 2853 699 2881 &
710 2850 838 2883 &ww-e»
847 2851 861 2878 Ἴ
882 2850 937 2879 hoc
952 2850 1086 2888 posterius
1094 2853 1171 2888 equi-

52 2886 116 2916 dem
125 2889 160 2918 ad
173 2889 317 2918 veritatem
332 2889 494 2926 propensius
513 2889 690 2919 crediderim.
712 2888 870 2918 Turnebus.
914 2888 1066 2924 [Cererem
1084 2890 1169 2920 Hard.

51 2925 198 2963 exposuit,
219 2936 279 2964 quae
288 2933 392 2965 raptam
402 2927 591 2965 Proserpinam
605 2928 722 2956 domum
736 2926 890 2955 reduceret.
932 2926 987 2955 Sed
1000 2925 1103 2957 Plinius
1121 2938 1171 2957 no-

0 2984 5 3002 .
52 2962 178 2993 minatim
194 2974 210 2994 a
234 2964 401 3003 Proserpinae
422 2965 586 2995 simulachro
599 2964 751 3002 distinguit.
793 2964 870 2999 Quid
888 2962 906 2992 fi
917 2962 1075 2997 κκῶιλγέων
1084 2987 1092 3000 ,
1113 2966 1130 2995 i.
1143 2976 1168 2996 e.

0 3009 13 3030 1¹..
46 2998 134 3033 Valde
146 3001 312 3032 dolentem?
333 3003 420 3040 Quod
431 3013 486 3041 quo
502 3003 642 3033 difficilius
653 3012 705 3032 aere
718 3002 884 3040 exprimitur
895 3023 903 3035 ,
924 3011 958 3031 eo
970 3001 1033 3039 plus
1044 3003 1109 3032 artis
1120 3004 1168 3034 est.

43 3042 262 3076 ‚Ak‘rAnssc‘i-A,
282 3050 374 3071 orum.
394 3051 422 3070 n.
443 3041 482 3079 pl.
504 3039 699 3078 [amalamu]
730 3047 777 3076 ut,
799 3039 938 3069 catalecta
954 3040 1089 3071 Maronis.
1120 3043 1172 3071 Au.

0 3084 5 3107 ι
41 3075 111 3107 ὶἴου.
123 3077 212 3116 Edyll.
225 3088 267 3108 12.
282 3079 432 3109 Grammat.
441 3089 466 3109 v.
482 3090 506 3114 5.

0 3125 2 3134 ¹
76 3123 122 3144 ΤΛ
131 3127 148 3144 1„
159 3125 224 3145 aer
232 3127 241 3145 1
251 3126 269 3146 c
279 3126 298 3145 υ
307 3126 319 3146 s
331 3138 339 3152 ‚
360 3127 376 3146 a
387 3138 396 3151 ,
417 3126 475 3146 um.
498 3116 723 3152 [κατιληκπκὶς]
751 3114 950 3145 ΟετειΙεῑΊίουῐη
967 3121 1087 3146 metrum
1103 3116 1172 3147 dici-

0 3169 2 3178 ι
52 3157 112 3190 mr,
133 3153 185 3184 Cui
197 3164 252 3184 una
262 3161 372 3184 tantum
382 3155 458 3184 deest
467 3154 569 3192 syllaba
579 3176 588 3190 ,
610 3160 640 3184 ut
650 3153 725 3191 apud
738 3153 804 3183 Hor.
816 3163 842 3182 2.
855 3153 945 3183 Carni.
961 3159 1001 3187 18.
1012 3163 1038 3197 ᾳ.

140 3191 208 3221 Mea
223 3192 332 3222 renidet
342 3193 372 3221 in
384 3193 471 3222 domo
482 3193 603 3222 lacunar.
644 3192 689 3222 Est
700 3192 776 3220 enim
786 3191 925 3221 senarium
936 3191 1091 3221 iambicum
1110 3202 1171 3231 per.

2 3240 5 3255 2
51 3226 153 3259 fectum
161 3239 216 3260 una
226 3229 328 3268 syllaba
339 3231 440 3260 minus.
463 3241 479 3260 a
490 3231 617 3265 κοιπιλήγυ
629 3252 638 3265 ,
661 3229 771 3259 Desin0.

0 3278 12 3295 ,·
47 3275 271 3304 ATALEPSis,
290 3269 323 3298 is.
344 3268 363 3297 f.
385 3266 580 3304 [κκτοὶληψκ]
601 3267 751 3306 Cognitio,
773 3266 927 3304 perceptio,
946 3266 1168 3304 comprehenfio.

0 3323 2 3331 i
51 3302 109 3334 Cic.
119 3313 144 3342 3.
156 3305 191 3335 de
203 3305 262 3336 Fin.
275 3317 320 3342 49.
343 3305 525 3343 Cognitiones
541 3313 635 3336 autem
646 3327 653 3340 ,
675 3306 721 3336 vel
735 3305 752 3334 si
765 3305 824 3334 haec
842 3304 927 3334 verba
942 3310 989 3334 aut
1008 3305 1101 3336 minus
1112 3306 1172 3345 pla.

52 3346 133 3379 cent,
151 3349 200 3373 aut
209 3344 302 3374 minus
314 3344 509 3382 intelliguntur
520 3366 529 3380 ,
550 3341 707 3377 καταλήψεες
718 3342 893 3381 appellemus
908 3342 983 3372 licet.

52 3377 96 3409 Est
104 3381 130 3410 δι
144 3379 294 3419 Catalepsis
302 3404 310 3417 ,
331 3382 439 3412 Malum
452 3393 468 3412 e
478 3382 639 3412 vehementi
650 3381 755 3411 cerebri
767 3380 973 3418 refrigeratione
985 3390 1049 3410 curn
1067 3381 1172 3412 siccita-

8 3415 16 3442 ἶ
69 3424 152 3486 fficia-
165 3429 220 3456 quo
231 3420 344 3450 somnus
354 3420 540 3458 profundior,
560 3430 643 3458 quani
653 3419 707 3449 fert
726 3424 840 3455 natura,
862 3417 998 3454 nascitur,
1019 3418 1169 3458 lethargus.

131 3466 200 3487 rian.

0 3505 2 3514 v
45 3501 282 3531 ATALEPTUM,
304 3495 321 3524 i.
341 3505 368 3525 n.
392 3492 594 3532 [κατάληπῧν]
615 3495 672 3525 Lat.
685 3492 952 3532 Comprehensibile.
974 3493 1033 3523 Cic.
1046 3503 1069 3524 1.
1082 3494 1167 3526 Acad.

53 3538 96 3566 40.
132 3531 195 3562 Visis
206 3542 263 3562 non
271 3533 402 3563 omnibus
412 3533 583 3572 adiungebat
592 3533 676 3563 fidem
687 3555 695 3568 ,
715 3533 764 3562 sed
777 3533 818 3561 his
830 3531 930 3566 solum,
953 3542 1012 3568 quae
1023 3533 1168 3570 propriam

51 3569 186 3606 quandam
197 3571 332 3600 haberent
341 3571 559 3601 declarationem
573 3581 668 3601 earum
680 3580 771 3600 rerum
787 3579 847 3607 quae
866 3569 1036 3599 viderentur.
1073 3570 1105 3600 ld
1121 3581 1170 3601 au-

51 3610 108 3636 tem
116 3607 202 3638 visum
214 3618 300 3646 quum
310 3609 401 3647 ipsum
412 3619 461 3648 per
472 3609 498 3639 se
510 3616 683 3644 cerneretur,
697 3606 954 3653 comprehensibile.
978 3607 1082 3637 Feretis
1093 3608 1169 3638 haec‘?

9 3647 26 3666 ‘›
51 3642 109 3674 Nos
117 3653 199 3681 vero,
220 3647 319 3684 inquit.
361 3648 493 3684 Quonam
509 3647 587 3677 enim
601 3647 687 3676 modo
706 3644 852 3676 κσῶιλκπῦι
872 3645 1001 3675 diceres?
1022 3644 1069 3674 sed
1081 3655 1168 3683 quum

1 3691 3 3695 ⁴
52 3689 196 3720 acceptum
206 3685 278 3720 jam,
299 3685 519 3723 &approbatum
530 3684 606 3720 esset,
628 3683 906 3723 comprehensionem
914 3682 1080 3721 appellabat,
1096 3684 1168 3714 simi-

52 3717 107 3749 lem
115 3721 148 3750 iis
156 3722 246 3757 rebus,
260 3732 321 3760 quae
328 3733 413 3753 manu
422 3723 635 3761 prenderentur,
656 3732 691 3752 ex
703 3732 758 3759 quo
768 3721 852 3751 etiam
859 3730 962 3749 nomen
976 3720 1031 3750 hoc
1039 3721 1164 3752 duxerat.

33 3754 226 3789 :Auream
237 3770 266 3795 s,
286 3761 304 3790 i.
326 3771 362 3791 m.
384 3758 588 3798 [unanimes]
610 3761 707 3790 Oratio
723 3760 776 3789 sive
795 3758 883 3788 sermo
902 3758 1018 3795 alicuius
1034 3760 1074 3789 tei
1093 3761 1170 3790 ordi.

53 3802 116 3825 nem
126 3806 158 3826 ac
167 3797 372 3834 dispositionem
383 3799 541 3828 continens.
562 3798 647 3828 Plaut.
659 3798 718 3828 Mil.
732 3807 756 3833 3.
771 3807 793 3826 1.
808 3807 833 3831 9.

141 3835 169 3864 Si
180 3836 270 3864 minus
280 3846 343 3865 cum
353 3847 426 3870 cura,
448 3843 495 3866 aut
504 3836 632 3874 catalogo
642 3835 776 3873 loquendi
787 3834 891 3864 leetum
901 3833 956 3864 siet.

53 3866 119 3901 Cata
134 3871 220 3909 logon
227 3872 327 3909 divise,
347 3884 382 3903 ex
394 3875 490 3904 Graeco
499 3871 559 3905 aa&
570 3878 646 3909 λόῃεν.
668 3874 715 3903 alii
725 3873 813 3903 aliter.
993 3905 996 3907 ,

54 3905 177 3947 catalogi
187 3932 195 3944 ,
217 3912 394 3948 [κα-καλάνι]
419 3913 484 3942 dicti
494 3912 557 3942 sunt
567 3912 724 3941 aRomanis
738 3933 745 3945 ,
766 3909 873 3940 Milites
888 3910 936 3946 qui
951 3909 1065 3940 militari
1083 3910 1168 3941 sacra-

71 3955 165 3978 mento
183 3949 210 3979 &
224 3950 335 3979 muneri
346 3951 469 3987 addicti,
489 3950 520 3980 in
538 3951 681 3987 juniorum
699 3948 801 3981 tabulis
821 3946 1063 3980 adscribebantur:
1094 3949 1168 3988 quasi

1053 3834 1166 3866 Salmas.

1589 126 1870 162 CAT
2322 147 2390 180 453

1295 205 1425 237 Delet‘tos
1436 207 1518 237 dicas.
1559 208 1644 238 Vetus
1663 209 1738 237 enim
1748 208 1928 237 constitutum
1952 216 2010 239 erat
2021 209 2083 239 illos
2101 216 2136 240 ei<
2148 216 2390 250 corporishabitu-

1295 244 1362 273 dine
1373 267 1381 279 ,
1403 246 1420 274 si
1432 247 1489 283 apti
1503 245 1607 274 militiae
1618 268 1625 279 ,
1645 246 1662 274 si
1674 245 1730 275 luto
1746 248 1857 283 pectore
1868 269 1875 281 ,
1892 247 1908 274 si
1921 248 2029 276 cervice
2043 250 2147 283 erecta,
2170 251 2187 279 si
2198 252 2281 282 fortes
2292 256 2316 283 Sc
2329 255 2389 284 stre-

1295 284 1343 310 nui
1355 304 1363 316 ,
1388 292 1447 319 qua:
1462 283 1567 320 species
1579 305 1586 317 ,
1608 283 1748 320 qualisque
1763 284 1839 320 vigor
1853 306 1860 318 ,
1882 286 1908 313 ἃ
1934 286 2007 321 quod
2027 286 2109 314 robur
2124 289 2221 317 virium
2237 290 2326 327 foret,
2349 293 2389 320 in.

1297 320 1467 354 ternoscere,
1490 328 1520 349 ut
1542 321 1651 350 illorum
1669 322 1733 350 lorti
1753 321 1884 359 fidelique
1902 331 1987 359 opera
2006 323 2136 360 Respubl.
2157 325 2196 354 uti
2213 327 2309 364 posset.
2350 330 2390 359 Ex

1297 356 1486 386 Alex.(3enial.
1501 359 1547 387 lib.
1565 368 1586 387 i.
1599 368 1658 396 cap.
1669 369 1713 388 20.
2113 361 2115 363 ’

1240 392 1262 421 C
1273 402 1291 421 A
1301 403 1320 421 T
1332 404 1351 422 A
1361 404 1403 423 μγ
1412 405 1424 423 s
1436 406 1443 423 1
1455 405 1466 424 s
1478 417 1486 430 ‚
1506 394 1678 431 [nyss-Azouis]
1700 396 1796 425 Latine
1807 396 1953 428 Dissolutio
1968 397 2077 427 dicitur.

1239 431 1261 460 C
1272 440 1290 459 A
1299 440 1319 458 τ
1328 441 1347 459 A
1357 442 1376 459 Μ
1386 436 1397 461 ῑ
1409 443 1425 460 n
1436 444 1444 460 1
1455 443 1471 461 Α
1483 443 1498 461 R
1508 443 1521 462 g
1534 455 1541 467 ‚
1567 431 1770 470 [χωὶἑμειδδᾷν]
1791 434 1885 463 Graeca
1900 435 1986 464 dictio
1997 458 2005 471 ,
2026 445 2087 472 quae
2110 436 2241 467 Deridere
2261 439 2393 477 significat

1275 468 1437 505 Spartianus
1448 470 1482 498 de
1501 471 1743 500 constitutionibus
1757 471 1887 500 Hadriani
1907 472 2024 509 loquens
2035 495 2043 508 ,
2064 484 2124 511 cap.
2139 481 2179 508 18.
2194 482 2261 506 extr.
2304 478 2393 508 Deco.

1277 507 1366 535 riores
1377 506 1513 536 bonorum
1523 506 1649 542 suorum,
1673 509 1750 538 lisuae
1763 511 1934 539 auctoritatis
1945 510 2041 544 essent.
2062 513 2230 542 cataniidiari
2246 515 2274 543 in
2288 517 2393 553 amphi-

1276 543 1402 578 theatro,
1424 546 1449 573 ἂ
1465 545 1567 573 dimitti
1579 545 1659 580 jussit.
1702 547 1720 575 i.
1737 556 1760 574 e.
1786 547 1961 577 Deridendos
1973 550 2102 578 omnibus
2119 561 2162 579 ππ
2173 552 2308 581 theutrum
2324 564 2392 591 pra>

1276 580 1342 609 beri.
1385 582 1404 610 A
1421 582 1506 610 verbo
1523 582 1619 611 Graeco
1632 581 1787 618 κφῗῖιμειδδῶ,
1809 586 1884 620 quod
1903 585 2029 614 deridere
2041 608 2048 619 ,
2071 560 2231 617 &ludibrio
2245 590 2343 619 habere
2362 591 2392 620 si-

1276 618 1405 660 gnificat:
1427 626 1458 648 ut
1469 620 1496 647 id
1509 621 1713 657 propemodum
1726 621 1839 650 ludibrii
1858 633 1944 658 =genus
1959 624 2013 652 esse
2024 623 2142 662 suspicer
2155 648 2163 660 ,
2185 637 2238 662 quo
2253 628 2392 664 polyuanii

1275 656 1450 691 afficiuntur,
1476 657 1503 685 id
1521 658 1558 685 est
1575 659 1620 692 qui
1642 658 1735 687 multis
1747 661 1880 689 uxoribus
1896 661 2048 690 abutuntur
2061 684 2068 696 ,
2091 673 2175 699 quum
2196 663 2343 694 mit-bellati
2364 667 2393 696 in

1274 692 1389 723 scalario
1408 693 1531 731 suggestu
1550 694 1716 724 lascivientis
1735 696 1890 732 plebeculie
1912 698 2086 728 scurrilitates
2110 700 2242 731 obaudire
2264 704 2393 740 perfriela

1275 730 1366 760 fronte
1379 731 1413 760 ad
1429 731 1535 767 aliquot
1546 732 1625 761 horas
1635 740 1779 769 coguntur.
1802 735 1924 763 mid->mre
1937 737 1964 764 id
1982 737 2132 774 aipellant.
2174 740 2224 768 Cui
2247 750 2302 769 non
2321 742 2393 771 diffi-

1274 768 1341 797 mile
1351 769 1389 798 est
1399 768 1468 798 illud
1480 769 1714 805 quod'sraducere
1727 770 1821 801 Latine
1834 773 1943 803 dicitur.
1954 774 1999 803 Ser
2018 775 2163 805 doctorum
2176 777 2299 814 plerique
2312 779 2394 809 Cato.

1275 806 1393 872 Ἧ-ἰὲἰεῆῐε
1404 813 1555 844 reponunt.
1578 807 1609 836 V.
1633 808 1716 836 etiam
1730 808 1835 839 l’etron.
1847 820 1908 847 cap.
1924 820 1982 847 ¹3²-
1999 813 2093 850 ibique
2101 813 2191 843 Burni.
2206 817 2230 845 ἃ
2243 816 2351 847 Salmas.
2364 819 2394 848 iri

1305 854 1311 872 ι
1338 867 1343 872 .
1381 854 1396 872 υ
1420 867 1425 873 .
1451 854 1469 873 3.
1501 850 1526 878 8.

1237 879 1260 910 C
1270 883 1287 910 A
1296 884 1338 910 vrii
1349 893 1366 910 M
1377 854 1416 910 is
1426 853 1464 911 uls
1476 856 1497 916 ,⁴
1507 883 1523 911 i.
1536 891 1573 911 m.
1596 879 1740 918 [m'gvffffi]
1764 884 1831 912 Puer
1841 885 1997 915 meritorius
2008 908 2016 922 ‚
2038 897 2093 924 quo
2106 889 2168 925 quis
2180 890 2309 921 abutitur.
2331 892 2391 923 Cic.

1275 928 1300 948 2.
1319 918 1437 957 Philipp.
1450 929 1495 955 77.
1529 920 1555 948 O
1577 919 1723 949 hominem
1746 923 1880 957 nequam!
1910 923 1976 958 quid
1988 925 2063 954 enim
2077 926 2152 956 aliud
2171 927 2286 958 dicam?
2307 931 2394 966 magis

1273 957 1384 994 proprie
1397 957 1469 986 nihil
1480 957 1587 995 possum
1597 957 1698 986 dicere.
1739 958 1809 995 Ergo
1820 967 1884 988 utte
1894 962 2055 991 catamitum
2070 971 2160 999 neque
2175 967 2288 1002 opinato
2308 978 2394 1005 quum

1273 994 1451 1038 ostendisses.
1475 1004 1573 1034 praeter
1584 994 1660 1032 spem
1671 995 1769 1024 mulier
1781 996 1923 1034 aspiceret,
1945 1000 2067 1036 idcirco,
2083 1002 2134 1030 Sec.
2158 1003 2256 1033 Auson.
2270 1005 2305 1034 de
2315 1006 2397 1036 Glau-

1272 1042 1315 1063 cia
1324 1039 1472 1062 immatura
1483 1040 1572 1062 morte
1588 1040 1730 1070 praevento
1743 1055 1751 1067 ,

1354 1071 1406 1099 Aut
1417 1070 1493 1106 Jovis
1509 1070 1589 1108 Elysii
1606 1077 1636 1099 tu
1648 1072 1796 1100 catamitus
1813 1072 1875 1101 eris.
2286 1104 2287 1107 ,

1273 1107 1503 1176 Cgctaffiiitunhpro
1515 1109 1677 1147 Ganymede
1688 1109 1839 1145 dixerunt,
1862 1110 1969 1146 quisuit
1979 1109 2054 1146 Jovis
2064 1114 2248 1145 concubinus.
2288 1116 2392 1149 Festus.

1365 1154 1419 1176 aut.
1465 1156 1508 1176 en.
1527 1157 1549 1176 i.
1565 1156 1590 1176 2.
1623 1158 1648 1181 4.

1292 1184 1434 1219 Quaeritur
1444 1185 1520 1214 unde
1531 1155 1646 1214 dicatiir.
1669 1184 1828 1223 Catamytus
1847 1186 1923 1223 apud
1938 1186 2097 1224 Erasmum,
2120 1199 2214 1229 cumy
2237 1192 2264 1220 in
2286 1203 2398 1230 prover-

1312 1222 1494 1261 bioJuppiter
1508 1222 1629 1260 aquilam
1648 1223 1760 1260 delegit.
1782 1224 1858 1261 apud
1871 1222 1950 1261 Desp.
1967 1225 1995 1253 in
2010 1225 2103 1256 Versis.
2120 1228 2140 1264 §.
2155 1239 2200 1263 41.
2223 1229 2397 1262 Catamirhus

1309 1270 1374 1290 cum
1388 1262 1396 1287 i
1408 1270 1459 1290 nro
1471 1283 1478 1295 ,
1501 1262 1526 1290 δι
1540 1261 1568 1288 th
1587 1260 1703 1298 aspirata
1713 1262 1743 1290 in
1753 1260 1851 1290 ultima
1860 1261 1979 1299 Syllaba.
2004 1263 2072 1292 Puer
2082 1274 2137 1300 quo
2151 1267 2209 1303 quis
2220 1267 2341 1298 abutitur
2354 1292 2359 1300 ,
2381 1280 2399 1299 a.

1309 1301 1380 1325 eata
1393 1320 1400 1333 ,
1420 1298 1450 1327 id
1461 1298 1498 1327 est
1505 1298 1558 1365 go
1570 1320 1578 1334 ‚
1601 1300 1626 1328 ὃς
1649 1298 1744 1326 mithon
1756 1300 1878 1337 pretium
1889 1321 1896 1334 ‚
1919 1300 1991 1336 quasi
2003 1300 2052 1330 Pro
2062 1304 2152 1338 pretio
2164 1325 2172 1339 ‚
2193 1305 2237 1333 vel
2255 1307 2395 1337 mercede.

1312 1336 1389 1372 Quid
1402 1336 1419 1365 si
1431 1337 1502 1366 inter
1557 1336 1761 1373 dicamusesse,
1782 1347 1832 1374 pro
1844 1338 2037 1369 Catamisthus.
2059 1340 2104 1371 Sic
2115 1343 2262 1373 conveniet
2276 1353 2339 1374 cuni
2350 1355 2396 1381 eo,

1312 1375 1388 1411 quod
1401 1375 1502 1404 dicitur
1514 1374 1583 1404 Puer
1592 1375 1757 1404 meritorius.
1780 1375 1851 1404 Vide
1863 1376 1889 1404 ἃ
1902 1386 1923 1404 M
1934 1385 1947 1405 ii
1956 1386 1972 1404 R
1982 1385 1997 1405 a
2006 1386 2105 1407 Tarii.
2118 1378 2153 1409 H.
2164 1380 2203 1409 St.

1237 1411 1260 1441 C
1272 1421 1291 1441 A
1301 1421 1320 1440 τ
1329 1422 1349 1441 A
1359 1424 1380 1442 M
1388 1422 1403 1441 P
1412 1421 1429 1442 0
1438 1435 1445 1449 ‚
1469 1413 1562 1442 Genus
1570 1413 1609 1442 est
1619 1411 1692 1441 lusus
1701 1435 1708 1448 ‚
1729 1414 1843 1442 audiore
1854 1413 1940 1443 Festo.

1236 1450 1287 1480 CA
1297 1460 1315 1478 ‘r
1325 1453 1342 1479 A
1353 1460 1373 1479 N
1383 1460 1402 1480 A
1414 1472 1422 1486 ,
1446 1460 1478 1480 ae.
1500 1450 1519 1480 f.
1541 1448 1684 1486 [Κατάνῃ]
1704 1450 1804 1480 Siciliae
1825 1451 1963 1488 oppidum
1979 1451 2018 1481 est
2027 1453 2103 1490 apud
2114 1453 2182 1483 Plin.
2193 1454 2242 1485 lib.
2254 1464 2279 1492 3.
2296 1465 2357 1494 cap.
2370 1468 2395 1494 ς.

1273 1488 1316 1517 Est
1327 1490 1352 1518 St
1367 1488 1464 1518 Catina
1474 1490 1502 1517 in
1514 1487 1623 1523 Sicilia,
1645 1488 1679 1517 ab
1690 1488 1742 1518 hac
1754 1487 1930 1519 Cannenses:
1953 1489 1987 1518 ab
1998 1489 2045 1519 illa
2053 1490 2174 1521 Catanaei
2189 1494 2214 1523 Sc
2228 1494 2396 1525 Catanenses

1273 1526 1350 1556 dieti.
1394 1525 1556 1556 Hermolaus
1577 1526 1653 1564 apud
1667 1526 1786 1556 Plinium
1804 1529 1888 1556 unam
1906 1526 2037 1565 intelligit
2051 1550 2059 1564 ‚
2081 1539 2142 1566 quie
2161 1531 2263 1561 Graecis
2284 1533 2399 1569 quidem

1271 1564 1444 1601 frequentius
1466 1565 1584 1600 Catana,
1607 1563 1710 1594 Latinis
1727 1564 1785 1595 fere
1806 1564 1905 1595 Catina
1926 1565 2037 1595 dicitur.
2080 1567 2112 1597 V.
2140 1568 2212 1598 infra
2222 1570 2251 1598 in
2274 1570 2399 1600 dictione

1274 1611 1291 1631 c
1301 1612 1319 1630 A
1330 1612 1349 1630 ‘r
1360 1613 1369 1630 1
1379 1612 1399 1631 Ν
1411 1613 1439 1632 A.

1234 1637 1470 1707 ’(ὶὶτΑῧωιειὲἑ,
1492 1650 1525 1676 a,
1547 1649 1604 1669 um.
1628 1639 1826 1676 [κατανοέῖῶυ]
1847 1641 1909 1677 Adj.
1929 1647 1980 1678 ut,
2000 1641 2108 1673 Fratres
2126 1642 2265 1681 Catanaei,
2287 1645 2323 1675 de
2341 1647 2400 1684 qui.

1294 1688 1324 1707 us
1371 1701 1376 1706 .
1399 1689 1407 1707 i
1430 1689 1437 1707 1
1461 1701 1467 1708 .

1233 1714 1257 1745 C
1267 1725 1315 1744 A'r
1324 1725 1343 1744 A
1354 1726 1374 1744 N
1383 1726 1402 1745 A
1414 1726 1434 1745 N
1444 1725 1461 1745 c
1470 1725 1483 1745 a
1494 1738 1502 1751 ,
1524 1725 1562 1745 es.
1586 1714 1604 1744 f.
1625 1712 1791 1751 [κφῶινάνκη
1811 1715 1991 1751 Bloscoridi]
2012 1715 2106 1747 Herba
2122 1719 2161 1748 est
2171 1741 2179 1754 ‚
2203 1729 2256 1755 qua
2268 1721 2303 1750 ad
2323 1731 2398 1751 amo.

1273 1763 1335 1783 rum
1348 1754 1483 1784 veneficia
1493 1752 1630 1783 Thessalae
1642 1753 1771 1783 mulieres
1784 1754 1931 1784 utebantur
1944 1764 1951 1784 ε
1974 1755 2050 1784 unde
2065 1757 2091 1786 Sc
2107 1756 2263 1787 Thessalam
2285 1759 2398 1790 herbam

1271 1791 1402 1821 nonnulli
1414 1791 1599 1830 appellarunt.
1642 1791 1706 1825 Eius
1718 1792 1774 1820 duo
1786 1791 1848 1821 sunt
1858 1802 1967 1829 genera.
1997 1791 2119 1824 Alterum
2130 1793 2198 1824 solia
2209 1796 2291 1825 habet
2302 1796 2394 1834 longa,

1270 1831 1390 1859 cornicis
1402 1832 1468 1868 pedi
1484 1829 1582 1859 similia
1595 1851 1602 1863 ‚
1627 1830 1749 1859 radicem
1764 1830 1895 1867 gracilem
1908 1852 1915 1865 ,
1937 1831 2142 1870 junceamque:
2165 1834 2284 1871 capitula
2304 1842 2398 1866 autem

1271 1867 1317 1896 sex
1330 1876 1377 1897 aut
1388 1868 1493 1906 septeni
1506 1890 1513 1903 ‚
1535 1869 1563 1896 in
1578 1867 1680 1904 quibus
1695 1877 1760 1896 ervo
1780 1867 1868 1897 simile
1885 1868 1980 1898 semen
1992 1869 2031 1898 est
2043 1891 2051 1905 ‚
2073 1870 2149 1908 quod
2163 1881 2247 1907 quum
2263 1872 2376 1902 siccatur
2387 1895 2397 1908 ‚

1272 1906 1307 1935 ad
1319 1906 1440 1943 speciem
1453 1906 1588 1943 unguium
1601 1905 1753 1934 exanimati
1765 1905 1843 1935 milvi
1859 1907 2041 1937 contrahitur.
2081 1908 2204 1940 Alterum
2223 1911 2315 1946 exigui
2331 1911 2398 1942 muli

1272 1945 1494 1981 magnitudinem
1508 1944 1591 1972 habet
1601 1965 1609 1978 ,
1630 1943 1753 1973 radicem
1766 1951 1861 1973 autem
1871 1945 2012 1983 exiguam,
2035 1944 2116 1975 olivae
2125 1948 2333 1983 magnitudine:
2357 1950 2400 1978 fo-

1270 1981 1307 2010 lia
1316 1990 1409 2011 autem
1418 1981 1503 2019 figura
1514 1980 1665 2018 coloreque
1677 1980 1796 2018 oleagini
1806 1981 1912 2011 similia.
1956 1982 2089 2013 Posterius
2107 1985 2160 2013 hoc
2172 1995 2258 2022 genus
2270 1986 2398 2016 Officinae

1271 2020 1400 2055 Bistonum
1415 2019 1601 2057 appellarunt.
1642 2019 1715 2048 Nam
1729 2019 1854 2058 superius
1874 2019 2009 2051 herbariis
2033 2022 2131 2052 nostris
2157 2024 2195 2052 est
2211 2023 2398 2062 incognitum.

1271 2057 1303 2087 V.
1328 2057 1396 2087 Pli'n.
1415 2066 1458 2095 27.
1474 2063 1498 2092 8.
1523 2056 1614 2087 mose.
1632 2068 1657 2091 4.
1674 2066 1736 2093 134.
2203 2088 2205 2090 ,

1232 2095 1256 2126 C
1267 2106 1314 2124 A>r
1324 2105 1414 2125 Aoni
1424 2106 1443 2124 A
1456 2118 1464 2130 ,
1487 2105 1516 2124 ir.
1539 2094 1557 2124 f.
1580 2093 1743 2131 [Koeswt'ae]
1772 2094 1959 2133 Cappadociae
1979 2106 2041 2133 pars
2061 2095 2228 2135 Comagenae
2244 2105 2377 2136 praetenta
2388 2122 2397 2136 ,

1273 2133 1559 2171 Halyarnneirrigara.
1587 2134 1687 2162 Auctor
1698 2132 1767 2162 Plin.
1780 2133 1829 2162 lib.
1842 2137 1868 2163 6.
1881 2144 1941 2172 cap.
1956 2143 1983 2164 2.
1996 2136 2022 2165 ἃ
2036 2144 2058 2170 3.
2071 2137 2096 2165 ἃ
2110 2136 2182 2165 Neu.
2199 2146 2239 2169 14-
2253 2147 2278 2171 4.
2295 2147 2316 2166 i.

1233 2171 1257 2202 C
1266 2182 1285 2201 A
1295 2182 1313 2200 τ
1325 2182 1341 2199 A
1352 2182 1365 2200 [ι
1375 2175 1392 2200 A
1404 2182 1424 2200 N
1435 2181 1452 2200 u
1463 2181 1474 2200 s
1485 2193 1492 2206 ,
1515 2172 1533 2200 i.
1553 2180 1589 2200 m.
1613 2168 1812 2206 [κωπήνῶ]
1834 2172 1947 2202 Nomen
1959 2173 2092 2210 praefeffl,
2105 2173 2177 2203 missi
2188 2173 2254 2202 olim
2267 2185 2282 2202 a
2294 2175 2400 2211 Byzan.

1272 2209 1560 2248 tini-siniperatoribus
1571 2209 1600 2237 in
1611 2208 1738 2245 Apuliam
1748 2210 1774 2238 δε
1784 2209 1943 2239 Calabriam
1954 2232 1962 2245 ,
1987 2217 2019 2239 ut
2032 2211 2088 2245 ibi,
2112 2222 2171 2247 quae
2185 2212 2224 2241 sui
2240 2211 2329 2242 essent
2347 2215 2398 2242 ini-

1271 2248 1360 2286 perii,
1380 2246 1588 2314 adminiistiaret.
1633 2246 1662 2276 V.
1685 2246 1781 2284 Sigon.
1793 2246 1843 2278 lib.
1858 2254 1884 2283 8.
1906 2248 1996 2286 Regni
2007 2248 2225 2280 Ital.&Reines.
2251 2250 2308 2281 Var.
2325 2251 2397 2282 Len.

1273 2295 1297 2322 3.
1314 2296 1335 2315 i.
1353 2293 1355 2295 ’
1376 2309 1381 2315 .
1397 2295 1459 2322 309.
1483 2294 1545 2322 eqq.

1233 2322 1256 2353 C
1266 2334 1283 2352 A
1294 2333 1314 2352 τ
1323 2334 1341 2352 A
1349 2296 1413 2353 1?ss
1424 2333 1442 2352 A
1451 2333 1463 2352 s
1472 2334 1492 2352 M
1505 2333 1521 2351 A
1531 2345 1539 2358 ,
1560 2322 1621 2352 atis.
1643 2331 1671 2351 n.
1693 2318 1927 2359 [κοιῖαπίτοιο-κςι]
1948 2323 2048 2354 Ve—lum
2059 2325 2137 2362 quod
2148 2333 2222 2355 arcet
2234 2325 2373 2364 aspectum
2384 2349 2394 2363 ,

1272 2372 1327 2398 quo
1341 2368 1417 2391 nunc
1427 2361 1556 2390 mulieres
1568 2361 1700 2390 nostrates
1712 2359 1782 2398 saepe
1792 2367 1916 2391 utuntur.
1956 2362 2075 2392 Ponit&
2087 2363 2141 2393 hoc
2155 2364 2228 2394 inter
2240 2365 2397 2394 Ornamen-

1270 2406 1299 2429 ta
1310 2399 1457 2429 muliebria
1471 2398 1567 2428 Pollux
1578 2398 1626 2427 lib.
1639 2408 1664 2435 7.
1680 2407 1745 2435 cap.¹
1757 2407 1801 2428 22.

1234 2438 1256 2468 C
1266 2448 1285 2466 A
1295 2447 1314 2466 T
1324 2448 1343 2466 A
1354 2448 1367 2466 r>
1377 2448 1397 2467 H
1407 2440 1423 2467 A
1434 2447 1452 2466 c
1461 2447 1475 2466 a
1484 2446 1496 2466 s
1510 2459 1517 2472 ,
1540 2446 1570 2466 ae.
1590 2446 1627 2465 m.
1659 2434 1849 2472 [κοιῶιφκγὶς]
1878 2436 1968 2467 Vorax
1980 2458 1989 2474 ,
2016 2437 2113 2469 heluo.
2141 2438 2249 2469 Petron.
2269 2449 2331 2478 cap.
2351 2450 2394 2477 39.

1274 2475 1305 2506 ln
1320 2475 1403 2505 leone
1411 2475 1569 2513 cataphagae
1577 2473 1734 2504 nascuntur.

1233 2513 1256 2543 C
1267 2523 1315 2543 AT
1326 2522 1367 2542 Ar>
1378 2523 1398 2543 H
1409 2524 1453 2542 ΚΑ
1462 2523 1479 2542 c
1488 2523 1507 2541 *r
1516 2522 1534 2541 u
1543 2522 1554 2541 s
1565 2534 1572 2547 ,
1593 2522 1624 2548 a,
1645 2521 1703 2541 um.
1746 2511 1985 2548 [xxvvicpgffixresa]
2017 2513 2243 2553 circumquaque
2262 2516 2394 2547 munitus.

1271 2550 1382 2587 φερέ-ἔθεεν
1397 2551 1474 2581 enim
1487 2550 1598 2580 munire
1617 2550 1663 2579 est.
1705 2549 1787 2579 Unde
1808 2549 1983 2588 Cataphracu
2001 2553 2108 2589 equites
2128 2554 2263 2589 (auctore
2281 2554 2394 2591 Servio)

1269 2590 1403 2618 dicuntur
1413 2589 1471 2626 Qui
1481 2589 1554 2618 ferro
1567 2588 1785 2625 circumquaque
1802 2589 1903 2619 muniti
1917 2588 1996 2624 sunt,
2019 2592 2045 2619 ἀ
2055 2599 2141 2628 equos
2153 2591 2274 2621 similiter
2287 2593 2324 2622 ita
2334 2602 2396 2621 mu-

1270 2628 1345 2656 nitos
1361 2627 1475 2656 habent.
1516 2626 1575 2656 Liv.
1587 2635 1630 2662 37.
1643 2635 1688 2661 42.
1718 2626 1851 2663 Equitum
1869 2627 2102 2658 innumerabilem
2115 2630 2172 2658 vim
2190 2630 2280 2666 trajici
2300 2630 2394 2660 Helle-

1268 2665 1369 2702 sponto
1381 2666 1410 2694 in
1421 2665 1578 2702 Europam,
1598 2664 1699 2702 partim
1714 2663 1861 2699 loricatos,
1884 2675 1953 2702 quos
1973 2666 2166 2703 cataphractos
2187 2674 2307 2703 vocant,
2333 2678 2395 2705 par-

1269 2705 1320 2732 tini
1333 2703 1435 2741 sagittis
1446 2712 1481 2732 ex
1499 2712 1572 2739 equo
1592 2708 1713 2731 utentes.
1754 2701 1787 2731 Et
1798 2711 1841 2738 37.
1854 2713 1900 2737 40.
1929 2702 1994 2733 Tria
2007 2704 2095 2733 millia
2108 2705 2234 2741 equitum
2252 2707 2393 2743 cataphra-

1268 2743 1388 2771 erorum.
1409 2740 1517 2771 Sallust.
1530 2740 1604 2778 apud
1616 2740 1692 2770 Non.
1706 2745 1748 2774 18.
1762 2745 1807 2774 28.
1831 2739 1944 2777 Equites
1955 2741 2123 2780 cataphracti
2134 2743 2222 2773 ferrea
2236 2744 2314 2773 omni
2332 2743 2392 2782 spe-

1269 2780 1320 2809 cie.
1363 2779 1394 2809 V.
1418 2778 1602 2808 Claudian.in
1612 2777 1714 2807 Ruffin.
1731 2787 1758 2807 2.
1772 2786 1835 2815 357.

1230 2817 1253 2848 C
1262 2828 1282 2847 A
1291 2827 1312 2846 T
1321 2827 1341 2846 A
1351 2827 1366 2846 i>
1375 2826 1397 2846 H
1407 2827 1423 2846 R
1433 2827 1452 2846 A
1465 2826 1481 2846 e
1489 2825 1509 2845 T
1519 2826 1538 2845 u
1546 2826 1558 2845 s
1569 2838 1576 2851 ‚
1598 2816 1638 2846 us.
1660 2825 1697 2845 m.
1719 2815 1820 2853 legitur
1830 2816 1906 2854 apud
1918 2816 2041 2856 Propert.
2053 2818 2102 2848 lib.
2113 2827 2137 2855 3.
2150 2826 2193 2848 12.
2208 2827 2250 2848 12.
2281 2819 2331 2849 nisi
2349 2821 2390 2850 lo-

1265 2865 1317 2886 cus
1325 2854 1475 2885 mendosus
1487 2854 1533 2883 sit:
1556 2854 1598 2883 his
1608 2853 1699 2883 verbis
1710 2876 1718 2889 ,

1345 2893 1424 2924 Neve
1434 2900 1481 2922 tua
1491 2892 1583 2922 Medae
1595 2892 1729 2921 linientur
1744 2892 1820 2922 caede
1836 2892 1954 2930 sagittae‚

1402 2931 1516 2961 Ferreus
1526 2937 1621 2960 aurato
1630 2940 1685 2959 neu
1696 2930 1889 2968 cataphradtus
1899 2940 1980 2968 equo,
2064 2930 2121 2961 Nisi
2132 2931 2202 2961 forte
2219 2932 2389 2968 adjectivum

1266 2968 1321 2998 esse
1331 2968 1411 2999 malis
1424 2991 1432 3005 ‚
1454 2968 1637 2998 &subaudias
1648 2967 1743 2998 Miles.
1780 2968 1834 3004 [Id
1849 2968 1905 2998 fine
1926 2968 2013 2998 dubio
2033 2970 2141 3005 verius,
2163 2969 2209 2998 sed
2223 2969 2388 3001 substantive

1287 3007 1395 3037 ositum.
1435 3006 1518 3036 Porro
1535 3006 1620 3044 priori
1632 3006 1708 3036 versu
1720 3005 1878 3042 Laetentur‚
1900 3006 2004 3036 deinde
2017 3007 2129 3049 Armato
2147 3017 2198 3045 pro
2210 3009 2308 3038 Aurato
2319 3008 2389 3047 legit

1265 3017 1376 3075 iiroekh.
1392 3054 1475 3082 quem
1487 3045 1605 3073 omnino
1617 3044 1653 3074 de
1665 3042 1854 3082 cataphraetis
1865 3045 1938 3074 vide.

1230 3082 1252 3113 C
1261 3093 1280 3111 A
1290 3092 1308 3111 T
1319 3092 1338 3111 A
1347 3093 1361 3111 P
1371 3092 1390 3111 H
1401 3093 1418 3111 a
1426 3093 1445 3111 A
1455 3092 1472 3111 c
1481 3092 1500 3111 'r
1509 3092 1528 3111 A
1537 3104 1545 3118 ‚
1567 3092 1598 3112 ae.
1629 3079 1840 3118 [ammedera]
1862 3083 1900 3112 est
1918 3081 2045 3120 Tegnien
2063 3081 2180 3112 linteum
2196 3083 2289 3113 ferreis
2310 3083 2387 3122 squa-

1265 3121 1318 3149 mis
1328 3121 1505 3156 consertum,
1532 3120 1609 3157 quod
1625 3120 1711 3149 modo
1730 3121 1847 3158 pectus,
1868 3120 1955 3150 modo
1977 3126 2068 3150 toturn
2089 3121 2233 3149 hominem
2254 3123 2279 3151 81
2293 3129 2384 3154 totum

1265 3167 1369 3195 equum
1381 3159 1481 3189 munit.
1504 3157 1600 3195 Veget.
1611 3159 1646 3187 de
1657 3158 1697 3187 Re
1706 3157 1787 3187 milit.
1803 3170 1823 3188 i.
1837 3168 1881 3187 20.
1903 3157 1941 3187 Ab
1955 3158 2027 3187 Urbe
2042 3158 2159 3187 condita
2173 3158 2300 3195 usquead
2312 3167 2384 3189 tem-

1264 3206 1316 3234 pus
1327 3197 1449 3226 Gratiani
1461 3198 1485 3226 ἀ
1497 3197 1681 3234 εᾱῖερὶπῑιξίὶε
1694 3197 1719 3226 8(
1729 3196 1813 3232 galeis
1829 3196 2007 3225 muniebatur
2016 3196 2147 3233 pedestris
2159 3197 2305 3226 exercitus.
2328 3198 2384 3228 Sed

1264 3243 1328 3263 cum
1338 3234 1497 3272 campestris
1509 3235 1672 3264 exercitatio
1683 3234 1885 3263 interveniente
1895 3233 2063 3270 negligentia
2079 3232 2235 3271 desidiaque
2251 3234 2382 3272 cessaret,

1263 3273 1355 3309 gravia
1368 3273 1454 3302 videri
1472 3283 1547 3302 arma
1566 3279 1729 3311 coeperunt,
1750 3281 1811 3309 quae
1830 3279 1888 3300 raro
1911 3270 2013 3300 milites
2031 3271 2192 3301 induebant.
2235 3272 2328 3309 ltaque
2346 3273 2381 3304 ab

1263 3310 1433 3347 Imperatore
1440 3311 1609 3348 postulatum
1618 3332 1626 3346 ,
1648 3310 1738 3348 primo
1749 3309 1934 3346 cataplirac'tas
1944 3331 1952 3343 ‚
1974 3309 2079 3338 deinde
2095 3309 2210 3338 callides
2221 3309 2380 3348 deponere:

1261 3349 1313 3377 &cn
1347 3347 1479 3378 Taciti.
1502 3348 1570 3378 Hist.
1586 3358 1630 3384 79.
1645 3359 1669 3384 5.
1697 3347 1752 3377 Sed
1772 3353 1833 3375 tum
1853 3346 1968 3375 humido
1988 3347 2033 3376 die
2050 3368 2059 3382 ‚
2081 3348 2106 3377 ἃ
2125 3347 2214 3376 soluto
2231 3348 2312 3385 gelu,
2333 3359 2383 3379 ne.

1263 3395 1317 3422 que
1331 3387 1429 3422 conti,
1451 3395 1541 3424 neque
1552 3386 1657 3423 gladii,
1680 3384 1911 3422 quospraelongos
1924 3390 2038 3421 utraque
2056 3394 2140 3414 manu
2162 3393 2278 3423 regunt,
2299 3387 2380 3423 usui,

1262 3422 1288 3452 la
1311 3423 1431 3453 santibus
1441 3425 1518 3462 equis
1529 3446 1537 3459 ,
1559 3426 1585 3453 ἃ
1597 3423 1834 3461 cataphraetarum
1850 3422 1981 3459 pondere.
2021 3422 2052 3452 Id
2064 3423 2238 3460 principibus
2257 3425 2283 3453 Sc
2301 3425 2381 3455 nobi-

1262 3434 1364 3491 lissimo
1379 3463 1480 3499 cuique
1492 3467 1622 3499 tegmen,
1642 3461 1735 3490 ferreis
1755 3459 1881 3502 laminis,
1902 3466 1948 3488 aut
1967 3460 2095 3498 praeduro
2112 3462 2187 3490 corio
2205 3461 2380 3500 consertum;

1265 3505 1296 3528 ut
1306 3500 1434 3529 adversus
1445 3501 1516 3529 irftus
1526 3497 1755 3537 impenetrabile,
1776 3497 1813 3526 ita
1832 3504 1939 3534 impetu
1957 3498 2076 3528 hostium
2086 3498 2241 3536 provolutis
2259 3500 2382 3531 inhabile

1262 3536 1296 3566 ad
1306 3538 1514 3575 resurgendum.
1552 3536 1739 3570 Subauditur,
1755 3541 1834 3572 pum,
1854 3534 1958 3579 Lorica.

1225 3573 1248 3604 C
1258 3584 1278 3603 A
1289 3585 1310 3604 T
1318 3585 1337 3604 A
1346 3585 1360 3604 P
1370 3584 1389 3604 H
1400 3586 1416 3604 a
1425 3585 1445 3604 A
1456 3585 1473 3604 c
1482 3584 1502 3603 *r
1510 3584 1530 3603 A
1539 3584 1555 3603 a
1567 3585 1576 3602 1
1587 3585 1596 3602 1
1606 3596 1614 3609 ,
1635 3583 1723 3602 orum.
1755 3582 1792 3601 m.
1826 3569 2037 3608 [καῖειφρρικπι]
2067 3572 2250 3611 Cataphraeta
2269 3577 2380 3607 muniti.

1265 3612 1440 3651 Lampridius
1451 3613 1487 3642 de
1498 3612 1671 3646 Alexandro,
1692 3620 1723 3639 ca
1747 3633 1751 3638 .
1767 3613 1809 3643 56.
1841 3609 2096 3648 cataphractarios,
2117 3621 2186 3649 quos
2204 3613 2247 3642 illi
2260 3614 2381 3645 clibana-

1264 3651 1319 3680 rios
1329 3658 1431 3680 vocant
1441 3672 1449 3685 ,
1473 3650 1572 3679 decem
1585 3647 1672 3677 millia
1681 3648 1709 3676 in
1741 3646 1796 3677 ello
1804 3648 2005 3677 interemimus.

1224 3687 1276 3717 CA
1287 3698 1307 3717 T
1316 3699 1335 3717 A
1344 3699 1360 3718 Ρ
1369 3698 1499 3717 HRYGAE
1511 3710 1518 3721 ‚
1550 3686 1776 3723 [Καταφςόγοω]
1805 3685 1933 3714 Haeretici
1952 3686 1998 3723 qui
2016 3686 2045 3714 in
2064 3686 2180 3725 Phrygia
2200 3688 2311 3718 fuerunt
2321 3710 2330 3725 ,
2350 3696 2382 3720 ut

1263 3726 1416 3756 Montanus
1426 3748 1434 3760 ,
1458 3724 1573 3754 Priscilla
1584 3746 1591 3759 ‚
1613 3724 1639 3753 ἃ
1651 3721 1818 3752 Maximilla.
1860 3723 1895 3752 Hi
1906 3724 2022 3762 Spiritus
2032 3723 2117 3754 sancti
2126 3727 2231 3756 donum
2241 3737 2299 3755 non
2310 3730 2380 3765 Apo-

1262 3764 1338 3830 stoli}
1353 3786 1361 3798 ,
1383 3763 1429 3829 sec}
1441 3762 1490 3829 ks'ibi
1502 3762 1633 3791 traditum
1642 3759 1803 3790 asserebant.
1845 3760 2033 3800 Cataphryges
2052 3762 2152 3794 Caelius
2172 3764 2308 3802 appellat⁷
2330 3766 2383 3794 An.

1261 3802 1311 3830 ti.
1337 3802 1399 3830 met.
1431 3801 1637 3830 i.2.ca.1.

1225 3836 1248 3869 C
1256 3849 1276 3868 A
1286 3812 1306 3868 q
1317 3849 1336 3868 A
1345 3849 1359 3867 p
1372 3848 1391 3867 H
1400 3848 1419 3867 Y
1428 3847 1440 3867 s
1450 3849 1460 3866 i
1470 3847 1483 3867 s
1493 3809 1512 3871 ‚3
1521 3835 1536 3873 [
1546 3809 1707 3871 κέπέφυσπ]
1728 3835 1820 3866 Herba
1829 3836 1867 3866 est
1878 3836 2023 3873 Pulicaris,
2050 3846 2111 3876 quae
2132 3837 2249 3875 Psyllion
2270 3839 2382 3869 Diosco-

1263 3877 1315 3905 ridi
1328 3876 1439 3905 dicitur.
1481 3875 1524 3904 Est
1537 3879 1629 3904 autem
1641 3883 1676 3903 ex
1690 3874 1732 3903 his
1751 3875 1968 3905 nomenclaturis
1979 3897 1987 3911 ,
2008 3885 2068 3913 quae
2083 3875 2169 3906 veluti
2190 3877 2282 3906 nothae
2299 3887 2314 3907 a
2332 3878 2381 3907 do-

1264 3914 1396 3943 ctioribus
1405 3922 1440 3942 ex
1451 3912 1612 3942 Dioscoride
1622 3912 1736 3948 abjectae
1750 3911 1820 3941 sunt.

1225 3951 1248 3982 C
1259 3955 1528 3987 A'rAriizAriis,
1548 3959 1579 3981 σε.
1601 3960 1640 3980 m.
1660 3948 1889 4018 [καταπκρέἶῖς]
1911 3950 2014 3982 Latinis
2034 3951 2156 3988 dicitur,
2177 3961 2237 3988 quae
2251 3961 2265 3981 a
2279 3952 2382 3982 Craeci's

1877 3997 1890 4025 3
2299 4000 2381 4017 δῶῖῆ·
