2641 4187
3 2558 8 2569 ,
0 2517 8 2538 ιι
0 2278 13 2510 -oe0„.;<-5›=„›-
0 2235 12 2268 ,νε
0 2167 12 2222 1—3-1-
0 2120 2 2122 v

0 2015 9 2034 r:
53 2004 343 2040 AGATHYRNUM‚

0 2039 12 2073 ἐι
53 2043 78 2073 A
85 2052 103 2072 G
113 2052 132 2071 A
140 2051 160 2071 T
169 2052 189 2071 H
198 2053 216 2072 Υ
226 2053 242 2071 a
252 2053 264 2072 s
273 2054 282 2071 1
293 2065 301 2079 ,
329 2045 346 2080 [
354 2043 520 2080 'Astarten-a]
540 2042 648 2080 Populi,
670 2042 738 2072 teste
753 2040 823 2071 Plin.
838 2041 887 2071 lib.
900 2053 926 2078 4.
943 2052 1004 2080 cap.
1024 2050 1066 2071 12.
1090 2039 1208 2070 caeruleo

462 119 485 154 A
587 121 619 155 G
719 122 752 155 D

101 198 203 233 itaut-ist
229 208 345 239 qnorum
367 201 491 231 omnium
511 199 625 230 vulnera
641 202 776 230 ostentare
795 201 905 233 (blebat.
944 204 1107 235 vescebatur
1123 206 1192 235 lac're

103 239 343 270 afininolibentius
356 261 363 270 .
392 239 466 275 quod
483 240 507 267 ei
524 237 822 273 leviusiucundiusquc
832 242 977 271 videretur.
1016 244 1154 272 Crarerem
1167 244 1191 271 ci

103 276 172 314 jussu
195 278 309 306 Herodis
328 277 441 305 allatum
458 275 574 313 respuit,
595 276 689 316 dicens
709 277 782 305 lrrud
802 287 900 313 purum
916 280 968 308 elle
981 302 988 313 ,
1011 280 1085 316 quod
1108 281 1193 309 odore

105 314 231 344 muliebri
243 314 429 342 offenderetur
442 335 453 347 ,
475 323 558 349 quum
569 313 635 341 ellet
649 314 815 343 caltiliimus.
840 316 968 345 Volaterr.
989 317 1036 345 lib.
1059 326 1097 352 13.

74 351 205 389 Agatho,
227 351 345 380 Tibicen
353 350 496 379 etiamfuit
510 372 518 383 ,
540 351 740 380 cantilenarum
752 351 881 382 suavitate
894 355 1025 387 maiorem
1037 355 1065 382 in
1080 354 1195 382 modum

107 398 184 418 aures
196 388 340 416 deliniens.
380 388 440 416 Nec
452 386 533 423 hujus
543 397 633 417 mores
646 388 787 417 dillimiles
798 390 904 419 molit-rr
919 391 996 420 fuilse
1010 391 1196 428 perhibentur.

105 425 249 460 Laboravit
267 425 343 453 enim
359 424 472 453 infamia
483 424 620 454 mollitiei.
660 425 734 454 Hinc
748 427 850 455 iactum
867 429 905 456 est
920 428 1095 465 proverbium
1107 450 1114 462 ,
1136 428 1200 462 Aga-

105 463 201 528 thpnia
215 463 323 491 cantio:
346 462 420 499 quod
438 463 511 491 redte
525 462 631 491 dicetur
643 462 678 491 de
690 463 813 492 oratione
827 464 926 494 blanda
937 467 1023 503 magis
1047 475 1128 503 quzun
1144 465 1199 493 sru-

107 510 132 537 gr
146 509 197 528 cra.

45 537 324 570 fflcA'ruoctes,

86 573 183 605 humili
201 574 226 602 δι
245 572 355 602 sordido
368 583 465 610 genere
476 575 610 611 pervenit.
648 575 761 612 Quippe
780 576 807 603 in
816 576 909 605 Sicilia
918 585 993 614 patre
1002 577 1085 615 figulo
1101 583 1180 605 natus
1190 597 1198 610 ‚

83 621 142 642 non
159 610 341 639 honestiorem
356 611 505 648 pueritiam
519 632 527 644 .
552 622 632 647 quam
645 613 781 649 principia
797 613 909 649 originis
927 615 1029 644 habuit.
1067 614 1144 643 Plura
1154 613 1200 647 Ju-

81 649 145 680 stin.
159 647 207 676 lib.
221 657 263 676 22.
284 649 362 685 6123.
403 649 536 678 Meminit
553 651 578 679 ἃ
590 650 690 679 Caelius
707 650 797 686 Antiq.
814 650 886 680 Lect.
909 651 954 682 lib.
971 662 1010 687 ¹3·
1028 662 1126 689 cap.4.
1151 650 1199 679 ubi

87 686 170 716 etiam
187 685 306 722 disputat
316 695 364 714 cur
379 695 444 715 eum
457 686 579 716 Timaeus
593 686 738 724 appellarit
752 687 926 718 Graeculum.
966 690 1054 725 Hujus
1069 687 1198 725 exemplo

82 723 122 753 ⁴ad
143 723 304 752 modestiam
333 733 430 753 omnes
452 723 575 754 hortatur
593 724 726 755 Ausonius
755 725 953 763 elegantissimo
984 727 1038 757 hoc
1066 726 1201 764 epigram-

48 781 54 794 .
87 766 207 796 mate,8.

164 798 248 828 fama
264 798 301 827 est
319 797 448 828 fictilibus
465 797 583 829 coenasse
600 798 764 837 Agathoclea
783 808 875 835 regem
886 821 893 833 ,
1060 821 1074 837 0

203 836 290 872 Atque
307 836 423 865 abacum
441 837 534 866 Samio
553 837 622 874 saepe
643 836 764 866 oneralle
781 836 856 872 luto,

164 872 278 903 Fercula
294 875 438 910 gemmatis
456 885 520 904 cum
538 881 654 912 poneret
671 883 752 903 aurea
765 874 831 904 valis
842 897 850 909 ,

203 910 237 939 Et
252 911 377 941 misceret
396 921 463 949 opes
474 934 482 947 ,
509 913 725 949 pauperiemque
737 911 815 941 simul
826 934 834 947 ,

163 947 309 984 'Quaerenti
321 949 428 978 causam
442 972 451 985 ,
472 950 614 987 respondit
627 972 635 982 ,
657 949 715 978 Rex
730 959 782 986 ego
799 951 845 986 qui
858 950 917 980 sunt

201 985 318 1015 Sicaniae
329 1009 337 1021 ,
357 986 441 1024 figulo
459 987 517 1016 sum
533 987 658 1024 genitore
680 987 758 1016 satus.

74 1058 86 1062 -
164 1021 314 1053 Fortunam
334 1030 489 1053 reverenter
503 1025 573 1053 habe
592 1025 752 1062 quicunque
770 1031 885 1062 repente

51 1072 57 1093 i
204 1060 288 1090 Dives
304 1060 337 1091 ab
353 1061 419 1090 exili
434 1062 610 1100 progrediere
629 1062 701 1091 loco.
797 1062 951 1098 Agathoclis
969 1064 1099 1093 meminit
1111 1062 1200 1092 Valet.

41 1107 49 1112 “
85 1092 206 1130 Maxim.
229 1097 277 1127 lib.
293 1109 317 1136 7.
335 1109 394 1136 cap.
413 1110 439 1135 4.
463 1102 489 1130 Sc
500 1100 660 1130 Plutarchus
677 1101 707 1129 in
719 1100 921 1138 Apophthegm.
936 1103 961 1131 &
971 1101 1059 1131 rursus
1068 1102 1097 1130 in
1106 1101 1153 1130 lib.
1167 1100 1203 1130 de

85 1136 153 1166 Sera
170 1137 294 1166 numinis
305 1137 436 1166 vindina.

83 1173 109 1204 «Α
129 1172 251 1203 athocles
269 1173 518 1212 Lysimachifilius,
543 1176 572 1204 in
588 1185 623 1205 eo
635 1174 709 1204 bello
723 1175 798 1212 quod
813 1185 877 1204 cum
896 1182 973 1212 patre
989 1176 1066 1213 gessit
1077 1175 1204 1205 adversus

133 1218 198 1246 etas,
220 1210 379 1249 Lyfimacho
389 1213 452 1249 fuga
465 1213 513 1242 fibi
526 1213 688 1242 consulente
698 1219 794 1250 captus
803 1213 847 1242 est.
888 1213 1017 1243 Tandem
1028 1215 1097 1251 patri
1109 1213 1201 1243 reddi-

106 1254 159 1284 tus,
180 1248 346 1286 Lysandram
358 1250 499 1280 Ptolemaei
510 1250 574 1288 Lagi
586 1253 611 1281 Sc
621 1250 770 1288 Eurydices
779 1250 864 1279 filiam
875 1251 955 1280 duxit
964 1261 1079 1280 uxorem
1093 1261 1099 1280 :
1122 1257 1204 1287 atque

55 1302 59 1305 ·
109 1286 139 1316 in
149 1286 234 1316 Aliam
250 1287 364 1317 navibus
374 1287 549 1325 transgressus
561 1311 568 1323 ,
588 1288 717 1326 Antigoni
727 1298 841 1325 regnum
852 1289 880 1316 in
889 1289 962 1317 suam
975 1288 1111 1318 ditionem
1127 1288 1204 1317 rede-

126 1324 156 1354 it.
196 1324 333 1362 Ephesum
352 1332 483 1363 praeterea
503 1326 598 1355 urbem
616 1326 650 1355 ad
672 1335 746 1354 mare
759 1325 901 1361 condidit,
923 1327 951 1354 in
968 1336 1050 1363 quam
1069 1326 1206 1356 Lebadios

133 1361 356 1400 oiophoniosque
373 1386 381 1399 ,
404 1363 504 1394 deletis
513 1373 610 1393 eorum
622 1363 736 1393 urbibus
746 1385 754 1398 ,
779 1364 896 1400 migrare
908 1364 1046 1401 compulit
1058 1374 1065 1392 :
1087 1371 1118 1393 ut
1127 1363 1208 1392 Phoe-

102 1400 156 1430 >nix
166 1399 358 1438 Colophonius
368 1408 452 1439 poeta
470 1401 608 1431 lambiens
621 1402 714 1439 patriae
725 1401 894 1432 eversionem
912 1402 1032 1431 carmine
1051 1401 1202 1433 defleverit.

93 1471 96 1474 .
108 1438 213 1468 Author
223 1438 332 1468 Pausan.
344 1439 375 1468 in
387 1439 467 1468 Attic.
480 1440 506 1470 δι
516 1439 601 1468 Strab.
616 1439 665 1469 lib.
684 1448 726 1474 13.

90 1475 248 1513 Agathoclis
262 1476 393 1506 Historici
412 1477 542 1506 meminit
558 1476 616 1506 Cic.
637 1487 661 1506 x.
683 1477 718 1505 de
731 1476 826 1506 Divin.
846 1486 891 1512 24.

49 1512 101 1567 fle
110 1523 129 1542 A
137 1522 156 1542 T
165 1523 184 1542 H
194 1523 210 1543 o
219 1524 237 1542 1>
247 1524 271 1542 Ξ
279 1524 325 1543 ΜΟ
334 1524 363 1549 N,
385 1515 455 1544 onis.
475 1525 511 1544 m.
534 1511 736 1551 [dyoe9v50cipmv
748 1514 762 1549 ]
784 1514 876 1543 Bonus
887 1515 995 1552 genius,
1009 1521 1041 1544 ut
1050 1509 1206 1547 κακσδὶᾶμων

89 1551 185 1581 malus.
218 1551 311 1590 Lamp.
332 1552 442 1589 Heliog.
469 1562 529 1590 cap.
546 1558 587 1584 28.
611 1552 753 1590 AEgyptios
770 1552 952 1582 dracunculos
972 1552 1069 1581 Romae
1087 1550 1203 1586 habuit,

88 1599 164 1625 ¹quos
192 1589 233 1618 ini
253 1589 499 1627 Agathodaemonas
516 1597 625 1619 vocant.

44 1624 76 1658 &A
84 1636 101 1656 o
111 1637 129 1656 A
137 1637 157 1655 τ
165 1636 186 1656 H
195 1637 211 1656 o
220 1636 232 1657 s
241 1637 259 1656 n
268 1638 292 1656 re
301 1638 321 1656 M
330 1637 346 1656 o
356 1638 386 1663 N,
402 1628 529 1663 [ἀγαθὸς
542 1624 656 1663 Eodem]
681 1627 793 1657 Nomen
803 1627 879 1656 fluvii
894 1628 924 1656 in
937 1627 1060 1657 inferiori
1075 1627 1203 1663 AEgypto.

92 1664 162 1694 Ptol.
173 1676 200 1700 4.
220 1675 243 1703 ς.
283 1664 352 1695 Item
364 1665 459 1694 insulae
470 1666 498 1694 in
508 1665 605 1695 Iudico
617 1666 693 1694 mari.
733 1665 803 1695 Item
814 1675 917 1694 nomen
926 1665 1102 1695 Alexandrini
1118 1664 1209 1699 eujus-

92 1702 157 1731 dam
167 1724 174 1737 ,
187 1702 278 1740 quide
288 1702 394 1732 mundo
409 1703 519 1741 scripsrt.
558 1703 588 1732 V.
609 1702 681 1732 Voss.
698 1702 744 1733 Gr.
757 1703 824 1732 Hist.
836 1703 884 1732 lib.
897 1714 922 1739 4.
963 1703 1091 1740 Denique
1104 1710 1208 1731 nomen

87 1740 190 1770 herbae.
223 1740 303 1778 Apul.
319 1741 353 1770 de
365 1740 448 1770 Herb.
466 1751 526 1779 cap.
539 1751 583 1777 94.

3 1775 11 1805 *i
52 1777 76 1809 A
85 1788 102 1807 c
112 1787 129 1806 A
138 1786 158 1807 T
166 1788 185 1807 H
194 1787 210 1807 o
219 1788 240 1807 N
249 1800 257 1813 ,
278 1779 435 1814 [Ἀγάθων]
455 1778 532 1808 Unus
547 1779 600 1807 fuit
617 1788 653 1807 ex
663 1777 726 1807 filiis
736 1777 833 1806 Priami
848 1800 855 1813 ,
879 1778 925 1815 qui
939 1788 1003 1807 cum
1011 1784 1089 1815 patre
1106 1785 1207 1813 corpus

84 1815 220 1882 Eefforis
235 1816 429 1859 redempturo,
450 1817 485 1846 ad
505 1816 640 1846 Achillem
653 1816 794 1854 profettus
804 1816 841 1845 est
854 1835 862 1851 ,
885 1824 915 1845 ut
933 1816 1017 1845 tradit
1032 1816 1143 1845 Homer.
1157 1813 1207 1842 ult.

117 1864 142 1882 ra
165 1877 170 1883 .

53 1891 78 1922 A
87 1900 105 1920 c
113 1901 133 1920 A
142 1901 161 1920 T
170 1901 190 1920 H
200 1901 217 1920 u
227 1901 240 1921 s
248 1902 260 1922 s
268 1902 288 1921 A
297 1914 305 1925 ,
335 1892 370 1922 ab
385 1892 446 1922 aliis
459 1890 570 1929 Agatasa
588 1897 724 1928 corrupte.
762 1890 853 1920 Insula
862 1913 870 1925 ‚
898 1900 956 1928 quae
980 1891 1052 1920 inter
1074 1889 1210 1927 Sporadas

2 1927 6 1975 ἰ
57 1943 59 1946 -
87 1929 272 1959 ‹recensetura
283 1930 373 1960 Plinio
391 1930 408 1959 l.
425 1941 452 1966 4.
468 1940 492 1960 c.
507 1939 549 1960 12.
563 1930 644 1963 *inter
652 1928 786 1966 Cycladas
806 1939 821 1958 a
832 1929 972 1967 Stephano
983 1951 991 1964 ,
1017 1938 1076 1966 quae
1086 1930 1112 1958 Sc
1123 1926 1210 1957 Telos

91 1967 191 2002 vino,
211 1968 296 1997 hodie
312 1968 423 2006 Piscopia.

383 2005 414 2035 V.
453 2013 729 2035 AGATHYRSUM.

90 2079 193 2118 capillo
211 2080 337 2118 infignes.
378 2081 451 2119 Virg.
467 2092 493 2117 4.
519 2081 580 2111 AEn.
597 2084 658 2116 146.

165 2117 315 2156 Cretesque
327 2141 335 2153 ,
356 2118 536 2156 Dryopesque
552 2118 675 2148 fremunt
685 2140 692 2153 ,
713 2118 837 2156 pictique
852 2117 996 2154 Agathyrsi.
1081 2115 1134 2145 Ubi
1150 2116 1211 2145 Ser-

90 2156 152 2191 vius
162 2178 170 2191 ,
191 2156 328 2194 Agathyrsi
341 2164 378 2194 po
400 2156 441 2186 uli
450 2156 512 2186 sunt
521 2155 639 2193 Scythice
653 2178 661 2191 ,
682 2156 806 2185 colentes
815 2156 973 2193 Apollinem
986 2154 1207 2192 Hyperboreum.

90 2193 280 2230 Pifflautem,
303 2204 361 2223 non
396 2195 404 2223 i
424 2201 498 2224 mata
510 2194 660 2223 habentes:
680 2194 727 2223 sed
747 2193 855 2231 pulchri
870 2215 877 2228 ,
901 2193 955 2222 hoc
964 2193 1020 2227 est,
1045 2201 1150 2229 cyanea
1164 2201 1212 2220 co-

91 2241 137 2261 ma
144 2231 393 2270 placentes.Pomp.
443 2232 486 2261 ela
501 2231 519 2261 l.
533 2242 560 2261 2.
575 2241 599 2261 c.
616 2242 637 2261 1.
669 2231 808 2269 Agathyrli
821 2241 867 2260 ora
879 2238 1008 2267 artusque
1019 2230 1138 2267 pingunt
1149 2250 1156 2264 ,
1179 2236 1212 2257 ut

90 2270 194 2307 quique
209 2270 358 2305 majoribus
367 2270 494 2308 praestant
505 2292 513 2305 ‚
533 2270 570 2299 ita
581 2270 668 2307 magis
675 2269 719 2299 vel
728 2271 838 2298 minus:
860 2277 989 2298 caeterum
1002 2268 1102 2297 iisdem
1111 2276 1210 2296 omnes

92 2308 182 2337 notis:
204 2307 277 2337 &fic
287 2329 295 2343 ,
315 2314 347 2337 ut
365 2307 441 2337 ablui
451 2314 599 2345 nequeant.
639 2307 679 2337 Ab
689 2307 836 2345 Agathyrso
848 2306 975 2336 Herculis
985 2305 1042 2335 filio
1058 2306 1147 2335 dictos
1160 2314 1212 2342 pu-

62 2364 66 2368 ·
90 2352 133 2375 tat
152 2345 312 2376 Herodotus
329 2345 378 2375 lib.
402 2357 428 2381 4.
467 2345 556 2375 Rufiis
570 2345 665 2375 Avien.
689 2355 724 2375 ex
744 2345 893 2382 Dionysio:

164 2383 360 2421 Praecint‘tique
377 2383 445 2421 sagis
455 2381 563 2421 semper
582 2383 661 2421 pictis
674 2383 820 2421 Agathyrsi.
889 2382 988 2418 Juven.
1005 2390 1046 2417 15.
1069 2381 1124 2410 Sat.
1147 2390 1209 2417 125.

163 2421 383 2459 Sauromataeque
397 2428 488 2451 truces
499 2443 508 2457 ,
539 2429 586 2450 aut
600 2422 735 2451 immanes
755 2420 903 2458 Agathyrsi.
945 2420 1013 2449 Add.
1029 2419 1115 2448 Solin.
1127 2428 1151 2448 e.
1162 2428 1208 2451 2<-

56 2458 338 2493 AGATHYRSUM,
367 2459 563 2496 ['Aya'0vem]
593 2458 693 2488 Siciliae
716 2459 863 2496 oppidum.
895 2458 1080 2496 Agathyrnam
1099 2457 1211 2487 vocavit

93 2496 140 2527 Sil.
158 2507 200 2533 14.
215 2500 278 2527 206.
320 2496 401 2527 Mille
419 2496 573 2535 Agathyrna
592 2497 679 2526 dedit.
719 2497 755 2526 Et
774 2507 798 2526 v.
815 2506 877 2532 207.
1054 2506 1055 2514 ¹

166 2535 322 2573 Agathyrna
339 2544 438 2564 manus
454 2535 621 2573 geminoque
636 2534 746 2568 Lacone

165 2572 312 2611 Tyndaris.
352 2573 400 2602 ubi
418 2573 448 2602 V.
472 2572 611 2602 Dralrenb.
628 2572 698 2602 Plin.
711 2572 759 2601 lib.
773 2581 796 2606 ³·
807 2581 866 2609 cap.
881 2577 905 2605 8.
932 2571 981 2600 ubi
997 2570 1028 2600 V.
1042 2570 1127 2600 Hard.
1139 2570 1211 2600 Stra-

92 2608 223 2648 bolib.3.
245 2610 423 2648 Agathyrsum
434 2617 524 2640 vocat.
565 2611 660 2648 Steph.
678 2620 713 2639 ex
728 2609 822 2647 Polyb.
842 2608 1025 2646 Agathyrsam.

47 2643 179 2689 Lsscive
188 2668 198 2684 -,
217 2658 256 2679 es.
279 2650 295 2685 [
307 2650 393 2683 A‘Jau‘n
405 2649 420 2684 ]
442 2649 579 2678 Cadmi&
588 2648 754 2678 Hermiones
764 2648 819 2677 filia
828 2647 919 2685 nuplit
935 2646 1053 2676 Echioni
1064 2644 1211 2680 Thebano,

94 2696 198 2724 exquo
207 2686 361 2716 Pentheum
380 2686 495 2724 suscepit
505 2686 592 2716 filiurn
606 2696 613 2715 z
636 2687 683 2724 qui
693 2695 779 2723 quum
788 2685 934 2714 abstemius
944 2684 1019 2719 esset,
1038 2693 1070 2724 ac
1084 2689 1212 2726 propter-

90 2734 127 2754 ea
135 2724 317 2754 Bacchisacra
332 2724 485 2762 despiceret
498 2747 506 2759 ,
528 2725 561 2753 ab
571 2724 628 2762 ipsa
637 2731 725 2753 matre
734 2723 901 2761 reliquisque
914 2722 1088 2752 Nlaenadibus
1098 2731 1127 2749 ιη
1138 2722 1213 2749 turo-

94 2772 154 2792 rem
164 2772 180 2791 a
190 2761 298 2792 Baccho
307 2761 386 2792 versis
396 2763 481 2797 (inter
489 2772 554 2800 quas
563 2769 642 2791 erant
651 2766 778 2791 Autonoe
788 2763 813 2791 δι
824 2761 872 2790 Ino
886 2760 968 2798 ipfius
981 2761 1082 2797 Agaves
1094 2758 1212 2801 sorores)

92 2800 269 2830 membratim
279 2799 426 2830 dilaniatus
441 2801 496 2835 est,
518 2809 604 2837 quum
622 2800 648 2830 se
655 2805 786 2839 putarent
798 2809 895 2837 aprum
905 2797 1065 2827 interficere.
1089 2796 1172 2827 Ovrd.
1187 2805 1211 2832 3.

94 2837 165 2869 Met.
177 2847 241 2874 72<—
264 2838 342 2868 Conf.
359 2838 460 2876 Hygin.
486 2838 514 2868 F.
535 2843 596 2874 184.

90 2876 198 2914 Agaves
212 2876 290 2906 Statii
307 2882 398 2914 poetae
408 2876 563 2914 Tragoediae
575 2898 583 2911 ,
613 2876 743 2905 meminit
761 2874 859 2911 Juven.
872 2883 897 2912 7.
918 2874 973 2904 Sat.
987 2875 1031 2907 86.

253 2928 291 2934 ——
313 2913 361 2942 sed
375 2924 461 2951 quum
485 2914 567 2951 fregit
587 2913 714 2943 subsellia
728 2913 806 2942 versu
818 2935 825 2948 ,

174 2950 279 2986 Esurit,
299 2951 431 2981 intaetam
446 2951 540 2981 Paradi
560 2951 610 2980 nili
623 2952 727 2981 vendat
739 2952 858 2989 Agaven.

113 2989 242 3018 nondum
252 2989 394 3021 recitatam
404 2988 450 3018 seu
460 2990 558 3019 actam.

975 2949 993 2978 i.
1018 2958 1044 2978 e.
1058 2948 1167 2978 Novam
1188 2949 1215 2978 ἃ.

92 3021 207 3057 Bassaris
217 3023 314 3064 Agave.
340 3027 358 3056 i.
378 3037 402 3056 e.
423 3027 525 3056 Bacchi
534 3025 668 3057 sacerdos.
709 3026 823 3057 Bacchae
836 3025 911 3057 enim
929 3023 1093 3054 dicebantur
1103 3024 1215 3054 Bassari-

78 3090 83 3102 ,
114 3064 181 3099 des,
202 3064 459 3095 aBassareossacchi
469 3072 666 3103 cognomento.
689 3064 757 3094 Pers.
772 3074 795 3093 1.
820 3063 886 3092 Stat.
899 3071 960 3092 101.
1147 3100 1151 3104 Ι

58 3112 61 3113 ’
93 3096 226 3146 Cadmaea
241 3103 330 3140 Agave
346 3103 357 3139 ,'
374 3102 549 3133 Poffeffivum
562 3112 613 3141 pro
622 3102 825 3141 patronymico
848 3101 866 3131 i.
877 3110 901 3130 e.
922 3099 1021 3130 Cadmi
1030 3099 1096 3130 filia.
1117 3098 1214 3129 leul.

95 3139 345 3216 fgriirieig'sgave.
366 3177 433 3208 Stat.
446 3188 470 3214 3.
492 3178 582 3208 Theb.
597 3188 658 3215 109.

71 3234 74 3237 -
98 3212 233 3245 Thebana
251 3217 350 3253 Agave.
372 3215 474 3252 Lucan.
496 3216 545 3246 lib.
563 3227 586 3245 1.
603 3220 664 3252 569.

50 3250 197 3289 AEGAvr,
218 3254 362 3290 [Ἀφαυοὶ]
382 3253 482 3292 Populi
495 3254 558 3284 sunt
569 3252 798 3292 septentrionales
812 3274 821 3288 ,
842 3260 910 3289 quos
924 3251 1062 3280 Homerus
1081 3250 1218 3279 citcaini.

0 3286 11 3298 ''
57 3290 63 3309 Ὗ
98 3291 169 3320 tium
193 3303 210 3320 ν.
232 3291 311 3321 Iliad.
338 3291 410 3320 dixit
430 3298 542 3330 gentem
558 3291 826 3325 innocentissimam,
849 3297 879 3318 ut
893 3299 952 3327 quae
970 3288 1024 3317 line
1040 3287 1100 3317 aliis
1114 3288 1217 3318 divitiis

87 3329 202 3366 jequino
218 3329 328 3359 victitet
342 3329 422 3358 laete.
463 3329 587 3366 Quidam
608 3329 634 3359 le
655 3336 705 3358 unt
726 3339 771 3358 Ac
782 3339 800 3357 A
810 3338 830 3357 u
840 3337 860 3356 N
871 3338 889 3356 1.
930 3325 1101 3362 [Ridiculus
1125 3332 1217 3361 error,

62 3370 63 3373 ’
93 3376 186 3404 Ἴ(1111ιηῖ
201 3368 286 3400 εἱγκυοι
304 3367 463 3402 favamma&
482 3367 522 3396 ibi
535 3378 561 3397 v.
574 3378 597 3404 ς.
650 3367 753 3396 llustres
764 3364 921 3403 Equimulgi
934 3387 941 3399 ,
967 3363 1129 3401 Scytharum
1148 3364 1220 3401 peri-

76 3416 83 3421 *
98 3404 201 3443 phrasis
210 3404 248 3434 fit.
263 3402 378 3434 Causam
391 3411 485 3434 tamen
498 3405 564 3434 huic
577 3406 662 3434 errori
674 3404 813 3434 Graeculus
830 3404 963 3439 interpres
975 3401 1101 3438 praebuit,
1114 3411 1148 3430 ex
1163 3410 1218 3438 quo

103 3443 130 3472 ἀ
141 3440 266 3508 Βὶοῃγὲιὶ
280 3442 381 3508 Ῑῖῗτίεὲ.
401 3441 515 3473 Latinus
524 3443 659 3482 interpres
670 3439 825 3472 Rhemnius
841 3440 962 3470 Fannius
975 3438 1090 3469 fortassis
1105 3439 1221 3477 arripuit

100 3487 126 3516 v„
138 3489 201 3515 299.
214 3490 233 3508 u
254 3481 272 3509 i.
312 3503 318 3509 .
331 3479 449 3509 Camert.

66 3516 88 3547 Δ
96 3526 114 3546 o
121 3526 141 3547 A
147 3527 166 3548 v
173 3527 194 3547 u
201 3527 213 3547 s
225 3539 234 3554 ,
254 3517 332 3548 Unus
342 3527 358 3548 e
369 3517 469 3548 Priami
478 3517 543 3547 filiis
553 3540 562 3555 ‚
582 3518 659 3556 apud
666 3517 750 3548 Hom.
760 3516 810 3547 ult.
821 3513 900 3546 Iliad.

502 3594 772 3629 AssGvss

66 3639 258 3678 Aemines,
298 3638 537 3677 VLABGARUS.

2 3689 15 3705 ω
64 3678 88 3717 A
95 3688 113 3708 o
121 3690 136 3708 n
145 3690 164 3709 A
172 3689 192 3709 τ
199 3689 219 3709 A
227 3689 248 3709 N
259 3690 280 3710 A
287 3702 295 3716 ,
315 3682 332 3717 [
339 3680 493 3716 ἀγζιίπινοι]
513 3679 658 3710 Herodoto
673 3689 707 3709 ea
723 3679 762 3709 est
778 3676 843 3708 urbs
858 3685 916 3715 quae
925 3675 1009 3714 vulgo
1019 3676 1123 3707 dicitur
1133 3675 1222 3714 Egba-

67 3749 70 3752 ,
107 3722 180 3747 tana.
201 3718 296 3756 Steph.
509 3757 535 3791 A
610 3756 644 3790 G
722 3751 755 3789 D

14 3823 15 3827 ¹
65 3811 87 3844 A
95 3823 139 3844 Gr>
148 3825 158 3844 x
166 3825 178 3844 s
187 3823 207 3843 τ
216 3825 224 3843 ι
233 3824 245 3844 s
253 3837 261 3850 ‚
282 3814 366 3845 Mons
376 3810 415 3845 'est
426 3837 434 3851 ,
450 3812 499 3845 ‘sub
512 3824 567 3853 quo
578 3814 625 3844 sita
635 3812 674 3844 est
682 3814 747 3844 urbs
755 3810 885 3848 pessmus,
905 3814 931 3843 Sc
943 3813 1034 3849 inquo
1044 3810 1116 3851 Atyn
1126 3816 1219 3843 tumu-

102 3851 188 3881 latum
198 3851 277 3882 fuisse
289 3853 361 3883 fama
376 3854 423 3883 est.
460 3853 566 3882 Author
579 3853 688 3882 Pausan.
703 3853 733 3881 in
742 3853 822 3881 Attic.

5 3898 16 3911 ι·
66 3886 247 3933 Acorsrrs
259 3912 267 3926 ,
297 3892 313 3927 [
327 3888 458 3926 Ἀγδῖςις]
494 3891 549 3919 Viri
566 3897 688 3925 nomen,
710 3891 788 3926 cujus
803 3890 861 3918 haec
881 3888 966 3917 fertur
981 3887 1082 3918 fabula.
1121 3888 1220 3923 Jovem

0 3932 4 3938 '
50 3950 53 3953 .
102 3927 178 3957 enim
206 3928 305 3958 drcunt
319 3929 350 3958 in
371 3928 475 3959 somnis
497 3927 591 3960 semen
612 3929 645 3959 in
663 3935 766 3958 terram
780 3925 924 3963 effudisse,
956 3935 1016 3963 quae
1040 3927 1071 3956 in
1093 3931 1220 3965 tempore

1665 130 1691 165 A
1790 132 1821 166 G
1918 132 1944 166 E

1282 208 1409 239 damona
1425 211 1513 239 edidit
1536 212 1642 248 duplici
1662 211 1796 248 pudendo
1810 233 1818 245 ,
1839 212 1893 241 hoc
1906 213 1962 247 est,
1983 213 2053 242 virili
2074 216 2099 243 8:
2119 216 2260 251 muliebri,
2281 227 2396 246 nomen-

1283 256 1335 281 que
1360 247 1398 275 illi
1420 249 1547 285 imposuit
1567 249 1694 284 Agdistin.
1748 250 1847 278 Verum
1865 251 1902 278 dii
1922 251 1995 279 hunc
2014 252 2131 287 Agdiuin
2155 261 2306 282 metuentes
2322 277 2328 287 .
2356 255 2395 283 illi

1282 283 1359 312 virile
1380 286 1540 320 pudendum
1561 285 1756 315 absciderunt:
1780 296 1860 322 atque
1881 288 1981 316 exinde
2002 297 2063 316 natu
2080 290 2242 324 frumario„
2263 302 2322 327 qua·
2341 303 2398 321 mxi-

1282 326 1421 362 1¹¹¹'i¹,⁴{'.¹¹¹‘
1441 324 1508 350 liuta
1524 323 1587 351 ell'et
1600 345 1606 356 ,
1638 325 1757 360 Sangarii
1781 324 1856 352 ,fluvii
1875 324 1956 352 tiliam
1975 327 2051 354 aiunt
2067 323 2184 363 ecguine,
2214 330 2239 356 &a
2260 329 2286 355 in
2310 330 2395 357 linum

1282 358 1419 392 potuine,
1441 369 1498 387 turn
1518 361 1606 388 statim
1628 362 1730 390 finctus
1751 362 1883 390 evanuit:
1906 362 1962 398 ipsa
1985 371 2074 392 autern
2095 364 2184 400 pucllu
2208 375 2347 399 prapnaus
2362 367 2398 394 su-

1282 395 1327 421 cta
1342 416 1348 425 ,
1370 405 1431 437 cum
1446 397 1590 432 peperisset
1605 419 1611 431 ,
1634 399 1724 427 hircus
1739 409 1854 435 puerum
1865 400 2017 436 expolitum
2031 402 2144 429 cinavit.
2183 403 2254 430 llinc
2276 411 2340 438 puer
2352 402 2397 431 ille

1285 430 1349 466 Atys
1364 432 1466 465 (hctus,
1497 436 1629 467 turoniaun
1646 436 1760 471 l’hrvgcs
1777 437 1866 465 hirco<
1884 437 1978 471 Atreo.
1993 446 2162 473 nuncupant.
2220 438 2332 474 Reliqua
2362 441 2400 467 vi-

1287 466 1322 531 iic
1343 469 1414 531 apud
1448 470 1602 499 Faustiniani
1623 473 1650 500 in
1678 468 1788 502 A'charc.
1839 474 1952 509 Agdistis
1973 475 2053 503 ctiam
2075 475 2193 504 labul..m
2214 476 2292 504 :diter
2313 483 2401 505 narrat

1312 514 1431 534 rnonus.

2321 147 2389 180 117

346 536 513 572 [Ἃραθωιλῖς
527 537 542 571 ]
563 536 663 566 Sicilire
674 543 822 574 tyrannus,
844 539 877 567 ad
895 541 969 576 regni
988 540 1154 573 maiestatem
1165 548 1199 567 cx
1249 540 1322 568 Aoo
1335 551 1372 570 i‘s
1384 564 1391 575 .
1413 541 1563 577 [''A2>=5‹'>»]
1586 546 1666 574 Petne
1683 556 1785 576 nomen
1803 549 1829 576 in
1842 547 1961 585 l'hryuizu
1977 549 2086 583 finibus,
2100 550 2229 578 inaudita:
2244 560 2292 588 per
2307 552 2402 580 omnia

1286 578 1431 612 vastitati-3³
1457 579 1507 622 Ubi
1521 579 1683 621 *Deucalion
1705 586 1730 612 ἃ
1751 586 1847 621 Pyrrha
1867 608 1874 618 ,
1895 587 2042 615 'Inemrdis
2061 588 2173 616 oraculo
2190 589 2303 621 moniti,
2325 590 2402 623 iuriis

1286 616 1348 652 post
1359 615 1578 654 tergalaprdlbus
1598 640 1606 653 ,
1627 619 1777 650 humanum
1788 633 1871 659 genus
1881 624 2011 661 reprirail'e
2024 626 2155 654 leruntur.
2178 624 2304 654 Arn‹›b.l.
2322 637 2343 661 ς.

1696 696 1721 728 A
1812 699 1845 731 G
1947 699 1973 733 E

1282 765 1323 797 (ξὲ
1338 778 1345 791 ,
1362 759 1381 800 .[
1394 757 1435 792 ἅν
1448 781 1454 794 ,
1474 758 1551 802 Φὲξε]
1572 768 1606 789 ex
1620 760 1689 803 lmp-
1705 772 1729 790 v.
1742 764 1797 797 Atto
1810 787 1821 807 .·
1835 765 1959 806 hortandi
1973 769 2131 798 adverbium
2141 771 2251 807 proprie
2264 792 2271 804 ,
2290 771 2365 799 ‘unde
2378 772 2403 799 δε

1290 802 1414 838 Ξῑῐῐῖξῖῐῑψῐ
1428 797 1511 825 verbo
1530 801 1833 835 imperativolingulam.
1854 804 1977 833 lcumda:
1992 807 2119 835 petimur.
2138 807 2207 836 Vir-1¹.
2219 820 2242 839 4.
2268 808 2326 837 llzn.
2342 812 2403 843 <1³19.

1367 832 1421 876 Eia,
1434 844 1483 869 age
1497 856 1504 867 ³
1531 844 1628 877 rumpe
1651 845 1747 877 moras.
1827 839 1899 868 idem
1915 851 1936 876 3.
1952 836 2011 877 36i.
2035 845 2098 873 hire
2119 833 2199 877 dues,
2225 845 2276 874 Ubi
2290 846 2402 879 lerxirs,

1292 869 1436 900 Hortantrs
1450 872 1487 900 est
1498 872 1562 908 Age.
1603 883 1620 900 1.
1637 882 1660 900 e.
1684 872 1733 901 ure
1745 874 1877 904 celeriter.
2135 874 2141 881 “

1290 908 1363 944 Age,
1387 910 1564 958 Kpcu‘ripientis
1585 909 1755 938 adverbium.
1806 912 1868 941 Ter.
1890 914 1962 943 Adel.
1978 926 1999 944 2⁴
2016 927 2039 945 2.
2052 927 2076 954 7.
2118 920 2188 955 Age,
2216 919 2267 948 stis
2286 920 2351 957 quid
2368 920 2407 948 1.)-

1311 955 1377 981 qU‘dr
1392 960 1396 973 :
1634 980 1637 981 .

1289 982 1347 1019 Age
1362 1004 1369 1015 ,
1382 984 1531 1026 ‘oscitandi
1553 983 1730 1019 adverbium,
1760 984 1886 1023 frequens
1904 988 1941 1016 cst
1960 989 2018 1025 post
2035 990 2116 1020 Nunc
2138 994 2166 1021 in
2185 995 2405 1024 connexionibus

1312 1027 1439 1058 poetrcrs.
1478 1020 1550 1058 Virg.
1566 1033 1592 1057 4.
1617 1022 1715 1057 Georg.
1737 1032 1796 1059 149.

1372 1058 1456 1087 Nunc
1479 1068 1527 1096 age
1542 1065 1651 1088 naturas
1669 1060 1765 1096 apibus
1782 1082 1789 1094 ,
1817 1071 1881 1097 quas
1897 1061 2022 1099 Juppitcr
2038 1065 2092 1093 in'c

1315 1132 1319 1138 ι
1374 1096 1496 1139 Addidit,
1516 1097 1671 1133 expediam.
1765 1097 1810 1127 Sic
1821 1103 1846 1128 6.
1859 1101 1884 1128 ἃ
1900 1110 1923 1134 τ).
1944 1100 2004 1129 JEn.
2044 1075 2077 1130 lit
2092 1104 2144 1132 hoc
2155 1113 2240 1139 genus
2251 1105 2408 1136 chien-..tur

1314 1142 1343 1161 m
1365 1134 1532 1163 tranhtrone.

1295 1170 1368 1206 Age,
1390 1181 1440 1208 pro
1452 1172 1511 1200 Dic.
1534 1171 1597 1201 Ter.
1611 1170 1686 1201 Adel.
1699 1183 1724 1202 2.
1738 1182 1763 1202 2.
1779 1176 1819 1203 16.
1841 1174 1905 1210 Age,
1920 1175 1985 1203 novi
1995 1182 2073 1204 tuum
2085 1178 2216 1207 animum.

1295 1210 1352 1243 Age
1364 1230 1371 1243 ,
1391 1218 1455 1237 eum
1478 1209 1561 1251 verbo
1575 1210 1800 1247 tertiaeperl'onze.
1831 1210 1890 1240 Liv.
1906 1221 1928 1240 1.
1949 1211 2051 1242 Decad.
2072 1213 2117 1242 lib.
2138 1224 2159 1242 1.
2174 1224 2229 1244 non
2240 1218 2276 1244 ita
2286 1219 2382 1254 procul
2396 1230 2408 1247 a

1314 1245 1370 1274 fine
1385 1256 1392 1281 3
1416 1247 1470 1283 Age
1481 1247 1543 1275 lane
1555 1269 1562 1281 ,
1583 1257 1680 1277 omnes
1695 1249 1784 1277 citat-is
1798 1249 1875 1285 equis
1892 1249 2022 1278 advolant
2031 1250 2155 1280 Romani.

1298 1283 1354 1320 Age
1368 1293 1432 1312 cum
1447 1284 1529 1313 verbo
1542 1284 1647 1322 plurali.
1688 1285 1775 1315 Valer.
1799 1285 1887 1315 flacc.
1899 1296 1921 1321 3.
1936 1296 1997 1323 311.

1378 1321 1432 1350 Vos
1449 1332 1497 1359 age
1517 1322 1643 1351 funereas
1662 1323 1697 1351 ad
1709 1323 1800 1352 littora
1819 1323 1920 1352 volvite
1939 1323 2032 1361 sylvas.
2092 1324 2177 1354 Fluit.
2195 1326 2277 1355 Stich.
2293 1338 2314 1356 ῐ.
2329 1338 2351 1362 ³·
2365 1333 2410 1361 65³.

1317 1358 1372 1394 Age
1396 1358 1528 1389 licemini.
1580 1360 1788 1397 Nonnunquam
1807 1361 1861 1389 line
1886 1361 1969 1390 verbo
1985 1363 2147 1399 imperativo
2165 1365 2283 1400 ponitur.
2307 1366 2363 1394 Cic.
2379 1367 2412 1396 de

1316 1395 1425 1438 Sene&
1466 1398 1521 1434 Age
1533 1397 1600 1431 ,ista
1613 1398 1705 1427 divina
1716 1399 1802 1427 studia
1814 1399 1981 1428 omittamus.
2019 1401 2073 1429 Sed
2093 1400 2182 1429 inhcc
2194 1402 2413 1440 genere-loquen-

1319 1433 1514 1500 d1,*fered·non
1530 1435 1672 1473 usurpatur
1691 1436 1738 1465 nili
1752 1437 1783 1466 in
1803 1436 2016 1466 tranlitionibuS.
2059 1437 2126 1467 Vide
2147 1439 2229 1475 paulo
2244 1448 2306 1469 ante
2319 1462 2327 1475 ,
2349 1443 2415 1478 Age,

1321 1480 1431 1500 exeitan
1455 1483 1472 1501 1.
1828 1488 1830 1491 ν

1299 1508 1355 1545 Age
1369 1519 1433 1546 age,
1464 1509 1670 1539 consentientis.
1702 1509 1765 1540 Ter.
1787 1509 1887 1541 Heaut.
1910 1523 1936 1547 4.
1953 1521 1986 1548 3,
2001 1523 2046 1548 44.
2088 1513 2143 1549 Age
2164 1522 2231 1549 age,
2261 1515 2416 1544 traducatur

1319 1546 1441 1590 bacchis:
1464 1547 1520 1590 Cic.
1541 1559 1564 1590 5:
1589 1548 1624 1577 de
1634 1548 1692 1578 Fin.
1702 1554 1728 1582 8.
1763 1549 1816 1586 Age
1829 1559 1877 1585 age
1888 1572 1896 1586 ‚
1914 1550 2022 1587 inquit:
2045 1549 2106 1579 satis
2117 1551 2192 1579 enim
2202 1551 2267 1580 scite
2279 1562 2323 1580 me
2334 1554 2415 1582 nostri

1322 1593 1455 1614 lermonrs
1470 1587 1641 1622 prrncrpium
1660 1585 1713 1615 effe
1728 1586 1843 1616 voluisti.

1297 1621 1355 1659 Age
1372 1623 1434 1658 jam.
1457 1623 1514 1652 Cic.
1526 1623 1606 1652 Tusc.
1627 1624 1681 1660 Age
1693 1625 1754 1658 iam.
1766 1624 1892 1653 concedo
1904 1634 1961 1653 non
1974 1624 2027 1654 esse
2046 1624 2156 1654 miseros
2173 1626 2218 1662 qui
2229 1627 2328 1654 mortui
2342 1625 2411 1656 sunt.

1301 1660 1357 1696 Age
1375 1670 1456 1689 nune.
1481 1661 1538 1689 Cic.
1553 1671 1603 1698 pro
1620 1661 1721 1690 Milon.
1744 1662 1798 1699 Age
1813 1672 1902 1698 nunc,
1924 1663 1976 1691 iter
1994 1663 2118 1700 expediti
2129 1662 2243 1692 latronis
2263 1664 2421 1694 cumMilo-

1321 1698 1363 1726 nis
1378 1698 1585 1735 impedimentis
1599 1706 1764 1736 comparate.

1300 1735 1356 1772 Age
1366 1745 1455 1772 porro.
1479 1736 1535 1764 Cic.
1550 1745 1575 1772 7.
1599 1736 1670 1765 Verr.
1686 1747 1727 1771 ςς.
1750 1737 1805 1774 Age
1826 1747 1909 1774 porro
1921 1759 1928 1772 ,
1951 1738 2039 1774 tuqui
2056 1743 2149 1767 tetam
2164 1738 2316 1775 religios-im
2329 1740 2419 1768 existi-

1319 1773 1387 1801 mari
1398 1773 1505 1801 voluisti
1515 1774 1693 1811 interpretem
1703 1774 1850 1803 foederum.
1888 1777 1943 1812 Age
1955 1785 2037 1812 porro
2050 1797 2057 1810 ,
2078 1776 2096 1804 i.
2111 1785 2135 1804 e.
2159 1775 2417 1811 Ver-11111est0,t21}0‚

1319 1810 1361 1840 Ita
1374 1810 1486 1839 iitsane.
1525 1811 1602 1840 Idem
1616 1821 1641 1841 2.
1660 1811 1695 1840 de
1710 1811 1816 1841 invent.
1832 1821 1890 1848 133.
1914 1814 1968 1849 Age
1984 1823 2066 1850 porro
2078 1835 2086 1849 ,
2108 1814 2174 1850 quid
2186 1813 2204 1842 sr
2218 1814 2267 1852 ipfi
2279 1814 2364 1843 velint
2378 1815 2418 1850 ju-

1305 1883 1307 1885 .
1320 1848 1396 1877 dices
1406 1847 1558 1877 adscribere
1569 1871 1578 1883 ,
1600 1848 1756 1887 passurusne
1768 1850 1798 1878 lit
1808 1849 1928 1887 populus
1940 1851 1952 1878 ἵ)

1300 1886 1356 1923 Age
1368 1886 1445 1920 sane,
1467 1886 1589 1922 inquam.
1613 1886 1672 1916 Cic.
1683 1897 1709 1916 2.
1729 1888 1763 1916 de
1775 1887 1832 1916 Fin.
1849 1889 1891 1916 i.e
1911 1887 1959 1917 Per
1971 1897 2015 1916 me
2030 1886 2096 1917 licet
2108 1888 2200 1918 facias.

1301 1924 1357 1961 Age
1370 1933 1435 1952 vero
1446 1945 1453 1959 ,
1473 1924 1540 1953 teste
1557 1923 1633 1953 Valla
1644 1947 1652 1959 ,
1673 1926 1785 1962 proprie
1802 1925 1938 1954 dicimus:
1962 1934 2019 1953 non
2031 1947 2039 1960 ,
2061 1926 2116 1962 Age
2133 1932 2232 1955 autem.
2272 1925 2330 1956 Cic.
2348 1927 2418 1956 [de

1320 1962 1427 1991 Invent.
1441 1971 1465 1997 3.
1488 1962 1541 1999 Age
1556 1971 1619 1991 vero
1635 1962 1746 1991 urbibus
1762 1963 1925 1992 constitutis.
1961 1960 2040 1992 Idem
2048 1973 2098 2001 pro
2114 1962 2183 2000 Lege
2194 1963 2290 1993 Manil.
2306 1966 2361 2002 Age
2374 1973 2422 1993 ve-

1319 2009 1350 2028 ro
1361 2021 1369 2034 ,
1389 1999 1493 2028 caeteris
1502 2000 1531 2028 in
1541 1999 1621 2029 rebus
1635 2000 1722 2037 qualis
1734 2000 1763 2029 sit
1773 2001 1955 2038 temperantia
1966 2022 1972 2035 ,
1996 2000 2173 2030 eonliderate.

1298 2037 1356 2075 Age
1369 2059 1377 2072 ,
1402 2037 1448 2066 vix
1463 2037 1661 2067 consentientis
1678 2038 1848 2067 adverbium.
1875 2038 1939 2067 Ter.
1964 2038 2034 2067 And.
2054 2050 2080 2074 4.
2093 2047 2171 2074 2.30.
2201 2038 2266 2068 Huc
2284 2038 2361 2075 face,
2385 2039 2419 2068 ad

1319 2084 1365 2104 me
1377 2082 1407 2103 ut
1417 2076 1524 2110 venias,
1541 2075 1557 2104 sl
1571 2075 1638 2112 quid
1649 2076 1760 2113 poteris.
1807 2086 1835 2105 n.
1859 2075 1936 2112 Quid
1953 2076 2083 2105 veniam?
2104 2076 2175 2105 nihil
2195 2076 2291 2105 habeo
2319 2087 2344 2105 c.
2375 2078 2420 2106 At.

1318 2119 1411 2180 {amen
1423 2112 1525 2155 liquid.
1565 2123 1594 2142 n.
1615 2114 1689 2150 Age,
1710 2114 1828 2143 veniam.
1869 2113 1924 2143 Ubi
1941 2113 2084 2148 Donatus,
2110 2115 2156 2143 vix
2166 2113 2421 2150 consentientem,

1344 2160 1376 2187 ge
1392 2160 1511 2179 vemam.

1263 2191 1285 2220 A
1294 2199 1313 2218 c-
1323 2191 1337 2217 ὲ
1348 2198 1364 2216 o
1374 2198 1393 2216 u
1402 2199 1421 2216 M
1432 2210 1439 2222 ,
1463 2188 1597 2217 hortantis
1610 2188 1677 2217 Adv.
1700 2188 1792 2218 Festus
1801 2211 1810 2223 ,
1830 2189 1954 2225 Agedum
1965 2188 2097 2225 fignificat
2108 2188 2162 2226 Age
2173 2189 2266 2218 modo.
2289 2189 2326 2218 est
2343 2191 2419 2219 enim

1301 2226 1479 2256 Adhortantis
1494 2225 1588 2254 sermo.
1622 2225 1698 2255 Valla
1711 2248 1719 2261 ,
1742 2227 1865 2263 Agedum
1881 2248 1887 2261 ,
1911 2236 1967 2255 non
1983 2226 2144 2264 lingularem
2154 2234 2260 2255 tantum
2277 2227 2419 2263 desiderat,

1302 2264 1349 2294 sed
1371 2264 1455 2292 etiam
1480 2263 1630 2301 pluralem:
1654 2273 1744 2301 neque
1759 2265 1789 2293 id
1803 2264 1888 2293 modo
1910 2265 1939 2293 in
1961 2264 2102 2298 carmine,
2127 2272 2159 2294 ut
2180 2264 2343 2301 Propertius,
2365 2265 2419 2294 Vos

1301 2301 1429 2340 agedum.
1452 2300 1499 2330 sed
1519 2302 1604 2330 etiam
1625 2302 1655 2330 in
1668 2301 1766 2338 prosa:
1789 2310 1820 2331 ut
1835 2302 1892 2331 Cic.
1914 2311 1964 2339 pro
1982 2301 2056 2339 Sylla
2069 2311 2112 2338 72.
2154 2302 2277 2340 Agedum
2296 2302 2419 2332 conserte

1302 2349 1379 2369 nunc
1396 2348 1461 2368 cum
1481 2338 1555 2368 illius
1575 2340 1631 2368 vita
1649 2340 1733 2368 vitam
1749 2339 1775 2368 P.
1800 2339 1890 2375 Syllae.
1930 2339 1994 2369 Ter.
2017 2339 2087 2368 Eun.
2110 2350 2136 2375 4.
2154 2351 2180 2375 4.
2193 2349 2236 2376 27.
2277 2341 2416 2377 Agedum,

1299 2377 1357 2407 hoc
1368 2377 1436 2405 mihi
1447 2377 1550 2414 expedi
1572 2377 1700 2414 primum.
1741 2377 1795 2406 Ubi
1813 2378 1938 2407 Donatus
1952 2397 1958 2406 .
1988 2377 2111 2413 Agedum
2129 2387 2205 2406 oum
2225 2383 2343 2411 magos&
2364 2379 2416 2413 est,

1301 2417 1330 2445 ἂ
1347 2415 1459 2448 adjuvat
1479 2415 1619 2444 exanimo
1635 2414 1805 2451 loquentem.
1844 2414 1928 2444 Plaut.
1955 2414 2035 2444 Most.
2053 2424 2075 2443 1.
2090 2424 2113 2451 3.
2129 2425 2190 2451 ¹25·
2211 2415 2334 2452 Agedum
2353 2425 2420 2444 con*

1303 2453 1409 2489 templa
1421 2462 1525 2481 aurum.

1301 2491 1445 2528 Agedum,
1473 2500 1538 2519 curn
1556 2489 1640 2518 verbo
1657 2490 1743 2519 tertiae
1763 2489 1893 2526 personae.
1934 2489 1988 2519 Liv.
2020 2499 2042 2518 1.
2072 2488 2175 2518 Decad.
2198 2489 2245 2518 lib.
2264 2497 2290 2526 7.
2327 2490 2419 2526 Quem

1322 2537 1398 2558 nunc
1415 2528 1551 2564 (inquit)
1572 2527 1660 2556 Roma
1677 2527 1852 2557 fortissimum
1870 2528 1959 2557 virum
1980 2527 2080 2563 habet,
2101 2527 2236 2564 procedat
2247 2527 2365 2565 agedum
2384 2528 2418 2556 ad

1323 2575 1454 2604 pugnam.

1265 2605 1416 2636 Aorsrs.
1456 2602 1487 2632 V.
1510 2601 1750 2637 infra,Acts1s
1771 2601 1818 2631 suo
1841 2602 1915 2631 loco.
2062 2635 2065 2636 .

1265 2645 1314 2673 Ac
1324 2643 1385 2671 ἴτε
1395 2663 1402 2675 ,
1427 2640 1562 2669 hortantis
1578 2640 1644 2669 Adv.
1664 2639 1813 2669 secundam
1831 2639 1974 2678 personam
1988 2639 2122 2677 pluralem
2140 2640 2294 2677 imperativi
2309 2641 2418 2678 proprie

1304 2678 1443 2718 postulat,
1463 2679 1530 2707 teste
1545 2677 1627 2706 Valla.
1649 2677 1734 2707 Plaut.
1747 2677 1824 2707 Men.
1840 2688 1864 2714 5.
1877 2687 1901 2706 2.
1922 2686 1980 2714 ¹¹3·
2018 2679 2113 2715 Agite,
2131 2679 2206 2715 equi,
2227 2679 2338 2707 facitote
2350 2679 2424 2707 soni·

1305 2727 1349 2747 tus
1361 2715 1525 2754 ungularum
1543 2722 1700 2753 appareant.
1740 2715 1812 2752 Virg.
1840 2725 1862 2744 r.
1887 2714 1948 2745 AEn.
1965 2719 2028 2746 627.

1378 2755 1471 2791 Quare
1488 2754 1559 2791 agite
1584 2754 1601 2782 ὁ
1623 2753 1702 2782 tectis
1719 2753 1833 2788 juvenes
1851 2751 1991 2782 succedite
2009 2752 2115 2782 nostris.

1305 2793 1385 2830 Agite
1397 2792 1536 2820 interdum
1552 2790 1675 2820 absolute
1684 2791 1805 2828 ponitur.
1824 2790 1909 2820 Plaut.
1928 2791 2026 2828 Amph.
2055 2801 2078 2820 1.
2092 2801 2115 2820 1.
2130 2794 2190 2826 146.
2231 2791 2306 2828 Agite
2323 2790 2419 2827 pugni,

1324 2830 1428 2868 jamdiu
1440 2829 1477 2858 est
1489 2829 1564 2867 quod
1581 2829 1668 2858 ventri
1679 2829 1781 2858 vietum
1797 2838 1855 2857 non
1865 2828 1944 2858 datis.

1308 2870 1387 2907 Agite
1397 2878 1472 2897 vero.
1506 2866 1564 2896 Cic.
1578 2876 1602 2896 2.
1614 2867 1649 2895 de
1667 2866 1745 2896 Orat.
1762 2867 1840 2903 Agite
1853 2875 1930 2901 vero,
1945 2865 1991 2895 ille
2003 2866 2112 2903 inquit,
2132 2864 2264 2894 utvultis:
2286 2864 2330 2893 sed
2346 2872 2422 2893 nune

1328 2906 1452 2944 quidem,
1474 2905 1605 2942 quoniam
1614 2903 1643 2941 id.
1653 2905 1788 2942 temporis
1798 2904 1845 2938 est,
1864 2903 2029 2941 surgendum
2037 2903 2134 2932 censeo
2146 2904 2171 2934 Sc
2183 2901 2417 2944 requiescendum.

1270 2946 1290 2975 A
1301 2946 1418 2974 erran
1429 2954 1444 2972 u
1455 2954 1486 2980 M,
1508 2942 1637 2972 hortandi
1660 2943 1728 2971 Adv.
1748 2942 1827 2979 ldem
1844 2942 1918 2979 quod
1934 2941 2027 2979 Agite:
2050 2941 2099 2969 nisi
2117 2940 2192 2978 quod
2208 2940 2261 2968 hoc
2278 2941 2425 2969 instantrus

1308 2983 1451 3017 hortatur,
1482 2980 1549 3010 sicut
1562 2982 1588 3010 Sc
1602 2980 1736 3018 Agedum.
1759 2979 1816 3009 Liv.
1831 2987 1855 3016 7.
1876 2979 2025 3017 Agitedum
2036 2979 2073 3008 ite
2082 2988 2199 3007 mecum.
2270 3003 2276 3009 ,

1269 3022 1341 3051 Aoi
1352 3031 1369 3048 A
1381 3042 1388 3053 ,
1410 3015 1613 3054 [omis-evm]
1635 3017 1683 3047 Via
1697 3017 1726 3045 in
1745 3017 1825 3052 navi,
1854 3017 1927 3046 dic'ta
1943 3017 2019 3053 quod
2034 3017 2062 3045 in
2074 3026 2106 3045 ea
2116 3016 2239 3044 maximat
2253 3023 2366 3051 qumque
2379 3022 2425 3044 res

1306 3058 1351 3095 agi
1370 3056 1484 3086 soleant.
1509 3056 1609 3085 Festus.
1633 3065 1667 3085 ex
1680 3054 1725 3085 Gr.
1743 3055 1822 3089 icyst‘x.
1843 3054 1934 3084 Isidor.
1949 3064 1989 3089 19.
2003 3064 2028 3083 2.
2050 3053 2156 3090 Agiavia
2164 3052 2225 3081 sunt
2235 3051 2296 3080 loca
2305 3052 2334 3080 in
2349 3052 2425 3085 navi,

1308 3106 1358 3135 per
1368 3104 1427 3132 quae
1439 3094 1473 3123 ad
1490 3093 1606 3131 remiges
1624 3093 1747 3122 hortator
1760 3092 1868 3122 accedit
1881 3114 1890 3128 ,
1912 3092 1946 3121 de
1966 3102 2019 3129 qua
2031 3091 2151 3120 Ennius:
2405 3127 2411 3133 ι

1384 3131 1474 3162 Multa
1496 3132 1556 3160 foro
1574 3140 1677 3169 ponet,
1714 3131 1740 3160 S<
1759 3131 1870 3167 Agiavia
1886 3129 1969 3167 longa
1985 3128 2112 3166 repletur.
2170 3126 2210 3156 Ita
2223 3126 2348 3156 Gothofr.
2365 3137 2425 3164 qur·-

1309 3171 1376 3200 dem
1391 3169 1488 3199 edidit.
1511 3169 1580 3198 Scal.
1592 3169 1627 3198 ad
1640 3168 1706 3198 Fest.
1729 3168 1812 3206 legit:
1843 3166 2032 3197 Multaforum
2047 3187 2056 3201 ,
2074 3170 2172 3202 pontes
2190 3166 2216 3193 St
2233 3173 2353 3202 ageaque
2368 3166 2424 3195 &a

1309 3210 1344 3238 At
1353 3207 1454 3238 Scheff.
1464 3207 1499 3236 de
1509 3206 1570 3236 Mil.
1584 3207 1653 3236 Nav.
1674 3217 1696 3235 1.
1707 3210 1732 3235 6.

1385 3245 1476 3276 Multa
1498 3245 1558 3274 foro
1577 3251 1701 3283 ponunt,
1724 3244 1830 3281 agearia
1847 3242 1930 3284 longa
1948 3240 2095 3278 replentur.

1314 3286 1397 3322 Agear
1408 3284 1483 3312 enim
1499 3283 1611 3320 antiqua
1622 3282 1817 3317 terminatione
1837 3280 1933 3309 dixisse
1944 3284 2029 3316 putat.

1274 3321 1321 3352 Ac
1332 3332 1408 3356 eor,
1430 3320 1527 3358 Populi
1548 3322 1621 3349 circa
1629 3319 1765 3350 Maeotirn.
1788 3318 1855 3347 Plin.
1876 3317 1922 3359 lib:
1937 3320 1961 3345 6.
1974 3324 2032 3352 cap.
2048 3323 2072 3349 7.

1274 3362 1297 3391 A
1306 3370 1323 3389 c
1333 3370 1346 3388 E
1356 3370 1373 3388 o
1384 3370 1393 3388 1
1403 3368 1420 3388 c
1430 3369 1447 3387 u
1457 3369 1477 3387 M
1492 3380 1500 3394 ,
1520 3354 1689 3394 [Ἀφέῶιφν]
1707 3356 1864 3386 Ptolemaeo.
1886 3353 1951 3383 alias
1966 3354 1987 3381 A
1997 3360 2064 3381 (3er
2075 3360 2093 3379 n
2103 3362 2112 3379 1
2122 3360 2166 3380 cu
2175 3361 2197 3380 M
2209 3369 2219 3387 ·,
2239 3349 2427 3389 UffisGAhae,

1274 3436 1297 3465 A
1306 3397 1399 3464 gglg}
1409 3407 1486 3468 dinss,
1512 3428 1667 3469 [Ἀμλάῶιτ
1679 3432 1695 3467 ]
1716 3431 1827 3461 Nomen
1841 3427 1951 3464 insignis
1965 3426 2097 3461 statuarii,
2110 3427 2137 3455 &
2149 3425 2267 3462 magistri
2285 3420 2428 3468 Polycleti,

1318 3473 1396 3509 cujus
1418 3471 1547 3501 meminit
1567 3469 1635 3499 Plin.
1648 3469 1698 3499 lib.
1717 3478 1758 3506 34.
1778 3477 1837 3504 cap.
1851 3471 1875 3499 8.
1914 3463 2068 3507 Columella
2091 3464 2224 3501 producit
2246 3463 2431 3501 penultimam

1357 3534 1362 3540 .
1399 3521 1426 3538 0.
1443 3519 1458 3538 2
1482 3533 1487 3538 .

1314 3510 1356 3541 hb
1384 3520 1519 3577 ΙΝευὲὼί
1538 3545 1688 3579 Daedaleae,
1711 3547 1862 3579 quaerantur
1880 3544 1996 3569 'munera
2010 3538 2114 3567 dextrae

1393 3584 1455 3615 Nec
1473 3583 1651 3617 Polvcleteae,
1673 3590 1724 3609 nec
1741 3577 1937 3612 Phradmonis,
1964 3584 2011 3605 aut
2027 3575 2154 3613 Ageladae

1277 3657 1299 3692 Α
1309 3671 1327 3690 0
1336 3662 1352 3690 ξ
1362 3672 1377 3689 L
1386 3624 1464 3696 &Artg
1473 3622 1753 3694 -l'cssffiefiul'uerorum
1766 3655 1844 3681 erant
1861 3654 2015 3681 conventus
2038 3650 2113 3688 apud
2122 3649 2274 3681 Cretenfe‘s.
2297 3647 2360 3680 Cael.
2380 3647 2429 3679 lib.

1277 3710 1329 3768 -Ac1
1335 3705 1352 3765 Ξ
1355 3703 1568 3767 Lngzs'anis,
1589 3730 1737 3766 [ἁγλοᾶῶ
1757 3727 1842 3763 243⁷&
1857 3727 1871 3761 ]
1892 3736 1908 3755 a
1922 3726 2017 3755 nostris
2029 3725 2173 3762 Gregar‘ius
2183 3721 2210 3755 ὀὶ
2221 3724 2350 3768 ¹Cibarius
2366 3725 2434 3754 dici-

1316 3779 1378 3808 tur,
1393 3782 1428 3802 ex
1437 3772 1523 3800 farina
1532 3777 1629 3807 parum
1642 3767 1714 3796 bene
1728 3765 1844 3794 cribrata
1862 3764 1996 3793 constans.
2019 3762 2083 3792 Cael.
2100 3762 2192 3797 Rhoe.
2208 3763 2257 3792 hb.
2271 3774 2295 3798 9.
2311 3774 2370 3801 cap.
2390 3766 2429 3791 16.

1278 3809 1451 3881 Aessiziiiiesns
1460 3808 1734 3879 AIE‘,*.[C57}}A;‡&]
1755 3839 1850 3869 Latine
1865 3839 1966 3867 dicitur
1978 3838 2042 3867 Non
2061 3836 2174 3872 ridens,
2198 3837 2309 3880 moestus
2319 3859 2328 3872 ,
2346 3845 2434 3879 moro-

1316 3886 1376 3920 sus,
1399 3893 1453 3918 quo
1468 3883 1584 3910 nomine
1604 3885 1717 3908 vocatus
1732 3878 1770 3907 est
1795 3876 1901 3906 Craffus
1934 3885 2021 3920 ¹quern
2034 3874 2117 3917 semel
2134 3873 2266 3918 duntaxat
2281 3885 2310 3903 in
2327 3884 2381 3903 vlta
2400 3883 2435 3902 ri-

1316 3922 1373 3952 fiffe
1400 3920 1494 3951 scribit
1528 3917 1658 3949 Lucilius.
1709 3915 1765 3946 cie.
1795 3925 1819 3951 5.
1849 3914 1883 3943 de
1898 3898 1970 3987 psai.
2002 3923 2046 3949 92.
2077 3912 2145 3942 Phn.
2170 3911 2217 3941 hb.
2242 3922 2266 3948 7.
2304 3921 2433 3977 εεὲὲῐις.

2387 3955 2437 3976 unt
