2600 4177
447 101 476 137 C
573 100 606 135 H
703 101 737 136 O

31 185 54 216 C
63 195 83 216 Η
94 197 110 216 o
121 197 137 216 a
147 197 166 217 'r
176 199 186 217 1
196 197 217 217 N
227 197 243 216 ο
253 197 274 215 N
293 185 394 216 Oleum
405 184 516 217 dieitur.
537 182 622 218 Quod
631 181 661 210 fit
670 182 697 211 in
710 183 827 220 ffigypto
839 191 853 211 e
863 183 978 220 raphani
989 181 1092 212 semine
1103 202 1111 216 ‚
1127 185 1175 209 aut

69 226 189 261 gramine
198 225 289 254 herba.
313 225 387 252 Aust
402 222 468 250 Plin.
482 220 527 248 lib.
542 229 583 252 ις.
595 229 654 255 cap.
668 229 692 255 7.

32 262 56 292 C
64 272 85 291 H
96 271 111 291 ο
124 273 137 290 R
147 272 166 291 υ
175 272 188 291 s
198 284 205 296 ,
228 261 342 297 [χορὸς]
363 259 473 296 proprie
483 257 642 285 Conventus
651 258 674 285 &
686 257 769 286 veluti
780 265 883 285 corona
891 266 986 284 eorum
995 256 1040 292 qui
1051 255 1085 283 ad
1096 254 1176 283 ludos

18 323 19 331 ,
67 300 240 328 conveniunt
252 321 259 333 ‚
281 299 333 326 sive
345 296 513 329 saltantium,
535 294 589 322 sive
604 296 774 323 canentium.
803 303 869 322 nam
889 294 1040 322 multorum
1063 292 1176 320 vocibus

18 334 19 372 l
70 338 95 366 ἃ
108 343 245 366 concentu
257 336 377 367 constat,
398 341 429 361 ut
439 333 544 361 Seneca
553 333 578 360 ἃ
589 331 747 361 Macrobius
755 331 875 360 tradunt.
899 331 969 368 Virg.
983 335 1008 359 6.
1021 329 1081 359 [En.
1096 339 1158 366 517.

159 373 206 402 llla
217 373 333 402 chorum
350 369 477 399 simulans
490 390 498 400 ‚
520 369 634 397 Evantes
645 369 721 404 orgia
732 370 835 398 circum

161 410 285 439 Ducebat
297 409 431 444 Phrygias.
526 405 580 434 Ubi
591 406 700 435 Servius
709 428 718 442 ‚
741 407 864 436 Chorum
877 406 916 435 ait
928 404 1139 434 Multitudinem
1149 403 1179 431 in

69 447 141 478 sacra
150 447 304 476 collectam.
328 446 404 474 ldem
423 454 444 473 r.
458 444 554 478 Georg.
570 446 631 477 346.

161 484 260 514 Omnis
271 493 352 519 quarn
361 481 471 514 chorus,
490 483 515 511 ἃ
526 481 593 510 socii
605 481 774 509 comitantur
784 486 908 509 ovantes.
991 478 1045 508 Ubi
1058 477 1180 511 Servius,

69 523 193 556 Chorus,
215 521 324 558 proprie
342 521 380 549 est
394 520 555 548 Coaevorum
575 525 674 547 cantus
694 526 775 554 atque
795 518 909 546 [iuratio.
949 517 1023 545 Suet.
1045 517 1072 544 in
1091 514 1179 551 Calig.

70 569 129 597 cap.
142 568 184 595 37.
209 558 358 588 Fabricavit
369 559 394 586 Sc
406 557 440 585 cle
450 557 539 585 cedris
550 555 697 584 liburnicas
709 557 760 585 διο.
780 556 879 591 quibus
890 554 1066 583 discumbens
1078 552 1112 581 de
1123 553 1182 587 die,

69 598 142 627 inter
153 597 251 626 choros
261 605 292 624 ac
301 595 488 632 symphonias,
503 593 582 623 litora
594 593 751 631 Campaniae
761 600 923 630 peragraret.
964 591 1051 628 Vulgo
1060 590 1181 626 Capellam

72 634 116 664 vel
127 635 233 669 copulam
247 640 355 663 vocant.
381 632 505 661 Budzeus.

71 672 170 703 Bacchi
182 672 290 700 chorus.
315 670 343 698 V.
366 669 494 699 indicere
507 669 605 698 choros
618 667 693 698 infra.

69 710 170 740 Senior
182 709 276 738 Glauci
291 708 391 737 chorus
403 729 410 740 ,
432 709 448 735 i.
460 717 484 736 e.
503 707 547 736 Dii
559 706 666 734 marini.
689 704 810 735 Glaucus
824 704 942 741 piscator
950 703 1018 732 fuit:
1040 703 1184 739 quiquum

90 753 186 785 captos
204 745 291 784 pisces
302 745 380 782 supra
395 745 508 774 herbam
523 741 680 778 abiecisset,
703 745 729 772 δι
742 752 789 772 eos
809 741 942 779 recepill'e
952 740 1075 774 vidisset,
1101 748 1184 776 quam

91 784 246 819 amiserant,
257 784 341 813 vitam
357 793 363 812 ε
386 783 526 811 intellecta
539 781 684 810 herbarum
700 780 833 817 potentia,
845 780 1004 816 decerptam
1016 778 1129 807 herbam
1138 786 1186 813 gu-

91 822 185 855 stavit,
207 823 233 850 &
244 821 270 850 se
287 821 469 858 praecipitavit
486 821 514 848 in
526 819 610 848 maria
622 840 629 852 ‚
652 819 717 847 &in
736 818 819 846 deum
840 818 977 845 marinum
995 821 1185 845 commutatus

92 859 139 889 est.
177 859 261 894 Cujus
272 859 393 888 Chorum
404 880 411 892 ,
434 858 526 886 senem
542 857 611 892 Virg.
628 866 651 890 ς.
664 856 725 885 [Ἑη.
737 861 799 890 8²3·
816 855 879 883 ideo
894 855 964 882 dixit
975 876 983 888 ,
1004 853 1186 890 autquodip-

90 896 118 926 se
132 897 213 925 etiam
225 896 306 926 senex
316 895 407 926 fuerat
418 918 425 929 ,
447 902 494 924 aut
505 894 578 932 quod
590 894 665 922 senes
682 902 754 930 pene
766 902 863 921 omnes
875 893 913 920 dii
923 892 1064 929 tinguntur
1076 890 1184 925 marini,

90 933 204 963 fortaffis
215 943 327 971 propter
336 934 491 971 spumarum
503 933 634 961 colorem.
659 930 724 959 Haec
734 931 850 959 Servius.

72 971 228 1008 {Iuventutis
251 972 337 1001 choro
356 971 455 1008 stipari.
496 971 553 999 Cic.
574 979 624 1005 pro
636 968 747 998 Murem.
759 978 803 1003 49.
837 966 985 996 Catilinam
1008 966 1115 994 interea
1132 964 1186 994 ala-

91 1016 262 1075 cremsatque
280 1009 374 1038 laetum
386 1031 393 1043 ,
414 1009 542 1045 stipatum
553 1008 640 1036 choro
656 1007 808 1042 juventutis
820 1027 828 1040 ,
850 1004 982 1034 vallatum
993 1003 1134 1033 indicibus
1148 1008 1187 1032 at-

112 1057 145 1076 ue
172 1047 278 1081 icariis,
297 1049 347 1076 &c

71 1057 214 1116 Riusaruni
222 1085 308 1113 chori.
331 1083 397 1113 Hor.
414 1092 438 1118 ³·
449 1081 539 1111 Carni.
552 1092 579 1116 4-
590 1091 634 1115 ας.
658 1080 749 1111 Musas
761 1080 923 1118 alloquens,

152 1122 249 1151 Vestris
258 1123 379 1151 amicum
390 1121 513 1150 fontibus
521 1122 546 1148 σῖ
556 1120 646 1148 choris

151 1159 216 1189 Non
227 1170 271 1189 me
283 1160 416 1197 Philippis
427 1158 500 1187 versa
508 1158 579 1186 acies
591 1165 664 1186 retro
677 1178 684 1191 ‚
699 1158 750 1186 &c.

71 1197 321 1235 Nympharumque
333 1198 406 1226 leves
418 1205 482 1225 cum
492 1195 595 1232 Satyris
609 1195 695 1224 chori.
797 1192 865 1222 Hor.
881 1202 903 1222 1.
921 1192 1010 1222 Carm.
1024 1202 1048 1221 1.
1062 1200 1105 1228 31.

71 1235 301 1273 Philosophorum
310 1246 326 1264 e
336 1235 423 1264 choro
433 1233 553 1270 aliquem
566 1233 672 1262 tollere.
696 1231 754 1260 Cic.
770 1240 793 1260 1.
806 1231 840 1260 de
851 1230 937 1260 Finib.
952 1236 995 1260 26.
1009 1229 1054 1259 Tu
1064 1228 1186 1267 quidem,

93 1274 182 1309 inquit
193 1295 201 1307 ,
222 1281 311 1302 torum
321 1273 469 1309 Epicurum
482 1280 577 1308 penee
589 1270 816 1308 philosophorum
828 1269 913 1298 choro
925 1267 1057 1297 sustulisti.

73 1310 170 1341 Phoebi
180 1311 278 1340 chorus
288 1333 295 1345 ,
318 1320 367 1347 per
374 1308 589 1338 antonomasiam
601 1330 609 1343 ‚
630 1308 716 1338 Musae
730 1307 869 1336 dicuntur.
893 1306 966 1344 Virg.
979 1310 1005 1336 6.
1018 1304 1075 1335 Ecl.
1085 1307 1131 1334 66.

51 1357 53 1360 '
72 1348 237 1379 Puellarum.
260 1348 326 1377 Hor.
338 1359 362 1377 2.
383 1347 474 1376 Carni.
486 1357 509 1380 ς.
522 1355 566 1375 21.

151 1387 246 1422 Quem
256 1387 275 1414 li
293 1385 447 1423 puellarum
456 1384 557 1412 inseres
571 1383 657 1412 choro
666 1404 674 1419 ‚

153 1424 224 1453 Mire
235 1423 341 1460 sagaces
354 1423 460 1452 falleret
471 1421 600 1459 hospites.

0 1465 2 1469 '
52 1472 53 1476 ¹
74 1461 247 1499 Scriptorum
257 1461 356 1490 chorus
368 1461 459 1489 omnis
470 1466 543 1488 amat
552 1468 650 1489 nemus
660 1480 669 1494 ,
690 1459 717 1489 ἃ
728 1457 798 1495 fugit
807 1457 898 1488 urbes.
912 1456 978 1487 Hor.
989 1465 1016 1486 2.
1026 1454 1188 1494 Epist.2.77.

0 1504 7 1515 ¹
75 1499 183 1530 Vatum.
206 1499 271 1529 Hor.
283 1511 310 1536 4.
327 1499 415 1528 Carm.
429 1507 452 1534 3.
466 1507 507 1532 ις.

165 1537 260 1567 Romae
272 1559 280 1572 ,
302 1537 437 1575 principis
445 1535 558 1564 urbium
574 1556 583 1570 ,

202 1575 336 1611 Dignatur
347 1573 454 1603 soboles
465 1574 537 1602 inter
551 1571 682 1602 amabiles

167 1612 268 1642 Vatum
281 1622 387 1650 ponere
398 1621 443 1641 me
454 1611 564 1640 choros.

76 1649 216 1680 Virtutum
229 1651 339 1680 chorus.
363 1650 421 1679 Cic.
434 1659 458 1685 3.
470 1648 527 1679 Off.
543 1650 604 1678 116.

74 1689 193 1725 AEqualis
206 1688 305 1718 chorus
315 1710 324 1724 ‚
346 1687 500 1724 AEqualium
510 1686 619 1716 chorus.
641 1685 715 1723 Virg.
730 1695 755 1721 4.
765 1684 939 1722 ‘Georg.46o.

77 1728 209 1756 Canorus.
232 1726 330 1762 Juven.
345 1736 386 1754 11.
408 1725 462 1754 Sat.
477 1728 535 1759 163.

74 1764 225 1794 Circulares
243 1765 321 1793 chori
335 1764 484 1797 dicuntur,
504 1761 561 1799 Qui
580 1761 609 1790 in
625 1759 719 1789 orbern
741 1759 869 1789 saltantes
886 1763 990 1789 canunt
1004 1779 1012 1793 ‚
1032 1757 1079 1794 qui
1100 1753 1192 1786 restim

93 1803 196 1869 (ιὶζυςὶετε
207 1803 344 1831 dicuntur.
368 1799 528 1838 hujusmodi
544 1799 650 1829 Choros
660 1798 782 1828 scenicos
793 1797 871 1827 fuiffe
883 1803 997 1835 apparet
1011 1805 1046 1825 ex
1058 1794 1191 1824 Luciano.

119 1851 147 1870 ut
160 1850 221 1869 :Pus

74 1877 182 1916 Cyclici
194 1878 272 1907 chori
283 1899 291 1912 ,
316 1877 478 1906 dicebantur
488 1874 571 1905 Chori
581 1873 856 1911 Dithyrambicorum
867 1894 874 1906 ‚
895 1872 930 1901 ad
941 1871 1089 1901 discrimen
1098 1870 1194 1908 Tragi-

94 1926 190 1945 corum
204 1918 229 1945 ἂ
241 1916 420 1945 Comicorum
430 1914 577 1943 chororum
588 1934 596 1949 ‚
617 1913 665 1950 qui
677 1918 756 1941 erant
765 1910 909 1948 Quadrati.
932 1909 1055 1940 Turneb.

75 1953 208 1984 Feminei.
231 1954 312 1983 Ovid.
326 1963 348 1987 ι.
363 1952 429 1982 Fast.
442 1955 506 1988 764-

156 1991 302 2021 femineos
312 1990 406 2028 thyrso
418 1989 540 2019 concitat
549 1987 597 2017 ille
607 1988 716 2017 choros.
999 2013 1001 2016 .

75 2029 142 2096 1(ῗὲῖί
152 2030 230 2058 chori
240 2051 247 2062 ,
269 2038 318 2067 per
328 2027 546 2057 antonomasiam
556 2033 690 2056 vocantur
698 2025 771 2056 Galli
782 2023 899 2063 Cybeles
908 2022 1074 2054 sacerdotes.
1089 2020 1160 2058 Virg.
1166 2031 1192 2058 9.

131 2077 156 2096 n.
179 2076 236 2096 112.

75 2105 221 2135 Plaudens.
244 2104 311 2134 Stat.
332 2114 354 2133 1.
370 2103 436 2133 Silv.
450 2111 476 2132 2.
489 2111 553 2137 252.

77 2143 220 2178 Plebeius‚
243 2143 432 2172 Meretricum.
457 2141 540 2170 Ovid.
557 2151 581 2176 ς.
598 2139 667 2169 Fast.
684 2147 747 2176 352.

76 2181 181 2211 Pierius
191 2203 199 2216 ‚
222 2180 369 2210 Musarum.
392 2178 512 2209 Martial.
524 2177 572 2208 lib.
586 2187 628 2207 12.
642 2187 666 2214 3.

75 2219 219 2256 Quadrati.
242 2219 272 2246 V.
295 2217 496 2256 Cyclicichori.

74 2257 156 2287 Sacer
168 2279 175 2291 ‚
199 2256 302 2287 Dianae,
327 2256 410 2283 Ovid.
423 2264 448 2284 2.
465 2254 531 2283 Fast.
549 2256 610 2289 156.

3 2295 6 2298 ’
49 2317 52 2320 .
71 2295 204 2362 ’3ξῆπίἴῇἑί
213 2294 308 2329 chori,
332 2293 463 2323 dicuntur
474 2291 618 2322 Gallorum
629 2289 765 2328 Cybeles,
786 2290 834 2327 qui
858 2297 958 2318 omnes
978 2293 1058 2317 erant
1076 2286 1192 2318 castrati.

115 2342 142 2361 1.
167 2343 174 2360 i
196 2355 202 2361 .
222 2341 263 2368 17.
277 2342 321 2361 20.

75 2370 221 2405 Virgineus
235 2391 243 2405 ⁷
269 2368 417 2399 Musarum.
441 2367 524 2397 Ovid.
537 2377 560 2404 3.
573 2366 609 2395 de
619 2367 681 2395 Arte
698 2366 756 2394 Am.
772 2368 833 2398 168.

78 2408 169 2438 Votivi
180 2407 265 2436 Chori
276 2430 284 2442 7
307 2407 446 2436 Numerus
455 2405 569 2436 illorum
577 2405 625 2442 qui
636 2411 699 2433 vota
709 2403 824 2432 faciunt.
845 2401 913 2432 Stat.
926 2412 953 2437 4.
967 2400 1058 2432 Theb.
1068 2409 1133 2437 209..

305 2459 342 2465 ———
354 2443 460 2482 templa
653 2442 759 2472 Votivis
770 2440 915 2479 implenda
931 2439 1032 2470 choris.

1 2505 4 2511 .
77 2484 185 2519 ligitare
198 2482 307 2512 choros.
330 2483 403 2519 Virg.
421 2493 447 2517 4.
461 2480 561 2517 Georg.
574 2488 636 2517 553.

0 2546 2 2562 .
47 2527 50 2531 ’
74 2521 231 2551 Celebrate.
253 2521 316 2550 Sen.
330 2519 412 2549 Herc.
427 2518 519 2549 OEth.
532 2529 556 2554 5.

2 2583 8 2587 .
44 2568 52 2587 r
77 2559 196 2589 Ducere.
219 2558 285 2587 Hor.
298 2569 325 2593 4.
343 2558 435 2587 Carm.
450 2566 476 2591 7.
489 2560 514 2586 6.

156 2597 247 2626 Gratia
256 2606 321 2625 cum
330 2595 484 2632 Nymphis,
506 2593 678 2632 geminisque
688 2590 824 2622 sororibus
838 2590 924 2621 audet

46 2641 55 2658 ν’
184 2634 292 2663 Ducere
304 2635 379 2662 nuda
391 2634 500 2662 choros.

77 2671 220 2702 Exercere.
247 2672 318 2708 Virg.
336 2681 358 2700 r.
382 2671 444 2700 AEn.
459 2679 521 2706 503.

157 2710 254 2746 Qualis
265 2710 293 2738 in
308 2709 416 2738 Eurotae
426 2709 492 2746 ripis
501 2731 509 2744 ,
531 2712 577 2737 aut
587 2716 637 2745 per
647 2707 710 2743 juga
721 2704 826 2743 Cynthi

38 2781 41 2789 .
157 2747 275 2777 Exercet
283 2747 371 2776 Diana
380 2747 489 2777 choros.

2 2785 5 2798 ’”
76 2785 181 2816 Pedem
192 2785 262 2814 ferre
272 2786 379 2820 choris,
401 2795 452 2822 pro
463 2783 565 2814 Saltare
582 2783 612 2811 in
631 2781 734 2810 choris.
756 2780 823 2810 Hor.
836 2788 862 2810 2.
876 2779 968 2810 Carm.
982 2787 1024 2809 12.
1039 2785 1082 2815 17.

48 2847 57 2854 ..
169 2823 263 2860 Quam
277 2833 329 2852 nec
339 2823 409 2852 serre
421 2822 523 2860 pedem
531 2820 663 2850 dedecuit
672 2819 773 2849 choris.

0 2881 5 2891 r
52 2887 59 2898 κ
79 2861 208 2892 indicere
220 2861 320 2890 choros
333 2860 451 2890 Bacchi.=
465 2859 535 2897 Virg.
552 2868 593 2887 11.
608 2858 670 2888 AEn.
683 2866 746 2892 737.

48 2909 73 2922 ³·
159 2901 211 2928 Aut
220 2899 268 2928 ubi
279 2909 362 2928 curva
372 2898 471 2928 choros
481 2897 584 2927 indixit
593 2896 662 2925 tibia
671 2893 782 2925 Bacchi.

5 2972 13 2979 .
45 2936 63 2967 ³2
79 2936 236 2966 Instaurare.
260 2936 333 2974 Virg.
344 2948 370 2971 4.
382 2937 444 2966 AEn.
460 2946 520 2971 ης.

0 2998 6 3002 .
50 2976 61 3004 »f
79 2973 200 3004 Lascivit
211 2975 329 3009 chorus,
351 2974 508 3004 Petu-lanter
520 2972 588 3001 salit.
610 2971 672 3000 Sen.
685 2970 778 3006 Agam.
789 2970 816 2998 6.

5 3025 11 3039 .·
51 3038 54 3041 .
81 3012 188 3043 Ludere
200 3013 228 3041 in
239 3012 360 3050 speciem
370 3012 459 3041 chori.
482 3010 566 3041 Ovid.
580 3019 603 3045 3.
617 3008 683 3038 Met.
694 3013 739 3040 80.

159 3050 290 3087 Undique
304 3050 371 3079 dant
381 3049 463 3079 saltus
475 3071 483 3084 ,
504 3048 648 3083 multaque
659 3044 801 3083 aspergine
811 3047 905 3072 rorant
914 3063 923 3076 ‚

159 3088 366 3126 Emerguntque
375 3088 474 3116 iterum
484 3109 493 3121 .,
518 3086 694 3121 redeuntque
702 3082 751 3111 sub
759 3091 868 3118 aequora
879 3077 968 3110 rursus
978 3099 987 3113 ‚

159 3126 246 3161 Inque
258 3126 334 3155 chori
349 3125 450 3154 ludunt
462 3124 592 3163 speciem.
675 3122 694 3150 i.
707 3130 732 3150 e.
755 3119 876 3149 Choreas
895 3115 1019 3147 natando
1043 3115 1195 3146 imitantur.

101 3163 143 3193 De
155 3163 301 3201 Delphinis
312 3163 442 3200 loquitur.

0 3222 8 3242 ¹.
82 3201 236 3231 Ostentare.
257 3202 322 3230 Stat.
333 3211 358 3230 2.
373 3200 470 3230 Achill.
485 3205 546 3236 148.

5 3261 10 3266 ·
49 3242 54 3262 ἶ
79 3239 206 3273 Chorus,
225 3239 314 3268 aliter.
354 3239 414 3268 Cic.
439 3248 480 3274 14.
504 3241 556 3267 Att.
568 3241 592 3271 8.
628 3235 702 3273 Ego,
733 3237 765 3263 ut
785 3229 925 3270 postulas,
945 3229 1048 3259 Baiana
1067 3228 1200 3265 negotia,

0 3285 2 3310 ζ
48 3297 54 3302 -
78 3291 80 3294 ·
98 3277 270 3313 chorumque
280 3276 361 3305 illum
370 3298 380 3312 ,
401 3277 437 3306 de
447 3286 501 3313 quo
511 3275 579 3305 scire
595 3274 652 3308 viS,
674 3280 760 3310 quum
777 3269 945 3309 perspexero
956 3290 964 3303 ‚
987 3274 1047 3297 tum
1068 3266 1183 3295 scribam
1192 3287 1201 3302 ,

101 3315 206 3351 nequid
219 3315 336 3351 ignores.

82 3351 165 3382 Venit
176 3352 284 3381 chorus.
309 3352 450 3381 Africanus
461 3350 489 3379 in
504 3350 522 3380 l.
539 3359 627 3387 quum
643 3346 777 3384 ejusdem.
800 3344 835 3374 D.
858 3343 894 3373 de
914 3341 985 3372 aedil.
1001 3341 1084 3371 edict.
1106 3341 1204 3378 Quum

101 3390 226 3426 ejusdem
235 3391 340 3426 generis
350 3389 443 3427 plures
450 3397 493 3417 res
504 3387 584 3417 simul
597 3392 735 3416 veneant:
757 3382 844 3413 veluti
861 3380 1001 3415 comoedi,
1023 3379 1068 3408 vel
1083 3379 1201 3421 chorus:

103 3428 203 3457 referre
213 3430 266 3462 ait,
288 3429 317 3456 in
328 3425 485 3461 universos,
507 3436 542 3455 an
554 3426 583 3454 in
597 3423 716 3461 singulos
726 3421 847 3459 pretium
863 3418 1064 3448 constituatur:
1085 3424 1117 3446 ut
1135 3415 1205 3446 scih-

24 3490 25 3494 ,
104 3473 148 3494 cet
159 3466 300 3495 interdum
313 3475 377 3498 una.
398 3464 539 3493 interdum
550 3462 644 3501 plures
654 3460 831 3491 venditiones
841 3457 991 3493 contraelae
1005 3454 1203 3492 intelligantur.

0 3502 13 3529 ἰ
50 3524 53 3529 ·
83 3502 187 3538 Chori,
208 3504 238 3532 in
247 3504 318 3532 Acie.
341 3503 412 3539 Virg.
426 3513 450 3538 5.
463 3501 525 3531 AEn.
543 3507 605 3536 58¹-
811 3533 818 3540 ι

54 3550 60 3558 ’
177 3541 236 3571 Olli
252 3540 402 3570 discurrere
413 3549 493 3577 pares
505 3549 512 3568 z
534 3546 616 3575 atque
628 3536 739 3574 agmina
747 3541 820 3564 terni

176 3577 304 3608 Diductis
320 3578 426 3607 solvere
436 3576 538 3606 choris.
621 3574 740 3604 Servius.

53 3615 104 3646 Cn
112 3617 172 3645 01³3
181 3626 198 3645 c
207 3626 246 3646 us
255 3638 264 3652 ‚
281 3618 298 3645 i.
309 3626 344 3646 m.
367 3616 387 3646 F
390 3617 477 3645 irmic.
486 3614 535 3644 lib.
549 3622 574 3651 3.
587 3622 649 3651 cap.
667 3622 710 3648 14.
727 3610 823 3641 Faciet
832 3608 915 3638 etiam
925 3603 1053 3640 musicos,
1063 3603 1207 3640 choricos,

24 3662 25 3665 ’
90 3655 115 3684 ἂ
126 3655 171 3690 qui
182 3655 299 3683 musicos
310 3655 410 3683 modos
423 3653 533 3682 faciant.
853 3683 867 3690 ‚.
931 3673 942 3688 ss
1030 3681 1043 3687 ἢ
1189 3679 1196 3686 ,

54 3690 104 3721 Gn
116 3693 257 3720 ericiis
269 3703 307 3726 M,
328 3691 371 3721 vel
386 3691 636 3723 erroneorum,
656 3687 675 3716 i.
693 3696 721 3716 n.
745 3687 910 3722 [neyymu
929 3691 941 3708 ‘¹
953 3679 1091 3722 mnymv]
1113 3680 1211 3709 Sceni-

89 3738 153 3758 cum
164 3729 393 3764 instrumentum,
415 3738 470 3766 quo
487 3728 568 3757 scena
584 3725 726 3755 instruitur
744 3725 945 3759 &apparaturz
969 3725 1049 3753 cujus
1062 3718 1210 3755 praefectus

47 3776 50 3779 ·
89 3766 191 3795 dicitur
203 3766 350 3804 Choragus.
372 3767 439 3796 Haec
450 3766 550 3795 Festus.
590 3764 694 3792 Vitruv.
707 3761 755 3790 lib.
772 3771 795 3796 ς.
810 3769 872 3793 cap.
885 3768 912 3792 9-
935 3755 995 3798 1³9st
1005 3755 1112 3784 scenam
1125 3756 1210 3793 porti-

91 3813 139 3833 cus
151 3803 212 3832 sunt
220 3805 418 3833 constituendae
429 3826 437 3839 ‚
460 3809 490 3833 ut
500 3812 586 3839 quum
598 3800 699 3830 imbres
711 3794 852 3836 repentini
863 3795 945 3824 ludos
954 3792 1211 3830 interpellaverint,

61 3875 64 3879 .
90 3841 191 3870 habeat
198 3842 316 3878 populus
326 3852 380 3877 quo
391 3842 418 3871 se
429 3842 546 3878 recipiat
554 3849 588 3869 ex
602 3839 720 3868 theatro.
763 3833 955 3871 choragiaque
962 3831 1152 3859 laxamentum
1165 3830 1213 3859 ha-

56 3903 59 3906 .
90 3878 176 3908 beant
186 3879 220 3906 ad
233 3879 350 3908 chorum
362 3879 525 3916 parandum.
566 3875 702 3912 Choragia
713 3896 721 3908 ‚
744 3883 794 3911 pro
815 3871 999 3901 Instrumento
1021 3867 1153 3898 ludorum
1164 3877 1214 3905 po-

90 3916 168 3983 suit&
179 3916 425 3985 simuldffmroipfis
436 3915 588 3953 choragiis:
610 3921 641 3944 ut
657 3914 688 3942 sit
707 3910 894 3947 Choragium,
914 3906 1004 3936 Locus
1023 3905 1100 3936 unde
1119 3905 1215 3935 omnia

178 3963 195 3983 0
205 3964 230 3984 r..
284 3977 291 3984 .

1633 91 1662 126 C
1763 90 1796 126 H
1885 89 1931 141 'O
2323 98 2390 134 503·

1271 185 1437 217 promuntur
1451 177 1484 206 ad
1505 175 1586 205 ludos
1606 173 1761 204 necessaria.
1784 172 1824 202 Ex
1840 172 1953 202 Budaeo.
1995 169 2062 198 Plin.
2076 169 2125 198 lib.
2139 173 2180 204 ³6-
2194 179 2254 207 cap.
2274 178 2316 204 ῖς.
2337 170 2392 200 Sed

1274 219 1299 246 ἃ
1311 218 1430 253 reliquus
1441 223 1587 252 apparatus.
1596 221 1704 241 tantum
1715 210 1830 240 Attalica
1845 209 1926 242 veste,
1940 207 2040 236 tabulis
2050 207 2129 244 piclis
2139 229 2147 241 ,
2168 217 2316 244 ceteroque
2328 207 2393 236 cho-

1272 257 1347 287 raaio
1359 256 1417 283 luit.
1460 252 1545 281 Valet.
1562 251 1636 280 Max.
1649 250 1696 278 lib.
1707 259 1733 278 2.
1753 258 1813 285 cap.
1828 251 1884 282 46.
1907 246 1942 275 de
1958 245 2053 275 Scenae
2064 253 2196 281 apparatu
2208 267 2216 277 .
2239 246 2394 281 Argentaria

1274 293 1411 326 choragiis
1424 291 1447 319 P.
1465 289 1596 319 Lentulus
1607 289 1717 324 Spinter
1732 286 1885 315 adornavit.
1923 282 2009 313 l'laut.
2022 282 2101 320 Capt.
2115 282 2187 320 prol.
2198 287 2242 312 61.
2264 283 2393 320 Iniquum

1276 331 1314 358 est
1325 330 1433 357 comico
1452 326 1580 362 choragio
1589 326 1683 355 conari
1699 334 1749 353 nos
1759 334 1838 358 arzere
1848 321 2035 355 Traqoediam.

1278 367 1444 402 choragium
1463 365 1576 394 funeris.
1614 362 1692 399 Apul.
1705 363 1732 390 in
1745 360 1814 391 Afin.
1829 362 1889 389 liur.
1903 359 1952 387 lib.
1964 369 1989 387 2.
2015 367 2076 395 pag.
2093 366 2154 391 123.
2184 357 2216 386 Et
2232 357 2396 387 cantatrices

1295 413 1363 433 anus
1375 404 1402 431 in
1415 402 1473 439 ipso
1486 409 1630 430 momento
1645 400 1766 435 choragii
1778 399 1882 428 funeris
1899 419 1907 431 ,
1929 396 2038 434 perpeti
2058 395 2199 424 celeritate
2215 394 2334 423 alienam
2358 395 2395 424 se-

1296 441 1435 478 pulturam
1446 444 1633 467 antevortunt.
1678 437 1846 471 Choraqium
1857 435 1958 464 funeris
1967 442 2047 462 vocat
2060 435 2228 470 Apparatum
2239 432 2392 462 funebrem.

1298 477 1396 507 Sensus
1407 477 1461 505 est:
1485 475 1605 504 Aniculm
1623 476 1710 511 magia
1721 466 1877 512 pollentes,
1902 472 2042 501 celeritate
2063 471 2215 503 continua,
2235 470 2301 498 dum
2315 480 2398 507 appa-

1296 523 1369 545 ratus
1381 512 1667 547 funebrisinstruitur,
1688 512 1754 540 dum
1771 511 1918 540 necess'aria
1935 510 1970 538 ad
1986 508 2171 537 funerandum
2189 516 2396 545 praeparantur,

1297 552 1461 590 praeripiunt
1474 551 1683 586 anticipantque
1694 550 1811 578 alienam
1825 548 2001 586 sepulturam.

1281 590 1448 626 choragium
1461 587 1666 624 Thymelicum.
1690 587 1769 624 Apul.
1782 586 1858 624 Apol.
1876 595 1897 615 1.
1908 594 1969 623 pag.
1982 589 2046 617 282.
2063 583 2110 612 ubi
2121 583 2155 612 de
2167 581 2278 620 speculo
2289 604 2297 616 ,
2320 581 2398 618 Quid

1298 629 1372 657 enim
1385 626 1402 655 si
1415 625 1576 660 choragium
1586 624 1783 661 Thymelicum
1794 623 1958 661 possiderem
1967 644 1974 655 ,
1996 631 2063 650 num
2082 630 2116 650 ex
2129 630 2163 649 eo
2175 627 2397 658 argumentarere

1299 665 1382 694 etiam
1394 686 1402 698 ‚
1426 663 1464 692 uti
1481 673 1525 691 me
1543 662 1685 691 consimile
1697 663 1815 698 tragoedi
1836 662 1951 698 syrmate
1968 659 2123 694 histrionis,
2138 660 2190 688 &e
2211 657 2238 690 h.
2251 667 2274 687 e.
2297 657 2398 687 Instru-

1301 708 1426 731 mentum
1436 700 1574 729 scenicum
1585 722 1592 731 .
1615 702 1639 728 ὁὶ
1650 699 1838 728 histrionicum
1850 704 2020 735 apparatum.

1282 739 1467 775 Choragium,
1489 737 1609 772 generali
1621 736 1774 770 vocabulo.
1795 737 1897 765 dicitur
1911 734 2068 771 Cujuslibet
2084 734 2123 762 rei
2142 733 2353 763 instrumentum
2371 733 2398 762 &

1301 782 1448 814 apparatus
1458 797 1466 808 ,
1487 773 1533 804 sed
1555 783 1603 811 per
1624 773 1824 809 metaphoram.
1866 776 1965 802 Auctor
1979 772 2013 801 ad
2040 771 2160 801 Herenn.
2183 771 2229 800 lib.
2242 784 2267 805 4·
2284 777 2328 806 63.
2353 770 2400 799 Fa-

1298 815 1355 845 cile
1365 812 1435 842 falsa:
1445 813 1604 849 choragium
1618 811 1708 848 gloriae
1719 817 1901 848 comparetur.
1939 811 1986 839 Sic
2004 811 2029 839 ἃ
2041 808 2136 838 Coena:
2147 808 2308 846 choragium
2324 809 2399 837 recle

1304 852 1418 882 dixeris.

1242 892 1297 923 CH
1309 894 1375 920 51³5
1387 898 1472 922 cus,
1492 886 1536 917 vel
1556 886 1778 919 ermricus,
1799 885 1816 914 i.
1836 895 1874 914 m.
1897 885 2018 922 [71539‘29'5
2030 907 2038 919 ‚
2070 880 2213 921 ὓχνςκῃὲς]
2234 883 2400 913 adverbum

1283 929 1320 959 est
1333 928 1392 956 Dux
1404 926 1499 960 chori,
1521 926 1545 954 6<
1565 923 1754 964 suppeditator
1770 923 1943 952 instrumenti
1962 923 2077 957 ludicri,
2100 925 2125 951 ὁὶ
2137 921 2318 959 expensarum
2332 944 2339 955 ‚
2362 922 2402 949 in-

1283 968 1342 1004 quit
1355 964 1479 993 Budaeus.
1516 962 1600 990 Plant.
1618 961 1684 990 Pers.
1701 971 1722 990 1.
1738 970 1762 997 3.
1774 969 1818 996 79.
1850 961 1905 989 Sed
1924 957 1999 986 πόθεν
2016 961 2200 989 ornamenta?
2221 969 2250 989 T.
2272 961 2320 989 abs
2336 959 2403 988 cho-

1284 1013 1347 1041 rago
1359 1001 1467 1030 sumito.
1509 1000 1584 1029 Suet.
1597 1000 1625 1028 in
1643 999 1747 1035 August.
1763 1007 1825 1036 cap.
1836 1007 1880 1033 70.
1904 998 1939 1026 de
1955 997 2170 1033 coemstugusti,

1364 1040 1459 1076 Quum
1470 1038 1590 1075 primum
1602 1037 1712 1065 istorum
1722 1036 1859 1065 conduxit
1870 1034 1960 1064 mensa
1969 1035 2118 1071 choragum
2127 1056 2135 1070 ,

1416 1076 1525 1112 Sexque
1536 1076 1604 1104 deos
1616 1075 1685 1103 vidit
1697 1073 1792 1103 Mallia
1803 1095 1811 1108 ‚
1835 1072 1935 1110 sexque
1947 1073 2010 1101 deas
2022 1095 2029 1106 ,
2042 1074 2093 1102 &c.

1284 1125 1330 1147 cat
1344 1114 1492 1145 octavium
1505 1135 1512 1147 ,
1533 1112 1606 1149 quusi
1628 1112 1783 1149 Principem
1797 1110 1894 1145 chori,
1916 1111 2018 1139 ducem
2037 1110 2145 1139 choreae
2157 1131 2164 1144 ,
2186 1110 2404 1146 praefectumque

1283 1155 1371 1184 scenae
1382 1151 1546 1189 apparandae
1561 1173 1569 1185 ‚
1591 1152 1616 1180 Sc
1628 1150 1867 1187 suppeditatorem
1880 1147 2007 1185 expensae
2022 1170 2030 1181 ,
2052 1157 2085 1176 ac
2103 1148 2258 1183 magistrum
2270 1148 2402 1177 convivii.

1283 1193 1333 1222 Uti
1344 1189 1513 1226 Choragium
1529 1198 1581 1225 pro
1598 1188 1748 1223 cujuslibet
1761 1187 1800 1216 rei
1813 1186 2002 1215 instrumento.
2025 1185 2070 1215 Sic
2082 1186 2108 1214 &
2120 1184 2259 1222 Choragus
2272 1195 2321 1223 pro
2338 1195 2406 1222 quo-

1285 1238 1397 1265 cunque
1405 1227 1619 1264 Suppeditatore
1636 1228 1661 1254 Sc
1674 1225 1896 1254 subministrante
1911 1223 2033 1252 sumitur.
2073 1225 2094 1252 A
2113 1223 2200 1251 choro
2219 1232 2282 1252 vero
2296 1223 2405 1260 agendo

1284 1268 1331 1297 seu
1343 1267 1474 1295 ducendo
1486 1274 1591 1293 nomen
1603 1263 1696 1292 habet.

1250 1306 1435 1336 enormior
1447 1312 1483 1338 Α,
1503 1312 1534 1341 ae.
1555 1301 1599 1331 vel
1620 1301 1722 1330 Cum<
1734 1309 1851 1330 nunus
1864 1321 1872 1334 ,
1893 1299 1924 1328 is.
1953 1308 1991 1327 m.
2015 1297 2171 1334 [mabam]
2193 1297 2250 1334 Qui
2273 1299 2300 1327 in
2321 1298 2407 1327 choro

1286 1343 1355 1373 tibia
1370 1342 1454 1371 canit.
1498 1340 1565 1369 Plin.
1586 1339 1635 1368 lib.
1655 1348 1698 1375 37.
1714 1348 1775 1376 cap.
1792 1348 1815 1367 1.
1849 1337 2029 1373 Praeterquam
2057 1335 2204 1365 Ismeniam
2236 1336 2407 1371 choraulen,

1284 1380 1383 1411 *multis
1397 1376 1620 1416 fulgentibusque
1633 1378 1672 1406 uti
1685 1376 1804 1405 solitum.
1827 1374 1951 1405 Martial.
1963 1373 2012 1402 lib.
2026 1384 2048 1407 ς.
2065 1382 2109 1410 ς7.

1321 1418 1377 1448 Fac
1388 1416 1474 1446 discat
1484 1415 1652 1445 citharoedus
1662 1422 1709 1443 aut
1719 1413 1874 1443 choraules.
1915 1413 1972 1448 [An
1985 1411 2167 1441 Citharoedon
2179 1416 2226 1440 aut
2236 1410 2385 1440 choraulen
2393 1412 2408 1439 ’ἓ
2429 1418 2435 1427 ¹

1286 1454 1437 1486 Choraules
1448 1452 1684 1487 monumentarii,
1708 1452 1854 1488 [im-:depm
1869 1447 1998 1484 αᾶλη-ιτοῖ]
2019 1449 2081 1478 sunt
2094 1448 2239 1478 Tibicines
2256 1449 2302 1486 qui
2324 1449 2358 1477 ad
2371 1446 2408 1478 se.

1304 1493 1400 1532 pulcra
1413 1492 1608 1521 defundorum
1622 1490 1761 1519 canebant
1771 1511 1779 1524 ‚
1801 1488 1893 1526 quales
1902 1486 1981 1526 prisci
1991 1487 2120 1517 Siticinas
2133 1494 2233 1517 vocant
2243 1509 2251 1522 ‚
2277 1487 2324 1524 qui
2335 1487 2410 1524 apud

1306 1533 1379 1561 Sitos
1389 1553 1397 1565 ‚
1420 1531 1449 1559 id
1463 1529 1500 1558 est
1515 1528 1661 1558 defunctos
1672 1533 1786 1557 canunt.
1827 1527 1856 1555 V.
1882 1536 1893 1555 s
1904 1537 1912 1553 1
1923 1536 1942 1554 'r
1953 1534 1986 1553 ic
1995 1534 2047 1555 ΕΝ.

1244 1569 1272 1600 ‘C
1281 1579 1300 1598 n
1311 1580 1327 1598 o
1339 1579 1355 1597 R
1364 1579 1383 1597 Α
1393 1579 1409 1596 1,
1419 1578 1448 1596 rs
1457 1577 1476 1595 τ
1486 1578 1501 1595 R
1513 1578 1522 1595 1
1534 1577 1571 1601 A,
1593 1576 1623 1595 ae.
1646 1566 1663 1594 f.
1688 1563 1868 1601 [χιμλιὲριοι]
1891 1562 1993 1601 Phyllis
2006 1585 2014 1598 ‚
2038 1563 2132 1592 Amica
2157 1562 2290 1599 Propertii
2302 1583 2310 1597 ⁷
2331 1561 2364 1590 ab
2375 1572 2409 1591 eo

1286 1607 1323 1637 sic
1333 1606 1417 1640 dieta,
1429 1605 1465 1634 ob
1477 1604 1593 1634 saltandi
1604 1604 1633 1632 in
1645 1603 1746 1637 choris,
1757 1603 1810 1631 sive
1826 1602 1946 1631 canendi
1959 1601 2098 1636 peritiam.
2118 1601 2239 1637 Propert.
2251 1600 2408 1635 lib.4.8.39.

1380 1644 1489 1673 Nilotes
1501 1643 1605 1672 tibicen
1616 1648 1674 1671 erat
1684 1663 1691 1676 ‚
1711 1640 1878 1670 choraliltria
1890 1638 2000 1676 Phyllis.
2079 1638 2228 1668 Emendati
2240 1638 2324 1668 codd.
2346 1637 2413 1667 Cro-

1286 1682 1397 1712 talistria
1406 1681 1497 1711 Philis.
1526 1682 1540 1716 [
1553 1679 1719 1716 intelligitur
1729 1684 1822 1707 autem
1833 1678 1961 1707 Scortum
1971 1675 2082 1711 vulgare
2092 1676 2121 1705 id
2132 1677 2263 1705 nominis.

1249 1720 1272 1751 C
1283 1730 1302 1749 H
1311 1731 1328 1749 o
1339 1731 1354 1749 r<
1365 1730 1408 1786 EVA
1419 1742 1428 1754 ,
1449 1729 1479 1748 ae.
1501 1718 1610 1786 iffmsst'
1634 1716 1812 1746 indifferente
1824 1737 1833 1751 ,
1855 1713 1974 1753 [aegrine]
1997 1713 2140 1752 usurpatur
2149 1724 2200 1752 pro
2215 1713 2275 1753 ipsa
2294 1712 2415 1744 saltatio-

1287 1768 1332 1788 ne.
1396 1759 1418 1786 ir
1440 1780 1445 1786 .
1460 1761 1485 1786 6.
1536 1767 1559 1784 n.
1569 1760 1633 1791 644-

1344 1796 1406 1825 Pars
1418 1768 1536 1832 {edibus
1546 1794 1684 1830 plaudunt
1693 1792 1807 1822 choreas
1822 1813 1831 1827 ‚
1852 1791 1879 1820 Sc
1897 1789 2020 1820 carmina
2034 1789 2142 1821 dicunt.

1289 1835 1374 1871 Aptus
1384 1834 1493 1862 choreis
1506 1834 1531 1861 ἂ
1542 1832 1621 1868 jocis.
1644 1831 1712 1860 Hor.
1727 1840 1753 1859 2.
1767 1829 1859 1858 Carni.
1879 1838 1918 1863 ¹9-
1933 1838 1977 1863 25.

1286 1872 1461 1901 cantatrices
1470 1870 1586 1900 choreae.
1610 1868 1707 1898 Claud.
1719 1869 1755 1897 de
1766 1867 1831 1896 Bell.
1850 1866 1924 1896 Gild.
1939 1871 2004 1901 448·

1288 1910 1378 1939 Duras
1389 1910 1505 1938 choreas
1517 1908 1680 1937 rusticorum
1694 1908 1719 1936 ἃ
1730 1905 1819 1943 plebis
1830 1927 1837 1940 ‚
1859 1910 1940 1933 vocat
1947 1903 2037 1933 Ovid.
2049 1912 2073 1940 3.
2089 1901 2159 1932 Fast.
2171 1911 2235 1940 ¹537.
2259 1908 2290 1932 ut
2302 1903 2413 1940 opinor,

1309 1948 1384 1984 quod
1405 1958 1420 1976 a
1440 1946 1572 1977 civilitate
1590 1955 1702 1974 morum
1721 1944 1822 1977 alieni,
1844 1948 1937 1971 motus
1962 1941 2096 1979 quosdam
2111 1943 2137 1971 ἅ
2151 1941 2233 1971 saltus
2247 1941 2416 1978 impotentes

1308 1992 1458 2019 exercent,
1476 1993 1637 2021 magnoque
1649 1984 1756 2020 impetu
1772 1988 1872 2011 terrani
1886 1980 1997 2014 feriunt,
2020 1979 2101 2008 illum
2113 1979 2245 2009 nimirum
2254 1978 2347 2010 vicisse
2359 1978 2417 2008 eai-

1306 2024 1446 2053 stimantes
1457 2045 1465 2058 ‚
1487 2023 1533 2059 qui
1550 2030 1632 2059 quam
1645 2021 1800 2049 maximum
1816 2018 1960 2055 pulverem
1981 2017 2118 2047 excitarit..

1289 2061 1379 2092 Festas
1391 2062 1495 2090 duxere
1504 2060 1625 2089 choreas.
1651 2059 1735 2087 Ovid.
1747 2063 1773 2092 8.
1791 2057 1860 2087 Met.
1874 2061 1935 2092 581.

1290 2099 1413 2137 Lepidae.
1438 2099 1518 2127 Nlart.
1533 2098 1628 2134 Capel.
1644 2096 1691 2125 lib.
1703 2107 1728 2130 9.

1287 2137 1403 2167 Ludens
1417 2137 1527 2166 chorea.
1551 2136 1623 2173 Virg.
1639 2135 1669 2163 in
1680 2134 1785 2164 Culice.

1287 2176 1426 2205 Ludicrae.
1451 2174 1528 2211 Apul.
1545 2173 1593 2202 lib.
1610 2183 1650 2202 10.

1290 2213 1403 2244 Molles.
1438 2211 1556 2242 Martial.
1570 2212 1604 2240 de
1618 2211 1744 2248 speerac.
1758 2219 1820 2244 105¹.

1289 2252 1451 2282 Nocturnae.
1475 2250 1596 2287 Propert.
1607 2249 1657 2278 lib.
1674 2258 1698 2283 3.
1715 2258 1756 2278 10.
1770 2257 1815 2284 ²3-

1289 2289 1398 2319 Perniir.
1421 2288 1529 2317 Lucret.
1544 2283 1592 2316 iffi.
1605 2297 1630 2316 2.
1646 2290 1710 2323 635.

1290 2327 1401 2357 Ducere
1411 2327 1537 2355 choreas.
1561 2325 1645 2355 Ovid.
1658 2331 1682 2358 8.
1700 2324 1769 2354 Met.
1786 2328 1849 2359 581.

1291 2365 1439 2402 Indulgere
1450 2363 1568 2393 choreis.
1609 2363 1641 2392 V.
1665 2373 1674 2390 1
1683 2372 1703 2391 N
1713 2372 1733 2390 n
1742 2371 1761 2390 u
1771 2373 1787 2389 L
1797 2371 1815 2390 c
1824 2371 1839 2390 a
1847 2369 1873 2390 o.

1292 2403 1428 2433 Plaudere
1461 2402 1559 2430 edibus
1573 2401 1695 2430 choreas.
1720 2399 1791 2436 Virg.
1804 2403 1830 2428 6.
1852 2397 1914 2428 AEn.
1925 2399 1990 2432 64¹4.

1286 2442 1412 2471 Choreas
1431 2413 1517 2469 Varro
1528 2439 1602 2477 apud
1619 2439 1693 2467 Non.
1709 2440 1734 2466 6.
1750 2441 1791 2466 16.
1814 2437 1849 2465 ad
1865 2436 1952 2465 fidera
1964 2433 2119 2470 transtulit,
2141 2442 2203 2472 quae
2220 2438 2295 2464 certa
2309 2431 2374 2471 lege
2391 2433 2418 2463 Gt

1306 2480 1387 2517 quali
1400 2479 1435 2508 ad
1447 2478 1621 2507 harmoniam
1631 2482 1787 2505 moventur.

1386 2516 1517 2553 Repente
1529 2516 1618 2544 noctis
1634 2514 1743 2544 circiter
1756 2512 1904 2542 meridiem

1385 2555 1458 2583 Cum
1472 2555 1562 2591 pictus
1575 2563 1620 2582 aer
1633 2552 1744 2582 fervidis
1755 2550 1810 2580 late
1821 2550 1934 2588 ignibus

1378 2592 1451 2622 Caeli
1462 2591 1576 2620 choreas
1586 2590 1694 2619 astricas
1703 2589 1869 2618 ostenderet.
1951 2585 2061 2616 Eodem
2071 2586 2158 2616 modo
2177 2584 2276 2617 Manli.
2288 2594 2315 2617 1.
2334 2587 2380 2621 69.

1423 2630 1456 2659 Et
1468 2629 1590 2667 quinque
1601 2627 1694 2657 averso
1706 2625 1937 2656 luetantia'fidera
1949 2625 2058 2653 mundo

1427 2668 1565 2697 Exercent
1577 2666 1664 2695 varias
1676 2671 1778 2694 natura·
1795 2664 1856 2701 lege
1868 2662 1990 2692 choreas.

1251 2709 1277 2739 ‘C
1288 2718 1308 2738 a
1317 2716 1334 2736 0
1342 2716 1360 2735 a
1370 2716 1384 2735 r
1393 2715 1413 2735 u
1421 2715 1441 2734 τ
1452 2715 1464 2734 r
1472 2714 1484 2734 s
1493 2727 1501 2740 ‚
1535 2700 1690 2740 [χιςώπὶς]
1712 2702 1840 2739 Quilibet
1861 2711 1896 2730 ex
1911 2700 1997 2730 choro
2006 2699 2124 2729 saltator
2132 2704 2256 2729 vocatur.
2294 2699 2421 2729 Budaens.

1297 2746 1407 2775 Petron.
1430 2744 1537 2780 Fragm.
1562 2742 1647 2771 Manu
1661 2751 1732 2778 puer
1747 2740 1858 2777 loquaci
1870 2738 2027 2768 choreutes.

1249 2783 1276 2815 C
1284 2794 1307 2814 Η
1317 2793 1333 2812 o
1345 2793 1359 2811 R
1370 2792 1383 2811 e
1393 2792 1411 2811 u
1421 2793 1442 2810 M
1452 2791 1470 2810 A
1481 2803 1489 2815 ‚
1511 2780 1572 2809 atis.
1598 2789 1624 2808 n.
1648 2776 1801 2815 [χίςευκφ]
1822 2777 1983 2812 Canticum,
2005 2775 2081 2813 quod
2092 2785 2108 2804 a
2116 2775 2203 2805 choro
2215 2775 2325 2805 canitur
2337 2773 2423 2804 &sal-

1296 2829 1369 2851 tatur
1384 2842 1391 2853 ,
1413 2819 1491 2848 Plato
1507 2824 1595 2847 vocat.
1617 2817 1747 2846 Budaeus.

1257 2860 1280 2890 C
1291 2869 1310 2889 H
1323 2869 1340 2888 o
1352 2869 1365 2886 Β
1377 2868 1393 2887 c
1402 2867 1418 2886 c
1428 2868 1437 2885 1
1446 2866 1466 2885 T
1476 2867 1495 2885 Η
1507 2867 1523 2884 Α
1534 2865 1652 2884 R1S'1'AE
1663 2877 1670 2889 ‚
1687 2864 1774 2883 arum.
1797 2863 1834 2883 m.
1856 2854 1873 2889 [
1883 2847 2082 2889 mammea]
2100 2850 2160 2887 Qui
2171 2851 2199 2880 in
2217 2850 2302 2880 choro
2312 2849 2423 2879 cithari-

1297 2903 1377 2927 zant:
1402 2895 1468 2924 sicut
1490 2892 1719 2922 Psallocitharistae
1728 2914 1736 2927 ‚
1757 2893 1805 2930 qui
1832 2891 1952 2929 psallunt
1964 2900 1971 2919 :
2004 2890 2033 2918 id
2047 2889 2085 2918 est
2104 2895 2208 2918 canunt
2226 2889 2260 2916 ad
2275 2887 2421 2918 citharam.

1289 2935 1370 2965 Suet.
1382 2934 1410 2962 in
1421 2933 1523 2962 Domit.
1534 2941 1593 2969 cap.
1607 2943 1633 2965 4.
1658 2930 1810 2960 Certabant
1820 2930 1903 2958 etiam
1914 2931 1939 2958 δι
1952 2927 2031 2965 prosa
2040 2927 2165 2955 oratione
2175 2948 2184 2961 ‚
2207 2926 2301 2955 Grazce
2315 2925 2424 2955 Latine.

1295 2981 1368 3010 que:
1392 2980 1424 2999 ac
1436 2992 1443 3004 ,
1466 2977 1564 3006 praeter
1574 2969 1756 3003 citharoedos,
1777 2966 2127 3002 chorocitharistaequoque
2140 2965 2165 2993 ἃ
2178 2961 2420 3001 psallocitfiaristae.

1298 3012 1313 3046 [
1328 3010 1417 3039 Immo
1433 3007 1655 3037 Psilocitharistae.
1678 3016 1704 3044 q.
1719 3006 1751 3035 V.

1259 3046 1281 3078 C
1292 3057 1311 3077 ri
1324 3057 1390 3076 ono
1401 3057 1418 3074 o
1428 3057 1437 3074 1
1447 3056 1464 3074 o
1475 3056 1493 3074 A
1504 3047 1614 3074 serito
1624 3054 1636 3073 s
1647 3066 1655 3079 ,
1674 3045 1693 3073 i.
1715 3053 1753 3073 m.
1777 3037 2041 3080 [ᾎςοῶὲὶίπαλίῲυ]
2062 3039 2191 3077 Magister
2214 3039 2253 3068 est
2272 3038 2350 3068 chori
2365 3038 2423 3068 Pla..

1296 3086 1357 3114 toni
1371 3086 1397 3114 &
1419 3083 1562 3113 Aristoteli.
1585 3083 1708 3112 Budaeus.

1259 3124 1281 3152 C
1295 3133 1315 3152 Η
1324 3133 1340 3152 o
1352 3133 1365 3151 r
1376 3131 1392 3150 0
1401 3131 1412 3151 s
1422 3131 1442 3150 T
1453 3124 1496 3150 Ᾰτ
1505 3130 1540 3150 ss
1550 3143 1558 3155 ‚
1582 3121 1612 3150 is.
1634 3130 1670 3149 m.
1689 3118 1860 3156 ’[χοροςεέτης]
1879 3117 2035 3153 Praeceptor
2056 3115 2095 3144 est
2114 3114 2210 3150 chori,
2232 3115 2275 3150 δι,
2296 3119 2328 3143 ut
2339 3113 2425 3143 Colu..

1298 3160 1361 3190 mel.
1376 3160 1414 3188 ait
1425 3159 1472 3189 lib.
1491 3169 1533 3188 12.
1551 3168 1612 3195 cap.
1624 3168 1649 3186 2.
1673 3157 1787 3186 Praeiens
1799 3155 1932 3193 magister.
1960 3154 2085 3183 Budaeus.

1260 3198 1282 3229 C
1292 3209 1311 3228 H
1321 3208 1357 3227 os
1367 3208 1381 3226 R
1391 3208 1408 3226 o
1419 3207 1433 3226 Ε
1443 3207 1455 3228 s
1467 3219 1474 3231 ‚
1508 3196 1553 3226 vel
1576 3196 1622 3226 Co
1632 3206 1644 3225 s
1654 3206 1696 3224 Ro
1706 3205 1739 3224 Es
1750 3217 1757 3229 ⁷
1790 3193 1936 3229 [Xocgons]
1968 3190 2105 3220 Persarum
2137 3199 2185 3219 rex
2197 3211 2205 3224 ,
2236 3189 2359 3218 maximo
2392 3190 2424 3219 in

1298 3238 1406 3265 honore
1414 3235 1526 3264 habitus
1540 3256 1547 3269 ‚
1570 3244 1626 3262 non
1640 3234 1714 3270 apud
1724 3231 1812 3261 Persas
1823 3231 1908 3259 modo
1917 3252 1925 3263 7
1941 3229 1986 3258 sed
1996 3227 2221 3257 etiam'Romanis
2233 3227 2311 3264 ipfis:
2334 3235 2365 3256 ut
2374 3228 2423 3264 qui

1299 3274 1454 3303 litterarum
1465 3272 1673 3302 studiolillimus
1685 3271 1767 3300 fuerit
1779 3291 1786 3303 ,
1809 3271 1834 3298 &
1848 3269 1882 3296 ad
1895 3267 2033 3296 summum
2041 3266 2176 3303 fastigium
2189 3266 2290 3294 Graeeae
2302 3265 2425 3302 philoso.

1297 3312 1372 3350 phiae
1389 3311 1547 3349 pervenerit
1560 3332 1568 3345 ‚
1587 3309 1751 3339 'Graecorum
1765 3306 1842 3336 libris
1857 3305 1919 3334 usus
1940 3315 1955 3333 a
1971 3303 2093 3340 quodam
2108 3304 2137 3331 in
2156 3302 2280 3340 linguam
2293 3303 2425 3334 Persicam

1299 3349 1446 3379 conversis.
1480 3349 1568 3384 Atque
1577 3348 1647 3376 adeo
1664 3347 1766 3375 dicitur
1785 3343 1956 3372 Aristotelem
1976 3341 2064 3378 ipsum
2083 3340 2168 3377 magis
2184 3339 2338 3375 imbibisse,
2360 3351 2425 3370 exa-

1294 3386 1422 3425 <filiusque
1434 3385 1562 3419 tenuilse,
1584 3394 1666 3421 quam
1677 3381 1876 3413 Demosthenes
1890 3379 2097 3416 Thucydidem.
2139 3377 2259 3407 Platonis
2268 3379 2352 3407 etiarn
2360 3378 2424 3407 scri.

1300 3426 1355 3463 ptis
1366 3425 1489 3453 animum
1500 3423 1625 3460 explevit
1637 3428 1719 3458 atque
1736 3418 1869 3449 excoluit.
1907 3417 1973 3446 l-laec
1985 3416 2091 3445 Suidas.
2138 3415 2209 3452 Quae
2227 3422 2321 3445 tamen
2335 3414 2424 3446 rursus

1296 3473 1335 3492 ex
1345 3462 1459 3500 Agathia
1469 3461 1577 3490 refellit.
1619 3458 1786 3495 Intelligitur
1800 3463 1893 3485 autem
1906 3454 2041 3483 Chosroes
2053 3453 2182 3489 Magnus,
2203 3453 2238 3483 de
2252 3454 2331 3490 cujus
2343 3454 2425 3483 rebus

1296 3501 1378 3538 gestis
1390 3500 1499 3538 plenius
1510 3499 1626 3534 Procop.
1651 3497 1687 3524 de
1698 3495 1766 3524 Bell.
1778 3493 1846 3535 Pers.
1869 3492 1919 3521 lib.
1933 3501 1959 3521 2.
1973 3491 2068 3529 Agath.
2085 3491 2154 3520 flist.
2166 3490 2215 3521 lib.
2226 3501 2252 3521 2.
2268 3501 2292 3528 3.
2310 3492 2337 3521 &
2351 3502 2377 3526 4.
2396 3493 2423 3521 δὲ

1300 3538 1389 3568 ceteri
1398 3538 1454 3567 fere
1466 3536 1684 3574 Byzantinarum
1695 3541 1786 3562 rerum
1802 3531 1958 3568 icriptores.

1263 3640 1287 3673 C
1296 3653 1316 3672 H
1325 3652 1342 3671 R
1349 3642 1367 3671 rs
1375 3652 1397 3670 m
1405 3641 1443 3670 ιτς
1451 3661 1460 3674 ,
1481 3639 1541 3668 Etis.
1563 3647 1601 3666 m.
1623 3635 1762 3671 [Χρέμης]
1783 3634 1861 3664 Senis
1870 3643 1978 3663 nornen
1992 3633 2068 3670 apud
2077 3632 2251 3663 'Ferentium⁸

1305 3682 1415 3710 Avarus.
1441 3678 1506 3706 Hor.
1520 3675 1608 3713 Epod.
1627 3684 1649 3702 1.
1663 3683 1706 3710 33.

1306 3718 1401 3748 lratus.
1426 3715 1492 3744 Hor.
1508 3715 1536 3742 in
1550 3714 1610 3741 Arte
1620 3711 1694 3740 Poet.
1705 3719 1750 3745 94.

1384 3751 1523 3788 iratusque
1532 3750 1667 3779 *Chremes
1681 3745 1791 3776 tumido
1806 3745 1932 3783 delitigat
1942 3755 1998 3775 ore.

1304 3792 1472 3823 Chremeta.
1494 3787 1585 3817 accus.
1609 3786 1676 3816 Hor.
1693 3795 1715 3814 1.
1733 3785 1819 3814 Serm.
1833 3793 1875 3812 10.
1891 3795 1934 3819 40.

1388 3829 1488 3864 Arguta
1500 3824 1645 3854 meretrice
1656 3830 1734 3861 potes
1744 3844 1752 3857 ‚
1774 3822 1910 3860 Davoque
1922 3821 2070 3851 Chremeta

1389 3865 1528 3894 Eludente
1539 3862 1631 3890 senem
1642 3883 1650 3896 ‚
1670 3862 1722 3891 sce.

1273 3904 1295 3935 c
1304 3914 1349 3934 HR
1358 3904 1375 3933 ᾗ
1385 3907 1401 3933 6
1411 3912 1427 3931 c
1438 3904 1455 3932 ὅ
1466 3911 1480 3931 p
1487 3912 1497 3930 1
1506 3911 1525 3930 Α
1536 3922 1545 3936 ,
1566 3895 1750 3939 [ygmwnia]
1770 3896 1865 3964 Latinse
1877 3896 2042 3926 Debitorum
2056 3895 2190 3933 abstiffio,
2203 3894 2431 3960 videligetbquum

1834 3951 1837 3954 ⁴
1864 3944 1878 3963 s
1887 3943 1900 3963 s
2312 3941 2326 3960 e
2347 3938 2432 3960 itores

2190 1071 2346 1109 Choragum
2355 1081 2404 1102 vo-
