2667 4145
890 62 1845 124 DEDICA‘TIO.

171 184 223 235 in
242 184 410 253 primis
426 180 526 233 RE
540 181 592 232 G
604 180 647 231 E
677 177 760 230 fiio
775 215 790 240 ,
821 176 867 227 R
880 176 923 226 E
938 173 1014 225 Gl
1027 172 1076 221 O
1089 168 1202 234 Qu
1214 168 1259 220 E
1278 169 1422 218 omni
1440 168 1793 220 consummatae
1813 168 1967 222 laudis
1996 168 2402 224 MINISTERIO
2425 170 2570 223 Fran-2

173 262 267 321 cia,
299 253 667 312 fortunatiffimi
690 258 741 306 in
768 254 897 305 terris
927 249 1061 314 regni
1094 245 1296 308 faciem,
1333 262 1598 315 nunquam
1635 244 1991 314 pulchriorem,
2026 248 2361 321 laetioremque
2389 249 2567 301 induit.

172 335 455 387 Gratulatus
473 331 560 383 fibi
584 332 781 399 Europa
800 326 1024 378 restituta:
1043 325 1172 393 pacis
1190 321 1346 383 bona,
1381 320 1596 371 biennali
1614 318 1768 383 beno,
1798 324 1977 374 timore
1994 328 2150 391 magis
2166 325 2390 395 periculi,
2411 340 2569 395 quam

166 408 341 477 insigni
361 409 458 460 ulla
477 405 609 458 clade
627 405 881 466 defuncta,
915 398 1223 469 eandemque
1251 399 1302 447 in
1329 394 1661 465 posteritatem
1687 412 1920 468 quoque,
1954 398 2246 468 pacificantis
2272 400 2478 450 Franciae
2512 396 2569 450 fi-

168 487 332 550 ducia,
371 485 566 544 certius,
602 496 755 552 quam
785 491 1012 547 unquam
1039 472 1217 534 fuerat,
1252 469 1509 523 firmatum
1537 472 1596 521 iri
1623 470 1788 541 sperat.
1856 474 2068 536 Audiet,
2104 474 2316 544 (sperare
2343 474 2412 525 fas
2442 473 2568 540 est‚)
2666 535 2667 539 Ἰ

165 566 365 635 piorum
381 576 539 633 preces
558 558 790 617 Numen,
822 563 1157 624 perpetuoque
1176 547 1395 600 stabilem
1416 547 1578 608 faciet,
1612 542 2018 600 amabiliffimam
2035 566 2223 610 rerum,
2260 567 2369 621 quae
2390 547 2570 600 defide-
2666 551 2667 556 ’

165 651 265 691 rata
283 638 392 698 diu,
426 634 689 704 frustraque
708 631 850 681 toties
868 625 1176 698 populorum
1194 624 1325 674 votis
1344 623 1579 692 expetita,
1615 639 1752 672 nunc
1769 620 2007 686 demum,
2040 625 2334 677 conciliante
2352 626 2568 685 Francia,
2649 622 2652 623 ⁷

166 715 339 783 coepit,
373 714 526 777 viget,
563 719 853 777 regnatque,
886 706 1095 773 Europae
1113 699 1383 754 Procerum
1402 698 1739 755 concordiam.

287 788 378 840 Sed
397 800 454 837 ut
481 786 600 836 illuc
628 781 830 834 tandem
861 782 1086 841 veniam,
1122 778 1210 829 ubi
1244 777 1345 844 jam
1376 773 1572 826 dudum
1603 777 1774 826 animo
1807 773 1942 840 sum,
1975 794 2066 840 ne,
2102 778 2263 849 quaeso
2285 778 2395 840 Te,
2429 773 2567 827 VIR

165 868 285 919 MA
299 862 450 915 XlM
464 862 529 923 E,
566 858 867 925 indulgentia
886 869 972 907 tua
989 854 1125 905 abuti
1148 851 1339 914 videar,
1373 852 1463 921 qui
1479 852 1641 920 patriae
1658 867 1884 903 amorem
1912 849 2335 923 praeclarissimum
2373 854 2428 904 in
2456 865 2568 900 mo-

165 944 289 994 dum
315 939 485 992 illustri
503 936 731 1008 exemplo
750 948 840 986 tuo
861 934 910 986 &
931 933 1119 985 civibus
1145 934 1196 984 &
1222 932 1393 983 exteris
1414 929 1553 997 juxta
1577 931 1925 991 commendaS,
1957 929 1995 982 fi
2023 933 2100 983 Te
2127 930 2314 984 diutius
2352 928 2567 980 detineO.

162 1017 326 1070 Patere
343 1013 520 1076 adhue,
554 1026 612 1064 ut
632 1010 939 1079 occasionem
958 1007 1084 1060 hanc
1099 1008 1279 1079 »cupide
1295 1003 1560 1076 amplectar
1571 1006 1630 1057 de
1640 1005 2006 1059 immortalibus
2028 1009 2124 1059 tuis
2142 1010 2195 1059 in
2215 1007 2423 1078 patriam
2439 1019 2566 1076 quo-

162 1111 261 1166 que
292 1110 483 1154 meam,
518 1088 821 1142 Bafiliensem
853 1089 1137 1149 civitatem,
1172 1086 1358 1136 meritis
1399 1083 1738 1154 praedicatione
1778 1101 1917 1147 mea,
1951 1101 2060 1157 quae
2101 1084 2276 1136 eadem
2309 1082 2566 1135 bonorum

161 1173 397 1223 omnium
413 1170 501 1227 est,
536 1162 811 1237 justiffimas
831 1165 971 1227 Tibi,
1008 1181 1097 1235 pro
1117 1180 1228 1214 mea
1245 1161 1375 1214 virili
1397 1171 1552 1231 parte,
1589 1161 1756 1227 gratias
1775 1159 1969 1227 agendi,
2037 1163 2317 1214 Enimvero
2337 1173 2504 1230 quum
2521 1153 2567 1207 sc

160 1248 259 1317 jam
283 1245 368 1297 diu
390 1248 562 1297 merita
580 1257 665 1295 tua
687 1247 813 1294 intra
830 1242 1036 1294 Franciae
1065 1240 1244 1292 limites
1272 1254 1377 1287 non
1406 1238 1742 1300 continerent,
1777 1254 1966 1307 quum,
2000 1236 2166 1290 fideris
2197 1236 2342 1290 instar
2363 1232 2567 1299 benigni

159 1342 216 1375 ac
233 1321 476 1385 salutiferi,
513 1323 757 1373 virtutum
780 1333 981 1371 tuarum
1008 1315 1168 1370 radios
1198 1331 1281 1386 per
1309 1313 1503 1365 Orbem
1529 1325 1766 1366 terrarum
1793 1314 2050 1384 spargereS,
2085 1315 2323 1387 pleraeque
2350 1312 2567 1381 Europae

159 1401 377 1452 civitates
397 1415 486 1468 pro
506 1409 613 1458 tua,
647 1414 751 1447 non
769 1395 898 1447 secus
918 1409 973 1445 ac
992 1394 1274 1464 principum
1292 1387 1521 1451 suorum,
1557 1401 1920 1461 parentumque
1941 1392 2105 1460 patriae
2122 1390 2274 1442 salute
2295 1402 2418 1443 vota
2442 1387 2566 1439 face-

158 1494 206 1529 re
225 1475 550 1537 instituerant,
584 1469 858 1542 iisdemque
887 1466 1056 1523 Bafilia
1085 1464 1246 1517 nostra
1268 1480 1373 1514 non
1394 1462 1575 1515 ultima
1593 1463 1674 1514 sua
1700 1464 1948 1533 junxerat,
1985 1481 2107 1517 cum
2133 1466 2288 1517 fatalis
2319 1466 2401 1518 ille
2432 1467 2564 1515 casus

156 1552 417 1605 intervenit
429 1590 444 1613 ‚
480 1565 661 1622 quem,
696 1548 825 1599 fama
842 1564 899 1599 ac
917 1547 1083 1599 litteris
1103 1555 1215 1595 toto
1234 1539 1352 1593 orbe
1370 1540 1696 1603 celebratum,
1732 1557 1922 1590 narrare
1933 1540 2054 1592 Tibi
2072 1542 2287 1592 minime
2306 1541 2563 1602 convenit,

156 1630 245 1700 qui
263 1639 322 1680 ut
341 1630 538 1690 omnia,
574 1642 683 1698 quae
705 1626 765 1677 eo
779 1627 1051 1697 pertinent,
1083 1621 1279 1694 peni-tus
1310 1617 1666 1688 introspiceres,
1701 1634 1941 1684 magnam
1969 1628 2163 1689 partem
2191 1632 2425 1670 curarum
2456 1628 2563 1669 tua-

145 1719 271 1758 rum
290 1702 469 1755 eodem
491 1699 752 1753 contulisti.

257 1780 381 1832 lllud
400 1776 563 1830 dixisse
579 1777 682 1829 fitis
699 1774 883 1841 habeo,
904 1773 933 1846 ζ’
931 1790 1224 1847 expromam
1240 1774 1377 1826 enim
1392 1786 1500 1844 quae
1520 1770 1704 1822 candor
1720 1772 1960 1837 ingenuus
1972 1806 1988 1836 ,
2010 1771 2100 1843 qui
2122 1772 2314 1823 nemini
2332 1784 2564 1841 unquam

154 1857 286 1929 apud
303 1858 379 1909 Te
398 1856 552 1908 fraudi
567 1854 660 1907 fuit
675 1894 690 1917 ‚
724 1856 895 1906 animo
913 1851 1099 1923 dictat)
1131 1870 1196 1906 ex
1212 1870 1263 1906 re
1279 1853 1419 1924 parvi
1439 1853 1492 1903 in
1510 1851 1717 1921 speciem
1744 1853 2020 1913 momenti,
2055 1863 2218 1922 coepta
2244 1852 2438 1920 impetu
2468 1849 2565 1898 im-

153 1934 314 2006 peritae
333 1931 666 1983 multitudinis
683 1969 698 1993 ,
732 1931 1078 2002 suspicionibus
1103 1932 1218 1983 dein
1236 1931 1390 1996 magis
1405 1960 1424 1988 ,
1458 1939 1516 1979 ut
1548 1924 1740 1990 assolet,
1776 1944 1933 1998 quam
1952 1928 2094 1978 certis
2112 1926 2255 1978 rebus
2274 1934 2560 1992 aggravata,

151 2025 257 2061 non
274 2007 438 2059 seriam
455 2006 612 2058 modo
631 2007 1013 2060 controversiam
1030 2005 1272 2070 exstitisse,
1313 2005 1393 2060 sed
1418 2018 1618 2058 tantum
1646 2021 1752 2056 non
1779 2002 2035 2057 hostilium
2069 2007 2282 2066 irarum,
2316 2020 2372 2054 ac
2405 2017 2562 2072 prope

152 2084 400 2137 funestum
421 2083 580 2136 eidem
596 2086 812 2149 civitati,
848 2086 1136 2137 incendium
1151 2081 1379 2136 exarsisse.
1447 2082 1636 2135 Horret
1653 2083 1850 2151 animus
1870 2097 1991 2133 cum
2009 2081 2163 2133 fatalis
2181 2080 2310 2133 illius
2322 2078 2562 2149 temporis

152 2164 319 2227 imago
338 2160 476 2211 subit.
547 2160 800 2212 Praeciusus
819 2163 982 2213 omnis
1001 2159 1143 2223 urbi,
1176 2161 1315 2212 velut
1339 2157 1530 2211 hostilia
1560 2160 1769 2220 meritae,
1806 2155 2151 2224 Archistrategi
2185 2153 2414 2207 Aiusatiae
2447 2169 2560 2224 pro-

151 2238 322 2289 vinciae
343 2234 486 2303 iussn,
520 2248 642 2286 terra
656 2253 715 2286 ac
732 2230 963 2298 flumine,
998 2255 1024 2287 a
1043 2237 1249 2288 Francia:
1267 2231 1487 2287 confinio
1510 2246 1823 2285 commeatus
1844 2274 1858 2296 ,
1893 2234 2195 2296 commercia
2209 2230 2560 2302 cujusquemo-

152 2311 338 2365 dicum
357 2310 543 2362 civibus
560 2308 729 2363 nostris
746 2311 1007 2364 ‘interdicto
1024 2310 1233 2374 sublata,
1268 2327 1349 2374 ac,
1384 2307 1423 2362 fi
1443 2312 1532 2381 qui
1552 2308 1675 2361 forte
1693 2307 1873 2361 finibus
1891 2303 2059 2375 egr-effi
2071 2309 2262 2359 fuerant
2274 2345 2289 2369 ,
2326 2308 2381 2358 in
2396 2303 2560 2356 custo-

152 2389 286 2442 diam
304 2387 417 2437 dati.
500 2386 719 2450 Civita‘S‚
753 2387 1018 2458 improvisa
1042 2405 1092 2438 re
1111 2389 1348 2449 attonita,
1384 2385 1508 2458 quid
1525 2388 1577 2436 in
1594 2403 1648 2436 ea
1664 2387 1766 2437 veri
1783 2396 1868 2435 aut
1885 2386 2002 2436 vani
2021 2382 2102 2445 fit,
2137 2382 2301 2452 juratis
2327 2380 2554 2445 teffibm,

151 2466 389 2534 certisque
407 2464 703 2527 argumentis
719 2457 824 2513 satis
844 2475 1119 2534 compertO,
1154 2462 1395 2533 purgandi
1412 2462 1496 2521 sui,
1526 2480 1614 2532 pro
1633 2458 1987 2512 consuetudine
2007 2461 2062 2510 in
2083 2458 2217 2510 sociis
2236 2458 2458 2518 Franciae,
2474 2473 2561 2508 co-

151 2542 286 2611 piam
303 2536 551 2608 postulare.
621 2533 713 2588 Sed
732 2538 884 2607 plenae
902 2531 1300 2605 graviffimarum
1317 2539 1725 2588 criminationum
1745 2537 1937 2598 litterae,
1975 2534 2038 2588 ad
2055 2535 2157 2587 RE
2171 2533 2282 2587 GE
2296 2532 2360 2584 M
2383 2534 2434 2585 δε
2452 2536 2560 2584 Au·-

151 2615 305 2667 licum
323 2609 584 2662 confilium
601 2613 843 2663 continuo
862 2607 1028 2674 miffae,
1062 2610 1200 2664 facile
1218 2612 1410 2665 causam
1429 2612 1529 2680 ejus
1549 2614 1733 2664 invidia
1757 2611 2094 2664 cumularunt.
2178 2611 2292 2677 Jam
2317 2626 2436 2662 vero
2462 2611 2560 2663 mi-

152 2689 396 2743 serabilem
412 2685 542 2738 urbis
560 2683 706 2756 ipsius
723 2725 737 2749 ‚
768 2705 858 2739 nec
875 2705 990 2758 pace
1007 2706 1097 2739 nec
1114 2687 1244 2739 bello
1261 2690 1442 2739 utentis
1462 2727 1476 2751 ,
1514 2688 1693 2740 faciem
1712 2687 1970 2740 describere
1988 2683 2280 2757 supersedeo·

286 2764 494 2815 Crimen
513 2761 775 2830 ejusmodi,
812 2766 953 2835 quod
976 2763 1136 2835 ipfiim
1153 2761 1244 2814 fibi
1273 2763 1618 2829 magnitudine
1647 2765 1728 2815 sua
1763 2762 1916 2816 fidem
1950 2763 2204 2830 abrogaret
2222 2800 2238 2824 ,
2275 2759 2555 2812 Civitatem

152 2859 234 2912 per
250 2842 293 2891 se
309 2837 577 2895 humilem,
613 2839 841 2909 inopem,
876 2856 1085 2910 quaeque
1103 2838 1305 2890 REGlS
1341 2837 1920 2891 CHRlSTIANlSSlMI
1947 2841 2097 2905 gratia
2114 2835 2236 2888 nihil
2253 2838 2424 2899 carim,
2446 2839 2556 2889 otio

151 2913 272 2968 nihil
289 2915 537 2984 antiquius
553 2927 779 2984 unquam
795 2912 992 2976 habuit,
1027 2914 1168 2966 nihili
1185 2916 1246 2966 de
1271 2932 1345 2976 re,
1379 2916 1572 2986 aliquot
1588 2931 1767 2985 nempe
1796 2913 2092 2984 piscatorum
2125 2914 2239 2963 rixae
2270 2913 2445 2978 gratia,
2479 2914 2556 2965 in-

155 2989 378 3041 consultis
396 2987 552 3049 sociiS,
586 2996 807 3058 tempore
824 2982 1118 3041 alienisfimo
1135 3028 1153 3052 ,
1186 2988 1409 3041 adversus
1425 2991 1611 3042 vastam
1629 2991 1782 3049 iliam,
1821 2992 1871 3040 δε
1891 2987 2212 3039 formidatam
2229 2986 2469 3038 omnibus
2485 3006 2556 3039 re-

156 3066 262 3131 gnis
279 3078 333 3112 ac
349 3062 544 3131 populis
561 3100 575 3122 ,
613 3061 818 3114 Franciae
835 3066 1145 3133 potentiam,
1180 3081 1318 3115 novo
1337 3082 1475 3116 more
1493 3104 1508 3126 ,
1542 3063 1731 3117 hostilia
1749 3064 1927 3115 aufiam.
2005 3062 2098 3114 Sed
2115 3080 2244 3113 error
2268 3074 2374 3113 tam
2391 3064 2555 3114 varius

155 3158 210 3192 ac
227 3138 487 3207 multiplex
503 3140 570 3189 rei
593 3138 730 3204 ¹gestae
747 3139 1014 3210 implicitus
1032 3140 1184 3190 fuerat
1205 3180 1217 3199 ‚
1253 3153 1310 3191 ut
1330 3139 1421 3193 nisi
1437 3140 1500 3193 ad
1515 3158 1651 3194 aures
1669 3142 1890 3211 aequioris
1919 3138 2092 3207 judicis
2113 3133 2397 3206 pervenisset
2413 3175 2428 3197 ,
2466 3138 2554 3187 vix

157 3236 212 3269 ac
233 3235 293 3267 ne
316 3218 403 3266 vix
420 3216 624 3285 quidem
649 3217 882 3285 quamvis
902 3213 1021 3282 justa
1039 3212 1251 3265 defensio
1274 3217 1481 3267 civitatis
1498 3216 1672 3267 locum
1694 3213 1916 3265 habitura
1945 3210 2112 3263 fuisset.
2186 3212 2366 3261 Interea
2387 3208 2554 3261 Praefe-

159 3293 228 3344 en
245 3290 407 3357 Regii,
445 3292 495 3341 δεῖ
513 3293 800 3361 quicunque
821 3288 1021 3341 subinde
1037 3292 1236 3356 negotio
1261 3292 1646 3351 intervenerant,
1682 3290 1880 3344 omnia,
1917 3299 1975 3337 ut
1995 3296 2302 3356 acceperant,
2337 3286 2405 3335 ita
2430 3284 2556 3350 gesta

159 3367 246 3420 esse
263 3367 373 3427 rati,
410 3363 555 3415 fimul
573 3365 712 3434 quod
731 3368 798 3417 rei
815 3363 1079 3417 dominica:
1097 3364 1312 3417 intercise
1332 3365 1602 3428 crederent,
1639 3383 1698 3416 eo
1716 3365 1911 3416 suarum
1936 3364 2151 3432 partium
2170 3359 2257 3411 effe
2274 3359 2468 3424 ducere,
2488 3379 2554 3413 ne

138 3443 282 3516 -quid
300 3440 547 3510 reliquum
564 3438 792 3504 facerent,
828 3439 968 3511 quod
989 3440 1052 3491 ad
1072 3438 1380 3510 probandam
1400 3439 1554 3495 fidem
1572 3458 1628 3491 ac
1652 3440 1956 3506 diligentiam
1991 3439 2126 3487 suam
2154 3440 2435 3506 pertineret,
2470 3453 2553 3488 ex.

159 3516 351 3570 tendere
374 3512 638 3583 postulata,
675 3516 915 3565 criminari
930 3515 1065 3584 apud
1086 3516 1263 3577 sociOS,
1299 3529 1469 3567 terrere
1490 3517 1643 3566 torvis
1668 3511 1920 3584 responiiS,
1942 3523 2111 3562 terrere
2133 3510 2408 3561 minacibus
2425 3511 2552 3563 litte.

158 3595 219 3645 ris
236 3590 511 3646 civitatem,
546 3586 788 3639 obstinato
811 3589 1012 3641 consilio
1033 3590 1218 3659 prorsus
1245 3593 1373 3662 aequi
1392 3590 1578 3642 bonive
1606 3586 1727 3640 nihil
1748 3589 2010 3658 impertire.
2082 3585 2163 3637 Ne
2195 3588 2247 3636 in
2274 3584 2409 3636 sociis
2443 3589 2550 3658 qui„

161 3665 302 3724 dem,
336 3662 475 3731 quod
496 3677 755 3731 nunquam
783 3678 921 3715 antea
947 3668 1135 3726 evenit,
1172 3677 1228 3715 ut
1253 3667 1306 3716 in
1325 3664 1409 3716 tali
1436 3664 1824 3717 consternatione
1858 3660 2238 3713 distordantibus
2255 3700 2269 3724 ‚
2307 3661 2550 3735 lentisque

162 3737 375 3796 consilii,
408 3733 606 3803 praefidii
630 3739 732 3785 latis
754 3736 860 3789 fuit.

272 3815 328 3867 ln
350 3811 439 3862 hac
466 3823 570 3861 tam
590 3811 773 3879 trepida
798 3828 876 3873 re,
912 3812 1264 3867 cordatioribus
1290 3817 1505 3879 civium,
1540 3815 1656 3887 qui,
1689 3813 1777 3865 usu
1804 3812 1972 3884 aliquo
1999 3824 2085 3863 aut
2109 3809 2334 3866 doctrina
2367 3810 2549 3880 adjuti,

2383 3904 2548 3940 rerum
