2604 4222
133 139 202 181 658
602 120 892 164 coN

255 215 289 245 Et
299 219 385 252 q‘uum
396 217 507 252 egomet
515 219 591 240 nunc
601 217 711 238 mecum
721 207 748 250 in
762 205 855 246 animo
866 202 951 230 vitam
963 204 1038 228 tuam
1051 195 1204 226 considero.

168 253 415 283 Consideratecum
431 250 529 280 animis
538 248 628 277 vestris
637 243 798 280 vosmetipsi.
821 241 879 270 Cic.
892 248 916 272 ς.
932 238 1000 265 Verr.
1016 244 1059 270 29.

170 291 256 320 Suum
269 290 380 328 quisque
390 298 459 327 opus
473 297 488 316 a
498 286 579 321 vulgo
589 283 751 326 considerari
764 278 829 321 vult.
852 276 910 305 Cic.
928 284 951 303 1.
962 272 1018 302 Off.
1034 281 1094 308 147.
1211 306 1217 312 ·

137 328 159 358 C
167 338 184 357 o
194 339 212 358 N
223 339 234 358 s
244 340 252 356 ι
261 339 280 357 n
291 338 304 357 iz
313 332 351 357 af.
360 338 380 356 T
391 338 406 356 υ
416 337 427 356 s
439 348 447 360 ‚
474 317 723 360 [ὡεσκεμμῖυθ]
751 317 845 346 Partic.
866 320 914 348 ut,
942 311 1056 341 Factum
1074 307 1159 347 paulo
1180 313 1272 336 minus

173 366 385 395 consideratum.
408 364 465 393 Cic.
478 371 527 399 pro
536 359 610 402 Sulla
621 367 663 394 72·

171 404 253 434 Ratio
263 404 333 432 bene
343 402 519 431 considerata.
543 397 599 426 Cic.
610 405 634 425 2.
649 394 683 422 de
693 393 799 422 invent.
812 391 873 424 164.
1030 421 1036 428 ⁶
1061 422 1066 427 ι
1143 419 1149 426 ·
1171 419 1178 425 .

172 442 377 472 consideratum
388 441 413 468 ἃ
424 437 593 467 meditatum.
632 432 689 461 Cic.
704 431 738 458 de
749 426 840 469 Arusp.
855 425 934 462 Resp.
945 433 970 459 3.
1001 421 1079 452 Nihil
1096 420 1151 449 feci
1171 423 1272 459 iratus,

191 479 260 508 nihil
269 477 413 516 impotenti
423 476 515 505 animo
523 495 531 508 ‚
551 469 620 501 nihil
629 479 685 498 non
696 468 743 496 diu
755 464 957 495 consideratum
969 470 1001 490 ac
1013 459 1101 489 multo
1111 466 1175 487 ante
1186 457 1275 485 medi-

171 523 356 585 Isaittilijitdihatio
366 556 456 579 autem
469 569 477 582 .
497 546 534 576 est
541 545 658 582 diligens
670 540 873 572 &considerata
884 536 1004 568 faciendi
1027 533 1132 571 aliquid
1152 536 1200 562 aut
1216 538 1274 558 non

192 588 455 625 faciendicogitatio.
478 585 534 614 Cic.
550 593 574 612 2.
584 584 618 612 de
626 581 731 610 invent.
746 584 787 612 ¹8-
967 613 973 619 .
1056 610 1062 615 ⁵
1185 607 1190 614 .
1207 606 1212 612 ⁸

172 629 299 660 Tarditas
314 625 488 655 considerata.
528 621 586 650 Cic.
596 620 630 649 de
645 619 714 647 Clar.
725 618 799 646 Orat.
813 625 874 658 ¹54:
894 611 975 657 balbi
988 610 1097 641 doen&
1111 607 1214 638 eruditi
1226 603 1276 634 ho-

193 667 272 696 minis
281 665 308 692 in
318 671 430 700 utraque
439 670 467 690 re
476 659 672 689 consideratam
682 655 837 697 tarditatem
849 659 924 681 vicit.

171 703 287 732 Vivendi
297 702 339 730 via
349 699 516 729 considerata
526 698 550 726 &
562 695 676 734 provisa.
702 693 759 722 Cic.
773 702 801 720 in
811 690 902 719 Parati.
917 699 941 724 ς.
997 725 1002 731 ¹
1235 719 1242 725 ι

173 740 363 771 Consideratus
373 738 476 771 homo3
498 734 555 770 Qui
571 733 677 769 agenda
687 730 838 760 considerat
849 750 857 763 ,
879 736 936 756 non
948 722 1213 767 Qui-consideratur,
1234 727 1276 761 ¹¹¹?

191 779 249 815 quit
261 776 334 805 Valla
345 776 390 803 lib.
407 785 428 802 1.
448 782 506 810 cap.
520 782 562 808 30.
586 771 642 800 Cic.
654 779 705 807 pro
716 768 816 798 Caecin.
833 776 856 795 1.
878 765 981 794 Verum
998 760 1102 793 &iilud
1113 758 1277 788 considerati

192 815 311 844 hominis
320 813 371 841 effe
385 811 497 849 putavit.
885 840 890 846 Ι
1122 835 1128 841 ·
1164 834 1170 840 ι
1256 832 1261 838 ,

172 853 266 884 minus
278 850 462 880 consideratus
473 849 502 876 in
513 856 542 876 re
553 845 652 881 aliqua.
693 843 751 872 Cic.
767 851 820 879 pro
834 840 931 877 Quint.
948 848 988 867 11.
1018 836 1054 880 C..
1070 836 1205 880 Quintius
1224 832 1277 861 suit

191 891 272 925 liujus
285 889 310 918 P.
327 887 436 924 Quintii
446 886 528 915 frater
539 905 546 917 ,
569 883 632 911 sane
644 888 794 911 ceterarum
809 888 899 908 rerum
911 874 1107 921 paterfamilias
1117 875 1142 903 &
1153 871 1276 910 prudens

191 930 216 957 ἃ
225 933 345 956 attentus
354 947 362 959 ,
382 934 436 953 unu
448 924 475 952 in
486 932 513 951 re
523 920 606 959 paulo
618 921 709 949 minus
718 917 903 947 consideratus
914 937 922 950 ‚
945 924 990 950 qui
999 936 1007 949 ,
1030 914 1080 942 διε.
1093 950 1098 955 .

171 965 298 1002 Compar.
321 963 391 992 Dare
405 960 598 990 consideratius
613 957 768 987 consilium.
798 955 855 984 Cic.
868 964 894 990 9.
909 955 961 982 Att.
973 962 998 982 2.
1039 948 1119 986 [Nisi
1136 956 1276 985 compara-

190 1003 260 1031 tivus
272 1001 304 1030 ab
316 1000 445 1029 adverbio
460 997 633 1026 Considerate
644 995 690 1023 est.

169 1039 277 1078 Superi.
299 1035 577 1067 Consideratiilimum
588 1033 711 1062 verbum.
751 1030 807 1059 Cic.
821 1038 871 1066 pro
881 1028 960 1057 Font.
977 1036 1019 1062 ¹9·
1050 1024 1141 1068 Credo
1155 1023 1215 1067 haec
1231 1031 1275 1051 ea-

188 1079 253 1106 dem
270 1076 494 1106 lnduciomarum
505 1073 534 1101 in
546 1070 703 1100 testimonio
720 1068 838 1098 timuisse
854 1072 899 1095 aut
917 1063 1044 1108 cogitasse
1055 1085 1063 1098 ,
1086 1072 1132 1106 qui
1152 1069 1274 1099 primum

188 1115 259 1145 illud
275 1114 388 1143 verbum
404 1108 674 1140 consideratissimum
694 1107 790 1135 nostrae
810 1103 1035 1136 consuetudinis,
1058 1102 1176 1130 Arbitror
1197 1099 1275 1134 (quo

189 1162 240 1182 nos
255 1152 410 1180 etiamtunc
421 1149 532 1182 utimur,
543 1156 628 1183 quum
638 1155 669 1174 ea
681 1145 798 1173 dicimus
807 1142 898 1178 jurati,
911 1150 970 1178 quae
980 1146 1122 1176 comperta
1131 1137 1276 1179 habemus,

189 1200 249 1227 quae
260 1189 309 1227 ipsi
319 1188 437 1218 vidimus
451 1187 463 1223 )
484 1195 519 1215 ex
536 1192 594 1214 toto
607 1183 762 1213 testimonio
771 1180 819 1210 suo
829 1179 952 1214 sustulit,
973 1183 1055 1216 atque
1063 1176 1157 1206 omnia
1166 1174 1193 1204 se
1206 1173 1275 1203 scire

212 1235 268 1256 ixit.

136 1229 210 1297 Coei
220 1275 231 1294 s
242 1276 248 1292 1
260 1274 277 1292 n
286 1274 300 1292 R
309 1266 349 1292 RK
358 1272 377 1291 τ
386 1273 394 1291 1
403 1272 419 1291 ο
428 1284 435 1297 ‚
458 1261 527 1290 finis.
548 1259 567 1288 f.
589 1255 708 1294 [mesilam
722 1254 841 1289 immam,
853 1250 994 1296 λονο-μές]
1014 1251 1110 1294 Cle-,4
1123 1248 1273 1283 Acad.127.

173 1302 359 1333 Consideratio
369 1305 477 1329 contem
500 1297 621 1333 latioque
633 1302 735 1324 naturae
743 1316 750 1329 ‚
772 1292 810 1322 est
821 1293 976 1322 animorum
986 1295 1217 1327 ingeniorumque
1227 1295 1275 1316 na=

173 1340 259 1371 turale
270 1339 407 1376 quoddam
417 1346 469 1374 qua
482 1346 488 1364 i
501 1334 642 1375 pabulum«.
719 1369 725 1376 ¹
801 1368 807 1374 .

172 1376 389 1414 circumspectio
400 1378 424 1404 δι
433 1379 557 1403 accurata
566 1370 755 1401 consideratio.
776 1368 834 1398 Cic.
845 1378 871 1404 4.
891 1366 972 1396 Acad.
990 1374 1034 1403 35.

174 1416 320 1446 intendere
332 1411 584 1442 considerationem.
624 1408 655 1437 ln
675 1419 684 1436 1
693 1417 739 1436 Ντ
748 1416 762 1435 iz
770 1416 789 1435 N
797 1416 816 1435 D
826 1415 852 1434 o.

137 1454 160 1485 C
170 1464 186 1483 o
198 1463 214 1482 N
224 1462 251 1481 si
264 1462 281 1480 n
291 1461 305 1480 s
314 1461 329 1480 ιι
339 1461 356 1479 Α
365 1460 384 1479 τ
393 1459 410 1478 o
418 1459 433 1478 iz
444 1471 451 1482 ,
472 1449 535 1477 oris.
556 1456 593 1476 m.
614 1445 685 1475 Gell.
700 1455 711 1474 1
719 1455 740 1474 1.
753 1455 777 1481 ς.
811 1442 975 1480 Quaefitores
995 1442 1021 1471 δι
1037 1439 1256 1470 consideratores
1264 1459 1273 1474 ‚

174 1492 219 1528 qui
230 1489 334 1527 semper
347 1489 375 1517 in
389 1485 585 1517 considerando
595 1483 665 1513 sunt.
769 1516 776 1525 ,
1233 1514 1240 1520 ¹

136 1529 183 1559 Co
194 1537 232 1557 Ns
242 1538 250 1556 i
261 1536 302 1556 niz
313 1536 353 1555 aa
364 1535 383 1554 N
393 1534 430 1553 'rr
440 1534 458 1552 A
470 1545 478 1558 ‚
499 1533 528 1552 ae.
551 1522 570 1552 f.
593 1522 678 1551 idem.
699 1516 889 1556 [decanias]
910 1517 968 1547 Cic.
981 1525 1006 1552 3.
1019 1516 1055 1555 Q.
1067 1516 1128 1545 frat.
1139 1525 1165 1552 9.
1187 1514 1276 1550 Cujus

173 1567 201 1595 in
210 1566 264 1594 hoc
274 1573 329 1594 uno
340 1561 565 1593 considerantiam
574 1561 600 1590 8(
611 1568 662 1596 ego
672 1556 807 1587 sustinebo
818 1577 826 1591 ‚
847 1563 878 1585 ut
892 1561 999 1593 potero.

136 1604 159 1634 C
167 1614 184 1633 o
193 1613 231 1632 Ns
243 1614 249 1631 ι
260 1612 277 1630 o
287 1612 300 1630 is
309 1611 324 1630 a
334 1611 352 1630 a
363 1610 382 1629 Ν
391 1610 411 1628 τ
420 1609 456 1628 nii.
465 1621 472 1634 ‚
495 1598 561 1628 Adv.
585 1597 671 1626 Valer.
683 1601 709 1630 8.
725 1605 748 1624 1.
766 1602 833 1624 extr.
854 1593 1063 1624 Consideranter
1087 1592 1113 1621 ἃ
1133 1589 1276 1620 mansuete

173 1640 271 1679 populi
284 1639 400 1669 Romani
411 1637 586 1675 magistratus.
607 1634 712 1672 Supple
723 1631 833 1671 Agebat.
1164 1665 1171 1672 θ

135 1678 158 1709 C
166 1688 182 1708 o
192 1688 210 1707 Ν
218 1687 230 1707 s
240 1687 275 1706 ii>
284 1687 298 1706 iz
306 1686 323 1705 ii.
332 1686 351 1705 A
360 1685 410 1710 τις,
430 1675 482 1709 ius,
502 1673 589 1703 issime
599 1694 607 1707 ‚
627 1665 857 1708 [ὡεοκεμμῖμὶως]
875 1668 964 1699 Idem.
977 1667 1036 1698 Cic.
1052 1676 1103 1705 pro
1115 1666 1214 1703 Quint.
1229 1675 1273 1701 ςι.

171 1716 317 1748 Praetores,
336 1720 367 1743 ut
376 1712 544 1742 considerate
559 1710 650 1744 fieret,
672 1708 921 1738 consideraverunt.

171 1752 347 1783 Considerate
365 1759 453 1787 agere.
492 1749 550 1778 Cic.
565 1758 604 1777 i2.
617 1747 691 1777 Fam.
705 1757 728 1782 5.
750 1746 855 1775 Hirtius
869 1743 941 1774 nihil
960 1743 1010 1773 nisi
1030 1742 1220 1778 considerate,
1243 1745 1276 1771 ut

190 1790 257 1820 mihi
268 1789 368 1819 crebris
379 1788 477 1818 litteris
488 1786 631 1824 significat,
652 1786 760 1814 aeturus
769 1782 924 1812 videbatur.

171 1828 298 1864 judicio,
319 1826 487 1856 considerate
498 1846 506 1860 ‚
526 1823 733 1859 constanterque
743 1821 836 1851 delata
844 1819 986 1850 beneficia.
1007 1818 1065 1848 Cic.
1080 1828 1103 1848 ι.
1118 1816 1175 1847 Off.
1189 1827 1234 1852 49.

135 1865 157 1896 C
166 1876 183 1895 o
194 1876 213 1895 N
222 1876 233 1895 s
242 1869 279 1894 in
289 1874 306 1893 o
317 1886 325 1899 ,
346 1863 534 1901 (praeteritum
551 1871 567 1891 a
583 1861 674 1890 Sedeo
692 1865 832 1889 mutuatur
845 1859 857 1894 )
877 1857 937 1887 sedi
946 1880 954 1892 ‚
975 1856 1070 1886 sessum
1081 1878 1089 1892 ‚
1111 1853 1274 1898 [ὲπικιξθέξο-

169 1915 235 1939 μω,
253 1902 389 1938 maugina]
409 1901 464 1930 ere.
486 1899 557 1929 Cum
565 1905 642 1928 motu
652 1897 707 1933 est,
728 1897 763 1926 de
776 1896 838 1926 loco
848 1896 883 1926 ad
892 1896 996 1925 locum.
1036 1892 1172 1924 Columel.
1186 1892 1233 1922 lib.
1246 1898 1272 1926 8.

171 1941 269 1977 Neque
281 1939 490 1973 autrecumbat‚
509 1943 557 1967 aut
566 1936 698 1966 considat.
738 1934 805 1964 Plin.
817 1934 864 1963 lib.
877 1943 919 1970 34.
931 1943 992 1970 cap.
1007 1942 1049 1962 ιο.
1071 1932 1166 1962 Ustum
1177 1930 1275 1960 teritur

171 1978 301 2008 mortario
311 1977 452 2006 Thebaico
459 1998 467 2011 ‚
487 1984 557 2012 aqua
565 1974 659 2012 pluvia
666 1973 770 2002 lavatur
779 1994 787 2008 ‚
806 1972 915 2001 minore
925 1971 1026 2001 effestu
1037 1980 1044 2000 :
1065 1971 1219 2006 iterumque
1228 1968 1275 1997 ad-

171 2017 241 2052 jecta
250 2015 363 2052 largiore
374 2015 486 2049 teritur,
507 2015 533 2043 ἃ
549 2013 617 2041 dum
629 2010 751 2041 confidat
764 2032 773 2045 ‚
793 2009 964 2047 relinquitur.

171 2053 252 2091 Alpes
267 2052 418 2082 considunt.
458 2050 515 2080 Cic.
532 2050 567 2079 de
582 2049 705 2079 Provinc.
718 2047 800 2078 Coris.
815 2057 859 2083 34.
888 2047 1003 2085 Alpibus
1015 2045 1122 2075 Italiam
1137 2044 1275 2074 munierat

190 2097 254 2120 ante
266 2096 376 2124 natura,
395 2098 452 2118 non
463 2088 517 2117 sine
525 2087 616 2125 aliquo
630 2087 726 2116 divino
735 2086 851 2115 numine
860 2106 869 2121 ,
882 2086 934 2115 διε,
957 2094 1016 2120 quae
1026 2085 1082 2120 jam
1100 2083 1167 2112 licet
1187 2081 1273 2110 consi-

191 2128 275 2163 dant,
296 2127 365 2156 nihil
375 2127 412 2156 eit
420 2126 495 2155 enim
504 2125 574 2155 ultra
584 2124 662 2154 illam
674 2123 848 2153 altitudinem
871 2123 1011 2152 montium
1025 2121 1110 2158 usque
1131 2121 1167 2150 ad
1186 2120 1275 2150 Ocea-

190 2175 258 2195 num
268 2187 275 2201 ,
296 2165 371 2202 quod
387 2163 418 2193 sit
429 2163 511 2193 ltaliae
522 2161 780 2200 pertimescendum.

172 2203 320 2233 Considere
335 2202 420 2231 luctu.
459 2199 586 2237 Virgilius
600 2209 641 2228 11.
657 2199 717 2229 AEn.
730 2208 792 2234 350.
815 2196 974 2228 consedisse
985 2196 1082 2225 urbem
1098 2196 1176 2226 luctu
1186 2195 1272 2229 dicit,

189 2241 264 2279 quod
276 2240 360 2269 tristes
371 2237 656 2275 quisuntplerumque
665 2236 779 2265 sedent:
801 2237 827 2266 ἃ
851 2235 937 2264 Graeci
959 2234 1068 2271 καθίζειν
1088 2232 1222 2268 nsakana,
1243 2233 1273 2261 id

190 2280 227 2308 est
237 2278 349 2307 flentem
358 2276 450 2306 sedere
459 2297 467 2310 ‚
489 2275 588 2305 eodem
599 2274 655 2303 fere
667 2275 755 2303 modo
765 2274 858 2303 dicere
871 2272 972 2306 solent.
989 2271 1144 2301 Turnebus.

170 2315 300 2345 Consedit
310 2321 387 2344 terra.
426 2312 484 2342 Liv.
501 2322 544 2348 30.
559 2318 602 2348 38.
624 2312 656 2341 In
669 2311 807 2341 Veliterno
819 2320 882 2348 agro
893 2317 963 2339 terra
977 2309 1136 2345 ingentibus
1147 2308 1272 2337 cavernis

187 2353 312 2382 consedit
323 2374 330 2386 ‚
350 2350 512 2387 arboresque
528 2351 557 2379 in
568 2349 737 2387 profundum
750 2349 858 2378 haustae.
898 2347 1031 2378 Consedit
1047 2347 1136 2382 dixit,
1156 2355 1208 2384 pro
1219 2346 1273 2376 De-

187 2390 256 2420 sedit
267 2412 275 2425 ,
297 2391 326 2418 ln
338 2389 509 2427 profundum
522 2387 598 2417 abiit.
629 2387 702 2416 conf.
724 2397 742 2416 n
751 2396 765 2416 iz
774 2396 828 2417 sin
838 2396 866 2416 o.

167 2428 241 2466 Ignis
249 2427 383 2456 consedit.
406 2426 489 2455 Ovid.
506 2435 546 2461 13.
558 2425 626 2454 Met.
642 2429 706 2460 408.

247 2466 316 2494 llion
326 2463 439 2493 ardebat
449 2485 456 2496 ‚
478 2472 512 2492 ne
533 2472 568 2492 ue
577 2463 668 2492 adhuc
677 2461 838 2491 consederat
849 2460 929 2499 ignis.

168 2502 253 2532 Ardor
262 2502 346 2532 animi
357 2500 489 2531 consedit.
510 2500 569 2530 cic.
581 2500 616 2529 de
632 2500 703 2529 Clar.
713 2500 790 2529 Orat.
801 2509 845 2536 93.
874 2501 891 2529 i.
904 2509 930 2528 e.
952 2497 1067 2528 Sedatus
1080 2498 1125 2527 est.

168 2539 247 2570 Cura.
289 2540 345 2569 Cic.
359 2539 394 2568 de
406 2538 477 2567 Clar.
489 2537 564 2567 Orat.
580 2548 620 2573 ις.
644 2538 779 2567 Homines
793 2547 877 2574 quum
888 2538 959 2566 inter
978 2536 1003 2565 se
1020 2533 1185 2572 conjuncti,
1210 2539 1272 2563 tum

186 2578 254 2607 mihi
264 2578 302 2606 ita
312 2577 377 2610 cari,
397 2577 488 2612 itaque
500 2576 633 2611 jucundi,
655 2583 686 2605 ut
694 2584 790 2604 eorum
801 2574 910 2612 aspectu
923 2596 930 2610 ,
951 2575 1043 2602 omnis
1057 2583 1117 2610 quae
1129 2582 1175 2603 me
1191 2581 1273 2610 ange-

186 2615 231 2644 bat
241 2616 275 2644 de
289 2614 395 2652 Repub.
409 2623 489 2648 cura,
510 2613 673 2643 consederit.
703 2613 723 2642 i.
733 2622 758 2642 e.
777 2613 925 2649 Quieverit
937 2633 945 2648 ,
967 2611 1096 2642 &sedata
1105 2610 1146 2641 sit.

167 2651 251 2682 Furor
266 2653 390 2687 alicujus.
413 2651 471 2680 Cic.
484 2661 509 2686 4.
528 2650 610 2680 Acad.
624 2656 670 2687 87.

167 2689 220 2718 Ubi
236 2691 273 2718 ira
285 2689 415 2719 consedit.
437 2688 492 2717 Liv.
511 2694 552 2723 38.
570 2697 611 2725 17.

166 2726 313 2757 Considere
330 2728 356 2757 δι
372 2735 483 2764 regnare
494 2726 522 2754 in
537 2725 624 2761 aliqua
636 2724 756 2761 regione.
775 2724 822 2753 Sil.
834 2723 881 2753 lib.
899 2733 942 2759 ις.
957 2729 1019 2760 5²8-

410 2779 447 2784 —
454 2763 603 2793 Saturnum
612 2763 709 2792 nostris
719 2761 858 2792 considere
867 2762 897 2791 in
905 2762 959 2792 oris

255 2802 289 2832 Et
300 2811 411 2839 regnare
425 2801 499 2830 dedi.

166 2839 240 2869 Arvis
249 2840 413 2876 aliquorum.
436 2838 508 2875 Virg.
523 2847 548 2873 4.
567 2837 629 2868 AEn.
642 2846 685 2872 39.

256 2878 321 2907 Non
331 2877 408 2906 venit
422 2876 451 2904 in
462 2882 586 2905 mentem
595 2884 712 2911 quorum
729 2873 883 2904 consederis
896 2874 986 2904 arvis?

167 2914 263 2950 Aliquo
275 2915 338 2944 loco
349 2914 506 2946 considere,
527 2913 682 2950 Quiescere.
705 2912 762 2941 Cic.
774 2922 798 2947 5.
811 2913 864 2940 Att.
881 2921 922 2947 14.
937 2921 978 2949 pr.

166 2952 311 2982 Considere
323 2952 402 2987 aula,
424 2961 475 2988 pro
493 2950 524 2980 Iri
540 2950 609 2979 aula.
634 2949 719 2978 Valer.
734 2955 759 2983 8.
784 2950 882 2986 Argon.
902 2953 964 2979 166.

353 2999 445 3018 —cur
458 2995 533 3017 tanta
542 2987 611 3017 mihi
625 2997 681 3016 non
716 2987 803 3015 rodita
812 2987 894 3023 pestis

245 3026 279 3056 Ut
289 3036 372 3064 gener
383 3026 524 3056 IEsonides
534 3026 622 3054 nostra
634 3035 687 3055 con
701 3025 787 3053 ideret
795 3023 856 3052 aula
865 3025 878 3052 ¹?

167 3063 311 3094 Considerc
323 3064 408 3093 Creta:
419 3086 427 3098 ‚
448 3073 497 3102 pro
512 3065 539 3091 in
548 3062 635 3092 Creta.
658 3063 728 3099 Virg.
742 3072 766 3094 π.
784 3061 845 3091 AEn.
864 3064 925 3090 162.

165 3101 195 3129 ln
206 3101 310 3131 labellis
323 3102 440 3131 Plutonis
451 3100 718 3137 consederuntapes.
740 3100 797 3128 Cic.
813 3108 836 3127 1.
852 3099 888 3127 de
906 3098 998 3127 Divin.
1011 3102 1056 3132 78.

165 3138 301 3175 Perpetuis
318 3139 413 3168 meniis
434 3139 580 3168 considere.
616 3138 687 3175 Virg.
702 3148 727 3172 7.
744 3136 803 3166 lEn.
824 3140 884 3172 17⁶·
913 3136 931 3166 i.
951 3145 977 3166 e.
1005 3135 1117 3173 (inquit
1135 3134 1269 3171 Servius)

185 3175 282 3213 Longis
294 3177 390 3205 mensis
402 3177 437 3205 ad
446 3178 573 3206 ordinem
584 3175 732 3213 exaequatis
742 3174 908 3204 sedentium.

166 3212 251 3242 Portu.
276 3213 345 3251 Virg.
357 3224 380 3250 3.
394 3214 454 3244 AEn.
469 3219 528 3248 3⁷8.

165 3249 269 3285 Regno.
291 3252 356 3280 Stat.
374 3262 383 3280 1
394 3262 415 3280 ι.
427 3251 517 3281 Theb.
530 3260 590 3286 ¹5²-

166 3286 266 3330 l}egnis
279 3298 343 3318 curn
359 3289 392 3318 ali
414 3299 460 3318 uo.
482 3289 553 3326 Virg.
567 3298 589 3317 1.
603 3287 666 3319 AEn.
681 3289 744 3324 576.

166 3325 244 3354 saxo.
267 3326 350 3355 Ovid.
365 3337 386 3355 i.
434 3335 468 3355 et.
482 3330 544 3362 679.

165 3361 295 3392 scamnis.
319 3364 401 3392 Ovid.
414 3368 438 3392 6.
455 3363 517 3392 fast.
531 3373 592 3398 305.

165 3399 288 3429 Sedibus,
310 3401 380 3437 Virg.
394 3412 420 3435 4.
437 3401 535 3438 Georg.
550 3404 595 3434 ⁶5-

165 3435 195 3464 ln
207 3436 312 3466 sedibus
344 3439 400 3467 Cic.
416 3448 436 3466 i.
451 3440 485 3467 de
496 3440 572 3467 Orat..
582 3446 628 3470 29.

164 3473 239 3501 Solio
248 3476 352 3503 medius
363 3475 484 3504 consedit
496 3477 577 3504 avito.
602 3474 672 3509 virg.
685 3481 710 3508 7.
726 3473 786 3502 AEn.
799 3476 861 3508 169.

163 3509 256 3539 Tectis
270 3513 451 3548 bipatentibus
463 3513 609 3541 considunt
623 3511 688 3540 divi.
729 3511 801 3547 Virg.
817 3521 856 3540 ιο.
873 3509 933 3539 [En.
948 3518 971 3544 ς.
1003 3507 1057 3538 Ubi
1075 3507 1204 3546 Serviu83
1225 3508 1268 3540 Βί-

162 3549 336 3613 Ἱριιιεηῑιὺυε
347 3572 354 3583 ,
377 3550 482 3586 physice
493 3552 598 3578 dictum
610 3571 617 3582 ‚
640 3558 701 3576 nam
712 3550 809 3577 caelum
820 3555 896 3585 patet
907 3547 940 3575 ab
950 3553 1012 3575 ortu
1023 3548 1048 3575 St
1061 3547 1168 3578 occasu.

191 3595 246 3613 erra
257 3607 264 3618 ,
286 3586 302 3614 i.
314 3597 336 3614 e.
360 3587 388 3615 ln
401 3589 509 3624 regione
518 3588 609 3623 aliqua
624 3585 771 3614 considere.
795 3587 863 3623 Virg.
879 3597 905 3620 4.
919 3585 979 3614 [ΕΩ.
995 3593 1055 3620 349.

163 3621 193 3650 ln
209 3622 322 3651 theatro.
345 3624 402 3652 Cic.
416 3635 463 3660 pro
477 3625 589 3658 icco,
611 3628 650 3651 16.

163 3658 295 3689 Transtns
309 3661 454 3689 considere.
478 3662 539 3699 Virg
560 3674 584 3694 ⁴-
601 3661 659 3689 [En.
675 3669 734 3695 573.
756 3659 843 3690 Valer-
855 3669 883 3689 2.
904 3661 1002 3697 Argon.
1016 3668 1081 3695 442.

244 3696 283 3725 llli
295 3696 349 3725 sole
362 3708 432 3725 novo
445 3700 496 3727 lati
510 3722 516 3731 ,
538 3699 667 3736 plenique
679 3698 795 3726 deorum

242 3734 392 3762 confidunt
404 3739 527 3764 transtris.

162 3770 307 3799 considere
321 3773 347 3799 in
358 3774 407 3800 :ilia
419 3783 489 3807 parit-
501 3774 570 3801 dixit
585 3773 647 3801 Seii.
664 3772 745 3808 Epist.
763 3782 821 3804 ii7.
833 3781 883 3809 pro
897 3769 955 3800 Esse
966 3770 995 3799 in
1004 3770 1109 3800 diversa
1120 3771 1266 3809 opinione.

164 3808 246 3841 strum
258 3816 314 3836 tota
325 3810 447 3837 consedit
459 3811 484 3838 iii
497 3820 625 3838 cinerem.
648 3810 663 3838 i.
678 3820 701 3838 e.
724 3809 914 3846 Conflagravit.
937 3810 1002 3837 Stat.
1018 3817 1040 3845 ς.
1056 3809 1147 3838 Theb.
1165 3815 1227 3845 185.

163 3845 192 3873 ln
206 3847 289 3881 ignes.
312 3846 381 3882 Virg.
396 3857 409 3873 2
435 3848 490 3875 llun.
505 3854 564 3880 024.

241 3919 246 3924 ·
352 3899 386 3902 ——
396 3893 477 3911 omne
489 3885 553 3910 milii
566 3882 650 3910 visum
661 3883 697 3911 est
710 3884 851 3912 considere
861 3884 888 3911 in
900 3885 976 3917 ignes
1094 3882 1185 3912 llium.

162 3919 264 3949 Omnia
277 3926 368 3950 autem
381 3922 556 3951 tumst-nium
567 3929 700 3956 movent,
721 3921 863 3957 sensusque
884 3921 1023 3951 moventia
1044 3930 1103 3959 quae
1123 3921 1202 3958 sunt,
1222 3931 1267 3952 ea-

1801 104 1831 139 C
1926 105 1961 140 O
2058 106 2092 140 N

1384 188 1490 218 demin
1506 184 1671 223 opinatione
1683 185 1831 214 considunt
1842 208 1849 219 ,
1871 195 1932 222 quae
1954 193 2047 216 ortum
2068 186 2170 217 habere
2194 187 2326 225 gignique
2347 186 2480 218 diximus.

1382 226 1439 255 Cic.
1454 225 1488 253 de
1497 222 1618 253 Univers.
1634 235 1659 257 4·
1699 224 1737 251 Al.
1762 224 1924 252 Conliilunt.

1364 263 1544 293 Considamus
1557 260 1637 289 hicin
1649 260 1754 289 umbra.
1782 262 1837 289 (ic.
1851 271 1873 290 2.
1888 262 1922 290 de
1935 261 2026 298 legib.
2042 269 2068 296 7.

1365 302 1517 330 Verborum
1529 298 1690 340 conjund‘tio
1700 298 1774 327 varie
1785 299 1965 334 distincteque
1979 299 2109 328 considat.
2134 298 2193 328 Cic.
2209 306 2229 333 3.
2245 297 2281 328 de
2290 299 2366 328 Orat.
2379 305 2443 334 289.

1328 339 1375 369 Co
1387 349 1404 366 N
1417 349 1428 366 s
1438 349 1445 366 ι
1456 348 1473 366 ι)
1483 348 1491 365 ι
1502 347 1522 364 τ
1532 346 1547 364 u
1559 346 1575 363 R
1588 357 1595 369 ,
1617 335 1762 377 ιιιιρεειίῖχ
1775 337 1967 372 ἐνηκαῖέζῑπιι]
1987 337 2045 366 Cic.
2062 346 2084 372 3.
2107 337 2142 366 de
2153 336 2229 365 Orat.
2248 342 2290 369 18.
2314 336 2409 373 Quum
2423 335 2482 374 pla-

1365 374 1461 405 cuisset
1470 375 1545 403 idem
1555 380 1669 406 ceteris,
1690 373 1719 401 in
1727 374 1817 402 silvam
1828 375 1954 410 venitur,
1977 374 2052 403 &ibi
2065 384 2165 412 magna
2181 382 2244 402 cum
2254 374 2386 403 audiendi
2397 384 2482 412 expe-

1369 416 1488 443 ctatione
1505 411 1663 440 confiditur.

1329 452 1351 481 C
1361 462 1376 480 o
1387 461 1405 480 N
1417 461 1445 479 si
1456 460 1473 478 c
1483 459 1502 477 N
1514 460 1522 476 i
1533 450 1564 477 ri
1574 458 1590 476 c
1599 457 1632 481 o,
1660 444 1854 482 [συωημαλνω]
1880 451 1936 477 are.
1966 448 2098 486 significat
2115 449 2279 487 Exprimere
2290 470 2299 485 ,
2330 447 2376 478 vel
2400 448 2481 480 Idem

1368 489 1444 525 quod
1463 486 1540 516 aliud
1555 484 1711 523 significare.

1329 527 1375 556 Co
1385 536 1404 555 N
1415 536 1443 555 si
1454 534 1471 553 c
1483 534 1500 552 N
1511 535 1518 552 i
1529 534 1542 552 r
1552 533 1615 566 ica
1625 532 1662 550 '1⁴1
1673 533 1689 551 ο
1700 545 1707 556 .
1728 523 1798 552 &nis-
1819 523 1839 552 f·
1861 519 2017 559 [mavia]
2036 523 2116 562 Apul.
2137 523 2176 554 Ea
2186 524 2284 554 furoris
2295 522 2482 562 consignifica-

1367 566 1445 593 tione
1455 569 1591 600 perterriti
1600 570 1707 589 omnes.
2517 558 2519 566 .

1329 602 1377 632 Co
1387 612 1405 630 N
1416 611 1427 630 s
1437 612 1444 628 i
1454 610 1472 629 c
1483 609 1502 628 Ν
1512 609 1528 628 o
1545 621 1553 633 ‚
1574 598 1736 634 [weffss‘Zw.
1756 596 1958 632 λ’πτσκμεὲμιυ]
1977 600 2032 627 are.
2055 598 2184 634 Ejusdem
2196 598 2401 635 significationis
2416 607 2482 630 cum

1366 640 1414 668 suo
1427 637 1541 674 simplici
1554 646 1560 666 :
1583 638 1608 665 ἃ
1625 635 1756 673 significat
1768 636 1893 671 Aliquam
1904 645 1962 665 rem
1975 635 2049 672 signo
2062 644 2158 665 notare
2170 658 2177 670 ‚
2199 636 2275 671 quod
2290 636 2398 667 barbari
2410 637 2482 674 Sigil-

1365 678 1419 705 lare
1433 676 1538 705 dicunt.
1576 673 1749 703 Plaut.Trin.
1764 682 1788 709 3.
1799 683 1823 707 3.
1833 684 1880 709 45.
1992 689 2029 694 ——
2040 673 2110 703 ferat
2124 673 2252 711 epistolas

1448 714 1523 743 Duas
1535 735 1543 747 ‚
1566 721 1611 741 eas
1622 721 1672 740 nos
1683 711 1875 747 consignemus
1887 733 1895 745 ,
1916 711 1989 748 quasi
1999 711 2049 740 sint
2060 722 2074 741 a
2085 715 2172 750 patre.

1366 752 1538 788 Consignatae
1555 751 1582 778 in
1595 749 1694 778 animis
1704 750 1842 778 notiones.
1865 749 1921 779 Cic.
1941 759 1962 778 1.
1978 749 2062 779 Tusc.
2076 758 2119 786 57.

1365 790 1468 826 Legem
1482 788 1649 825 consignare.
1675 787 1738 823 Ulp.
1751 787 1779 815 in
1794 787 1810 815 l.
1828 787 1963 822 julianus.
1981 787 2091 824 §.idem
2103 787 2239 824 Julianus.
2252 787 2287 817 D.
2301 787 2336 818 de
2349 787 2481 820 aetionib.

1384 827 1490 864 empti,
1512 827 1540 855 Si
1555 835 1641 862 quum
1650 825 1778 853 venditor
1790 824 1869 854 sciret
1879 825 1997 854 fundum
2015 825 2139 862 pluribus
2153 826 2314 863 municipiis
2330 826 2419 863 legata
2435 827 2484 855 de-

1386 865 1466 894 bere:
1489 865 1517 893 in
1530 863 1623 892 tabula
1634 863 1747 899 quidem
1757 862 1892 901 scripserit
1903 864 1952 892 uni
1965 863 2122 902 municipio
2139 863 2255 899 deberi;
2279 873 2375 894 verum
2388 865 2483 903 postea

1384 903 1477 939 legem
1493 901 1696 937 consignaverit
1707 923 1714 936 ,
1735 901 1787 930 διο.

1366 940 1469 972 Dotem
1480 940 1551 968 inter
1564 938 1695 976 auspices.
1735 938 1811 968 Suet.
1826 939 1856 968 in
1870 938 1967 967 Claud.
1981 947 2042 976 cap.
2055 941 2100 967 26.
2124 938 2216 975 Quam
2237 948 2323 977 quum
2336 939 2486 978 comperis-

1384 979 1433 1013 set,
1443 978 1524 1015 super
1540 983 1631 1006 cetera
1642 976 1746 1013 flagitia
1756 983 1838 1013 atque
1850 977 1990 1006 dedecora
2000 998 2008 1011 .
2029 976 2061 1006 C.
2073 976 2142 1006 Silio
2156 977 2241 1007 etiam
2259 977 2376 1015 nupsisse
2386 999 2395 1013 ,
2416 978 2485 1009 dote

1385 1018 1456 1045 inter
1467 1015 1590 1053 auspices
1600 1014 1759 1048 consignata
1773 1036 1782 1048 ,
1802 1014 1941 1052 supplicio
1955 1013 2056 1043 affecit.

1364 1053 1480 1128 Telbulae
1510 1053 1636 1082 maximae
1663 1052 1745 1089 signis
1772 1052 1922 1082 hominum
1953 1051 2092 1082 nobilium
2120 1052 2324 1090 consignantur.
2354 1052 2412 1083 Cic.
2430 1063 2489 1091 pro.

1415 1099 1483 1121 uint.
1499 1100 1545 1126 25.

1366 1130 1477 1160 Litteris
1487 1128 1656 1166 consignare.
1688 1126 1746 1157 Cic.
1759 1138 1784 1160 a.
1797 1127 1878 1157 Acad.
1892 1137 1917 1157 2.
1940 1128 2037 1165 Itaque
2045 1128 2181 1158 utlitteris
2190 1128 2262 1158 consi
2284 1137 2382 1158 namus
2391 1150 2400 1163 ‚
2423 1138 2486 1166 quae

1385 1168 1576 1197 monumentis
1588 1165 1720 1195 mandare
1729 1165 1872 1195 volumus:
1889 1166 1926 1195 sic
1939 1166 1987 1195 ille
1997 1167 2025 1195 in
2035 1167 2129 1196 animo
2139 1176 2182 1196 res
2191 1167 2267 1196 inscu
2282 1172 2342 1204 ptas
2353 1166 2484 1196 habebat.

1366 1206 1430 1235 Vim
1441 1205 1579 1243 privilegii
1594 1204 1755 1233 auctoritate
1767 1203 2018 1233 honestisiimorum
2030 1204 2181 1234 hominum
2193 1225 2201 1238 ‚
2222 1206 2248 1235 &
2258 1204 2379 1243 publicis
2387 1204 2488 1234 litteris

1387 1244 1555 1280 consignare.
1579 1242 1636 1271 Cic.
1650 1241 1708 1270 Post
1721 1242 1779 1270 red.
1792 1242 1820 1270 in
1830 1242 1922 1271 Senat.
1935 1248 1981 1275 28.

1365 1282 1484 1348 Senatsss
1493 1280 1598 1324 judicia
1609 1279 1644 1309 de
1651 1279 1743 1317 aliquo
1757 1279 1879 1318 publicis
1887 1280 1988 1310 litteris
1996 1279 2232 1318 monimentisque
2243 1279 2410 1318 consignata.
2424 1278 2485 1310 cic.

1408 1329 1437 1348 ro
1475 1325 1540 1348 eiot.
1555 1328 1597 1352 ³7-

1366 1330 1532 1394 cignfignata
1542 1355 1662 1394 publicis
1680 1354 1779 1384 litteris
1793 1356 1936 1386 memoria.
1977 1355 2036 1385 Cic.
2050 1364 2075 1392 3.
2096 1355 2132 1384 de
2146 1355 2242 1394 Legib.
2254 1358 2301 1392 46.
2332 1356 2354 1385 A
2367 1354 2487 1388 librariis

1384 1397 1507 1433 petimus
1518 1417 1526 1429 ‚
1548 1393 1666 1431 publicis
1675 1392 1774 1422 litteris
1784 1395 1973 1431 consignatam
1982 1393 2159 1424 memoriam.

1367 1432 1638 1470 Consignatalitteris
1650 1431 1800 1467 Quaestura.
1823 1431 1881 1461 Cic.
1899 1442 1921 1461 1.
1934 1431 2009 1463 Verr.
2023 1437 2069 1465 28.

1367 1470 1451 1501 Ratio
1462 1470 1617 1507 aliquorum
1628 1471 1654 1499 &
1663 1468 1784 1507 publicis
1796 1471 1822 1499 ἃ
1834 1470 1946 1507 privatis
1954 1470 2051 1499 litteris
2062 1468 2229 1506 consignata.
2242 1468 2330 1505 Cic.5.
2341 1468 2487 1506 Vermoo.

1370 1509 1464 1539 Motus
1472 1509 1606 1546 temporis
1616 1506 1829 1544 consignandus.
1856 1508 1913 1537 Cic.
1926 1508 1961 1536 de
1973 1507 2095 1538 Univers.
2109 1511 2154 1537 26.
2176 1507 2218 1536 De
2231 1514 2310 1536 motu
2322 1507 2449 1538 fiderum.

1332 1547 1379 1578 co
1389 1556 1408 1576 N
1418 1557 1429 1576 s
1439 1557 1447 1575 ι
1456 1557 1474 1575 c
1485 1556 1503 1575 Ν
1513 1549 1529 1575 X
1539 1556 1559 1575 τ
1569 1556 1587 1574 u
1597 1556 1609 1575 s
1619 1567 1627 1579 ,
1649 1545 1745 1575 Partic.
1777 1547 1790 1581 [
1802 1542 2027 1581 ἐσφρφνσμῖρζᾢυ]
2061 1551 2111 1581 ut,
2141 1544 2251 1575 Testata
2275 1546 2302 1576 &
2327 1545 2488 1583 consignata

1368 1585 1558 1615 monumentis
1570 1584 1727 1619 antiquitas.
1748 1582 1807 1614 Cic.
1822 1595 1844 1612 i.
1857 1584 1892 1613 de
1906 1584 1996 1613 Divin.
2007 1590 2050 1618 87.

1368 1623 1550 1653 Auctoritates
1559 1621 1732 1659 consignatae.
1773 1621 1831 1650 Cic.
1843 1631 1894 1659 pro
1909 1622 2021 1651 Cluent.
2036 1630 2096 1656 ¹39·
2119 1620 2175 1650 Sed
2184 1626 2254 1650 errat
2268 1619 2488 1656 vehementer‚fi

1369 1662 1431 1698 quis
1442 1661 1470 1689 in
1480 1660 1654 1689 orationibus
1665 1659 1762 1688 nostris
1773 1681 1781 1695 ‚
1801 1661 1908 1696 quasin
1926 1660 2039 1696 judiciis
2051 1659 2201 1689 habuimus
2212 1680 2222 1695 ‚
2241 1659 2419 1689 auderitates
2435 1667 2486 1688 no-

1369 1700 1433 1728 stras
1442 1698 1613 1735 consignatas
1623 1697 1649 1726 se
1660 1696 1762 1726 habere
1772 1697 1925 1727 arbitratur.

1369 1737 1458 1767 Fundi
1470 1736 1591 1774 publicis
1600 1737 1815 1765 commentariis.
1838 1736 1897 1765 Cic.
1908 1745 1932 1764 2.
1946 1735 1982 1765 de
1996 1734 2074 1765 Orat.
2088 1744 2154 1771 224.

1370 1774 1503 1805 Laudatio
1514 1774 1632 1810 alicujus
1646 1773 1806 1811 consignata
1815 1781 1897 1803 creta.
1919 1773 1978 1803 Cic.
1991 1783 2043 1811 pro
2054 1773 2073 1803 F
2075 1773 2143 1804 lacc.
2158 1781 2203 1811 37.

1332 1813 1625 1847 CoNsicNA'rio,
1646 1812 1717 1841 onis.
1739 1811 1756 1841 f.
1781 1808 1964 1848 [σφςρίνσ-ις]

1369 1849 1598 1888 consignationes
1609 1871 1617 1884 ,
1639 1859 1705 1886 quas
1715 1859 1849 1879 vocamus
1863 1850 2039 1879 Documenta
2048 1870 2056 1884 ‚
2076 1848 2121 1879 vel
2135 1847 2334 1886 Chirogtapha.
2364 1847 2486 1885 Quintil.

1387 1888 1436 1918 lib.
1452 1898 1492 1917 ια.
1507 1898 1566 1925 cap.
1581 1893 1606 1921 8.
1628 1887 1764 1917 Promittit
1773 1888 1847 1917 enim
1856 1887 1979 1925 litigator
1989 1887 2093 1922 omnia,
2106 1886 2202 1916 testem
2215 1896 2251 1924 po
2274 1886 2363 1921 ulum,
2377 1885 2490 1924 paratis-

1389 1927 1465 1955 simas
1475 1926 1705 1963 consignationes.
1728 1925 1758 1954 V.
1769 1925 1903 1961 Testatio‚
1914 1927 1944 1954 in
1959 1934 1979 1954 'r
1987 1935 2001 1954 E
2009 1934 2022 1954 s
2030 1934 2050 1954 T
2061 1935 2070 1953 1
2081 1935 2104 1960 s,
2122 1926 2148 1955 δι
2161 1924 2256 1954 Turne
2278 1925 2285 1953 i
2297 1924 2486 1960 Adversza7.

1333 1964 1641 1994 C0NsicNANraR
1654 1985 1663 1998 ‚
1694 1964 1720 1993 δι
1740 1963 2012 1999 ΟοΝειοΝΑτιι,
2047 1963 2115 1992 Adv.
2144 1963 2221 1992 unde
2247 1972 2370 2000 compar.
2392 1962 2488 1991 Consi-

1369 2003 1498 2040 gnantius
1512 2001 1586 2039 apud
1600 2001 1669 2030 Gell.
1678 2011 1748 2036 1.25.
1771 2002 1858 2031 Graeci
1870 2001 2067 2039 significantius
2076 2000 2333 2037 confignantiusque
2342 2000 2486 2030 dixerunt.

1369 2041 1449 2070 ldem
1464 2039 1534 2069 Gell.
1548 2049 1563 2068 a
1575 2039 1739 2076 Confignate
1750 2039 1811 2069 usus
1822 2040 1860 2069 est
1870 2039 1970 2077 superi.
1991 2038 2230 2076 Consignatissime
2240 2060 2249 2074 ,
2269 2048 2291 2068 ι.
2306 2049 2348 2073 ις.

1330 2079 1355 2108 C
1364 2089 1381 2108 o
1392 2088 1410 2107 N
1419 2088 1430 2107 s
1439 2080 1450 2107 ῑ
1459 2089 1474 2106 L
1482 2087 1497 2106 ιι
1505 2088 1522 2106 o
1531 2099 1540 2113 .‚
1561 2078 1643 2113 silui,
1666 2074 1857 2114 [zoa-iamdiu]
1879 2079 1935 2107 Ere.
1954 2086 2006 2116 pto
2022 2077 2171 2107 Conticere
2180 2076 2273 2115 posuit
2284 2076 2400 2112 Ennius,
2419 2075 2488 2106 teste

1372 2116 1446 2146 Festo
1460 2116 1603 2153 Pompeio.

1333 2154 1587 2187 CONsitssco,
1607 2152 1689 2186 silui,

1370 2192 1482 2221 infantis
1490 2191 1618 2220 aliorsum
1630 2191 1687 2219 dati
1699 2190 1770 2219 facta
1781 2200 1815 2220 ex
1826 2191 1915 2221 oculis
1929 2191 2057 2220 amolitio
2066 2190 2105 2220 est
2115 2212 2124 2225 ‚
2144 2190 2221 2223 vigor
2231 2189 2286 2219 ille*
2297 2196 2429 2219 maternae
2439 2189 2489 2218 fla-

1369 2231 1482 2267 grantiae
1492 2229 1587 2259 sensim
1599 2238 1630 2258 ac
1643 2227 1776 2266 paulatim
1788 2229 1964 2268 restinguitur
1975 2251 1984 2265 ,
2005 2228 2151 2266 omnisque
2167 2224 2412 2267 impatientissimae
2425 2227 2489 2257 soli-

1371 2268 1505 2297 citudinis
1519 2268 1646 2304 strepitus
1661 2265 1823 2296 consilescit.

1333 2301 1634 2339 ζοΝειιιΑιιιυε,
1657 2305 1687 2334 V.
1711 2305 1740 2333 iri
1761 2314 1987 2335 coNsrtiuM.

1331 2345 1353 2374 C
1361 2353 1377 2372 o
1390 2353 1408 2371 N
1418 2345 1449 2372 si
1458 2346 1517 2372 tic
1526 2352 1543 2371 o
1551 2365 1558 2377 ‚
1578 2343 1643 2372 inis.
1665 2342 1683 2371 s.
1706 2343 1873 2378 [υνσ-ιλίῃω]
1894 2342 1994 2372 Herbae
2004 2351 2100 2381 genus.
2141 2340 2283 2372 Columel.
2296 2338 2344 2369 lib.
2357 2343 2381 2370 6.
2392 2350 2484 2378 caps.

1368 2381 1436 2410 Plin.
1448 2381 1495 2409 lib.
1509 2391 1553 2413 2<-
1566 2390 1625 2418 cap.
1636 2386 1660 2413 8.
1686 2380 1781 2409 Nostra
1791 2389 1856 2410 aetas
1863 2381 1994 2410 meminit
2002 2381 2114 2410 herbam
2126 2381 2155 2409 in
2166 2380 2260 2410 Marsis
2272 2385 2417 2416 repertam.
2432 2379 2488 2409 Na-

1366 2418 1449 2448 scitur
1461 2419 1486 2448 &
1498 2418 1649 2455 AEquiculis
1659 2419 1766 2447 circum
1782 2420 1874 2448 vicum
1889 2419 2024 2448 Nemesiae
2034 2441 2042 2453 ‚
2062 2424 2178 2449 vocatur
2196 2417 2337 2454 consiligo.
2378 2417 2419 2446 De
2434 2417 2488 2447 hac

1367 2457 1452 2487 herba
1463 2456 1575 2485 abunde
1585 2456 1674 2485 Ruell.
1688 2456 1736 2485 lib.
1749 2465 1774 2485 2.
1789 2466 1850 2493 cap.
1866 2465 1926 2493 134-
1942 2456 1996 2486 Ubi
2008 2457 2077 2487 dicit
2087 2465 2148 2486 eam
2157 2466 2218 2494 quae
2225 2455 2400 2493 pulmonaria
2409 2455 2486 2492 apud

1367 2504 1418 2524 nos
1431 2494 1631 2523 demonstratur
1640 2516 1647 2529 ‚
1669 2504 1684 2523 a
1694 2494 1777 2532 vulgo
1787 2494 1893 2524 Gallico
1907 2495 2046 2522 Pomeleam
2056 2494 2168 2530 vocari,
2189 2492 2262 2531 quasi
2282 2493 2463 2530 pulmoneam
2475 2501 2485 2523 :

1366 2533 1400 2562 ab
1420 2532 1552 2561 herbariis
1566 2532 1733 2569 quibusdam
1754 2534 1839 2559 Leonis
1856 2539 1964 2569 patum,
1982 2533 2137 2570 pastoribus
2151 2554 2159 2565 ,
2181 2531 2328 2564 bubulcis,
2349 2530 2488 2568 equisoni-

1366 2571 1418 2600 bus
1430 2593 1437 2604 ,
1459 2571 1563 2607 totique
1574 2571 1628 2599 ruri
1645 2570 1774 2607 praeclare
1787 2571 1940 2608 cognitam,
1962 2580 2045 2606 quam
2053 2571 2087 2600 ad
2097 2569 2211 2599 eosdem
2221 2578 2290 2606 quos
2304 2575 2409 2598 veteres
2420 2577 2488 2598 con-

1366 2608 1502 2645 siliginem
1513 2629 1521 2643 ,
1542 2607 1672 2645 usurpant
1682 2607 1808 2638 effeetus.
1848 2608 2047 2645 Consiliginem
2066 2614 2160 2638 autem
2178 2607 2270 2637 rustici
2293 2612 2400 2636 veteres
2421 2607 2487 2642 (in-

1366 2647 1427 2713 puit-
1441 2646 1537 2689 idem.)
1557 2646 1625 2676 olim
1637 2652 1789 2681 vocarunt,
1810 2647 1888 2684 quod
1902 2647 1931 2675 in
1950 2647 2056 2685 campis
2070 2647 2143 2675 inter
2158 2645 2293 2683 siliginem
2305 2645 2487 2680 triticumque

1379 2694 1399 2713 ae
1421 2693 1462 2713 ius
1471 2691 1581 2713 emicet.

1328 2722 1351 2752 C
1360 2732 1377 2751 o
1388 2695 1428 2750 Nps
1437 2724 1448 2750 ῑ
1457 2733 1470 2749 ι
1479 2725 1491 2750 i
1500 2731 1519 2750 Ν
1532 2732 1549 2749 u
1560 2732 1581 2750 M
1593 2743 1601 2757 ,
1624 2720 1711 2751 Italiae
1722 2721 1861 2759 oppidum
1869 2742 1878 2756 ‚
1898 2720 2021 2751 Tarento
2031 2721 2157 2752 vicinum
2166 2743 2175 2758 ‚
2196 2726 2228 2751 ut
2237 2719 2332 2750 scribit
2344 2719 2486 2758 Pompon-

1368 2760 1442 2789 Mela
1453 2759 1498 2788 lib.
1514 2768 1539 2788 2.
1550 2769 1610 2796 cap.
1623 2770 1648 2794 4.
1672 2760 1699 2787 in
1710 2759 1899 2797 descriptione
1914 2758 2006 2789 Italiae.

1329 2797 1352 2827 C
1362 2807 1379 2827 o
1388 2807 1407 2826 N
1418 2799 1449 2827 si
1458 2809 1473 2825 ι.
1482 2808 1490 2825 ι
1499 2807 1531 2832 ο,
1551 2797 1614 2826 silui
1624 2818 1631 2831 ,
1653 2793 1828 2832 [ἕνηπηέὶὶω]
1847 2800 1897 2826 ire.
1919 2796 1998 2827 Idem
2007 2797 2064 2826 fere
2075 2797 2152 2834 quod
2160 2795 2264 2826 Insilire
2274 2817 2282 2831 ,
2305 2796 2331 2826 &
2342 2794 2484 2825 insultare.

1711 2150 1928 2188 [κατασιωπάω]
1948 2154 2005 2183 ὅτε.
2026 2152 2098 2182 Gell.
2116 2151 2164 2182 lib.
2179 2161 2221 2182 12.
2234 2161 2294 2189 cap.
2312 2161 2334 2181 1.
2356 2152 2427 2181 Nam
2437 2151 2488 2181 ubi

1365 2835 1493 2871 Jungitur
1503 2834 1699 2864 autemdativo
1718 2836 1744 2864 &
1762 2834 1929 2864 accusativo.
1970 2835 2059 2865 Tacit.
2074 2844 2097 2871 3.
2120 2837 2248 2870 Ann.46.
2282 2833 2377 2862 Paucae
2400 2833 2484 2870 liujus
2530 2849 2535 2852 -
2564 2835 2585 2847 '·

1365 2873 1449 2910 ipsius
1460 2873 1598 2902 exercitus
1610 2880 1707 2901 turmae
1717 2873 1897 2910 profligavere
1908 2874 2051 2909 Sequanos
2066 2883 2074 2909 3
2097 2880 2201 2905 quanto
2215 2871 2335 2910 pecunia
2345 2871 2433 2906 dites,
2456 2872 2486 2901 δε

1364 2910 1556 2946 voluptatibus
1571 2910 1719 2946 opulentos
1731 2932 1738 2945 ,
1760 2916 1838 2940 tanto
1851 2911 1939 2948 magis
1952 2910 2080 2941 imbelles
2093 2911 2215 2945 JEduos,
2236 2910 2360 2940 evincite
2372 2931 2380 2944 ,
2403 2911 2429 2939 ἃ
2443 2909 2486 2938 fu·

1363 2948 1503 3016 {ientibus
1515 2948 1649 2977 consilite.
1689 2947 1768 2977 Idem
1782 2953 1807 2977 ό.
1831 2950 1898 2977 Ann.
1915 2953 1957 2984 36.
1980 2949 2065 2986 Igitur
2075 2949 2208 2978 Sinnaces
2219 2969 2227 2983 ‚
2248 2957 2333 2985 quem
2350 2953 2433 2977 antea
2443 2947 2485 2976 in-

1376 2985 1472 3015 ensum
1491 2986 1662 3020 memoravi,
1684 2993 1790 3023 patrem
1812 2985 1999 3024 Abdagasem,
2020 2987 2146 3024 aliosque
2163 2985 2291 3015 occultos
2309 2984 2435 3018 consilit,
2458 2985 2486 3014 ἀ

1365 3032 1432 3053 tunc
1448 3025 1589 3053 continuis
1598 3023 1723 3053 cladibus
1738 3025 1925 3062 promptiores
1938 3025 1972 3053 ad
1984 3024 2173 3055 defectionem
2184 3023 2275 3053 trahit.
2296 3022 2327 3052 Al
2347 3021 2483 3052 Consulit.

1327 3062 1512 3091 CoNsitiu
1524 3072 1543 3090 M
1555 3084 1562 3096 ‚
1586 3063 1602 3090 i.
1626 3071 1653 3091 n.
1677 3062 1839 3097 [βὲλόομωῃ
1855 3063 1938 3097 fiunti,
1960 3062 2123 3098 συμζέλιω]
2143 3072 2158 3092 a
2175 3061 2238 3095 Con
2253 3063 2279 3091 &
2295 3060 2389 3096 Salio,
2408 3059 2485 3098 quod

1364 3101 1392 3128 in
1409 3109 1492 3128 unam
1506 3099 1670 3128 sententiam
1681 3099 1774 3136 plures
1784 3100 1903 3129 rationes
1912 3099 2077 3135 consiliant,
2099 3100 2231 3129 Perottus.
2255 3098 2297 3128 Est
2307 3105 2399 3128 autem
2411 3100 2486 3127 Con-

1364 3137 1453 3166 silium
1473 3140 1527 3180 (pt
1536 3139 1572 3165 ait
1583 3137 1641 3166 Cic.
1655 3137 1701 3166 lib.
1715 3147 1738 3165 a.
1751 3137 1786 3166 de
1796 3137 1903 3167 invent.
1916 3138 1984 3173 τι.)
2007 3137 2119 3175 Aliquid
2127 3137 2259 3167 faciendi.
2280 3146 2338 3165 non
2349 3135 2485 3166 faciendi-

1363 3184 1398 3204 ve
1409 3181 1564 3211 excogitata
1576 3176 1655 3204 ratio.
1692 3174 1786 3204 Festus
1799 3197 1807 3209 ,
1829 3175 1981 3204 Consilium
2000 3174 2045 3205 vel
2067 3186 2083 3205 a
2102 3174 2282 3205 Consulendo
2298 3174 2418 3209 dicitur,
2438 3172 2484 3203 vel

1363 3213 1440 3250 quod
1453 3213 1479 3240 in
1494 3222 1576 3241 unam
1590 3213 1753 3242 sententiam
1765 3213 1887 3249 plurium
1900 3219 2007 3242 mentes
2026 3214 2055 3242 in
2070 3223 2158 3242 unum
2173 3213 2320 3242 consiliant
2337 3214 2363 3242 ἅ
2381 3221 2484 3241 conve.

1364 3251 1464 3292 hiant...
1477 3250 1530 3279 Sed
1543 3261 1557 3279 a
1568 3251 1685 3280 Silentio
1695 3250 1856 3280 credibilius
1868 3251 1976 3280 dictum
2005 3256 2112 3286 utatur,
2135 3261 2191 3288 quo
2202 3250 2322 3279 maxime
2331 3249 2482 3279 invenitur.

1364 3287 1515 3316 Consilium
1525 3310 1531 3322 ‚
1554 3288 1640 3325 Quod
1651 3289 1710 3325 quis
1720 3287 1864 3326 proposuit
1874 3289 1969 3318 animo
1992 3298 2026 3317 uo
2037 3288 2206 3318 faciendum.
2229 3287 2287 3317 Cic.
2296 3297 2336 3316 12.
2351 3285 2481 3324 Philipo.

1383 3326 1470 3368 Quod
1486 3326 1503 3354 si
1518 3326 1555 3354 est
1569 3333 1704 3360 erratum,
1726 3336 1749 3354 P.
1765 3336 1791 3355 c.
1815 3326 1861 3364 spe
1874 3326 1939 3355 falsa
1953 3332 2035 3363 atque
2051 3327 2163 3362 fallaci,
2186 3326 2331 3355 redeamus
2350 3325 2379 3354 in
2389 3325 2478 3354 viam:

1381 3370 1503 3406 optimus
1513 3364 1550 3393 est
1562 3371 1659 3402 portus
1672 3364 1841 3402 poenitenti,
1862 3365 1982 3393 mutatio
1992 3363 2108 3394 consilii.

1363 3399 1512 3430 Consilium
1525 3424 1533 3434 ,
1557 3403 1670 3431 Animus
1682 3424 1690 3435 ‚
1712 3401 1813 3437 Mens;
1836 3402 1935 3431 eadem
1945 3401 2012 3431 sunt.
2039 3401 2147 3431 Lucret.
2163 3400 2210 3430 lib.
2224 3409 2247 3437 3.
2262 3409 2308 3435 ος.

1360 3438 1503 3474 Judicium
1516 3441 1541 3468 ἃ
1552 3439 1697 3468 consilium
1707 3439 1832 3475 alicujus.
1875 3439 1933 3469 Cic.
1949 3449 1989 3468 ιι.
2005 3439 2078 3468 Fam.
2091 3449 2136 3473 29.
2160 3439 2295 3473 Magnum
2307 3435 2420 3474 pondus
2437 3444 2481 3466 ac-

1380 3476 1456 3505 cell'it
1468 3477 1502 3505 ad
1515 3477 1671 3506 tollendam
1687 3477 1891 3506 dubitationem
1902 3499 1910 3511 ,
1930 3477 2068 3513 judicium
2082 3479 2107 3506 ἃ
2124 3476 2268 3506 consilium
2279 3482 2366 3504 tuum.

1362 3513 1446 3543 Casus
1458 3516 1483 3544 St
1494 3515 1661 3548 Consilium.
1684 3514 1818 3552 opposita.
1857 3514 1916 3544 Cic.
1928 3526 1951 3549 ς.
1965 3514 2038 3544 Fain.
2052 3525 2076 3543 2.
2099 3514 2170 3551 Quis
2181 3512 2247 3542 esset
2258 3513 2303 3549 qui
2314 3522 2358 3541 me
2369 3512 2397 3540 in
2408 3510 2482 3540 Con·

1380 3552 1548 3618 1[ιῖιιιιψὲιοιι
1560 3552 1622 3582 casu
1632 3553 1727 3590 potius
1739 3552 1916 3588 existimaret,
1925 3551 2239 3594 quaincons'iliosortem
2250 3548 2352 3580 fuisse?
2367 3550 2395 3580 V.
2407 3549 2482 3579 Con„

1392 3600 1398 3618 i
1414 3600 1438 3617 lO
1459 3600 1485 3618 in
1496 3601 1535 3619 TO.

1362 3627 1511 3656 Consilium
1524 3628 1695 3659 &Fortun
1716 3633 1908 3665 opponuntur.
1931 3627 2003 3664 Virg.
2017 3635 2043 3656 2.
2063 3626 2125 3656 AEn.
2142 3628 2205 3657 6ς6.

1455 3666 1526 3694 Nam
1537 3667 1613 3702 quod
1624 3665 1770 3695 consilium
1781 3687 1788 3699 ,
1810 3672 1857 3695 aut
1867 3665 1992 3702 quaejam
2001 3664 2112 3694 fortuna
2125 3663 2242 3693 dabatur
2253 3663 2267 3691 ‘2

1361 3701 1514 3731 Consilium
1525 3705 1549 3732 ὃ(
1561 3704 1662 3740 Opera.
1695 3703 1724 3732 V.
1748 3713 1765 3731 o
1775 3712 1789 3731 Ρ
1798 3713 1811 3731 ιι
1822 3712 1874 3731 Ra.
1899 3703 1931 3732 Η.
1946 3704 1984 3732 St.

1361 3739 1695 3770 Voluntas&conlilium.
1719 3740 1776 3770 Cic.
1800 3751 1840 3769 ιο.
1865 3740 1938 3770 Fam.
1957 3750 1997 3768 io.

1361 3776 1537 3807 Conscientia
1548 3779 1724 3807 consiliorum
1742 3788 1867 3807 meorum
1880 3788 1924 3807 irie
1936 3775 2100 3808 consolatur.
2123 3774 2219 3811 Cic.4.
2234 3774 2308 3804 Fam.
2321 3783 2347 3812 3.

1360 3814 1532 3844 Giibernatio
1548 3817 1663 3845 consilii.
1687 3816 1744 3845 Cic.
1760 3827 1783 3845 2.
1801 3817 1837 3844 de
1850 3816 1957 3844 invent.
1980 3820 2038 3849 ¹⁶4·

1360 3852 1490 3881 mutatio.
1532 3854 1588 3882 Cic.
1605 3858 1643 3883 16.
1660 3856 1711 3882 Att.
1724 3863 1749 3889 7.
1774 3854 1864 3883 Nemo
1881 3854 1979 3882 doctus
1996 3860 2118 3888 unquam
2139 3850 2248 3885 (multa
2267 3857 2361 3879 autem
2374 3848 2409 3878 de
2424 3847 2478 3878 hoc

1380 3900 1479 3933 genere
1493 3890 1589 3928 scripta
1601 3892 1684 3926 sunt)
1708 3892 1894 3922 mutationem
1905 3889 2030 3926 consilii,
2052 3888 2268 3921 inconstantiam
2281 3885 2422 3918 dixitesse.

1359 3925 1485 3958 Penuria.
1528 3929 1557 3959 V.
1579 3939 1594 3958 x*
1603 3939 1617 3959 ιι
1625 3939 1645 3959 N
1658 3939 1674 3959 υ
1683 3938 1700 3959 Β.
1709 3938 1756 3960 ιιι.
2372 3961 2374 3968 ¹

2365 3963 2478 4001 adjutor
