2600 4177
391 172 419 206 Δ
515 173 545 207 Τ
641 172 676 208 T

45 254 181 286 Asci-ibere
193 256 216 283 dt
232 249 390 282 attribuere.
431 252 488 281 Cic.
508 261 532 286 ³-
550 253 584 281 de
602 253 664 282 Nat.
678 253 762 283 Deor.
779 261 822 289 39.
852 256 1060 293 Nonnunquam
1081 257 1170 285 bonos

63 293 150 321 exitus
163 292 265 320 liabent
277 291 343 319 boni
356 301 362 319 ;
385 300 432 319 eos
448 291 561 326 quidem
573 290 732 320 ascribimus
749 292 979 331 attribuimusque
993 294 1048 323 sine
1063 293 1118 322 ulla
1131 302 1171 321 ra-

65 330 141 358 tione
156 330 208 360 diis
222 328 431 357 immortalibus.

48 366 215 399 Attribuere,
238 376 288 402 pro
299 365 376 394 Dare.
416 365 475 394 Die.
492 375 541 402 pro
553 364 631 393 Rosc.
650 366 738 394 Amer.
750 376 775 399 9.
810 367 873 397 Huc
889 368 997 397 accedit
1007 367 1126 397 summus
1137 368 1173 396 ti-

69 414 128 433 mor
141 426 148 436 ,
169 414 250 441 quem
262 404 328 432 milii
343 409 438 431 natura
453 402 597 439 pudorque
608 412 684 431 meus
694 403 829 433 attribuit.

50 442 211 473 Attribuere.
227 452 275 477 prii
287 439 547 469 fideicommittere.
564 439 698 469 Liv.i.20.
712 440 873 471 Pontificem
886 443 988 471 deinde
1000 442 1092 472 Numa
1101 442 1173 471 Mar.

68 481 140 508 cium
155 479 240 508 marci
257 478 342 507 filiuni
361 487 395 507 ex
415 478 536 507 Patribus
556 478 639 515 legit:
661 479 742 514 eique
759 480 854 509 omnia
871 480 1006 518 exscripta
1021 480 1171 517 exsignata-

68 526 119 554 que
136 517 270 545 attribuit.

51 555 150 585 Curam
162 555 319 583 attribuere.
341 553 397 582 Liv.
414 556 439 581 6.
454 551 521 582 Bell.
539 551 604 581 Pun.

50 592 291 623 Enuiiieraiionem
313 597 360 620 aut
377 591 531 619 orationem
550 589 631 619 alicui
656 586 694 619 rei
713 590 880 627 attribuere,
901 603 952 630 pro
974 592 1111 622 Inducere
1133 590 1173 619 lo-

71 636 210 666 quentem.
261 629 318 658 Cic.
335 638 356 657 1.
378 629 412 657 tle
423 628 529 657 Invent.
545 639 572 663 9.
612 627 666 657 Res
686 637 777 657 autem
798 630 964 664 inducetur,
994 630 1011 658 si
1032 629 1114 659 alicui
1134 629 1174 657 rei

69 665 226 710 hujusmodi
239 689 246 700 ,
268 666 323 703 legi
336 688 342 702 ,
365 666 428 695 loeo
439 687 446 701 ,
468 665 529 695 urbi
540 687 547 701 ,
569 674 754 695 monumento
768 668 931 697 attribuetur
945 668 1034 697 oratio
1047 677 1095 705 per
1107 676 1176 695 enu-

72 711 260 733 morationein.

53 742 205 773 Attribuere
222 740 304 770 alicui
326 751 448 778 equum,
469 741 659 779 mancipium,
682 750 783 775 naves,
805 743 857 771 ἀς.
904 737 970 771 Caes.
993 753 1015 771 i.
1039 741 1104 772 Bell.
1130 740 1178 770 Ci-

71 779 117 809 vil.
141 790 185 813 2⁴·
227 780 328 816 Copias
345 779 468 816 undique
489 788 586 808 omnes
603 788 637 807 ex
658 780 738 808 novis
756 779 910 809 delectibus
922 802 929 813 ,
954 780 989 809 ad
1010 779 1038 808 se
1055 779 1116 816 cogi
1134 780 1176 814 ju'-

71 818 126 847 bet.
157 817 246 846 servos
277 816 395 854 pastores
424 824 527 851 armat,
563 816 606 845 liis
632 826 718 853 equos
746 817 879 846 attribuit.
921 817 979 846 Cic.
998 827 1038 846 12.
1064 819 1116 849 Att.
1128 825 1174 852 27.

72 855 219 885 Lentulum
239 864 357 892 puerum
374 853 461 890 visas,
498 856 579 892 eique
598 854 633 883 de
655 855 821 892 mancipiis,
858 865 918 892 quae
942 855 992 884 tibi
1015 855 1175 889 videbitur,

73 894 209 922 attribuas.

54 930 226 964 Attribuere,
248 929 391 966 Affignare.
439 929 504 958 Caes.
521 939 545 966 7.
567 927 632 958 Bell.
646 928 715 958 Gall.
734 934 776 961 81.
817 929 927 964 Nostri,
949 929 1016 959 licut
1031 928 1175 967 superiori.

74 969 123 1034 (bins
142 968 239 998 diebus
251 991 259 1003 ,
296 975 327 996 ut
346 968 446 1005 cuique
467 974 524 996 erat
547 967 625 996 locus
646 968 810 1003 attributus,
846 968 880 996 ad
895 968 1082 997 munitionem
1100 976 1178 997 acce-

95 1012 152 1036 unt.

55 1039 208 1074 Attribuere
228 1043 322 1072 locum
340 1043 452 1072 tertium
469 1042 551 1072 alicui
564 1043 601 1071 rei
614 1043 642 1071 in
656 1052 683 1072 re
693 1042 793 1079 aliqua.
833 1041 900 1072 Plin.
919 1041 966 1072 lib.
984 1046 1025 1072 16.
1056 1052 1117 1081 cap.
1130 1051 1174 1079 37.

72 1082 199 1111 Tertium
208 1081 302 1110 locum
311 1081 335 1109 ei
344 1081 372 1109 in
384 1080 562 1109 aestimatione
572 1083 640 1109 ruris
652 1080 721 1110 Cato
735 1079 867 1109 attribuit.
906 1080 947 1110 De
954 1080 1065 1110 SaliCto.

57 1119 191 1153 Attribui,
222 1119 389 1156 quandoque
413 1118 544 1155 fignificat
566 1118 676 1147 Tributi
699 1119 814 1147 nomine
840 1118 962 1148 statuere.
1013 1118 1070 1147 Liv.
1097 1117 1114 1147 l.
1131 1125 1175 1153 39.

75 1167 98 1187 c.
111 1168 154 1192 44.
175 1157 210 1185 de
229 1156 342 1185 censura
361 1156 515 1185 Catoniana
533 1156 668 1193 loquens,
692 1156 723 1186 Iri
742 1155 867 1185 censibus
885 1166 995 1194 quoque
1005 1155 1178 1194 accipiendis

73 1195 154 1224 tristis
166 1196 192 1223 ἃ
203 1194 294 1231 aspera
307 1195 334 1222 in
345 1203 442 1222 omnes
459 1194 570 1223 ordines
588 1193 700 1223 censura
716 1194 777 1223 fuit.
819 1194 1007 1228 ornamenta,
1029 1195 1055 1223 ἃ
1076 1190 1180 1223 vestem

76 1230 258 1267 muliebrem,
282 1233 308 1261 St
333 1231 461 1261 vehicula
474 1254 482 1265 ,
511 1242 570 1268 quae
590 1231 677 1270 pluris
701 1242 783 1270 quarn
801 1232 962 1268 quindecim
980 1231 1099 1260 millium
1119 1231 1180 1260 aeris

75 1269 179 1305 essent,
204 1271 232 1299 in
243 1269 355 1299 censum
367 1270 465 1298 referre
475 1271 592 1299 viatores
606 1269 688 1304 jussit.
731 1270 800 1299 ltem
817 1270 956 1308 mancipia
972 1270 1081 1298 minora
1097 1269 1180 1298 annis

0 1327 7 1341 y
73 1308 170 1346 viginti
181 1330 189 1341 ,
211 1318 270 1345 quae
284 1308 343 1345 post
355 1308 515 1345 proximum
525 1307 639 1337 lustrum
650 1330 658 1342 ,
681 1308 780 1337 decem
790 1307 911 1337 millibus
920 1308 978 1336 aeris
989 1329 996 1342 ,
1019 1314 1066 1336 aut
1074 1317 1108 1336 eo
1119 1306 1182 1344 plu-

75 1347 110 1376 ris
121 1345 255 1375 venissent
266 1368 272 1379 ,
294 1346 335 1374 uti
352 1355 384 1374 ea
395 1355 505 1382 quoque
514 1346 606 1375 decies
618 1346 704 1383 pluris
718 1355 799 1381 quam
811 1347 904 1380 quanti
922 1345 1009 1374 effent
1018 1345 1182 1375 aestimaren-

76 1388 138 1418 tur,
169 1385 195 1412 δι,
220 1384 262 1413 his
278 1383 358 1412 rebus
381 1384 512 1412 omnibus
537 1384 607 1413 terni
626 1385 655 1412 in
679 1383 765 1412 millia
786 1384 845 1412 aeris
863 1384 1086 1412 attribuerentur.
1108 1383 1134 1411 h.
1153 1391 1179 1411 e.

77 1421 186 1451 Tributi
205 1422 320 1450 nomine
340 1421 533 1450 statuerentur.
574 1420 675 1450 Volens
693 1422 769 1450 enim
790 1421 858 1450 Cato
876 1421 1003 1450 homines
1018 1431 1033 1449 a
1055 1420 1122 1449 luxu
1134 1420 1182 1448 de-

75 1466 196 1493 terrete,
225 1459 312 1497 pluris
333 1459 425 1488 decies
444 1459 592 1488 delicatam
616 1459 718 1488 vestem
737 1460 764 1488 ἃ
787 1459 898 1488 venusta
918 1459 1077 1496 mancipia,
1099 1467 1182 1495 quam

77 1498 172 1535 quanti
186 1498 268 1526 vendi
281 1496 406 1534 possent,
428 1497 584 1532 aestimavit,
606 1499 633 1527 St
651 1498 681 1526 in
700 1498 758 1526 aeris
777 1493 882 1534 singula
902 1496 990 1526 millia
1007 1504 1100 1526 ternos
1114 1494 1182 1525 affes

77 1535 170 1566 tributi
183 1536 333 1564 constituit.
376 1535 502 1564 Budaeus.

60 1573 319 1604 Attributifinitiniis
327 1573 496 1610 municipiis.
537 1572 606 1602 Plin.
622 1572 670 1602 lib.
686 1581 710 1608 3.
726 1581 786 1610 cap.
798 1580 842 1603 20.
865 1572 939 1602 Dein
948 1572 1080 1607 Camurii,
1106 1580 1184 1601 com-

77 1611 223 1650 pluresque
235 1611 333 1640 similes
344 1611 469 1640 finitimis
481 1611 603 1639 attributi
619 1611 787 1647 municipiis.

59 1650 194 1679 Attributa
208 1649 292 1678 lidera
302 1649 411 1687 lingulis
423 1648 512 1678 nobis.
535 1649 602 1678 Plin.
617 1648 663 1677 lib.
679 1658 704 1678 2.
718 1658 780 1685 cap.
793 1654 820 1682 8.

58 1687 214 1721 Destinare,
236 1686 404 1722 attribuere,
424 1695 506 1723 atque
528 1686 691 1715 describere.
730 1686 788 1715 Cic.
803 1696 853 1724 pro
868 1686 945 1716 Sext.
959 1688 1004 1716 66.
1027 1685 1085 1722 Qui
1104 1685 1183 1714 locus

79 1725 153 1755 orbis
170 1731 247 1754 terrae
264 1726 317 1759 iam
335 1735 392 1754 non
410 1732 466 1754 erat
488 1724 569 1754 alicui
591 1724 767 1753 destinatus?
790 1725 870 1760 cujus
887 1725 993 1762 negotii
1011 1723 1116 1762 publici
1136 1733 1184 1752 co-

77 1763 154 1802 gitari
166 1785 188 1829 ,¹
206 1763 326 1830 pptariz)
350 1762 472 1800 fingique
490 1762 648 1801 procuratio
667 1762 778 1800 potuit,
810 1772 871 1800 quae
887 1772 945 1791 non
966 1761 1034 1791 esset
1051 1760 1183 1790 attributa

77 1809 105 1831 at
125 1811 256 1830 uetecri
280 1808 322 1829 ta.

60 1811 212 1869 Antilibuere
233 1812 377 1876 nepgotium
394 1837 506 1875 aliquod
525 1837 613 1867 alteri.
673 1837 739 1867 Caes.
762 1845 787 1872 3.
813 1836 881 1867 Bell.
904 1836 974 1867 Gall.
999 1847 1041 1872 14.
1082 1836 1184 1874 Neque

52 1892 53 1895 ¹
77 1877 140 1906 satis
163 1877 264 1911 Bruto,
285 1878 332 1914 qui
350 1876 425 1906 classi
445 1883 578 1914 praeerat,
600 1885 653 1905 nec
674 1876 808 1905 Tribunis
830 1875 953 1904 militum
967 1895 974 1905 ,
1006 1875 1186 1904 Centurioni.

79 1915 200 1951 busque,
222 1914 322 1952 quibus
331 1914 440 1952 singulae
458 1923 542 1943 naves
555 1921 633 1942 erant
643 1914 780 1943 attributa:
792 1936 800 1949 ,
821 1912 963 1943 constabat
982 1912 1051 1950 quid
1062 1918 1183 1950 agerent.

60 1953 210 1983 Attributos
222 1952 428 1990 quodappellas
441 1974 449 1988 ,
470 1951 551 1981 valde
562 1952 658 1989 prob0.
700 1952 760 1981 Cic.
777 1961 819 1988 13.
840 1953 895 1981 Att.
909 1960 954 1981 22.
979 1951 997 1980 i.
1017 1961 1042 1980 e.
1064 1950 1185 1988 Affigna-

79 1998 123 2020 tos
139 1990 188 2019 tibi
203 2001 217 2020 a
234 2001 278 2019 mc
288 1991 446 2025 debitores,
470 1990 547 2019 unde
566 1990 700 2026 exigeres.

61 2028 205 2060 Attribiitae
225 2029 352 2067 pecunia*
365 2050 372 2062 ,
394 2027 428 2057 ab
447 2028 567 2065 antiquis
586 2027 751 2056 dicebantur
765 2049 773 2062 ,
802 2036 869 2064 quas
889 2036 966 2056 nunc
985 2026 1184 2064 Affignationes

80 2067 206 2096 dicimus.
249 2066 332 2095 Varro
345 2066 392 2095 lib.
410 2076 432 2095 i.
457 2066 493 2094 de
510 2065 538 2095 L.
549 2065 576 2095 L.
610 2065 762 2095 Tributum
783 2065 914 2102 (inquit)
935 2065 1041 2094 ditftum
1062 2074 1077 2093 a
1098 2064 1186 2094 tribu-

80 2105 129 2134 bus
141 2127 148 2137 ,
170 2104 245 2141 quod
264 2114 298 2133 ea
316 2105 433 2141 pecunia
445 2125 452 2137 ,
475 2113 535 2141 quae
552 2114 567 2132 a
586 2103 692 2141 populo
713 2104 848 2141 imperata
865 2110 941 2137 erat,
963 2102 1089 2131 tributim
1108 2101 1185 2132 asin-

80 2142 151 2180 gulis
167 2151 217 2180 pro
236 2143 365 2180 portione
381 2140 478 2171 census
493 2141 665 2179 exigebatur.
706 2141 745 2171 Ab
765 2141 819 2170 hoc
836 2150 868 2169 ea
883 2151 943 2178 quae
961 2140 1091 2178 affignata
1106 2147 1164 2170 erat
1175 2162 1183 2175 ‚

81 2181 248 2210 Attributuni
264 2181 379 2209 dictum.
435 2179 469 2208 {b
483 2189 518 2209 eo
536 2189 647 2217 quoque
668 2179 767 2216 quibus
787 2179 917 2208 attributa
934 2185 992 2208 erat
1014 2179 1134 2216 pecunia
1153 2184 1185 2207 ut

80 2219 162 2248 militi
182 2218 315 2252 reddant,
343 2217 463 2247 Tribuni
489 2218 574 2248 aerarii
602 2218 679 2247 dieii.
720 2217 751 2246 ld
768 2217 844 2254 quod
862 2216 1026 2246 attributum
1048 2222 1126 2251 erat,
1148 2226 1184 2245 aes

79 2256 205 2286 militare.
247 2256 302 2285 Cic.
319 2265 342 2288 κ.
357 2256 432 2285 Verr.
446 2265 488 2289 μ.
510 2256 555 2285 Ne
576 2255 679 2285 diutius
696 2262 825 2290 teneam,
846 2255 968 2293 pecunia
984 2253 1117 2284 attributa
1135 2264 1185 2284 nu-

80 2303 182 2323 merata
195 2294 241 2323 est.
264 2293 404 2331 profectus
414 2293 451 2323 est
463 2293 586 2329 Quaestor
595 2294 623 2322 in
637 2292 818 2331 provinciam.
857 2293 928 2329 Quae
941 2292 1023 2322 verba
1038 2302 1184 2330 exponens

81 2332 227 2366 Asconius,
250 2332 368 2361 Pecunia
387 2332 523 2368 (inquit)
547 2332 677 2360 ilttributa
690 2353 698 2366 ,
731 2332 768 2359 est
786 2331 857 2367 Quae
876 2332 905 2359 in
924 2330 1094 2368 stipendium
1113 2330 1188 2359 mili-

37 2385 42 2388 ·
83 2378 142 2399 tum
160 2370 195 2398 de
213 2370 307 2400 aerario
326 2380 341 2399 a
359 2369 492 2399 Tribunis
512 2370 611 2399 aerariis
630 2369 806 2398 adnumerari
826 2368 959 2405 Quaestori
977 2368 1052 2397 solet.
1079 2368 1138 2398 Cic.
1156 2369 1185 2397 in

82 2408 169 2438 Pison.
189 2412 233 2441 86.
275 2408 377 2437 Nonne
394 2407 544 2436 sestertium
565 2407 669 2436 centies
686 2408 712 2437 &
731 2406 870 2444 octogies,
901 2406 977 2443 quod
995 2406 1068 2443 quali
1091 2406 1186 2435 vasarii

83 2446 198 2475 nomine
216 2447 245 2474 in
261 2446 422 2475 venditione
442 2446 496 2474 mei
516 2446 616 2483 capitis
638 2444 811 2482 ascripseras,
838 2454 873 2474 ex
891 2445 985 2473 aerario
1000 2444 1052 2473 tibi
1073 2445 1188 2473 attribu-

83 2491 142 2513 tuin
151 2484 245 2513 Romae
266 2484 295 2512 in
319 2484 421 2521 qutrstu
433 2484 587 2521 reliquisti‘.>
610 2483 671 2513 Erat
685 2483 768 2519 igitur
789 2484 900 2520 proprie
920 2482 1054 2512 Attributa
1065 2483 1187 2521 pecunia

83 2522 120 2552 Ea
134 2531 193 2558 quae
217 2521 430 2559 Imperatoribus
455 2522 489 2550 ad
510 2521 666 2559 provincias
687 2521 818 2550 euntibus
845 2520 1037 2557 affignabatur.
1077 2520 1132 2550 Sed
1156 2521 1187 2549 in

102 2560 271 2597 uodcunque
295 2560 437 2597 negotium
463 2559 630 2597 assignetur,
660 2559 829 2588 Attributum
856 2559 941 2588 hodie
968 2558 1060 2588 vocari
1084 2559 1183 2596 potest.

82 2570 201 2628 {ribuni
232 2598 313 2632 igitur
331 2598 415 2626 aerarii
441 2597 593 2626 secundum
615 2597 777 2631 llsconium,
807 2606 840 2625 ea
858 2606 973 2625 munera
990 2595 1107 2625 obibant
1127 2606 1187 2633 quae

83 2645 159 2664 nunc
176 2636 344 2672 Receptores
364 2635 505 2671 generales
525 2635 652 2670 obeunt,
688 2635 852 2663 Attributam
868 2634 1017 2672 pecuniam
1038 2634 1187 2670 Quaestori-

83 2673 134 2703 bus
158 2672 372 2711 provincialibus
397 2673 612 2702 adnumerantes
634 2682 669 2702 ex
699 2674 792 2702 aerario
814 2678 980 2710 promptam.
1022 2672 1188 2702 Secundum

82 2711 230 2740 Varronem
241 2712 346 2740 {ierant
362 2711 407 2748 qui
418 2710 552 2740 mllitibus
564 2710 627 2749 ipsis
638 2711 764 2749 protinus
776 2709 1013 2745 adnumerabant,
1034 2719 1094 2747 quae
1110 2720 1188 2740 nunc

83 2749 252 2780 Thesaurzirii
268 2749 330 2778 sunt
349 2748 452 2778 bellici.
496 2749 561 2778 Haec
583 2750 685 2786 igitur,
706 2748 816 2777 diversis
837 2748 1008 2785 temporibus
1030 2748 1102 2777 varie
1119 2758 1188 2777 con-

83 2788 173 2817 stituta
186 2788 306 2817 fuerunt.
343 2787 408 2816 Haec
418 2787 544 2816 Budaeus.
586 2787 640 2822 Sed
661 2797 676 2816 a
690 2787 770 2815 rebus
789 2785 908 2824 publicis
928 2786 1066 2815 transferri
1085 2786 1119 2815 ad
1131 2787 1187 2824 pri-

86 2834 159 2855 vatas
172 2848 180 2861 ,
202 2826 285 2854 docet
307 2825 376 2854 illud
396 2825 455 2854 Cic.
476 2834 515 2860 ¹³-
536 2826 588 2854 Att.
605 2835 646 2854 i2.
685 2824 815 2853 Faberius
834 2824 850 2852 si
875 2824 1000 2857 venerit,
1020 2823 1129 2853 videbis
1154 2830 1185 2853 ut

82 2869 190 2892 tantum
210 2864 373 2892 attribuatur
385 2885 393 2898 ‚
415 2863 433 2891 si
451 2863 536 2892 modo
551 2863 732 2896 attribuetur,
753 2870 887 2899 quantum
900 2862 1034 2891 debetur:
1057 2862 1074 2890 i.
1086 2871 1110 2891 e.
1129 2862 1189 2891 Nu-

83 2908 222 2935 meretur,
251 2901 375 2930 solvatur.
416 2900 452 2931 Et
472 2904 512 2929 16.
538 2911 559 2929 1.
607 2902 648 2929 iiit
670 2901 746 2929 enim
772 2900 982 2928 attributionem
999 2901 1028 2928 in
1045 2899 1128 2934 Idus,
1159 2899 1186 2929 se

84 2946 176 3006 auten?
197 2940 286 2977 urgeri
300 2940 406 2968 acriter.
428 2940 446 2968 i.
459 2949 483 2968 e.
505 2939 680 2968 Solutionem
699 2939 828 2976 pecuniae
851 2948 934 2975 quam
955 2937 1077 2966 debebat
1096 2938 1188 2974 Quin-

84 2983 126 3006 tus
142 2977 157 3006 si
174 2978 222 3006 ius.

66 3014 176 3044 Solvere
188 3016 212 3044 dc
225 3014 373 3044 attribuere
386 3015 544 3052 pecuniam.
586 3014 644 3043 Cic.
658 3024 683 3049 9.
699 3013 819 3051 Philipp.
832 3016 857 3042 6.
879 3013 1043 3049 Quantique
1057 3011 1184 3049 locarint,

85 3058 187 3082 tantam
200 3054 347 3090 pecuniam
362 3052 531 3090 redemptori
542 3051 718 3087 solvendam,
740 3051 999 3088 attribuendamque
1012 3057 1117 3079 curent.

32 3089 106 3119 ATT
117 3100 131 3118 R
143 3101 150 3118 i
162 3101 202 3119 nu
214 3100 278 3119 Tio
289 3113 296 3124 ,
319 3091 390 3119 onis.
412 3090 431 3119 f.
473 3091 531 3120 Cic.
547 3101 588 3125 ις.
607 3092 658 3119 Att.
675 3099 715 3126 13·
740 3089 848 3118 Tamen
861 3089 895 3117 ad
908 3098 953 3118 me
966 3098 999 3116 ex
1019 3088 1186 3117 Phormiano

66 3126 185 3166 scripsit:
207 3138 274 3165 quas
289 3128 381 3157 literas
391 3150 398 3162 ,
420 3138 531 3166 quume
542 3127 654 3157 balineo
666 3127 796 3163 exissem,
818 3127 915 3165 accepi
929 3149 936 3162 ,
958 3126 1013 3156 sese
1027 3126 1061 3155 de
1072 3126 1186 3155 attribu-

67 3166 143 3195 tione
153 3166 248 3195 omnia
259 3166 366 3195 summa
379 3165 480 3195 fecisse.

2 1924 7 1942 μ.
0 1774 9 1906 ιβ-..»
0 1725 13 1761 u,
0 1691 8 1710 Α·

68 3204 216 3233 Attributio
229 3205 376 3233 nominum
387 3226 395 3238 ,
417 3204 454 3233 est
465 3203 630 3233 Debitorum
645 3202 788 3240 assignatio
801 3224 809 3236 ,
831 3201 930 3231 Eidem
948 3204 989 3230 i6.
1009 3201 1060 3230 Att.
1073 3210 1096 3238 3.

65 3241 108 3271 De
119 3242 298 3271 attributione
308 3241 438 3271 conficies
448 3264 456 3275 ,
478 3242 513 3271 de
525 3241 764 3279 repraesentatione
773 3240 889 3269 videbis.
914 3240 991 3268 ldem
1003 3239 1073 3268 Fam.
1090 3241 1182 3274 16.24.

32 3278 107 3308 ATT
117 3290 131 3308 R
142 3291 150 3308 1
161 3290 175 3308 B
185 3290 203 3308 υ
215 3290 233 3308 Τ
244 3290 260 3308 υ
272 3290 292 3308 Μ
304 3302 312 3314 ,
333 3280 351 3308 i.
373 3289 400 3309 n.
424 3280 512 3309 Idem.
534 3279 616 3309 Varro
630 3291 656 3315 4.
673 3279 709 3309 de
717 3278 748 3308 L.
758 3277 787 3307 L.
803 3281 846 3313 36.
870 3277 1006 3312 Pecunia,
1029 3287 1090 3314 quae
1110 3277 1189 3315 assig-

42 3341 45 3345 .
69 3324 130 3346 nata
138 3324 213 3351 erat,
235 3317 398 3346 attributum
411 3318 525 3347 dietum.

68 3355 146 3392 Apud
158 3354 336 3392 philosophos
347 3355 386 3384 est
394 3355 512 3385 Affectio
520 3354 566 3384 seu
582 3354 709 3391 Qualitas
719 3353 882 3383 substantiae.
933 3351 1046 3389 [Vulgo
1057 3351 1190 3382 Praedica-

85 3401 153 3422 tum.
174 3390 195 3422 79¹
211 3393 409 3429 νθιἿυυξκριε-ον,
429 3394 505 3430 quod
517 3393 552 3422 de
562 3393 649 3422 altero
662 3393 772 3421 dicitur.
796 3391 826 3420 V.
849 3390 907 3420 Cic.
918 3400 943 3423 4.
953 3389 1035 3419 Tusc.
1046 3400 1090 3418 21.

68 3431 146 3496 Apud
158 3429 358 3460 Grammaticos
369 3441 418 3468 pro
428 3431 571 3467 Adjerstivo
579 3431 694 3459 nomine
702 3429 817 3468 ponitur
825 3451 832 3463 ,
855 3428 931 3465 quod
943 3427 1077 3456 innuebat
1091 3427 1125 3457 H.
1137 3428 1178 3459 St.

50 3475 55 3477 ’
71 3472 75 3474 “
108 3469 130 3497 is
140 3469 228 3497 verbis
239 3478 245 3497 ε
260 3468 290 3498 In
303 3468 479 3498 Parricidiose
491 3469 592 3499 dicitur
601 3467 655 3499 effe
664 3467 828 3498 adverbium
837 3466 871 3496 ab
881 3465 1019 3496 Attributo
1028 3465 1189 3496 Parricidia·

19 3542 21 3544 Ι
86 3505 128 3535 sus
142 3506 302 3535 confic'tum.

35 3542 251 3578 AT‘raiTus,
278 3544 308 3573 ln
328 3552 495 3573 ATTsito.

34 3580 304 3616 ATTROPAT1A,
339 3581 371 3611 V.
393 3590 633 3612 ΛτιιοεΑτιΑ.

10 3619 219 3656 VATTiiscA„
244 3619 275 3648 V.
311 3629 387 3649 ATT
399 3630 470 3649 ina.

463 3708 491 3742 A
586 3706 618 3742 T
714 3706 746 3741 U

35 3802 56 3831 A
63 3811 82 3831 τ
90 3813 109 3832 υ
118 3813 137 3832 Α
146 3813 162 3833 c
172 3813 191 3832 υ
199 3812 219 3832 T
227 3813 247 3832 ir
256 3814 277 3832 M
287 3825 294 3840 ‚
315 3803 534 3840 [Ἀτουοίιωυτον]
554 3803 692 3841 Corrupte
703 3802 779 3841 apud
792 3801 973 3831 Ptolemaeum
986 3821 994 3836 ‚
1016 3808 1068 3837 pro
1078 3799 1191 3829 Atuatu-

71 3850 142 3871 cum.
179 3841 209 3870 V.
233 3851 447 3871 ADUAT1CA.

37 3877 108 3945 ATHu
119 3888 163 3944 §.A
174 3878 350 3943 ‚AUAi-ovqy]
372 3880 518 3917 Oppidum
529 3879 568 3910 est
582 3879 678 3909 Gallia:
687 3877 867 3916 Aquitanicae,
890 3875 926 3904 ad
935 3875 1050 3905 Aturum
1060 3874 1189 3905 fluvium.

38 3951 83 3981 AT
91 3926 163 3982 ἔκιε
169 3964 182 3983 s
192 3927 370 3990 ,Ufffiwgffin
383 3952 588 3989 Ptolss‘Awffls]
610 3952 718 3983 Nobilis
729 3953 757 3981 in
768 3951 913 3988 Aquitania
920 3950 1020 3980 fluvius
1029 3960 1044 3979 e
1057 3949 1191 3987 Pyrenaeis

71 3991 210 4021 montibus
227 3991 323 4022 labens
333 4014 341 4028 ,
362 3992 447 4023 hodie
459 4002 533 4031 pene
548 4001 653 4021 nornen
666 3991 812 4028 antiquum
833 3989 966 4020 retinens.
1014 3989 1136 4019 Aturnus
1153 3987 1189 4018 ab

1623 178 1648 210 A
1740 175 1773 210 V
1863 176 1892 211 A

1268 257 1385 286 Ausonio
1397 256 1552 295 appellatur
1561 257 1589 286 in
1603 257 1717 287 Mosella
1727 280 1735 292 ,

2324 192 2390 228 293

1792 274 1831 279 —-
1841 258 2013 287 Tarbellicus
2025 259 2075 288 ibit
2086 260 2211 290 Aturnus.
2276 262 2390 298 [Lnimo

1268 295 1365 322 Aturus
1378 295 1483 330 penult.
1498 296 1576 332 prod.
1589 305 1670 331 quain
1684 296 1808 325 Lucanus
1820 296 1952 333 corripit,
1978 306 2001 325 1.
2015 306 2078 331 420.
2117 298 2195 327 Unde
2212 299 2257 327 alii
2281 303 2393 330 Aturrus

1268 341 1311 368 ap.
1331 332 1429 361 Auson.
1445 333 1670 370 geniinaitalitera
1688 333 1792 369 legunt.

1232 369 1251 396 A
1263 377 1281 395 *r
1293 379 1397 411 unia,
1418 380 1450 398 τε.
1474 367 1647 406 [Ἀτουειά]
1671 371 1777 408 Astyr-ia:
1796 381 1875 410 pars,
1896 370 1969 400 haud
1988 372 2086 408 procui
2101 382 2116 401 a
2134 372 2293 410 Babylone,
2314 376 2393 410 cujus

1270 408 1398 435 meminit
1413 408 1509 437 Strabo
1524 408 1571 436 lib.
1588 412 1629 437 16.

1657 494 1684 529 A
1781 495 1812 529 T
1911 494 1944 530 Y

1235 587 1255 616 A
1270 589 1332 629 riri·
1342 596 1358 615 u
1368 597 1380 616 s
1392 608 1400 620 ,
1420 597 1437 615 i.
1459 597 1494 615 m.
1521 587 1674 625 [lium-Q]
1695 590 1798 620 dicitur
1818 591 1874 628 Qui
1886 602 1943 621 non
1952 592 2014 622 satis
2023 592 2155 630 expedito
2174 593 2280 631 plectro
2294 594 2394 633 linguae

1273 633 1359 656 utitur
1369 646 1376 659 ,
1399 624 1470 660 quasi
1484 626 1580 654 Aerem
1598 637 1654 670 notri
1668 629 1770 658 feriens
1781 651 1790 664 ,
1812 629 1854 659 vel
1868 631 1939 666 quasi
1959 631 2022 660 Non
2040 630 2101 660 satis
2116 631 2197 660 verba
2215 633 2373 670 exprimens
2385 655 2394 668 ‚

1274 661 1495 705 cqorisormansve.
1537 663 1606 693 Gell.
1622 664 1669 693 lib.
1683 677 1707 700 4.
1720 676 1780 703 cap.
1794 677 1819 696 2.
1844 667 1942 697 Balbus
1954 675 2045 697 autem
2056 669 2162 705 inquit,
2184 671 2208 699 ἂ
2221 671 2341 707 atypus,
2355 672 2396 699 vi-

1273 701 1331 742 tio'li
1347 708 1433 735 magis
1446 709 1527 741 quam
1539 702 1654 730 morbosi
1665 702 1732 732 sunt.
1775 704 1838 741 Ulp.
1852 705 1878 733 in
1892 705 1909 734 l.
1936 706 2003 735 ltem
2015 705 2115 735 Ofilius
2129 716 2169 735 io.
2190 707 2222 737 D.
2240 708 2274 736 de
2287 708 2394 738 lEdilit.

1274 737 1357 779 edict.
1398 736 1550 772 Quaelitum
1560 739 1596 767 est
1607 749 1640 767 an
1656 739 1753 769 balbus
1766 763 1774 775 ,
1795 744 1820 771 ὁὶ
1833 742 1944 778 blaesus,
1965 745 1991 773 &
2004 750 2102 781 atypus
2113 766 2120 779 ‚
2142 745 2219 782 isque
2234 746 2279 782 qui
2291 746 2395 776 tardius

1275 774 1414 811 loquitur,
1437 776 1462 803 ἃ
1476 784 1555 802 varus
1565 796 1572 807 ,
1597 778 1720 806 &vatius
1731 778 1810 807 sanus
1824 780 1876 808 sit‘?

1237 812 1405 854 ATY554⁸⁷
1426 811 1478 840 sive
1491 811 1621 848 Pydaras,
1644 813 1793 850 [¹¹Aweuu]
1816 817 1908 846 Alticre
1920 819 2057 854 regionis,
2078 829 2138 856 quae
2157 819 2195 849 est
2210 820 2238 849 in
2255 819 2374 850 Thracia
2385 843 2395 857 ,

1276 849 1391 882 fluvius,
1413 848 1487 878 haud
1506 851 1601 886 procul
1613 861 1627 879 a
1642 852 1818 888 Propontide.
1847 854 1877 883 V.
1902 855 1968 884 Plin.
1983 856 2029 885 lib.
2043 868 2069 890 4.
2082 867 2141 894 cap.
2158 867 2198 886 ii.

1238 887 1260 917 A
1270 897 1314 915 Ti(
1325 896 1337 915 s
1349 908 1357 921 ,
1379 883 1496 922 [Ἄτυς]
1518 887 1623 931 Eximia
1637 889 1843 926 pulchritudine
1863 902 1930 929 puer
1948 903 1962 921 a
1977 893 2081 930 Cybele
2098 895 2213 924 deorum
2226 901 2312 925 matre
2326 896 2397 926 dile-

1275 925 1351 991 gusd
1369 923 1400 953 V.
1423 933 1548 954 ATTis.
1588 926 1633 956 Sic
1646 927 1721 956 enim
1743 928 1771 956 id
1789 937 1894 958 nomen
1911 930 2101 987 scribentbim.
2123 932 2242 962 docente
2255 933 2346 963 Burm.
2360 934 2397 963 ad

1305 972 1330 990 vi
1355 985 1361 990 .
2043 973 2044 978 ¹

1277 1001 1342 1043 Atys
1352 1000 1396 1029 vel
1407 1000 1495 1030 Attius
1502 1000 1612 1044 Sylvius
1622 1023 1630 1036 ,
1651 1002 1727 1031 Albae
1738 1002 1823 1039 Sylvii
1833 1003 1904 1033 filius
1913 1026 1920 1038 ,
1942 1015 2023 1041 quem
2036 1005 2165 1038 Eusebius
2178 1007 2325 1045 JEgypium
2336 1009 2397 1046 Syl-

1295 1047 1372 1066 Vium
1383 1044 1472 1081 vocat.
1518 1039 1570 1068 Hic
1586 1049 1673 1077 quum
1684 1041 1884 1078 vigintinovem
1902 1043 1981 1072 annis
2001 1043 2151 1080 regnasset,
2172 1046 2249 1083 Capy
2265 1045 2322 1075 filio
2336 1047 2398 1077 reli.

1298 1077 1344 1104 <fio
1356 1097 1364 1109 ,
1386 1076 1461 1104 diem
1472 1075 1575 1106 clausit.

1277 1113 1342 1150 Atys
1355 1113 1399 1156 vel
1412 1113 1489 1157 Athis
1500 1114 1569 1144 alius
1583 1115 1697 1149 quidam
1708 1137 1715 1151 ,
1736 1115 1823 1146 Filius
1837 1115 1992 1147 Limniaces
2008 1118 2052 1147 vel
2070 1118 2232 1149 Limnatidis
2249 1131 2313 1158 nym
2337 1122 2378 1151 hae
2388 1145 2397 1158 ,

1297 1151 1400 1218 1(ξίιειηὲιεῑ
1407 1151 1473 1180 filiae
1483 1174 1491 1187 ‚
1513 1152 1629 1182 aPerseo
1638 1153 1667 1182 in
1678 1154 1800 1184 tumultu
1814 1156 1974 1192 nuptiarum
1986 1156 2174 1186 Andromedes
2184 1157 2297 1188 occisus.
2339 1160 2397 1189 vid.

1331 1196 1367 1218 et.
1383 1199 1406 1224 5.
1417 1198 1463 1226 47.

1279 1226 1343 1263 Atys
1351 1227 1419 1256 item
1427 1249 1438 1270 y,
1461 1226 1602 1264 Lydorum
1613 1237 1661 1257 rex
1673 1251 1681 1263 ,
1702 1237 1737 1259 ex
1748 1230 1889 1267 prognatis
1897 1229 2024 1260 Herculis
2037 1232 2063 1260 ἃ
2075 1230 2228 1270 Omphales
2239 1243 2318 1264 unus.
2356 1234 2400 1265 De

1299 1274 1354 1301 quo
1363 1263 1488 1302 pluribus
1499 1265 1596 1294 Strabo
1609 1266 1702 1296 scribit
1718 1267 1791 1297 libro
1803 1279 1828 1304 5.

1278 1302 1323 1332 Est
1332 1303 1357 1331 Sc
1371 1302 1473 1332 Siciliae
1484 1304 1582 1332 fluvius
1591 1305 1665 1342 apud
1678 1304 1745 1334 Pliii.
1759 1305 1807 1335 lib.
1821 1315 1844 1342 3.
1857 1315 1918 1344 cap.
1927 1311 1954 1341 8.
1977 1306 2019 1336 uti
2032 1307 2147 1344 quidem
2154 1307 2304 1339 Hermolao
2311 1309 2400 1341 visum

1299 1340 1338 1369 est
1346 1361 1355 1376 ,
1375 1339 1422 1370 sed
1432 1340 1510 1370 aliter
1521 1342 1600 1371 MSS.
1612 1343 1695 1372 codd.
1724 1343 1754 1373 V.
1775 1343 1863 1374 Hard.

1749 1431 1779 1466 A
1872 1431 1905 1467 U

1241 1525 1291 1555 AV
1302 1525 1334 1555 G.
1356 1525 1508 1563 Augustus,
1528 1525 1573 1555 vel
1593 1527 1694 1564 Augur.
1726 1527 1816 1558 AVG.
1840 1526 1980 1558 LIBER.
2003 1527 2112 1566 Augusti
2126 1528 2250 1560 libertus.
2272 1530 2397 1562 AVGG.

1280 1563 1343 1593 Duo
1353 1563 1395 1592 vel
1407 1563 1498 1601 plures
1511 1564 1631 1601 Augusti.
1659 1566 1679 1594 A
1689 1564 1752 1595 VR.
1774 1565 1819 1595 vel
1839 1568 1860 1595 A
1871 1567 1890 1593 V
1900 1566 1922 1595 R
1934 1566 1952 1595 E
1962 1565 1989 1595 L.
2021 1567 2156 1598 Aurelius.

1240 1601 1289 1631 Au
1303 1623 1311 1635 ,
1332 1601 1405 1637 [ulis]
1426 1601 1583 1637 interiectio
1596 1602 1775 1633 consternarae
1784 1605 1894 1633 mentis.
1935 1604 1999 1633 Ter.
2010 1605 2079 1634 And.
2092 1616 2118 1641 4.
2135 1615 2159 1641 5.
2174 1615 2215 1636 η.
2248 1604 2400 1637 Dicturane

1279 1639 1355 1676 quod
1370 1640 1459 1676 rogo?
1481 1651 1512 1668 M.
1535 1650 1578 1669 au.
1601 1650 1627 1669 c.
1650 1642 1776 1670 concede
1789 1642 1823 1671 ad
1834 1643 1966 1672 dextram.

1279 1679 1338 1711 Au,
1373 1677 1599 1713 interjectionem
1615 1677 1668 1707 effe
1689 1679 1828 1708 {ilentiiini
1852 1680 2023 1715 injungentis
2043 1680 2129 1710 docet
2145 1680 2259 1710 Linacer
2280 1691 2315 1710 ex
2333 1682 2409 1714 Ter..

1297 1714 1367 1744 Eun.
1381 1726 1408 1750 4.
1421 1726 1447 1750 4.
1464 1726 1507 1751 ¹4·
1527 1716 1566 1744 Au
1585 1725 1620 1744 ne
1640 1717 1843 1754 comparandus
1862 1719 1906 1747 hic
1921 1718 2033 1755 quidem
2050 1719 2085 1748 ad
2106 1718 2185 1748 illum
2206 1719 2253 1748 est.
2305 1720 2402 1750 Exem-

1298 1752 1385 1795 plaria
1398 1754 1660 1796 quotquotviderim
1673 1776 1681 1790 ,
1702 1755 1764 1785 Hau
1774 1754 1878 1785 habent
1886 1756 2050 1795 aspiratione
2058 1757 2220 1795 praeposita:
2244 1759 2319 1794 quod
2329 1759 2355 1787 &
2364 1768 2405 1788 re-

1300 1792 1371 1820 chus
1384 1790 1503 1821 Videtur.
1548 1791 1581 1821 V.
1604 1800 1624 1820 ii
1634 1801 1653 1821 A
1664 1802 1692 1822 υ.

1677 1882 1705 1917 A
1802 1881 1835 1916 V
1933 1883 1961 1917 A

1237 1975 1258 2005 A
1267 1985 1285 2005 v
1296 1985 1316 2005 A
1325 1985 1345 2005 N
1354 1985 1374 2005 'r
1384 1986 1392 2004 i
1402 1985 1437 2019 ci
1449 1998 1466 2019 ,¹
1479 1972 1660 2013 [Ἀεονκῖαρὶ]
1681 1976 1779 2016 Populi
1792 1977 1975 2014 suntGalliae,
1998 1979 2033 2009 fic
2046 1979 2079 2009 ab
2095 1978 2226 2008 Avantico
2245 1979 2274 2007 in
2287 1978 2402 2017 Alpibus

1276 2014 1385 2052 oppido
1400 2014 1476 2043 dicti.
1499 2014 1534 2043 de
1551 2014 1649 2051 quibus
1666 2015 1732 2046 Plin.
1744 2016 1791 2046 lib.
1809 2026 1833 2053 3.
1850 2026 1910 2055 cap.
1930 2028 1953 2051 ς.
1976 2019 2002 2047 &
2015 2017 2129 2047 Ptolem.
2145 2016 2193 2045 lib.
2210 2026 2233 2052 3.
2246 2026 2305 2054 cap.
2317 2028 2340 2052 5.
2356 2017 2405 2054 qui

1276 2061 1325 2081 eos
1336 2052 1562 2094 inter-Sequanos
1573 2052 1701 2083 collocat.
1740 2055 1887 2084 Avanticos
1901 2055 1982 2084 Plinii
1995 2062 2076 2093 negat
2087 2054 2280 2085 Aventicenses
2295 2055 2325 2084 in
2336 2055 2403 2085 Hel-

1277 2091 1359 2119 vetiis
1375 2090 1428 2119 elle
1441 2090 1525 2119 Hard.
1535 2090 1598 2119 adl.
1615 2101 1640 2127 q.
1664 2092 1695 2120 V.
1717 2092 1822 2122 &infra
1843 2103 1860 2121 A
1871 2103 1889 2121 ν
1899 2103 1939 2122 ΒΝ
1950 2102 2016 2122 Tic
2025 2103 2044 2122 υ
2054 2104 2084 2122 Μ.

1241 2127 1262 2157 Λ
1273 2138 1289 2156 v
1301 2138 1344 2157 AR
1353 2137 1367 2156 R
1377 2137 1404 2162 s,
1428 2127 1525 2166 Populi
1536 2135 1683 2170 putantur,
1703 2131 1749 2167 qui
1760 2129 1845 2159 hodie
1857 2131 1980 2169 Hungari
1990 2131 2130 2161 dicuntur.

1240 2166 1287 2195 Av
1298 2175 1340 2194 AR
1351 2176 1359 2193 i
1371 2175 1444 2194 CUM
1456 2188 1463 2200 ,
1486 2167 1653 2202 [Aiioewcn]
1674 2167 1822 2205 Oppidum
1835 2167 1976 2199 Celtarum
1994 2169 2024 2198 iri
2039 2168 2141 2198 finibus
2156 2167 2310 2205 Biturigum
2324 2190 2332 2203 ,
2353 2167 2405 2198 flu-

1277 2204 1354 2232 mine
1372 2205 1398 2233 Sc
1412 2203 1515 2241 palude
1532 2211 1668 2241 perpetua
1685 2206 1887 2235 circundatum.
1928 2206 2018 2244 Vulgo
2031 2206 2151 2241 Claasteau
2170 2206 2249 2242 mnf,
2271 2206 2323 2235 sive
2335 2209 2406 2234 Vim·-

1275 2251 1323 2268 ron
1334 2251 1364 2268 en
1378 2243 1453 2270 Berri.
1478 2242 1536 2277 [vel
1549 2242 1642 2278 potius
1653 2247 1762 2279 Bourges.
1784 2244 1815 2273 V.
1838 2244 1936 2274 Cellar.
1950 2245 2050 2282 Geogr.
2064 2245 2125 2273 Ant.
2137 2252 2163 2273 2.
2179 2252 2205 2274 2.
2222 2253 2246 2274 1.

1241 2279 1389 2314 Avaris,
1419 2279 1637 2315 AVARi'rER,
1659 2281 1875 2317 AvasiTia,
1906 2282 1937 2311 V.
1958 2292 2116 2312 AVARUS.

1241 2318 1287 2347 Av
1298 2321 1313 2346 ii
1324 2327 1367 2345 au
1377 2326 1405 2351 s,
1429 2317 1487 2353 Adj.
1510 2319 1690 2353 [ammeca.
1705 2339 1711 2350 ,
1731 2320 1880 2350 φιλοιἹεωὲς
1890 2339 1897 2348 ,
1920 2320 2146 2358 cingnum-&fil
2167 2319 2201 2348 ab
2225 2319 2298 2348 Aveo
2318 2319 2404 2349 verbo

1278 2355 1451 2390 deductum3
1473 2355 1574 2386 dicitur
1584 2355 1641 2392 Qui
1651 2356 1771 2387 nimium
1782 2358 1902 2396 cupidus
1910 2358 1948 2388 est
1963 2359 2022 2387 aeris
2040 2357 2085 2387 vel
2097 2357 2233 2396 pecuniae.
2280 2357 2310 2386 V.
2334 2357 2405 2387 Gell.

1281 2393 1330 2422 lib.
1350 2403 1391 2421 ιο.
1406 2402 1466 2430 cap.
1484 2403 1507 2425 ς.

1279 2432 1398 2461 Avarum
1409 2432 1435 2460 δι
1447 2431 1565 2460 Avidum
1581 2431 1619 2461 ita
1630 2431 1843 2463 discernuntur:
1866 2433 1983 2462 Avarum
1999 2433 2076 2463 enim
2088 2431 2197 2470 semper
2215 2432 2244 2461 in
2259 2432 2407 2470 reprehen-

1298 2469 1372 2498 sione
1384 2469 1439 2498 est:
1464 2469 1582 2498 Avidum
1591 2476 1684 2499 autem
1695 2470 1729 2499 ab
1740 2471 1848 2500 avendo
1857 2493 1865 2507 ,
1888 2471 1963 2508 quod
1971 2472 2009 2501 est
2022 2472 2106 2500 etiam
2117 2470 2231 2500 honeste
2241 2471 2382 2507 cupiendo
2391 2493 2401 2506 ‚

1299 2509 1326 2537 δι
1339 2517 1353 2536 a
1367 2506 1554 2549 delectatione
1565 2507 1682 2546 intelligi
1692 2509 1796 2545 potest,
1814 2519 1846 2538 ac
1855 2519 1904 2547 per
1912 2509 1966 2539 hoc
1976 2508 2125 2547 aliquando
2137 2507 2232 2543 malis,
2254 2508 2402 2546 aliquando

1298 2545 1381 2574 bonis
1393 2545 1662 2582 adjungiturcausis:
1685 2553 1716 2575 ut
1731 2546 1804 2584 Virg.
1820 2556 1844 2576 2.
1861 2547 1960 2584 Georg.
1977 2557 2039 2585 375.

1358 2598 1395 2603 -—
1404 2582 1552 2620 pascuntur
1561 2593 1626 2612 oves
1635 2606 1642 2617 ,
1665 2584 1807 2622 avidaeque
1821 2585 1951 2618 iuvencae.
2009 2583 2115 2615 Sallust.
2125 2582 2193 2614 Bell.
2206 2581 2288 2613 Catil.
2300 2583 2402 2614 Laudis

1298 2621 1389 2656 avidi,
1432 2621 1538 2650 ecuniae
1552 2620 1679 2651 liberales
1689 2630 1775 2652 erant.
1814 2623 1889 2653 Non.

1280 2659 1397 2688 Animus
1417 2658 1607 2689 audisavarus.
1630 2659 1697 2689 Hor.
1709 2670 1733 2690 2.
1752 2660 1835 2698 Epist.
1852 2671 1875 2690 1.
1892 2670 1951 2699 179·

1280 2697 1411 2734 Compar.
1450 2696 1509 2726 Cic.
1521 2707 1545 2732 ς.
1560 2696 1634 2726 Verr.
1652 2707 1712 2732 190-
1753 2699 1941 2736 Sequutisunt
1951 2698 2086 2728 avariores
2097 2698 2285 2735 magistratus:
2307 2698 2355 2735 qui
2366 2704 2404 2728 ta-

1300 2744 1366 2764 men
1378 2735 1407 2763 in
1419 2734 1530 2764 avaritia
1540 2734 1586 2764 sua
1600 2745 1657 2764 non
1670 2733 1761 2765 solum
1771 2758 1778 2771 ,
1795 2738 1848 2767 ἃς.
1926 2736 1992 2766 Hor.
2004 2746 2030 2766 2.
2044 2736 2126 2774 Epist.
2138 2745 2164 2765 2.
2181 2745 2241 2772 157.

1362 2773 1471 2802 Viveret
1486 2773 1515 2802 in
1527 2773 1605 2802 terris
1615 2780 1643 2803 te
1656 2773 1738 2811 siquis
1748 2775 1853 2804 avarior
1865 2784 1932 2804 unc.

1279 2810 1389 2848 Superi.
1430 2809 1502 2839 Gell.
1522 2821 1545 2847 ς.
1570 2821 1593 2845 ς.
1627 2811 1698 2841 Satis
1723 2811 1778 2841 esse
1798 2813 1883 2842 credo
1906 2813 2040 2842 Romanis
2064 2812 2125 2840 haec
2154 2810 2247 2840 omnia
2258 2832 2266 2845 ‚
2298 2809 2403 2839 etiarnsi

1300 2847 1525 2878 avariffimisunt.
1566 2848 1625 2878 Cic.
1644 2860 1668 2885 ς.
1689 2849 1764 2880 Verr.
1798 2850 1892 2880 Homo
1913 2850 2085 2884 avariffime,
2117 2849 2202 2878 redde
2220 2848 2291 2877 bona
2304 2847 2404 2876 sodalis

1298 2886 1365 2916 filio.
1407 2886 1517 2924 Ulpian.
1537 2886 1567 2915 in
1586 2886 1603 2916 l.
1620 2887 1699 2917 solet.
1722 2888 1756 2918 D.
1778 2889 1813 2918 de
1823 2889 1895 2918 offic.
1912 2887 2040 2926 procons.
2086 2886 2158 2916 Nam
2179 2886 2256 2915 valde
2277 2885 2404 2914 inhuma-

1299 2935 1369 2954 num
1381 2924 1435 2959 est,
1457 2934 1472 2953 a
1490 2925 1605 2954 nemine
1621 2926 1767 2964 accipere:
1789 2926 1836 2956 sed
1850 2926 1949 2966 passim
1960 2949 1968 2963 ‚
1989 2924 2147 2956 vilissimum
2167 2924 2203 2953 est
2217 2934 2223 2952 :
2245 2926 2271 2954 Sc
2285 2933 2333 2961 per
2343 2933 2404 2952 om-

1301 2964 1346 2991 nia
1360 2985 1367 2997 ,
1385 2961 1577 2992 avarissimum.

1281 3000 1469 3031 Adulationes.
1512 3000 1582 3030 Plin.
1593 3001 1623 3030 in
1637 3000 1737 3039 Paneg.
1749 3012 1794 3038 41.
1817 3003 1872 3032 Sed
1882 3003 1917 3032 ad
1931 3009 1991 3033 tuas
1999 3011 2077 3030 aures
2088 3023 2095 3035 ,
2118 3009 2180 3029 cuni
2197 2999 2293 3028 ceteris
2310 2999 2402 3041 omni-

1302 3039 1352 3068 bus
1361 3061 1368 3074 ,
1391 3045 1451 3067 tum
1460 3038 1504 3067 vel
1517 3039 1639 3068 maxime
1649 3041 1736 3069 avaris
1749 3040 1957 3071 adulationibus
1968 3040 2120 3069 obstructus
2137 3037 2174 3066 est
2184 3037 2284 3066 aditus.
2321 3036 2401 3073 Figu-

1298 3083 1355 3106 rate
1367 3086 1416 3114 pro
1425 3077 1575 3106 Avarorum
1590 3077 1806 3108 adulationibus.

1280 3114 1415 3151 Agricola.
1438 3114 1509 3151 Virg.
1524 3124 1545 3144 i.
1559 3115 1658 3153 Georg.
1671 3125 1716 3153 47.

1279 3154 1403 3182 Animus.
1427 3152 1493 3182 Hor.
1507 3162 1532 3181 2.
1556 3152 1637 3191 Epist.
1653 3164 1675 3183 i.
1692 3163 1751 3191 179.

1279 3191 1371 3220 Caedis
1383 3200 1478 3220 avarus
1490 3190 1580 3220 miles.
1603 3191 1700 3221 Claud.
1715 3192 1750 3220 de
1759 3191 1827 3221 Bell.
1839 3191 1900 3221 Get.
1912 3193 1976 3220 606.

1279 3229 1372 3266 ignis,
1394 3228 1514 3265 Propert.
1528 3238 1553 3258 2.
1567 3235 1611 3261 28·
1628 3234 1670 3265 5⁶·
1693 3229 1778 3266 Quod
1790 3230 1884 3258 omnia
1895 3227 2014 3265 corripit.
2250 3260 2253 3264 q

1278 3265 1398 3334 liguffus
1412 3288 1420 3302 ,
1448 3266 1630 3304 inexplebilis
1654 3268 1792 3305 cupiditas
1818 3267 1945 3296 videndae
1968 3265 2007 3293 rei
2025 3261 2150 3298 ancujus.
2191 3261 2290 3292 Claud.
2317 3271 2340 3292 1.
2370 3263 2400 3293 in

1325 3314 1341 3334 u
1367 3308 1448 3340 .i65.

1359 3341 1500 3372 illecebris
1515 3344 1640 3380 capitur,
1669 3343 1843 3378 nimiumque
1864 3341 1951 3369 elatus
1968 3348 2048 3368 avaro
2125 3375 2131 3381 ι
2363 3375 2369 3381 .

1360 3380 1603 3410 Pasciturintuitu.
1644 3381 1715 3416 Aut,
1738 3383 1822 3409 ilvaro
1833 3378 1935 3407 intuitu
1948 3399 1956 3413 ,
1974 3378 1991 3406 i.
2010 3386 2035 3406 e.
2057 3375 2165 3406 intuitu
2185 3384 2279 3405 rerum
2299 3381 2402 3414 pretio-

1298 3418 1396 3448 sarum.

1279 3456 1393 3487 Manus.
1411 3455 1495 3486 Ovid.
1507 3466 1532 3486 2.
1551 3456 1639 3486 llmor.
1651 3458 1676 3485 6.
1692 3464 1734 3491 39.

1280 3494 1378 3528 Mare,
1400 3494 1486 3531 Quod
1501 3493 1606 3531 expleri
1617 3503 1675 3522 non
1687 3492 1782 3530 potest.
1805 3490 1872 3520 Hor.
1889 3499 1913 3526 3.
1931 3489 2021 3518 Carm.
2033 3498 2077 3524 29.
2091 3491 2136 3518 6¹.

1280 3532 1377 3570 Opes,
1399 3532 1485 3569 Quod
1496 3541 1590 3560 avaros
1606 3531 1732 3560 reddant.
1753 3529 1850 3558 Claud.
1867 3538 1888 3556 i.
1902 3528 1937 3556 de
1947 3527 2026 3569 Rapt.
2039 3526 2161 3564 Proserp.
2177 3536 2222 3555 21.

1280 3570 1358 3607 Spes.
1400 3569 1512 3606 Quibus
1520 3570 1602 3598 nimis
1614 3577 1712 3604 magna
1722 3568 1748 3596 Β(
1757 3566 1841 3596 ardua
1852 3564 1984 3602 consequi
1992 3572 2042 3594 nos
2052 3564 2129 3602 poffe
2139 3564 2289 3602 speramus.
2302 3563 2401 3601 Hor.4.

1301 3608 1393 3638 Carm.
1412 3617 1423 3636 1
1434 3618 1455 3636 i.
1467 3617 1510 3642 25.

1280 3645 1392 3675 Venter.
1414 3645 1481 3674 Hor.
1499 3657 1519 3673 ι.
1536 3642 1618 3680 Epist.
1637 3652 1678 3677 ις.
1693 3650 1734 3677 32.

1281 3683 1363 3720 vigil.
1387 3682 1483 3712 Claud.
1496 3684 1525 3710 in
1537 3680 1637 3718 praefat.
1648 3680 1723 3708 Sext.
1736 3676 1817 3707 Coxis.
1831 3676 1905 3707 Hon.
1920 3682 1946 3711 8.

1326 3721 1360 3750 Et
1377 3719 1444 3757 vigil
1453 3718 1554 3756 elapsas
1564 3717 1659 3754 quaerit
1669 3726 1764 3745 avarus
1776 3725 1852 3752 opeS.
1900 3715 2058 3751 [lmmohic
2070 3716 2171 3744 Avarus
2182 3713 2346 3744 substantive
2356 3724 2406 3751 po-

1301 3759 1380 3788 situm
1393 3759 1446 3791 est,
1469 3765 1523 3793 quo
1535 3755 1574 3784 nil
1587 3755 1773 3791 frequentius,
1795 3749 1815 3784 a*
1830 3753 1901 3790 Vigil
1921 3763 1985 3782 vero
1998 3754 2139 3790 adjectum
2150 3753 2195 3784 est.
2220 3753 2293 3782 cons.
2314 3753 2339 3780 in
2353 3763 2369 3780 o
2382 3762 2405 3780 i-

1300 3807 1318 3826 ν
1329 3806 1371 3825 as.
1439 3794 1504 3822 Hor.
1522 3803 1545 3821 i.
1564 3793 1725 3830 Epist.2.56.
1827 3791 1942 3829 Semper
1951 3801 2046 3820 avarus
2057 3797 2127 3827 eget.

1244 3835 1345 3865 Avas
1357 3843 1388 3866 s,
1417 3831 1482 3860 Adv.
1512 3828 1708 3865 [Φιλαςγᾶεαε]
1737 3829 1894 3858 Tenaciter.
1943 3829 2003 3858 Cic.
2017 3838 2041 3864 ζ.
2064 3828 2120 3858 Ol’r'.
2135 3837 2178 3865 37.
2208 3827 2287 3857 Niliil
2308 3834 2403 3856 tumen

1281 3880 1361 3901 avare
1371 3891 1377 3902 ,
1391 3868 1461 3897 nihil
1472 3867 1571 3901 iniuste
1581 3889 1588 3901 ,
1607 3866 1676 3896 nihil
1689 3866 1836 3895 libidinose
1848 3889 1856 3901 ,
1871 3866 1941 3895 niliil
1951 3866 2159 3895 incontinenter
2168 3864 2221 3894 esse
2232 3866 2402 3894 faciendum.

1282 3907 1386 3938 Acerbe
1397 3914 1478 3942 atque
1491 3915 1570 3934 avare
1584 3905 1728 3942 imperare.
1752 3904 1810 3934 Liv.
1824 3914 1849 3941 3.
1867 3904 1935 3933 Bell.
1950 3905 2016 3933 Pun.

1282 3946 1401 3975 Avarius.
1420 3944 1549 3980 Compar.
1596 3942 1732 3971 Columel.
1745 3943 1793 3971 lib.
1814 3953 1835 3972 i.
1850 3952 1910 3979 cap.
1924 3952 1948 3979 7.
1982 3941 2107 3971 Comiter
2120 3947 2181 3974 auat
2198 3949 2261 3981 cum
2274 3939 2381 3975 colonis
2395 3961 2404 3974 ,

1298 3982 1467 4018 facilemque
1474 3980 1501 4011 se
1513 3980 1635 4019 praebeat
1648 3990 1656 4016 ;
1678 3981 1822 4048 &afflig
1835 3990 1906 4017 opus
1921 3981 2031 4017 exigat,
2054 3989 2136 4016 quani
2149 3980 2304 4042 penlionelp.
2386 4015 2398 4022 q

1829 4027 1846 4047 0
1869 4027 1881 4054 3
2305 4024 2320 4041 v
2332 4023 2351 4042 A
2362 4024 2376 4042 R
2386 4024 2409 4042 1-
