2604 4222
220 137 289 171 304
676 123 699 157 A
796 119 828 154 U
908 117 940 152 G

255 208 340 246 Sequi
350 207 540 237 auctoritatem
551 201 903 240 alicujus.Cic.proClnent.
913 195 1032 233 moligio
1044 193 1146 224 veroin
1162 193 1211 222 isto
1225 199 1325 229 genere
1333 189 1365 218 li-

275 246 384 275 bentius
395 255 457 274 cnm
470 244 619 274 multorum
632 264 639 275 ‚
660 247 718 270 tum
733 239 854 269 hominis
871 233 1085 273 eloquentissimi
1099 234 1124 262 Sc
1136 229 1323 268 sapientissimi
1334 226 1364 257 L.

276 284 359 313 Crassi
368 283 557 312 auctoritatem
568 280 671 316 sequor.

256 322 400 358 Super-avit
410 320 599 349 auctoritatem
610 314 789 346 consuetudo.
812 311 930 349 Quintil.
946 309 992 338 lib.
1010 319 1032 337 1.
1044 316 1104 345 cap.
1119 317 1143 342 5.

256 358 399 396 Suscipere
410 356 608 387 auctoritatem.
631 354 687 382 Cic.
701 362 723 381 1.
744 351 825 380 Acad.
849 360 888 384 ¹9-

256 394 366 426 Tenere
378 395 569 424 anctoritatem
584 393 611 420 in
622 391 749 427 aliquem.
790 387 848 416 Cic.
861 387 895 414 de
905 385 1012 414 Senect.
1029 390 1072 420 37.
1101 381 1230 411 Tenebat
1240 388 1298 407 non
1309 386 1369 407 mo-

276 435 312 463 dn
321 434 512 463 auctoritatem
524 452 531 465 ,
552 429 598 458 sed
608 430 689 457 etiam
700 426 846 463 imperium
857 425 885 452 in
896 422 967 451 snos.

257 472 403 502 Tribnere.
443 469 500 498 Cic.
517 478 538 496 i.
551 468 585 495 de
597 466 687 495 Divin.
700 475 722 498 ς.
745 464 895 500 Quumque
906 460 971 489 huic
980 459 1017 488 rei
1028 467 1157 495 magnam
1166 454 1368 488 anctoritatem,

277 509 440 546 Pythagoras
450 508 504 542 jam
519 510 581 533 ante
592 501 733 532 tribuisset.

257 546 393 577 Tribuere
403 542 564 573 defensioni.
606 540 663 569 Cic.
676 549 725 576 pro
741 537 807 574 Syll.
823 546 866 565 io.
895 535 956 564 Hoc
967 538 1057 563 totum
1069 531 1205 567 ejusmodi
1217 530 1269 563 est.
1290 527 1369 564 Jndi-

277 594 323 613 ces
334 606 342 618 7
363 589 393 611 ut
407 582 423 610 si
432 591 483 618 ego
498 580 544 608 sim
554 577 711 607 inconstans
722 585 753 605 ac
764 575 832 605 levis
843 595 851 610 a
873 582 926 602 nec
936 572 1021 601 fidem
1031 570 1115 600 tribui
1127 568 1298 600 convenerit,
1316 574 1369 594 nec

276 620 427 650 defensioni
437 617 633 647 anctoritatem.

257 659 352 688 Valere
362 656 532 686 auctoritate.
571 653 630 682 Cic.
644 652 737 687 Anteq.
755 650 809 678 iret
819 649 848 678 in
863 648 928 677 exii.
939 657 964 684 7.
1000 646 1070 680 Vos,
1091 644 1193 678 credo,
1214 640 1369 672 retinebitis

275 696 389 726 vestram
397 694 551 722 libertatem
562 713 569 725 ‚
583 691 629 727 qni
640 698 730 725 neque
742 692 818 716 tanta
829 686 924 716 valetis
935 684 1107 717 auctoritate,
1126 691 1217 718 neque
1228 686 1370 710 tantorum

276 733 431 762 officiorum
441 728 592 767 impensam
602 727 692 763 egistis
701 727 728 754 in
738 725 854 762 patriam
862 725 876 752 ἵ)

257 770 336 800 Valet
360 770 444 798 etiam
465 768 519 796 sine
538 766 643 794 ratione
665 763 822 793 auctoritas.
863 761 921 791 Cic.
942 771 963 790 r.
983 760 1017 789 de
1031 759 1095 788 Nat.
1117 757 1199 787 Deor.
1219 766 1260 784 10.
1297 753 1371 783 Tari-

275 814 334 837 tum
355 807 452 844 opinio
476 804 654 843 praejudicata
670 807 801 840 poterat,
840 805 871 830 ut
896 800 982 829 etiam
997 798 1053 827 sine
1072 796 1177 825 ratione
1200 793 1303 823 valeret
1325 800 1373 819 au-

276 844 394 874 ctoritas.

255 882 334 912 Valet
343 880 463 910 multum
476 879 550 918 apud
565 888 609 907 me
621 876 768 910 auctoritas
777 875 846 912 ejus.
886 874 943 903 Cic.
956 884 981 907 o.
1000 873 1051 901 Att.
1064 882 1089 906 9.
1123 869 1226 899 Scribis
1244 867 1372 896 Pednceo

274 929 384 986 quloque
394 918 484 948 nostro
491 917 602 956 probari
614 915 689 952 quod
699 914 816 951 quietim
827 935 835 949 ‚
857 913 935 948 cujus
954 911 1101 940 auctoritas
1111 907 1232 937 multum
1243 904 1316 943 apud
1327 912 1371 932 me

271 967 305 986 va
317 963 353 986 et.

254 995 334 1024 Valet
345 993 495 1032 plurimum
507 991 652 1021 auctoritas
663 991 689 1019 in
700 987 828 1018 consiliis.
850 987 968 1023 Quintil.
980 984 1029 1015 lib.
1045 993 1068 1021 3.
1086 993 1147 1021 cap.
1161 987 1187 1016 8.

254 1031 359 1062 Versari
375 1033 405 1061 iri
418 1030 636 1060 auctoritatibus.
659 1028 717 1057 Cic.
733 1036 754 1055 1.
770 1027 805 1055 de
815 1026 892 1054 Orat.

254 1071 373 1099 Vincere
384 1068 554 1098 auctoritate.
595 1068 653 1095 Cic.
671 1076 692 1094 i.
705 1064 740 1093 de
752 1064 845 1093 Divin.
860 1066 904 1091 62.
939 1060 1112 1090 Carneadem
1127 1064 1191 1094 ergo
1217 1061 1371 1092 antepones

274 1104 419 1138 Platoni&
430 1106 557 1135 Socrati?
576 1106 622 1140 qui
638 1110 668 1133 ut
681 1103 818 1132 rationem
835 1108 892 1129 non
911 1099 1076 1133 redderent,
1097 1095 1259 1125 auctoritate
1276 1101 1370 1122 tamen

274 1147 325 1176 hos
336 1146 458 1174 minutos
469 1142 648 1181 philosophos
659 1142 811 1170 vincerent.

254 1183 331 1213 Vivit
340 1182 407 1212 milii
419 1183 477 1218 ejus
487 1181 639 1210 auctoritas.
678 1178 737 1207 Cic.
751 1187 793 1206 10.
813 1177 867 1205 Art.
880 1186 902 1204 i.
926 1174 990 1210 Ejus
1002 1173 1085 1210 igitur
1097 1171 1167 1200 inihi
1177 1171 1244 1199 vivit
1254 1168 1373 1198 auctori..

274 1228 330 1251 tas:
353 1218 544 1250 &simillimus
554 1218 613 1253 ejus
624 1217 696 1246 filius
707 1215 808 1245 eodem
817 1215 855 1242 est
864 1213 939 1250 apud
952 1222 997 1241 me
1007 1210 1131 1249 pondere
1141 1231 1148 1245 ,
1170 1218 1224 1246 quo
1238 1207 1288 1237 fuit
1304 1206 1348 1235 ille
1360 1214 1367 1234 :

273 1268 356 1296 quem
368 1257 468 1287 salvere
478 1257 561 1285 velini
575 1255 668 1290 iubeas
682 1254 841 1291 plurimum.

254 1294 438 1327 Auctoritates
455 1294 592 1332 publicae⁷
614 1302 663 1330 pro
687 1290 786 1320 Literis
801 1287 938 1326 publicis.
968 1286 985 1315 i.
1003 1295 1026 1315 e.
1049 1285 1165 1321 Scriptis
1182 1281 1370 1312 instrumentis

272 1335 308 1364 ad
325 1332 432 1371 aliquid
446 1332 631 1370 probandum.
671 1329 728 1359 Cic.
739 1338 765 1357 2.
785 1327 857 1355 Verr.
870 1333 895 1362 7.
927 1324 1091 1361 Legationes
1105 1329 1170 1351 cum
1182 1320 1305 1360 publicis
1323 1329 1370 1348 au:⁷

272 1371 446 1402 ctoritatibus
455 1380 487 1399 ac
496 1368 658 1399 testimoniis
670 1363 836 1397 convenisse.
1262 1389 1264 1391 ,

253 1410 427 1445 Auctoritas,
446 1407 552 1445 Opinio
567 1429 575 1442 ,
596 1405 786 1442 &judicium‚
807 1398 1004 1433 &consilium
1028 1399 1054 1427 ἃ
1067 1397 1212 1426 sententia.
1248 1395 1306 1424 Cic.
1318 1403 1368 1432 pro

274 1448 385 1478 Cluent.
402 1457 441 1483 19.
465 1446 498 1475 Et
509 1445 556 1474 illa
565 1443 651 1473 oratio
663 1442 755 1481 potius
766 1440 900 1477 temporis
910 1439 964 1466 mei
976 1459 984 1472 ‚
1006 1445 1088 1473 qnam
1103 1434 1199 1470 judicii
1212 1435 1238 1463 ὃς
1251 1433 1370 1462 auctori..

271 1485 335 1515 tatis
346 1486 406 1515 fuit.
444 1484 522 1514 Idem
533 1492 558 1512 2.
571 1479 686 1519 Philipp.
701 1490 727 1509 2.
758 1481 778 1507 A
788 1478 867 1507 vobis
882 1483 948 1514 peto
960 1497 967 1509 ,
984 1481 1015 1504 ut
1024 1474 1040 1502 si
1052 1473 1127 1510 sequi
1137 1472 1228 1501 minus
1238 1470 1368 1499 videbitis

271 1524 427 1553 orationem
435 1530 543 1556 meam,
563 1525 645 1557 atque
654 1517 849 1549 authoritatem
867 1523 976 1549 meam,
1003 1511 1122 1548 benigne
1141 1519 1186 1539 me
1206 1516 1316 1544 tamen,
1339 1512 1370 1537 nt

270 1562 372 1592 fecistis
385 1583 392 1596 ‚
413 1558 540 1594 audiatis.
1180 1577 1200 1586 -..

252 1598 665 1630 Auctoritatisinstrumentum:
687 1593 738 1622 i.e.
759 1589 937 1620 venditionis
949 1611 956 1623 ‚
978 1587 1054 1625 quod
1064 1586 1131 1615 hinc
1142 1584 1189 1620 fit,
1210 1584 1275 1620 quia
1289 1583 1311 1613 is
1321 1592 1368 1612 au-

273 1637 377 1667 ctorest
387 1636 433 1674 qui
441 1634 574 1665 vendidit.
597 1630 718 1663 Scaevola
734 1631 762 1659 in
774 1630 792 1658 l.
808 1628 914 1657 ultima.
940 1626 972 1655 D.
995 1625 1029 1654 de
1041 1624 1177 1662 pignorat.
1196 1623 1296 1652 action.
1329 1621 1369 1650 Pi-

273 1676 352 1713 gnoti
362 1673 494 1704 creditori
505 1672 600 1701 locum
609 1679 711 1709 purum
725 1667 875 1704 obligavit,
896 1665 977 1701 eique
989 1663 1201 1692 instrumentum
1216 1660 1368 1697 emptionis

270 1713 399 1743 tradidit:
421 1713 446 1741 ἃ
458 1720 543 1748 quum
554 1707 722 1738 eumlocum
733 1703 898 1735 inaedificare
909 1701 1009 1736 vellet,
1030 1706 1106 1729 mota
1121 1699 1168 1728 sibi
1183 1697 1368 1727 controversia

272 1761 288 1780 a
298 1751 392 1780 vicino
402 1749 437 1778 de
450 1747 598 1777 latitudine
607 1768 615 1782 ,
636 1746 718 1783 petiit
731 1754 746 1773 a
759 1742 898 1772 creditore
910 1746 942 1769 ut
953 1739 1166 1768 instrumentum
1174 1735 1342 1765 auctoritatis
1352 1739 1368 1763 a.

271 1788 298 1818 se
308 1788 439 1817 traditum
448 1784 601 1816 exhiberet.
641 1783 764 1820 Quidam
774 1780 887 1810 codices
897 1777 969 1808 male
983 1775 1088 1806 habent
1104 1774 1246 1805 Auctionis
1256 1782 1307 1810 pro
1315 1775 1368 1802 Au-

272 1826 414 1856 ctoritatis.

251 1864 405 1895 Auctoritas
415 1860 585 1892 &sententia
593 1859 719 1895 alicujus.
754 1856 813 1886 Cic.
829 1854 935 1884 1.Fam.
949 1862 974 1889 7.
1012 1851 1106 1887 Quare
1120 1859 1152 1879 ea
1164 1859 1224 1886 quae
1233 1847 1346 1877 scribam
1356 1869 1364 1882 ,

270 1903 306 1932 sic
319 1902 420 1930 habeto
428 1922 436 1935 ‚
458 1908 502 1928 me
511 1908 574 1927 cnm
583 1897 632 1927 illo
642 1906 670 1926 re
680 1893 887 1925 communicata
900 1913 908 1928 ‚
930 1891 965 1920 de
974 1889 1048 1919 illius
1059 1888 1094 1918 ad
1103 1892 1131 1917 te'
1141 1887 1275 1917 sententia
1284 1887 1366 1923 atque

271 1940 432 1969 anctoritate
442 1937 566 1966 scribere.

252 1977 404 2008 Auctoritas
416 1997 424 2010 ‚
445 1984 496 2011 pro
510 1975 643 2008 Auctore,
663 1972 681 2001 i.
702 1980 726 2000 e.
757 1970 796 1999 Eo
811 1968 859 2005 qui
876 1967 982 2004 primus
1000 1972 1138 1994 rumorem
1158 1961 1279 1998 aliquem
1296 1960 1368 1998 spar-

271 2016 311 2045 sit.
352 2014 436 2044 Plaut.
449 2012 527 2042 Trin.
544 2022 566 2041 1.
581 2021 607 2041 2.
629 2016 690 2044 ¹80·
720 2007 807 2045 Quod
823 2007 842 2035 si
857 2005 1014 2042 exquiratur
1024 2002 1106 2039 nsque
1118 2001 1150 2030 ab
1160 2000 1242 2038 stirpe
1251 1999 1369 2028 auctori-

270 2060 326 2086 tas,
345 2054 396 2082 Sec.

252 2090 406 2122 Auctoritas
419 2111 426 2124 ‚
456 2096 506 2125 pro
523 2085 658 2122 Exemplo
670 2107 678 2119 ‚
706 2084 732 2113 δι
750 2081 814 2111 loco
836 2080 890 2110 sive
915 2078 1074 2108 testimonio
1092 2086 1108 2105 e
1125 2074 1301 2113 scriptoribus
1320 2074 1367 2103 de-

271 2129 390 2166 sumpto.
431 2125 489 2155 Cic,
507 2134 530 2153 1.
547 2124 582 2152 de
595 2124 670 2153 Orat.
691 2126 752 2155 180.
798 2119 874 2148 Num
890 2117 993 2147 destitit
1009 2122 1123 2151 uterque
1146 2113 1267 2142 nostrum
1288 2113 1316 2141 in
1335 2121 1368 2140 ea

272 2168 368 2200 causa,
397 2165 426 2194 in
443 2163 650 2193 auctoritatibus
662 2183 669 2195 ,
698 2159 727 2187 iri
750 2157 905 2194 exemplis,
935 2156 964 2183 in
980 2153 1208 2182 testamentorum
1224 2149 1367 2184 formulis,

271 2205 326 2234 hoc
338 2203 376 2232 est
394 2202 422 2231 in
435 2201 529 2230 medio
548 2200 605 2235 jure
618 2197 691 2228 civili
709 2195 827 2225 versari?
848 2191 1064 2223 Auctoritatibus
1075 2212 1082 2225 ,
1104 2197 1154 2227 pro
1168 2189 1246 2218 Locis
1259 2189 1283 2217 Sc
1295 2188 1367 2216 testi-

272 2241 374 2271 moniis
395 2240 467 2269 dixit
486 2238 604 2267 Cicero:
637 2234 737 2273 quibus
759 2232 873 2270 quidem
889 2231 1052 2267 scriptorum
1076 2227 1243 2264 praestantia,
1264 2225 1368 2254 vilitas-

271 2289 320 2314 ve,
341 2278 532 2308 auctoritatem
551 2275 616 2303 dare
635 2283 665 2302 ac
677 2273 799 2301 adimere
809 2269 887 2298 solet.
925 2266 1043 2304 Quintil.
1056 2265 1103 2294 lib.
1118 2275 1140 2298 ς.
1157 2274 1218 2302 cap.
1234 2274 1275 2293 ii.
1304 2263 1366 2298 jam

271 2317 414 2347 sententiis
426 2314 539 2352 quidem
552 2314 695 2350 poetarum
706 2318 764 2338 non
775 2308 913 2336 orationes
927 2305 1010 2334 modo
1022 2304 1082 2332 sunt
1094 2303 1198 2332 refertae
1207 2324 1215 2336 ,
1236 2301 1283 2330 sed
1305 2300 1366 2329 libri

273 2355 359 2384 etiam
367 2351 597 2392 philosophorum
611 2358 617 2379 :
638 2348 684 2386 qui
694 2355 849 2385 quanquam
860 2344 991 2373 inferiora
1002 2342 1096 2371 omnia
1106 2340 1252 2377 praeceptis
1264 2339 1316 2368 snis
1334 2348 1366 2367 ao

271 2393 358 2423 literis
369 2391 501 2425 credunt,
522 2394 647 2426 repetere
658 2393 751 2415 tamen
762 2383 953 2413 auctoritatem
967 2391 982 2410 a
1000 2379 1128 2418 plurimis
1136 2378 1255 2407 versibus
1265 2384 1321 2406 non
1331 2376 1368 2405 fa-

273 2431 425 2460 stidierunt.

251 2468 405 2500 Auctoritas
416 2488 423 2502 ‚
444 2474 493 2502 pro
504 2462 678 2493 Testimonio
686 2460 848 2490 authentico
861 2480 868 2493 ,
890 2455 1108 2494 probationeque
1116 2452 1285 2482 authentica.
1307 2451 1365 2480 Cic.

274 2516 324 2544 pro
336 2500 406 2534 Coel.
443 2502 498 2532 Sed
505 2511 553 2531 cnr
565 2500 668 2529 diutius
676 2507 724 2527 vos
734 2497 847 2533 Judjces
857 2518 864 2531 ,
885 2503 970 2524 teneo
983 2494 996 2521 ?
1018 2492 1103 2530 ipsius
1113 2491 1195 2528 jurati
1203 2491 1369 2528 religionem

272 2544 519 2577 auctoritatemque
531 2537 676 2577 percipite.

253 2581 323 2611 Usus
334 2582 359 2610 St
370 2579 525 2609 auctoritas.
566 2576 624 2605 Cic.
636 2583 687 2613 pro
700 2572 802 2602 Caecin.
818 2581 860 2606 54.
882 2569 938 2598 Lex
948 2567 1025 2597 usum
1040 2569 1067 2597 ἃ
1081 2566 1273 2596 auctoritatem
1288 2564 1369 2593 fundi

273 2617 410 2656 jiibet'esse
421 2615 584 2646 biennium:
605 2620 633 2642 at
642 2612 746 2641 utimur
756 2607 968 2644 eodemjurein
979 2605 1083 2635 aedibus
1103 2614 1163 2641 quae
1183 2604 1213 2632 in
1229 2603 1291 2639 lege
1311 2612 1369 2631 non

272 2655 455 2693 appellantur.
477 2653 495 2682 i.
508 2662 532 2681 e.
554 2651 595 2680 De
610 2650 709 2688 quibus
728 2648 773 2678 lex
792 2647 857 2676 silet.
900 2645 983 2674 Usum
1005 2645 1030 2673 &
1049 2642 1241 2672 auctoritatem
1260 2640 1371 2669 vocavit

273 2692 458 2731 Usucapiendi
483 2689 694 2722 conditionem,
722 2695 782 2723 quae
800 2684 869 2713 olim
887 2689 945 2712 erat
967 2681 1072 2710 biennii
1090 2680 1119 2709 in
1137 2679 1218 2709 rebus
1237 2676 1303 2707 soli:
1339 2684 1369 2707 ut

273 2733 370 2762 auctor
385 2730 423 2759 est
438 2728 605 2765 Justinianus
615 2726 644 2754 in
658 2724 780 2754 secundo
790 2722 1010 2752 Institutionum.
1047 2718 1080 2748 Et
1093 2717 1151 2747 Cic.
1166 2717 1196 2746 in
1207 2716 1305 2754 Topic.
1322 2725 1367 2751 23.

274 2770 400 2800 Budaeus.

256 2807 420 2838 Auctoritas.
460 2801 610 2833 Venuleius
626 2803 654 2830 in
672 2799 690 2828 l.
703 2798 753 2828 ult.
777 2797 811 2827 D.
835 2797 871 2825 de
889 2793 1088 2825 Eviffionibus.
1127 2792 1156 2822 Si
1172 2792 1293 2829 aliquam
1310 2799 1369 2820 rem
1389 2793 1392 2800 ’

273 2845 343 2875 mihi
354 2842 516 2876 tradideris,
538 2842 564 2870 δε
574 2840 692 2869 eandem
704 2846 754 2873 pro
769 2834 903 2865 derelicto
915 2832 1054 2867 habuero,
1078 2831 1166 2861 amitti
1178 2830 1370 2860 auctoritatem

275 2883 328 2919 (id
343 2883 398 2916 est,
420 2880 559 2909 actionem
570 2887 620 2915 pro
630 2873 789 2911 evictione)
809 2872 909 2910 placet.

256 2918 430 2951 Auctoritatis
440 2918 508 2954 Jnre.
543 2916 600 2944 Cic.
614 2914 648 2943 de
663 2912 754 2949 Arusp.
770 2910 849 2948 Resp.
862 2920 888 2945 4.
917 2907 1014 2937 Nlultae
1029 2907 1091 2936 sunt
1109 2906 1208 2935 domus
1220 2904 1247 2933 in
1263 2904 1314 2934 hac
1328 2913 1372 2933 ur-

275 2959 310 2987 be
325 2968 348 2987 P.
367 2967 393 2986 o.
417 2962 500 2992 atque
518 2953 591 2983 haud
605 2952 661 2982 scio
677 2959 712 2980 ati
731 2958 804 2987 pene
826 2948 950 2976 cunctae:
983 2946 1043 2981 Jure
1066 2945 1193 2982 optimo,
1214 2942 1261 2972 sed
1277 2950 1372 2971 tamen

275 2997 336 3033 jure
356 2996 479 3033 privato,
499 2992 559 3027 jur'e
579 2988 771 3022 haereditario,
791 2986 850 3022 jure
870 2984 1037 3013 auctoritatis
1051 3005 1058 3017 7
1077 2984 1138 3018 jure
1155 2981 1305 3017 mancipii.
1330 2981 1371 3014 ju-

275 3044 305 3064 re
323 3033 398 3062 nexi.
445 3030 580 3063 Budaeus,
608 3026 778 3058 Auctoritas,
806 3032 911 3052 nomen
928 3021 966 3050 est
982 3030 1069 3050 unum
1094 3029 1129 3049 ex
1149 3020 1182 3048 iis
1203 3028 1262 3056 quae
1283 3018 1373 3046 donii-

276 3071 355 3100 nium
371 3078 461 3100 rerum
481 3067 636 3105 perficiunt.
676 3062 749 3094 Illud
766 3060 927 3094 Ciceronis,
947 3058 1013 3094 ,Jure
1030 3057 1218 3091 auctoritatis,
1241 3055 1373 3093 significat

277 3109 343 3145 Jure
361 3105 552 3144 usucapionis,
578 3112 659 3141 quam
673 3099 908 3137 praescriptionem
922 3102 1038 3130 vocant,
1067 3095 1176 3133 quaesito
1191 3094 1226 3123 ab
1242 3095 1353 3122 auctore
1366 3112 1374 3125 ,

276 3147 355 3183 cnjus
375 3144 482 3210 cauqam
496 3142 633 3179 sequitur,
662 3140 709 3177 qui
727 3137 761 3166 ab
786 3146 821 3166 eo
836 3145 896 3165 rem
919 3133 1040 3172 quaefivit
1063 3133 1160 3171 quovis
1181 3132 1267 3161 modo
1284 3131 1374 3168 legin.

277 3192 324 3214 mo
342 3186 367 3213 St
381 3182 433 3213 civi
448 3182 464 3210 i.

223 3223 420 3255 Auen-nio,
451 3217 584 3255 [οὶκειᾰω]
616 3219 671 3246 are.
710 3214 830 3250 Accepta
859 3209 989 3239 mercede
1014 3216 1126 3247 operam
1143 3207 1219 3236 suam
1244 3206 1374 3236 vendere.

261 3259 372 3288 Dictum
385 3258 423 3288 est
436 3256 563 3294 inprimis
580 3254 614 3284 de
630 3250 848 3283 Gladiatoribus,
869 3248 915 3286 qui
933 3247 1023 3285 pretio
1039 3246 1065 3276 se
1083 3247 1112 3274 in
1129 3245 1227 3274 ludum
1242 3243 1375 3281 gladiato.

262 3297 334 3325 rium
355 3294 531 3325 addicebant.
571 3292 646 3322 conf.
663 3288 786 3320 Turneb.
806 3285 913 3317 Advers.
938 3294 964 3314 2.
985 3295 1030 3314 20.
1051 3284 1180 3313 Torrent.
1201 3283 1235 3311 ad
1256 3282 1319 3311 Hor.
1347 3291 1373 3310 2.

263 3334 348 3363 Serm.
369 3342 393 3369 7.
416 3343 457 3368 59·
497 3333 518 3362 A
539 3327 743 3360 Gladiatoribus
758 3324 887 3355 translata
907 3332 962 3352 vox
982 3323 1021 3352 est
1039 3322 1076 3351 ad
1091 3320 1168 3350 alios.
1190 3326 1221 3349 ut
1239 3318 1374 3354 Sicarios,

263 3371 420 3401 Proditores
440 3372 491 3400 Sto.
531 3369 577 3398 Sic
595 3367 650 3397 Liv.
662 3375 702 3404 37.
720 3375 762 3394 ιο.
785 3363 824 3392 Eo
841 3362 956 3400 pignore
975 3359 1052 3389 velut
1071 3360 1243 3388 auctoratum
1262 3357 1309 3385 sibi
1321 3356 1374 3385 esse

263 3408 434 3446 proditorem
460 3414 540 3436 ratus.
582 3405 655 3435 Hinc
680 3404 764 3433 etiam
794 3399 931 3430 Auctorati
961 3397 1083 3432 milites,
1116 3396 1177 3426 ffire
1199 3395 1375 3432 stipendiario

265 3444 403 3479 obstricti,
426 3454 457 3474 ac
473 3445 527 3480 jam
543 3453 600 3472 non
619 3443 658 3472 sui
679 3440 795 3471 arbitrii:
827 3437 953 3468 Budaeus.
990 3435 1058 3464 Plin.
1076 3433 1123 3463 lib.
1139 3443 1182 3468 ¹4·
1208 3442 1267 3469 cap.
1287 3442 1309 3461 1.
1339 3432 1375 3461 de

264 3482 366 3511 vitibus
386 3481 517 3519 loquens,
543 3482 573 3511 ln
592 3480 735 3518 Campano
751 3486 815 3515 agro
832 3473 944 3513 populis
964 3472 1089 3502 nubunt:
1120 3471 1284 3506 maritasque
1301 3479 1377 3499 com.

265 3518 373 3585 piam,
404 3526 485 3556 atque
506 3529 554 3556 per
575 3528 664 3547 ramos
684 3524 778 3546 earum
802 3511 966 3552 procacibus
985 3510 1102 3540 brachiis
1120 3507 1278 3546 geniculato
1298 3507 1377 3536 cursu

278 3557 443 3591 candentes,
464 3556 609 3585 cacumina
625 3560 750 3592 aequant,
771 3553 800 3581 in
820 3558 929 3580 tantum
949 3547 1077 3578 sublimes
1089 3552 1120 3576 ut
1136 3545 1377 3575 vlndemiatorziu-

267 3595 386 3637 ctoratns
412 3603 509 3630 rogum
529 3603 560 3622 ac
581 3593 717 3622 tumulum
743 3590 873 3627 excipiat.
923 3587 1017 3623 Quem
1034 3585 1129 3615 locum
1146 3584 1182 3613 sic
1197 3582 1315 3620 exponit
1332 3582 1379 3612 Sa.

266 3630 382 3674 bellicus
398 3632 426 3660 in
443 3630 689 3660 Annotationibus:
726 3628 757 3659 Id
776 3627 840 3657 sane
863 3626 956 3655 dicere
970 3623 1075 3659 voluit,
1106 3628 1137 3652 ut
1154 3622 1176 3650 is
1194 3622 1240 3657 qui
1263 3620 1298 3649 ad
1316 3629 1377 3649 eain

265 3668 433 3697 vindemiam
453 3668 640 3701 conducatur,
662 3674 759 3705 praeter
774 3665 901 3694 diurnam
924 3661 1082 3692 mercedem
1096 3681 1104 3695 ,
1136 3664 1234 3695 rogum
1251 3658 1332 3687 etiam
1351 3658 1378 3686 &

266 3704 405 3749 tumulum
423 3706 562 3741 excipiat,
584 3704 654 3742 quasi
679 3704 771 3738 dicat,
802 3703 831 3732 Si
849 3711 865 3731 e
883 3708 939 3731 tam
962 3698 1098 3729 eminenti
1118 3696 1213 3726 arbore
1226 3694 1315 3733 lapsus
1331 3704 1379 3723 ex-

266 3747 453 3778 tingueretur,
482 3743 504 3771 is
521 3743 565 3771 cui
584 3742 674 3771 locata
694 3749 751 3770 erat
770 3749 870 3777 opera,
900 3738 958 3775 rogi
977 3747 1009 3766 ac
1025 3736 1129 3766 funeris
1144 3732 1311 3772 persolveret
1328 3732 1378 3760 im-

289 3779 403 3845 engam:
444 3785 490 3808 aut
516 3785 589 3808 certe
619 3779 701 3808 'funus
725 3780 751 3808 δι
774 3787 872 3814 rogum
896 3782 1006 3805 mortuo
1032 3772 1245 3812 repraesentaret.
1288 3769 1318 3799 V.
1351 3771 1378 3799 δι

296 3827 323 3846 ar
347 3839 353 3845 .

267 3856 415 3897 Auctorare
431 3851 479 3896 sibi
495 3858 611 3882 mortem
629 3854 679 3882 Sec.
720 3851 820 3881 Patere.
832 3861 858 3880 2.
874 3859 918 3886 30.
936 3849 1010 3879 Tum
1024 3847 1063 3878 M.
1086 3848 1223 3886 Perperna
1235 3843 1377 3875 Praetorius

287 3892 437 3934 Sertorium
461 3896 532 3932 inter
554 3899 663 3918 coenam
686 3888 969 3918 Etoscae·interemit‚
1009 3887 1197 3923 Romanisque
1216 3888 1318 3913 certam
1338 3881 1378 3910 vi-

287 3930 423 3964 ctoriam,
442 3927 565 3965 partibus
582 3926 636 3956 suis
653 3927 813 3961 excidium,
833 3925 883 3955 sibi
902 3923 1085 3962 turpissimam
1102 3928 1240 3957 mortem,
1260 3919 1377 3958 pessimo

1851 102 2239 144 auc,
2548 0 2579 129 i

1476 185 1629 229 auctoravit
1639 185 1767 214 facinore.
1792 185 1809 214 i.
1823 195 1846 214 e.
1870 184 1990 214 Mortem
2001 184 2087 214 veluti
2101 183 2259 213 mercedem
2270 181 2318 211 sibi
2329 180 2468 219 qnaesivit‚
2492 182 2563 211 &ar—

1477 225 1582 252 cellivit
1593 231 1621 252 ut
1631 224 1762 252 debitam.
1802 223 1925 252 aniieb.
2447 224 2453 228 '

1460 261 1601 303 Auctorari
1613 283 1620 295 ‚
1648 261 1747 297 passive
1763 283 1770 295 .
1793 261 1937 290 Auctorem
1949 260 2004 288 fieri
2018 281 2024 289 .
2046 260 2291 295 auctoritatemque
2304 257 2377 286 suam
2393 257 2562 293 interponere

1478 298 1616 335 signifieat.
1639 298 1733 335 Pomp.
1747 299 1774 326 in
1785 297 1801 327 l.
1814 310 1838 333 4.
1858 298 1889 328 D.
1903 298 1936 326 de
1951 299 2053 326 auctor.
2071 304 2152 325 tutor.
2414 322 2416 325 .
2575 305 2578 314 ¹

1423 337 1444 366 A
1454 346 1499 379 ¹³9
1514 346 1526 364 r
1537 340 1552 364 ὃ
1565 346 1577 363 i⁷.
1587 346 1603 364 o
1614 346 1629 363 R
1639 357 1646 368 .
1668 337 1715 363 ari.
1737 336 1800 372 dep.
1833 335 1908 374 Apul.
1923 346 1945 370 9.
1963 335 2031 364 lllet.
2064 334 2165 363 Mulier
2174 333 2330 362 execrando
2340 328 2451 360 metallo
2463 328 2577 368 pudici-2

1459 381 1526 402 tiam
1541 373 1614 402 suam
1624 374 1761 402 auctorata
1769 373 1814 402 est.

1425 413 1444 441 A
1456 422 1473 439 u
1483 421 1499 439 c
1509 421 1552 454 ’ro
1563 421 1577 439 R
1587 415 1603 439 Ᾰ
1616 421 1634 438 Τ
1645 421 1662 438 u
1672 420 1683 439 s
1695 433 1703 443 ,
1725 407 1948 446 [Quidnam-&2
1969 410 1985 438 i.
2001 419 2023 437 e.
2056 418 2087 437 ut
2108 410 2206 438 Servus
2222 413 2270 436 aut
2287 406 2420 440 gladiator
2441 395 2579 436 auctione'v

1462 449 1599 477 venditus.
1642 449 1800 478 Auctoratus
1821 448 1882 479 (ait
1902 448 2009 479 Acron)
2040 447 2189 479 Addictus,
2219 446 2427 473 condemnatus.
2470 443 2524 480 Qui
2542 431 2579 484 se}

1462 485 1663 529 venduntludo
1675 486 1810 514 Auctorati
1822 486 1960 514 dicuntur.
2003 485 2157 515 Auctoratio
2175 483 2251 512 enim
2261 482 2360 511 dicitur
2371 480 2501 510 Venditio·
2516 481 2566 519 gla-
2590 453 2604 521 ᾖ

1462 524 1608 552 diacorum.
1632 523 1697 551 Hor.
1711 533 1736 552 2.
1751 523 1836 552 Serm.
1853 532 1878 560 7.
1895 532 1938 558 59.
2572 488 2604 559 iit!

1426 562 1475 597 Aru
1486 570 1502 589 c
1511 571 1531 604 r
1541 571 1557 589 o
1567 571 1582 588 R
1592 571 1609 588 Α
1618 571 1638 602 ²1¹
1651 570 1663 588 t
1675 570 1693 588 N
1704 570 1723 588 *r
1733 571 1751 589 u
1761 572 1780 589 si
1792 583 1798 592 .
1820 561 1837 589 i.
1855 571 1881 589 n.
1904 559 2066 595 [zizeiwpwc]
2087 557 2263 595 Stipendium
2278 556 2418 593 quoddam
2432 578 2438 590 .
2465 557 2490 585 &
2518 556 2568 587 uafi
2587 551 2604 592 :i

1463 598 1581 644 Pretium
1592 597 1731 640 cuiusdam
1743 598 1848 627 militiae
1858 607 2014 635 acpugnae.
2029 597 2218 633 actionisque:
2241 602 2270 624 ut
2283 594 2400 631 Quintil.
2415 595 2443 622 in
2454 593 2502 623 Gla
2523 595 2566 626 iat.
2586 596 2604 632 ξ’

1462 636 1523 665 hec
1535 635 1677 669 difficilem
1690 635 1751 678 sane
1765 658 1772 671 ‚
1794 635 1841 664 sub
1859 635 1907 664 ilio
1923 635 2069 672 praesertim
2084 635 2290 663 auctoramento
2301 655 2308 663 .
2329 631 2462 661 habuisset
2472 632 2568 662 missio.

1462 683 1544 716 neni:
1559 673 1614 716 *sed
1627 672 1717 701 noluit
1726 673 1859 710 gladiator
1868 674 1967 701 rivere.
2010 672 2066 700 Cic.
2085 683 2105 701 i.
2127 670 2184 700 Off.
2203 681 2263 705 150·
2286 669 2435 700 Illiberales
2444 671 2593 700 autem-&m

1462 711 1565 740 sordidi
1579 710 1694 746 quaestus
1707 712 1938 740 mercenariorum
1951 711 2094 743 omnium.
2116 713 2235 746 quorum
2255 718 2344 745 operae
2356 730 2363 742 ‚
2384 717 2440 736 nori
2456 717 2568 743 qnorum
2585 719 2604 747 ,η

1463 755 1533 778 artes
1548 755 1686 791 emuntur.
1709 749 1746 777 est
1760 749 1875 778 enimin
1888 747 1940 777 iliis
1956 747 2012 785 ipsa
2031 756 2137 776 merces
2147 769 2156 782 ‚
2176 748 2415 776 auctoramentum
2429 744 2567 776 servitutis.

1463 785 1540 815 Valla
1553 785 1599 815 lib.
1612 797 1638 821 4.
1650 786 1763 815 Sueton.
1776 786 1868 815 Tiber.
1881 796 1940 823 cap.
1953 794 1979 822 7.
2002 785 2139 814 Riidiariis
2148 794 2258 821 quoque
2268 783 2431 821 quibusdam
2441 784 2568 814 revocatis

1463 825 1672 853 auctoramento
1682 830 1794 852 centum
1802 823 1930 853 millium.
1971 823 2001 851 V.
2033 822 2115 851 Vossii
2127 820 2246 857 Etymol.
2511 848 2521 852 ,
2576 813 2577 817 ¹

1463 862 1484 892 F
1487 861 1590 904 un'ebre
1612 863 1856 905 auctoramentum.
1894 862 1997 890 Patere.
2019 870 2044 889 2.
2063 864 2107 889 66.
2139 861 2166 888 in
2182 860 2222 889 M.
2246 860 2395 888 Antonium
2419 858 2548 888 invehens
2558 880 2568 895 ‚

1482 909 1529 943 qui
1541 909 1684 942 praemium
1693 909 1719 928 ei
1730 898 1909 936 proposuerat
1919 921 1925 933 ,
1947 899 1993 934 qui
2005 899 2040 926 ad
2055 897 2081 926 se
2092 905 2174 935 caput
2185 898 2328 927 Ciceronis
2339 896 2463 926 afferret:
2485 895 2567 933 Nihil,

1480 944 1586 980 inquit²
1610 937 1704 980 egisti⁷
1727 937 1766 966 M.
1782 937 1901 971 Antoni;
1937 935 2023 972 nihil,
2046 936 2178 972 inquam,
2198 935 2273 973 egisti
2289 957 2297 970 ‚
2318 934 2474 963 mercedem
2491 932 2582 965 coele-.

1481 975 1649 1017 stlffiml'oris
1662 976 1687 1003 ἃ
1706 972 1843 1004 clarissimi
1863 974 1960 1012 capitis
1979 973 2083 1002 abscissi
2103 973 2294 1007 numerando⁷
2315 973 2567 1008 auctoramentoque

1480 1012 1590 1042 funebri
1601 1012 1636 1041 ad
1656 1012 1852 1042 conservatoris
1873 1012 2016 1049 quondam
2027 1011 2146 1049 Reipub.
2167 1012 2292 1048 tantique
2307 1009 2433 1040 Consulis
2443 1006 2567 1042 irritando

1483 1059 1590 1079 necem.
1631 1051 1645 1085 [
1661 1053 1700 1078 An
1711 1049 1837 1079 Foenebri
1848 1050 1862 1079 i>

1464 1088 1637 1131 Constituere
1649 1089 1896 1131 auctoramentum.
1938 1086 2039 1116 Patere.
2052 1085 2099 1115 lib.
2113 1095 2138 1116 2.
2151 1091 2196 1119 28.
2217 1085 2290 1124 Sylla
2300 1085 2405 1124 primus
2415 1079 2566 1122 exemplum
2579 1093 2583 1101 ¹

1482 1125 1690 1169 proscriptionis
1707 1132 1814 1154 invenit
1824 1148 1832 1159 ‚
1853 1132 1884 1154 ut
1899 1125 1928 1154 in
1950 1135 2001 1162 qua
2015 1124 2128 1153 civitate
2145 1124 2295 1161 petulantis
2309 1122 2427 1152 convicii
2438 1122 2566 1158 judicium

1482 1164 1606 1193 histrioni
1620 1159 1732 1192 exoleto
1745 1164 1870 1192 redditur
1880 1185 1887 1198 ,
1909 1163 1938 1191 in
1951 1172 1982 1191 ea
1993 1162 2108 1199 jugulati
2124 1162 2191 1191 civis
2209 1162 2288 1200 Reip.
2307 1161 2514 1190 constitueretur
2526 1170 2565 1191 au.

1482 1204 1685 1244 <tetamentum
1696 1223 1703 1237 ‚
1724 1200 1930 1239 plurimumque
1939 1201 2051 1229 haberet
2063 1201 2109 1236 qui
2121 1199 2253 1237 plurimos
2269 1197 2461 1228 interemisset:
2483 1208 2565 1236 neque

1483 1239 1563 1268 occisi
1580 1238 1681 1281 hostis·⁷
1703 1248 1783 1276 qnam
1805 1239 1872 1268 civis
1893 1239 2004 1267 uberius
2023 1238 2096 1267 foret
2116 1239 2278 1275 praemium,
2304 1237 2436 1272 fieretque
2457 1236 2564 1273 quisque

1468 1286 1586 1307 „merces
1596 1284 1690 1305 mortis
1700 1277 1759 1306 suae.
1773 1276 1952 1306 probabiliter
1964 1276 2098 1305 Puteanus
2108 1273 2261 1313 legit‚Civis
2270 1275 2388 1305 Romani
2399 1269 2509 1312 publice
2517 1275 2564 1312 &p-

1425 1316 1445 1345 Α
1455 1325 1473 1344 U
1482 1325 1498 1343 c
1507 1324 1525 1343 *r
1535 1326 1544 1342 1
1553 1325 1567 1343 ir
1578 1325 1586 1342 i
1596 1324 1635 1343 co
1648 1336 1655 1349 ⁷
1677 1318 1731 1343 are.
1746 1315 1853 1358 Arnob.
1878 1313 2021 1343 [ludificat
2032 1314 2188 1351 dignitates.
2543 1338 2546 1340 .

1425 1354 1445 1383 A
1456 1364 1473 1381 u
1484 1363 1500 1381 c
1510 1362 1528 1381 T
1538 1363 1547 1380 r
1558 1361 1639 1395 sicu
1649 1362 1680 1396 s„
1698 1352 1759 1395 Adi.
1795 1350 1965 1389 [αὐξηπιρς]
2001 1358 2030 1380 ut
2040 1373 2047 1385 .
2071 1352 2165 1381 Motus
2185 1351 2343 1387 auctisicus,
2367 1350 2564 1380 lucrementum

1465 1399 1587 1428 corporis
1597 1390 1757 1426 quotidiana
1769 1390 1917 1419 humorum
1927 1389 2087 1419 accessione.
2111 1389 2216 1419 Lucret.
2231 1399 2256 1419 2.
2273 1399 2333 1425 571.

1545 1428 1604 1456 Nec
1619 1438 1701 1465 porro
1711 1437 1802 1457 rerum
1813 1427 1945 1465 genitales
1956 1449 1964 1462 ‚
1985 1427 2160 1465 auctificique
2568 1420 2574 1455 i

1432 1500 1435 1502 .
1543 1465 1639 1495 Motus
1655 1473 1789 1503 perpetuo
1806 1465 1918 1503 possunt
1936 1465 2039 1494 servare
2059 1472 2156 1495 creata.

1426 1503 1499 1533 Auo
1510 1514 1540 1532 ir
1551 1513 1559 1531 ι
1569 1513 1611 1532 co
1624 1525 1639 1550 ,ν
1652 1507 1706 1547 are.
1729 1503 1846 1546 ldemlac
1861 1505 1974 1540 Augere.
1998 1503 2103 1533 Ennius
2114 1502 2188 1541 apud
2203 1502 2276 1532 Non.
2289 1512 2315 1532 2.
2327 1506 2372 1532 61.

1426 1543 1445 1571 A
1456 1552 1533 1616 1siff}
1544 1551 1610 1614 1³22&
1629 1551 1690 1571 inis.
1713 1551 1740 1571 n.
1763 1541 1910 1578 [εαΐξημρο]
1933 1541 2011 1570 idem
2022 1542 2096 1579 quod
2109 1539 2423 1571 Auctussnbllantivum.
2461 1536 2562 1570 Lueret.
2575 1549 2581 1568 τ

1553 1655 1558 1660 ι
1616 1633 1654 1637 -
1666 1616 1821 1654 perfectum
1831 1617 1954 1654 corporis
1964 1625 2091 1655 augmen.

1463 1655 1598 1692 Angirnne
1607 1655 1710 1683 donare
1722 1677 1729 1689 ,
1751 1664 1802 1692 pro
1812 1655 1923 1692 Augere.
1948 1653 2052 1684 Lucret.
2067 1654 2113 1684 lib.
2126 1663 2151 1684 2.
2164 1661 2208 1691 72.

1425 1693 1446 1722 A
1455 1703 1471 1737 u
1481 1703 1498 1721 c
1510 1703 1529 1720 M
1540 1702 1554 1721 iz
1563 1702 1582 1720 N
1592 1701 1636 1721 To
1651 1714 1657 1727 ‚
1678 1695 1730 1722 are.
1752 1693 1830 1722 Idem
1843 1692 1918 1729 quod
1928 1695 2038 1729 Augere.
2078 1693 2187 1722 Firmic.
2201 1691 2248 1721 lib.
2263 1701 2286 1727 ς.
2300 1699 2359 1728 cap.
2375 1693 2400 1720 6.
2424 1689 2460 1720 Ut
2470 1687 2560 1719 thesau·

1462 1740 1506 1760 ros
1519 1729 1579 1759 suos
1587 1736 1767 1774 augmentent
1778 1752 1785 1765 2
1807 1730 1912 1768 semper
1925 1732 1953 1759 in
1964 1731 2064 1767 praeliis
2073 1729 2260 1759 versabuntur.

1424 1769 1446 1798 A
1456 1778 1474 1797 υ
1484 1778 1502 1796 c
1511 1779 1531 1796 M
1543 1778 1555 1796 F.
1565 1777 1613 1814 ri'r
1623 1778 1641 1796 u
1652 1779 1670 1796 M
1679 1790 1699 1812 ’.
1711 1779 1727 1796 l.
1742 1779 1768 1796 n.
1792 1767 1918 1797 Proderit.
1940 1768 2062 1797 Honoris
2079 1774 2259 1805 angmentum
2272 1767 2322 1796 tui.
2365 1765 2500 1802 Frequens
2516 1773 2559 1794 vor

1462 1806 1536 1843 apud
1549 1805 1642 1840 Jctos.
1680 1806 1724 1835 1:st
1735 1808 1760 1835 ἃ
1772 1806 1907 1835 sacrorum
1919 1806 2032 1835 verbum
2043 1828 2050 1840 ,
2075 1806 2142 1835 ficut
2154 1808 2252 1842 Augeo.
2277 1805 2349 1834 Varr.
2360 1814 2386 1839 4.
2400 1804 2435 1832 de
2443 1803 2471 1833 L.
2483 1802 2511 1832 L.
2523 1811 2555 1831 ²2

1462 1845 1646 1911 fiqgmentutm
1661 1844 1713 1880 est,
1732 1845 1807 1881 quod
1823 1853 1857 1873 ex
1869 1844 2011 1874 immolata
2025 1843 2112 1873 hostia
2126 1843 2274 1873 desectum.
2316 1842 2437 1879 Scaliger
2447 1841 2493 1870 hic
2504 1839 2559 1878 legi¹

1486 1888 1606 1918 {gumen
1623 1891 1678 1910 nm.

1424 1920 1446 1948 A
1456 1930 1474 1948 u
1484 1923 1547 1947 cia
1559 1941 1566 1954 ‚
1587 1920 1640 1948 sive
1655 1921 1672 1948 A
1682 1929 1700 1966 ¹,J
1709 1929 1726 1947 c
1735 1922 1750 1948 ἒ
1761 1929 1780 1948 Α
1790 1941 1805 1963 ,ι
1819 1917 1835 1954 s
1848 1919 1936 1951 Αὗγῖια
1947 1916 2113 1956 Stephano]
2135 1918 2245 1948 Nomen
2264 1917 2302 1946 est
2317 1916 2433 1946 duarum
2447 1915 2549 1946 urbium
2574 1929 2578 1940 ι

1461 1965 1575 2000 quarum
1589 1956 1673 1986 altera
1686 1967 1715 1985 in
1728 1956 1843 1986 Locride
1855 1960 1893 1985 est
1905 1979 1913 1991 ‚
1934 1958 2013 1993 cnjus
2022 1956 2050 1985 in
2061 1956 2193 1994 Catalogo
2204 1956 2315 1985 navium
2324 1955 2450 1984 meminit
2459 1954 2557 1984 Homer

1462 1995 1591 2024 Alteram
1606 1994 1732 2024 Laconia.

1425 2033 1500 2076 Auo
1512 2042 1550 2075 lg}
1562 2042 1573 2061 s
1584 2054 1592 2067 ‚
1615 2031 1746 2076 [Abydus]
1766 2032 1810 2062 vel
1828 2033 1930 2069 Angeas
1945 2055 1952 2066 ,
1974 2032 2045 2062 Solis
2056 2032 2170 2061 nomine
2182 2054 2189 2065 ,
2210 2041 2238 2060 re
2257 2035 2348 2060 autem
2369 2029 2425 2068 ipsa
2437 2028 2558 2058 Phorbam

1461 2076 1498 2099 tis
1514 2070 1585 2112 tilius
1602 2079 1635 2099 ex
1650 2070 1783 2114 liyrinine
1807 2069 1909 2105 Nelei,
1932 2070 1976 2099 seu
1999 2071 2052 2106 (ut
2064 2070 2133 2105 alii)
2154 2069 2254 2107 Nyctei
2269 2091 2276 2103 ‚
2299 2075 2346 2098 aut
2364 2068 2470 2104 Epochi
2483 2067 2549 2096 filius

1462 2118 1497 2137 ex
1508 2118 1585 2151 cnjus
1594 2108 1681 2137 oculis
1692 2115 1769 2138 aiunt
1782 2109 1873 2137 radios
1887 2116 2016 2145 tanquam
2029 2108 2127 2137 solares
2143 2107 2276 2136 micuisse.
2315 2107 2368 2136 Hic
2389 2107 2470 2143 igitur
2487 2110 2558 2141 quun

1462 2146 1577 2175 Herculi
1587 2145 1721 2177 stabulum
1733 2146 1809 2175 sunm
1821 2144 1993 2183 purgandum
2004 2145 2172 2179 collocasset,
2185 2146 2257 2181 isque
2267 2155 2321 2173 una
2329 2145 2375 2173 die
2384 2141 2523 2181 purgasset.
2531 2141 2554 2170 dt
2571 2167 2575 2170 ,

1462 2185 1541 2221 pacta
1553 2185 1679 2213 mercede
1692 2184 1881 2221 tergiversatus
1894 2185 2121 2221 estQiiapropter
2132 2183 2340 2221 Phyleusiiugiae
2352 2182 2421 2211 filius
2431 2179 2526 2210 arbiter
2533 2182 2559 2208 al«

1463 2222 1587 2264 sumptus
1598 2243 1609 2264 '.
1628 2221 1779 2262 secundnm
1792 2221 1937 2251 Herculem
1948 2222 2108 2259 pionuntiat
2120 2243 2127 2254 ,
2148 2221 2221 2257 quod
2233 2227 2309 2258 pater
2318 2215 2481 2253 mtrre‘ferens
2492 2217 2555 2247 illun
2571 2236 2574 2250 ,

1463 2266 1563 2295 eJeCit‚
1585 2261 1744 2302 eiectusque
1759 2259 1927 2297 Uulycliium
1941 2261 2023 2288 venit.
2067 2259 2132 2288 Haec
2150 2269 2184 2287 ex
2204 2258 2410 2287 commentariis
2425 2257 2453 2285 in
2473 2252 2540 2285 Hom

1463 2305 1532 2326 runi.
1556 2297 1710 2340 ’Sunt-qni
1723 2298 1843 2327 fabulam
1865 2297 1898 2326 fic
1912 2305 2039 2331 narrent,
2061 2298 2159 2334 Augias
2180 2296 2322 2334 Epirorum
2344 2295 2396 2323 sive
2409 2292 2553 2324 Elidensiun

1464 2344 1511 2364 rex
1524 2335 1589 2377 fuit,
1614 2345 1658 2372 qui
1672 2345 1734 2364 cnm
1747 2336 1835 2364 l‘leleo
1845 2344 1906 2372 rege
1920 2333 2049 2364 Filiorum
2060 2335 2164 2364 bellum
2175 2334 2261 2372 gessit,
2283 2332 2369 2362 multa
2378 2333 2458 2362 etiam
2469 2338 2553 2361 armen

1462 2372 1594 2401 taliabuit
1606 2395 1613 2406 ,
1636 2382 1751 2409 quorum
1762 2373 1863 2402 stabula
1872 2382 1957 2410 quum
1968 2373 2055 2402 inulto
2074 2373 2190 2402 stercore
2208 2371 2293 2400 essent
2309 2371 2391 2409 plena
2404 2393 2411 2405 ‚
2433 2370 2467 2399 ad
2481 2379 2511 2398 ea
2525 2377 2553 2397 va

1462 2411 1571 2477 f(girunda
1583 2410 1727 2440 Herculem
1741 2412 1810 2440 mifit
1821 2411 1992 2448 Eurystheus
2033 2410 2063 2440 V.
2086 2411 2162 2440 Serv.
2175 2410 2209 2439 ad
2221 2415 2246 2444 8.
2262 2410 2323 2440 AEn.
2339 2418 2401 2446 300.
2412 2409 2474 2438 Seri.
2488 2406 2557 2436 Herc<
2574 2401 2577 2408 ⁴

1476 2459 1515 2477 ur.
1531 2457 1594 2484 247.
2573 2438 2575 2445 ¹

1542 2486 1603 2515 Nec
1614 2486 1648 2515 ad
1661 2496 1744 2515 omne
1758 2484 1862 2515 clarum
1871 2485 1978 2515 facinus
1988 2485 2106 2515 audaces
2115 2494 2211 2514 manus

1457 2563 1458 2566 Ἴ
1500 2548 1507 2552 ,.
1541 2524 1647 2553 Stabuli
1657 2524 1760 2562 fugavit
1769 2525 1856 2562 turpis
1874 2524 1964 2560 Augiae
1976 2523 2063 2553 labor.
2566 2535 2567 2538 ¹

1426 2561 1685 2595 fluctuosae,
1710 2563 1968 2591 AucriiiNTun.
2006 2561 2036 2589 V.
2064 2569 2197 2590 AUGEO.
2564 2555 2574 2590 l'

1426 2600 1447 2629 A
1457 2609 1474 2627 υ
1485 2609 1577 2628 011,AE
1587 2622 1594 2634 ,
1616 2601 1631 2641 [
1644 2599 1769 2634 Abyiam]
1791 2599 1885 2628 Africae
1892 2598 1953 2628 sunt
1962 2598 2077 2636 populi,
2100 2597 2244 2635 qninullos
2255 2596 2322 2626 deos
2334 2599 2553 2638 putaveruntprae
2564 2597 2572 2627 ῑ,

1431 2656 1436 2661 -
1463 2642 1505 2666 ter
1518 2637 1711 2666 defunctorum
1724 2647 1817 2666 manes
1831 2659 1838 2670 ‚
1860 2647 1874 2675 a
1884 2637 1982 2674 quibus
1993 2637 2118 2674 responsa
2130 2643 2224 2674 petere
2232 2634 2355 2664 solebant
2364 2658 2372 2670 ‚
2395 2633 2519 2672 sepulcris
2528 2630 2552 2660 in
2564 2625 2565 2631 ¹

1465 2675 1596 2705 cubantes
1609 2697 1616 2711 ‚
1639 2682 1668 2703 ut
1685 2674 1759 2718 Mela
1773 2674 1874 2712 aliique
1886 2676 2076 2712 prodiderunt.
2495 2691 2498 2697 ·
2543 2692 2545 2700 .

1426 2713 1448 2742 A
1458 2723 1502 2755 uo
1512 2724 1521 2741 1
1531 2723 1573 2756 >rii
1583 2723 1594 2741 s
1607 2735 1614 2747 ,
1637 2713 1781 2755 [cusum]
1802 2713 1925 2742 Gemma.
1950 2711 2016 2741 Plin.
2029 2712 2076 2742 lib.
2088 2721 2130 2748 37.
2148 2720 2208 2750 cap.
2222 2721 2263 2740 10.
2286 2708 2398 2747 Angites
2414 2718 2470 2738 non
2480 2705 2563 2741 multi

1467 2750 1518 2779 alia
1527 2751 1699 2780 videturesse
1710 2760 1793 2787 quam
1806 2760 1865 2788 quae
1879 2750 1987 2779 Callais.
2484 2752 2487 2763 ¹
2557 2753 2570 2764 '⁴

1428 2788 1448 2818 Α
1459 2798 1477 2816 U
1488 2798 1505 2816 G
1516 2798 1533 2816 u
1543 2799 1579 2832 .R.'
1605 2789 1670 2818 siris.
1693 2798 1716 2817 c.
1738 2789 1925 2824 [nimandar&
1935 2810 1942 2822 ‚
1964 2787 2139 2821 oimnonziass-e]
2160 2786 2216 2822 Qui
2227 2795 2261 2815 ex
2274 2785 2363 2814 avium
2376 2784 2472 2821 garritu
2482 2772 2553 2811 futur.
2600 2776 2603 2803 Ι

1464 2827 1597 2869 praedicit.
1638 2826 1746 2860 Festus,
1770 2827 1860 2862 Augur
1871 2825 1904 2854 ab
1914 2825 2008 2854 avibus
2019 2847 2026 2859 ‚
2048 2824 2224 2861 gerendoque
2245 2824 2351 2851 dictus:
2374 2823 2435 2858 qnia
2447 2830 2493 2858 per
2504 2823 2573 2848 ena.

1464 2873 1555 2907 avium
1566 2864 1654 2901 gestus
1669 2864 1795 2892 edicitur.
1815 2864 1866 2892 sive
1883 2863 1916 2892 ab
1939 2864 2030 2891 avium
2049 2863 2168 2899 garritu:
2192 2861 2266 2890 unde
2283 2863 2307 2890 ἃ
2326 2860 2479 2895 Augurium.
2499 2851 2572 2893 ,Serij

1464 2900 1696 2944 vium-Solebam
1719 2903 1838 2938 Augures
1859 2901 1926 2930 dum
1949 2899 2129 2934 divinabant,
2149 2900 2186 2928 ita
2201 2908 2296 2935 agere:
2320 2899 2437 2935 primum
2457 2894 2552 2933 designa
2561 2903 2570 2923 A

1465 2938 1532 2968 bant
1543 2938 1611 2968 lituo
1622 2939 1722 2976 spatia,
1745 2941 1769 2968 ἃ
1787 2939 1825 2967 eis
1837 2940 1951 2967 nomina
1965 2939 2067 2966 dabant
2080 2960 2086 2969 .
2110 2944 2139 2966 nt
2156 2937 2245 2974 prima
2267 2946 2328 2973 pars
2349 2936 2483 2964 diceretur
2499 2930 2563 2963 Anti.

1466 2986 1498 3019 qa
1510 2999 1517 3011 ‚
1529 2978 1672 3020 'poste-rior
1686 2977 1797 3011 Postica,
1812 2977 1878 3004 item
1891 2976 1990 3005 Dextra
2007 2978 2032 3005 ἃ
2045 2975 2170 3008 Sinistra,
2193 2981 2273 3011 atquc
2285 2974 2336 3003 ita.
2359 2972 2503 3001 secundum
2513 2963 2552 2998 iffae·

1466 3014 1762 3058 spatiapdivinabant.
1804 3013 1861 3042 Cic.
1879 3023 1918 3047 ¹3·
1939 3013 2054 3050 Philipp.
2073 3023 2113 3042 iz.
2139 3012 2312 3047 Augurium<
2327 3012 2476 3048 iiiterpreS‚
2497 3003 2561 3038 ἂῐΐὶἶ

1465 3060 1628 3082 remurinus.
1662 3050 1690 3081 V.
1713 3051 1803 3080 Rosin.
1816 3051 1929 3080 Ant.Ro
1953 3050 1969 3080 1.
1985 3060 2043 3085 με.
2059 3056 2084 3084 8.
2098 3051 2132 3087 sq.
2146 3053 2170 3080 δε
2184 3049 2248 3080 Lex.
2262 3048 2347 3078 l’itisc.

1468 3090 1499 3120 ln
1510 3090 1606 3120 avibus
1617 3097 1694 3119 erant
1706 3090 1755 3118 tria
1764 3089 1941 3118 divinationis
1955 3098 2068 3124 genera:
2091 3098 2154 3117 nam
2176 3087 2235 3116 alirn
2254 3087 2367 3123 quidem
2387 3083 2475 3114 volatu
2485 3103 2494 3117 ‚
2511 3079 2566 3111 alie.

1487 3128 1668 3157 cantufutura
1680 3126 1881 3165 praedicebant:
1905 3128 1929 3155 ἃ
1945 3127 1997 3155 illie
2018 3127 2128 3162 quidem
2143 3127 2272 3162 l’rz-rpetes
2285 3146 2293 3158 ,
2317 3125 2356 3152 liae
2374 3122 2484 3151 (lscines
2499 3118 2561 3154 dice*

1488 3165 1595 3210 bantur.
1615 3164 1826 3195 erat&tei·tium
1839 3174 1925 3201 genus
1940 3173 1973 3192 cx
1990 3162 2096 3192 illarum
2115 3164 2219 3201 gustatu
2231 3185 2238 3195 .
2260 3171 2344 3198 quum
2365 3157 2445 3194 pullis
2463 3139 2558 3194 gallioni

1487 3213 1544 3233 ceis
1559 3213 1574 3232 e
1589 3213 1672 3233 cavea
1683 3203 1853 3245 depromptis
1861 3200 1921 3230 esca
1933 3202 2124 3238 porrigebatur
2135 3223 2142 3236 ‚
2165 3208 2194 3229 nt
2205 3199 2356 3237 tripudium
2369 3194 2518 3227 solistimum
2529 3193 2552 3221 in
2600 3192 2604 3220 Ι

1489 3242 1523 3270 de
1536 3241 1617 3284 esset,
1638 3241 1828 3279 perniciesque
1839 3239 2055 3276 portendebatur
2067 3261 2074 3274 ,
2097 3239 2210 3268 (iescam
2222 3247 2277 3266 non
2293 3243 2428 3273 cuperent.
2467 3230 2551 3265 nequi
2603 3241 2604 3253 ¹

1487 3278 1538 3308 bus
1548 3279 1641 3322 videto
1651 3276 1737 3307 multa
1748 3276 1877 3314 exempla
1892 3276 1965 3314 apud
1983 3276 2068 3306 Valet.
2082 3276 2157 3306 Max.
2177 3275 2233 3305 Cic.
2245 3280 2269 3303 6.
2288 3275 2360 3303 sam.
2374 3277 2398 3302 6.
2422 3271 2481 3301 Non
2491 3268 2549 3306 initu
2564 3289 2567 3292 <

1487 3326 1522 3345 ex
1533 3317 1603 3345 alitis
1619 3315 1756 3348 involatu.
1778 3324 1830 3344 nec
1840 3324 1874 3343 ex
1889 3321 1971 3343 cantu
1984 3314 2085 3352 finistro
2105 3313 2204 3342 oscinis
2217 3335 2224 3346 ‚
2245 3320 2275 3341 ut
2287 3312 2314 3340 in
2332 3311 2419 3340 nostra
2433 3307 2494 3338 disci
2525 3305 2530 3311 “

1489 3354 1527 3383 est
1537 3376 1543 3385 .
1568 3363 1619 3383 nec
1630 3364 1662 3383 ex
1674 3353 1802 3390 tripudiis
1810 3352 1943 3381 solistimis
1956 3374 1962 3386 ,
1984 3359 2030 3381 aut
2044 3351 2153 3381 soniviis
2163 3351 2214 3380 tibi
2226 3358 2353 3384 auguror.
2552 3358 2556 3372 i

1470 3391 1568 3429 Apollo
1579 3402 1672 3425 augur.
1695 3391 1760 3420 Hor.
1775 3400 1796 3419 i.
1813 3389 1901 3418 Carm.
1915 3399 1940 3418 2.
1957 3396 1998 3423 32.
2262 3380 2272 3387 ⁸
2552 3378 2555 3385 ⁴

1470 3430 1615 3459 Phoebeius
1627 3439 1727 3465 augur,
1748 3438 1798 3466 pro
1811 3427 1984 3464 Amphiarao.
2006 3427 2071 3456 Stat.
2084 3428 2109 3455 6.
2131 3423 2221 3455 Theb.
2234 3435 2296 3460 441.
2568 3446 2572 3454 .

1470 3468 1582 3504 Simque
1612 3475 1697 3505 augur
1720 3465 1789 3496 cassa
1815 3464 1908 3494 futuri.
1958 3464 2036 3494 Ideni
2054 3475 2079 3500 9.
2106 3462 2196 3493 Theb.
2210 3468 2272 3498 629.
2303 3461 2338 3491 de
2361 3457 2472 3489 foemina
2489 3453 2550 3492 εὔει-1
2574 3465 2580 3483 2

1489 3512 1573 3534 [sinte.

2593 267 2604 303 i

2596 384 2599 394 ι

2597 398 2599 406 ι

2564 2638 2566 2645 ,
2572 2637 2573 2642 ,

2563 2658 2566 2666 ι

2557 2689 2567 2792 -.ιτ-

1471 3544 1552 3580 Aqua·
1564 3552 1647 3579 augur
1658 3540 1762 3571 cornix.
1784 3540 1850 3570 Hor.
1864 3548 1889 3576 3.
1908 3539 1996 3578 Carni.
2013 3546 2053 3575 i7.
2073 3547 2115 3568 12.
2598 3528 2604 3560 i

1471 3582 1561 3617 Augur
1574 3580 1701 3617 publicus
1711 3577 1843 3616 praedicit.
1885 3576 1943 3606 Cic.
1956 3581 1979 3605 6.
1998 3576 2071 3606 Fam.
2084 3581 2109 3606 6.
2145 3575 2210 3612 Quo
2221 3574 2248 3603 in
2259 3573 2333 3603 bello
2345 3571 2413 3602 nihil
2423 3566 2514 3600 adversi
2524 3574 2536 3593 a
2557 3580 2559 3584 v

1489 3619 1623 3647 ciditnon
1637 3617 1803 3655 praedicente
1816 3624 1868 3644 me.
1910 3615 2002 3650 Quare
2018 3624 2102 3651 quum
2115 3620 2145 3643 ut
2164 3622 2278 3650 augures
2294 3614 2319 3641 Sc
2333 3607 2454 3642 astrologi
2467 3599 2544 3635 solent
2566 3609 2572 3624 v
2597 3606 2604 3637 l

1489 3665 1541 3692 ego
1553 3664 1663 3692 qnoque
1673 3663 1757 3691 augur
1766 3652 1894 3691 publicus
1905 3662 1938 3681 ex
1948 3653 2016 3681 meis
2028 3651 2209 3690 superioribus
2220 3649 2357 3687 praedictis
2367 3643 2540 3680 constituiapu
2596 3643 2604 3674 i

1489 3692 1715 3759 ἓξτιυέὶοτῖςὲξςηι
1726 3689 1830 3728 augurii
1841 3690 2052 3720 &divinationis
2070 3699 2155 3724 meae,
2177 3686 2291 3718 debebit
2312 3685 2410 3716 habere
2425 3681 2502 3712 fidem
2517 3685 2534 3706 Β
2600 3682 2604 3713 l

1515 3740 1543 3759 ra
1575 3741 1637 3759 raeci
1671 3740 1705 3758 io.

1473 3767 1536 3796 Veri
1551 3741 1681 3805 grovidus
1692 3775 1784 3803 augur.
1806 3763 1890 3793 Ovid.
1906 3773 1945 3792 12.
1960 3763 2027 3793 Met.
2041 3768 2082 3798 18.
2523 3744 2526 3754 ⁹
2556 3760 2557 3783 ἶ
2595 3736 2604 3793 li

1472 3807 1593 3841 Augures
1610 3805 1764 3833 observarit:
1801 3801 1831 3831 ln
1852 3811 1868 3830 ο
1878 3811 1892 3829 a
1902 3811 1913 3829 s
1925 3811 1937 3830 it
1948 3811 1962 3829 a
1971 3810 1988 3829 v
1999 3811 2024 3830 o.
2595 3802 2603 3825 li

1474 3843 1593 3879 Augures
1604 3841 1729 3879 auspiciis
1740 3838 1864 3878 praesunt.
1888 3838 1945 3868 Cic.
1965 3849 1984 3867 i.
2000 3838 2034 3867 de
2049 3838 2112 3868 Nat.
2127 3834 2209 3867 Deor.
2224 3845 2284 3873 124.
2544 3859 2548 3867 .
2595 3841 2604 3864 li

1435 3879 1456 3909 A
1466 3889 1482 3908 υ
1493 3889 1510 3908 c
1522 3890 1538 3908 u
1549 3890 1565 3908 a
1575 3889 1594 3908 A
1604 3889 1619 3907 i.
1629 3890 1638 3907 i
1649 3889 1676 3914 s,
1698 3889 1722 3908 e.
1747 3877 1803 3912 Adj.
1825 3871 2039 3912 [cimianum-mk,
2060 3873 2202 3910 εὶωνιςιχδς]
2229 3871 2314 3911 Quod
2325 3869 2359 3902 ad
2373 3872 2482 3908 augures!
2490 3871 2533 3903 Ρθῐ
2595 3868 2604 3902 l:

2594 3948 2603 3976 ll

1473 3923 1529 3946 net.
1542 3923 1581 3953 ut,
1595 3915 1735 3954 Auguralis
1743 3923 1823 3944 coena
1833 3935 1840 3949 ‚
1853 3923 1912 3951 quae
1921 3915 1946 3943 Sc
1957 3913 2098 3949 Adjicialis
2107 3913 2217 3943 dicitur.
2239 3923 2265 3950 q.
2277 3911 2309 3942 V.
2322 3910 2393 3939 Varr.
2406 3905 2547 3972 *depr-inin
2576 3947 2578 3955 Ι
