2600 4177
450 115 480 150 C
575 117 608 152 R
711 117 727 152 Ι

107 189 211 222 Rarum
219 192 349 223 cribrum.
372 194 457 225 Ovid.
472 204 512 225 η.
526 196 595 225 Met.
607 205 672 233 ⁴³7-

303 247 340 252 —-
349 240 414 260 utve
429 232 520 268 liquor
529 234 581 262 rari
590 233 638 262 sub
653 235 779 272 pondere
789 235 874 266 cribri

204 266 301 297 Manat
310 291 318 303 ,
340 271 365 298 Gt
374 271 539 307 exprimitur
553 281 601 306 per
612 272 696 302 densa
705 273 841 303 foramina
849 275 954 304 succus.

111 301 321 369 Cieferelaquam
332 307 422 336 cribro
433 327 441 341 ,
462 307 591 337 Proverbi
596 319 642 338 um
653 310 681 339 in
695 320 742 340 eos
751 311 798 348 qui
808 321 921 350 operam
932 311 1064 349 perdunt.
1145 310 1234 341 Plaut.

165 351 198 369 eu
224 365 229 370 .
246 352 268 371 r.
287 354 306 371 i.
323 353 381 372 roo.

194 379 257 408 Non
267 379 351 416 pluris
361 381 445 410 refert
453 403 460 417 ,
482 391 565 420 quam
576 381 593 412 si
604 383 723 414 imbrem
735 386 764 415 in
778 387 899 417 cribrum
910 396 997 424 geras.
1079 385 1112 416 V.
1134 384 1236 415 Erasni.

132 414 162 443 in
173 415 292 446 Chiliad.

114 450 261 519 lrffiernlei’e
278 454 387 525 egibto,
408 456 452 486 vel
472 456 652 490 Succernere.
689 460 829 492 Columel.
847 460 895 491 lib.
910 471 934 498 ς.
946 464 973 491 6.
1003 461 1031 491 h.
1043 470 1067 490 e.
1101 459 1238 490 Cribrare.

165 500 231 519 in.i
256 501 288 520 .1
314 502 458 531 .cap.11.
737 500 741 503 ’

76 523 260 556 crunni-ia!
271 538 311 558 us
322 552 329 560 .
352 540 368 560 a
381 552 389 565 ,
411 541 468 562 um.
492 533 552 570 Adj.
574 534 756 571 [mauride]
771 536 842 566 Plin.
855 536 904 567 lib.
920 542 963 571 ιε.
977 545 1040 573 cap.
1055 544 1098 565 rr.
1121 535 1157 564 de
1169 534 1241 564 alica

115 564 261 609 loquens„
272 566 418 605 posteaque
427 570 503 607 gypsi
512 581 575 609 pars
588 579 682 609 quarta
695 573 742 602 ins
757 575 860 612 argitur
870 596 878 610 ‚
899 580 982 612 atque
1001 579 1033 602 ut
1051 572 1163 602 cohaesit
1175 594 1182 608 ,
1202 572 1241 600 fa-

115 611 216 645 rinario
224 603 315 646 cribro
324 605 507 649 succernuiit,
525 610 577 640 Sec.
617 611 688 640 Item
698 584 848 647 cribraria,
869 621 929 649 quae
939 611 1017 641 simili
1035 611 1121 640 modo
1141 611 1171 639 in
1188 617 1242 639 ter-

116 645 156 668 tio
165 643 296 672 remansit
306 643 398 685 cribro
410 647 595 682 angustissimo
607 670 616 681 ,
637 649 664 677 δε
675 655 783 679 tantum
793 659 887 680 arenas
901 649 1112 679 transmittente.

78 675 126 706 CR
138 686 147 704 ¹
157 686 196 705 BR
206 687 223 707 0
233 700 240 712 a
263 680 344 715 [τήν
353 701 360 712 ,
382 683 505 720 &navigas
518 706 527 719 ‚
549 685 671 722 σινιάζω]
691 688 745 716 are.
764 686 863 716 Cribro
876 688 1029 717 incernere.
1051 685 1119 715 Plin.
1133 685 1181 714 lib.
1194 694 1239 719 ας.

116 723 177 751 cap.
191 725 214 750 ς.
237 715 368 760 Praeterea
380 721 481 751 mirum
492 722 639 752 inventum
650 723 688 752 est
702 745 710 756 ,
732 725 808 771 quod
821 724 941 754 incisum
952 723 1085 754 forficulis
1097 745 1106 759 ,
1126 730 1158 753 ut
1168 723 1241 752 dixi-

75 791 78 795 .
115 761 179 781 mus
188 775 197 788 ,
218 755 357 793 cribrant,
379 768 473 788 cortex
484 768 617 789 remanet.
640 760 671 790 V.
694 762 720 790 δι
734 761 873 792 columel.
892 772 935 792 η.
946 772 991 798 23.

74 788 103 819 C
113 799 127 818 ii
139 800 171 818 ia
181 801 197 819 a
207 801 279 836 Aiju
290 803 302 823 s
316 817 324 829 ,
346 806 361 825 a
371 818 378 830 ,
402 806 456 825 um.
480 797 576 827 Partic.
600 805 648 833 ut,
668 798 812 830 Ladanum
824 800 984 830 cribratum.
1005 798 1075 829 Plin.
1088 801 1134 829 2⁶.
1150 802 1179 833 8.

119 827 204 872 Terra
214 835 373 863 minutatim
382 834 507 865 cribrata.
530 836 609 865 Idem
626 845 668 872 ¹7·
683 845 727 866 11.

116 864 228 903 Legitur
237 869 320 900 etiarn
329 871 458 902 Crebrata
468 873 543 910 apud
557 873 625 903 Plin.
640 883 651 902 r
660 883 683 903 1.
696 883 742 910 24.
770 873 801 904 V.
825 873 866 904 ibi
879 874 1018 905 Harduin.

78 901 320 947 Carissimum,
342 910 410 938 Λᾶν.
430 908 612 946 [nominib]
631 910 779 942 Mantuan.
801 912 906 943 Omnia
930 912 1073 943 cribratim
1092 910 1243 949 inquirere.

117 951 134 970 i.
147 951 172 972 e.
195 942 343 982 Tanquam
354 947 512 978 cribrando.

76 977 102 1008 C
110 988 126 1007 ii
136 982 149 1008 ῑ
158 990 173 1008 B
181 989 195 1009 ιι
205 992 220 1009 i.
228 992 245 1010 i.
253 992 271 1012 υ
280 994 311 1018 M,
319 983 338 1013 i.
349 994 376 1014 n.
387 985 531 1023 [κραίνων]
539 986 671 1016 diminut.
685 986 786 1017 Pallad.
796 996 823 1018 2.
835 997 881 1024 24.
891 987 1005 1018 Nitruni
1019 987 1117 1017 tritum
1127 985 1245 1016 cribello

118 1017 236 1056 desuper
252 1020 367 1059 spargas.
385 1025 411 1053 ἃ
426 1032 452 1059 7.
470 1033 513 1054 ri.
532 1023 658 1054 Cribello
669 1024 750 1061 spisso
757 1034 884 1059 cernere,
894 1033 926 1055 ut
936 1035 1018 1063 grana
1029 1035 1088 1054 non
1096 1023 1243 1054 transeant.

77 1053 127 1084 CR
138 1065 194 1123 121³
205 1066 292 1125 dibon,
313 1069 367 1090 are.
391 1060 526 1092 Cribrare.
548 1061 603 1092 Th.
612 1062 742 1093 Priscian.
756 1072 781 1093 r.
799 1072 842 1101 17.
863 1063 1020 1093 Crabrones
1031 1061 1161 1092 contusos
1177 1069 1247 1091 tere-

117 1101 147 1121 re
193 1102 230 1123 cri
253 1105 267 1125 e
291 1106 344 1127 are.

77 1128 104 1158 C
113 1139 129 1158 a
141 1140 149 1158 i
159 1140 173 1158 B
182 1140 196 1160 a
206 1142 222 1160 r.
231 1143 275 1177 ¹⁴:¹¹
284 1144 303 1163 τ
313 1145 351 1165 us
362 1157 370 1170 ‚
391 1146 405 1165 a
415 1158 423 1171 ‚
444 1146 501 1167 um.
521 1136 619 1168 Partic.
648 1137 751 1169 Pallad.
765 1148 790 1169 r.
803 1149 852 1177 41.
878 1140 984 1170 Sevum
999 1138 1182 1177 liquefactum
1194 1136 1248 1167 cri-

119 1167 222 1199 bellato
236 1174 323 1202 cineri
334 1174 490 1205 admistum.

78 1202 103 1234 C
112 1215 127 1234 rr
136 1207 171 1248 ie
182 1217 199 1235 υ
208 1206 238 1245 3⁸,
258 1210 275 1239 i,
297 1220 335 1241 m,
357 1212 481 1247 [κακῶ.
493 1213 509 1248 ]
528 1213 637 1242 Brachii
648 1213 788 1251 gestamen
803 1214 947 1251 quoddam
959 1219 1017 1244 erat
1029 1236 1038 1250 ,
1058 1218 1091 1244 ut
1101 1211 1247 1243 nonnullis

116 1244 238 1282 videtur,
256 1248 285 1276 in
295 1258 349 1285 quo
360 1250 469 1286 pertuso
482 1251 697 1280 Demosthenem
708 1274 715 1286 ,
738 1251 863 1288 praesidio
873 1253 1038 1282 ultimorum
1048 1251 1159 1281 casuum
1169 1273 1177 1287 ,
1199 1260 1248 1280 ve-

117 1290 225 1313 nenum
232 1286 375 1316 consuesse
385 1287 633 1323 gestareinclusum
643 1290 760 1319 traditur
770 1311 779 1325 ,
800 1292 876 1327 quod
894 1291 978 1320 etiam
998 1289 1117 1319 hauserit
1132 1289 1247 1327 intrepi-

116 1320 170 1355 de,
192 1324 296 1359 nequid
309 1325 455 1362 indignum
467 1333 542 1356 tanta
553 1327 655 1357 virtute
672 1337 688 1357 a
701 1328 907 1358 Macedonibus
918 1335 1067 1367 pateretur.
1111 1327 1186 1357 Hinc
1203 1336 1250 1356 na·

117 1365 197 1394 tum,
217 1367 248 1390 ut
259 1362 344 1398 Quod
353 1362 473 1400 speciem
483 1364 598 1401 quidem
614 1365 698 1395 habet
708 1366 894 1402 extrinsecus,
917 1369 943 1396 &
963 1366 1061 1396 oculos
1079 1364 1192 1403 aspectu
1205 1365 1249 1400 ju-

118 1397 215 1426 cundo
224 1398 335 1429 alleciat
343 1422 350 1433 .
371 1401 446 1431 intus
459 1411 526 1431 vero
536 1403 691 1440 perniciem
703 1403 792 1434 servat
803 1404 1038 1435 evidentissimam
1049 1425 1058 1440 ,
1080 1403 1192 1433 Cricum
1206 1402 1249 1432 di-

117 1442 214 1464 camus
226 1436 430 1468 Demosthenis.
457 1439 496 1470 Ex
508 1440 574 1470 Cael.
586 1440 633 1471 lib.
647 1447 673 1475 8.
688 1451 750 1479 cap.
767 1451 810 1478 13.

82 1469 109 1500 C
121 1481 137 1499 R
148 1482 157 1500 i
167 1482 185 1501 D
195 1484 205 1501 1
213 1483 234 1502 Ν
244 1484 291 1518 utu
302 1498 310 1512 ,
336 1477 354 1506 i.
377 1487 402 1506 n.
423 1476 537 1508 Fluvius
548 1479 577 1508 in
587 1479 738 1517 Margianae
750 1480 866 1517 regione
875 1501 884 1516 ,
904 1480 978 1510 circa
995 1479 1151 1510 Hircanum
1162 1488 1247 1509 mare.

117 1511 135 1539 A
145 1511 224 1540 uetor
232 1511 298 1542 Plin.
314 1513 361 1543 lib.
374 1518 399 1544 6.
412 1525 473 1552 cap.
491 1520 533 1546 16.

80 1545 105 1576 C
115 1557 128 1576 ii
140 1558 150 1576 ι
153 1559 178 1594 ΠΜ
188 1558 229 1577 tu
239 1571 247 1584 ,
269 1552 331 1581 inis.
353 1563 381 1582 n.
403 1554 533 1589 [ἐβιλημφ
543 1576 553 1590 ,
569 1552 700 1591 αἰτίαμα]
716 1554 874 1585 ΒεΙίᾶιπηι
896 1555 1009 1594 proprie
1019 1554 1122 1585 dicitur
1130 1555 1160 1585 id
1172 1553 1249 1593 quod

116 1586 222 1617 factum
235 1588 273 1617 est
286 1611 294 1623 ,
316 1596 348 1620 ut
357 1591 395 1620 ait
407 1591 542 1622 Donatus.
564 1593 649 1622 Ovid.
659 1603 685 1622 2.
700 1592 783 1631 Epist.
795 1599 842 1627 ²8-

157 1662 164 1668 .
210 1624 333 1657 Crimine
344 1635 371 1658 te
384 1630 463 1667 potui
483 1630 649 1660 demeruisse
668 1640 744 1660 meo.
826 1631 885 1661 Cic.
895 1641 921 1669 7.
937 1631 1014 1661 Fam.
1026 1639 1051 1667 3.
1080 1631 1152 1661 Sunt
1170 1631 1248 1660 enim

114 1671 165 1698 (ΙΨ
175 1683 184 1695 ,
206 1673 292 1701 quum
311 1676 390 1697 meus
406 1667 534 1698 interitus
549 1668 621 1698 nihil
635 1668 720 1699 fuerit
736 1668 899 1707 reipublicae
911 1669 1074 1708 profuturus
1085 1691 1094 1705 ,
1123 1669 1249 1699 criminis

116 1699 183 1730 ioco
195 1709 295 1739 putant
304 1704 357 1734 esse
367 1706 444 1742 quod
455 1707 555 1737 vivam.

117 1738 242 1783 Crimina
260 1742 303 1771 vel
322 1742 434 1774 Publica
453 1744 535 1779 sunt,
556 1743 601 1774 vel
618 1744 732 1774 Privata.
772 1744 888 1783 publica
905 1745 1050 1783 capitalia,
1079 1746 1106 1775 &
1124 1755 1183 1775 non
1203 1754 1247 1777 can

135 1777 242 1822 pitalia3
263 1781 369 1823 privata
381 1787 430 1811 aut
445 1792 511 1813 cum
525 1783 654 1818 infamia,
675 1789 724 1812 aut
742 1782 800 1813 {ine
818 1783 942 1813 infamia.
983 1783 1118 1822 Capitalia
1130 1783 1249 1813 crimina

135 1816 377 1860 publicisjudiciis
387 1820 482 1850 omnia
494 1820 734 1858 cognoscebantur
745 1831 751 1851 :
773 1831 832 1851 non
845 1821 911 1850 item
924 1821 1036 1859 publica
1045 1821 1148 1857 judicia
1156 1822 1191 1850 de
1201 1830 1249 1850 ca-

135 1853 270 1921 pitalibus
283 1858 379 1887 omnia
396 1859 561 1888 criminibus
580 1858 694 1888 fiebant.
717 1868 800 1894 nam,
820 1866 851 1888 ut
864 1859 980 1889 Institut.
992 1859 1042 1888 lib.
1053 1871 1080 1896 4.
1094 1866 1114 1889 t.
1128 1865 1170 1894 18.
1184 1860 1206 1896 §.
1217 1868 1245 1889 2.

159 1891 275 1923 ublicor.
288 1896 421 1925 traditum
430 1897 478 1932 est,
499 1897 517 1926 si
528 1906 611 1934 quain
620 1897 764 1927 infamiam
775 1896 935 1934 irrogabant
947 1897 1171 1935 publicaJudicia
1181 1906 1247 1928 cum

134 1929 243 1974 damno
255 1934 417 1970 pecuniario
427 1956 435 1971 ,
456 1934 571 1973 publica
579 1935 693 1973 quidem
708 1942 804 1970 erant,
826 1944 884 1964 non
896 1942 990 1965 tamen
1008 1936 1145 1974 capitalia.
1169 1935 1247 1972 quod.

138 1969 253 2004 quidem
265 1970 283 1999 si
294 1971 329 2000 de
339 1972 438 2002 caussis
447 1973 568 2011 publicis
579 1995 588 2010 ,
609 1974 639 2002 in
658 1973 760 2010 quibus
777 1982 844 2002 curn
861 1973 1031 2003 detrimento
1047 1973 1086 2003 rei
1103 1973 1247 2003 familiaris

135 2006 219 2051 samm
233 2009 336 2043 jactura
356 2011 591 2048 conjungeretur,
611 2021 709 2042 verum
724 2011 780 2040 est:
801 2010 892 2040 multo
911 2012 1000 2049 magis
1021 2011 1057 2041 de
1075 2012 1197 2050 privatis.
1219 2012 1247 2041 ἀ

136 2044 294 2090 hocipsum
302 2047 423 2078 declarat
435 2048 533 2079 Cicero
545 2049 608 2079 satis
621 2056 716 2087 aperte
732 2050 763 2078 in
781 2048 902 2087 Epistola
918 2049 953 2079 ad
974 2049 1078 2079 Paetum
1098 2050 1111 2085 (
1125 2049 1143 2080 l.
1157 2060 1184 2085 9.
1198 2058 1246 2079 21.

137 2084 203 2121 pr.)
223 2083 267 2114 his
277 2086 366 2115 verbis
377 2109 384 2122 ,
400 2086 512 2122 Judicia
520 2097 580 2117 non
588 2086 708 2117 solemus
718 2087 813 2116 omnia
829 2088 945 2117 tractare
959 2097 1017 2117 uno
1035 2088 1133 2117 modo.
1157 2087 1248 2125 priva-

110 2134 112 2137 ·
137 2127 179 2151 tas
188 2122 293 2153 caussas
302 2145 311 2158 ‚
332 2125 413 2155 &eas
425 2132 538 2161 tenues,
559 2126 666 2164 agimus
679 2125 827 2159 subtilius;
849 2126 948 2163 capitis
957 2147 965 2158 ,
987 2131 1035 2154 aut
1053 2126 1133 2155 famae
1146 2147 1154 2161 ,
1175 2124 1248 2154 scili-

135 2168 184 2190 cet
193 2162 326 2192 ornatius.
347 2162 469 2198 sejunxit
478 2163 554 2193 enini
569 2173 585 2193 a
597 2162 694 2193 caussis
712 2162 876 2200 capitalibus
891 2163 994 2193 caussas
1008 2163 1088 2193 famae
1098 2185 1106 2198 ,
1127 2163 1181 2193 sive
1197 2173 1249 2200 pu-

137 2198 243 2234 blicas,
264 2199 318 2230 sive
328 2200 456 2238 privatas.
477 2201 525 2230 sed
543 2201 601 2239 ipse
613 2211 659 2230 ine
672 2202 700 2230 in
718 2200 924 2231 dubitationem
948 2210 1058 2231 revoco.
1098 2201 1128 2231 Si
1148 2200 1248 2231 caussae

137 2236 219 2266 faniae
229 2237 363 2275 capitales
373 2248 430 2267 non
440 2239 502 2269 sunt
513 2262 521 2273 ‚
541 2249 591 2269 cur
602 2239 730 2276 Quinstii
741 2238 859 2269 caussam
867 2260 876 2274 ,
897 2249 958 2276 quae
970 2239 1050 2268 fainae
1061 2238 1100 2268 est
1112 2260 1122 2274 ,
1142 2239 1248 2276 capita-

137 2274 196 2304 lem
210 2274 309 2305 Cicero
319 2276 472 2314 significat?
492 2278 531 2307 ait
539 2277 615 2307 enim
625 2280 655 2306 in
665 2277 783 2306 exordio
797 2277 866 2313 (8.)
887 2276 966 2314 Quid
977 2277 1032 2306 hoc
1044 2277 1178 2314 iniquius,
1199 2283 1248 2306 aut

138 2313 300 2350 indignius,
322 2324 405 2352 quam
417 2324 479 2350 nie,
503 2316 550 2353 qui
567 2321 652 2353 caput
665 2314 797 2350 alterius,
817 2315 936 2349 famam,
956 2313 1133 2351 fortunasque
1152 2314 1248 2344 defen-

138 2351 204 2381 dam
215 2373 223 2386 ‚
244 2352 336 2389 priore
346 2352 410 2382 loco
422 2352 541 2382 caussam
550 2353 644 2383 dicere
654 2354 668 2382 ἱ)
688 2355 714 2383 Sc
723 2352 795 2382 infra
815 2353 827 2388 (
839 2362 882 2387 31.
893 2353 905 2386 )
927 2352 1069 2382 Clamabat
1084 2353 1246 2391 Quint‘tius,

137 2389 193 2419 sese
203 2390 310 2420 idcirco
321 2390 398 2420 nolle
410 2390 538 2422 satisdare
549 2413 557 2427 ,
578 2401 615 2421 ne
635 2391 776 2421 videretur
789 2389 923 2426 judicasse
945 2390 1021 2420 bona
1036 2390 1082 2420 sua
1101 2401 1136 2420 ex
1153 2391 1247 2421 edicto

137 2427 255 2466 possessa
266 2437 273 2458 :
283 2428 473 2466 ‘sponsionem
482 2439 566 2467 porro
582 2429 602 2458 si
612 2429 765 2459 istiusmodi
774 2428 886 2464 faceret,
907 2428 935 2458 se
944 2450 953 2464 ,
973 2429 1003 2458 id
1014 2429 1089 2466 quod
1098 2438 1174 2459 nunc
1184 2439 1247 2459 eve-

137 2466 182 2495 nit
196 2487 205 2501 ,
225 2466 262 2495 de
271 2467 364 2504 capite
374 2466 423 2496 suo
434 2468 555 2505 priorem
565 2466 685 2497 caussam
694 2467 750 2496 esse
759 2467 909 2496 dicturum.
931 2468 958 2496 &
970 2467 999 2496 in
1011 2473 1135 2496 extrema
1145 2467 1247 2496 oratio-

135 2513 174 2533 ne
194 2505 282 2540 (95.)
303 2505 443 2535 Horribile
467 2505 506 2535 est
517 2528 526 2541 ,
548 2504 669 2535 caussam
690 2506 790 2542 capitis
812 2505 919 2534 dicere:
949 2504 1110 2535 horribilius
1124 2527 1132 2539 ‚
1154 2505 1247 2543 priore

137 2542 205 2572 ioco
221 2542 322 2572 dicere.
344 2542 407 2572 sane
417 2553 475 2572 non
484 2543 583 2573 leviter
591 2543 756 2581 aliquandiu
771 2542 831 2572 haec
841 2552 886 2572 me
900 2542 963 2572 loca
972 2565 980 2577 ‚
1002 2544 1027 2572 δι
1039 2543 1092 2572 alia
1105 2543 1246 2579 hujusmo-

139 2580 169 2609 di
182 2580 211 2609 in
223 2590 256 2610 ea
266 2581 392 2610 oratione
402 2581 608 2619 perturbarunt.
630 2591 719 2618 eoque
731 2581 818 2618 magis
831 2602 839 2616 ‚
860 2581 937 2618 quod
955 2580 1046 2611 caussa
1065 2581 1191 2618 Quinctii
1210 2581 1247 2611 ad.

138 2626 363 2656 recuperatorem
383 2620 492 2656 agitur:
513 2629 549 2648 ex
567 2629 623 2656 quo
639 2619 778 2656 sequitur,
806 2625 837 2648 ut
853 2619 960 2656 privata
979 2619 1018 2648 sit.
1040 2627 1247 2657 recuperatores

139 2657 217 2686 enim
237 2658 263 2686 δι
275 2658 457 2692 centumviri,
482 2658 508 2688 δι
520 2657 632 2692 arbitri,
652 2657 762 2693 judices
770 2656 834 2686 sunt
853 2656 961 2692 (liceat
975 2657 1023 2686 hic
1037 2657 1156 2687 arbitros
1174 2657 1247 2687 intet

139 2695 265 2732 iudices,
287 2694 425 2724 vocabulo
437 2695 553 2724 minime
563 2697 695 2733 proprio,
715 2695 880 2730 nominare)
900 2694 1029 2725 civilibus
1048 2695 1076 2724 in
1087 2701 1248 2725 controver-

140 2733 184 2763 siis
195 2732 229 2762 ab
241 2732 349 2763 urbano
361 2739 478 2768 praetore
489 2733 556 2763 dati.
577 2732 697 2763 caussam
711 2743 793 2771 porro
801 2732 951 2770 capitalem
969 2733 1005 2762 ad
1022 2740 1246 2771 recuperatorem

139 2771 184 2809 agi
196 2772 234 2800 ita
244 2771 313 2800 mihi
323 2771 472 2801 absurdum
482 2793 490 2806 ,
510 2771 549 2800 ita
557 2781 615 2800 non
625 2772 725 2800 rationi
733 2770 949 2800 consentaneum
961 2770 1108 2800 videbatur
1117 2793 1124 2805 ‚
1145 2778 1177 2800 ut
1186 2782 1248 2810 per-

139 2809 335 2839 suaderinullo
347 2809 433 2838 modo
448 2808 546 2847 posset.
568 2809 615 2839 sed
628 2809 756 2844 fortasse,
777 2816 808 2838 ut
818 2808 889 2846 saepe
902 2808 1079 2839 distinetione
1098 2809 1198 2839 veritas
1215 2810 1248 2838 il·

140 2847 273 2883 lucescit,
293 2847 369 2877 idem
377 2848 425 2877 hic
435 2857 546 2884 quoque
554 2847 644 2885 potest
658 2847 782 2877 evenire.
805 2846 945 2883 cogitavi,
966 2847 1105 2883 numquid
1126 2847 1248 2878 caussam

140 2884 195 2915 esse
206 2885 354 2923 capitalem
366 2907 375 2920 ,
397 2886 424 2915 &
434 2885 478 2923 agi
489 2885 524 2914 de
534 2886 627 2922 capite
637 2907 645 2920 ,
666 2885 721 2914 five
731 2907 739 2920 ,
762 2885 861 2922 capitis
871 2883 926 2914 esse
936 2884 1058 2914 caussam
1071 2907 1079 2920 ‚
1099 2884 1177 2915 idem
1201 2885 1244 2915 sit.

139 2933 199 2953 non
209 2924 286 2953 enirn
299 2923 408 2958 dubito,
418 2924 485 2961 quin
497 2923 593 2953 caussae
602 2923 734 2961 capitales
746 2932 806 2960 quae
814 2929 959 2957 vocantur,
979 2924 1087 2952 eaedem
1097 2923 1193 2953 caussae
1202 2933 1248 2953 ca-

136 2961 204 2999 pitis
216 2961 310 2993 vocari
319 2971 417 2991 omnes
426 2960 546 2999 possint:
567 2971 627 2998 quae
641 2970 706 2990 vero
715 2961 813 2999 capitis
824 2982 832 2995 ‚
852 2959 964 2990 fortasse
982 2970 1042 2990 non
1061 2970 1160 2990 omnes
1177 2963 1246 2992 item

138 2998 282 3037 capitales.
303 3009 368 3028 narn
384 2998 475 3029 caussa
493 2999 592 3037 capitis
613 2999 785 3036 Quinctiana
807 2998 931 3027 dicitur:
954 3008 1037 3035 quam
1057 3006 1151 3028 tamen
1167 2998 1246 3028 nullo

140 3037 229 3067 modo
245 3037 394 3075 capitalem
402 3036 480 3067 fuisse
492 3037 638 3067 concedo:
661 3047 746 3074 quum
755 3037 785 3066 in
798 3046 830 3065 ea
841 3046 933 3073 neque
942 3036 978 3065 de
986 3036 1114 3066 libertate
1123 3058 1131 3071 ,
1153 3046 1246 3073 neque

140 3076 177 3105 de
188 3075 300 3104 civitate
308 3075 456 3105 adimenda
467 3097 475 3111 ,
496 3085 556 3112 quae
567 3075 696 3112 capitalia
702 3073 782 3104 fuisse
792 3074 896 3109 judicia
907 3081 1006 3104 notum
1017 3074 1065 3110 est,
1086 3082 1181 3112 agatur
1194 3084 1201 3104 ε
1218 3076 1245 3104 &

140 3112 232 3143 caussa
244 3113 389 3149 Mancini,
410 3122 493 3150 quern
503 3135 511 3148 ‚
533 3121 565 3142 ut
578 3112 691 3148 Cicero,
713 3114 740 3143 &
753 3112 799 3141 alii
810 3111 1012 3149 prodiderunt,
1036 3122 1051 3142 a
1067 3120 1144 3150 patre
1156 3119 1246 3150 patra-

140 3159 171 3181 to
185 3160 221 3180 ex
236 3151 263 3181 S.
275 3151 307 3181 C.
328 3151 645 3181 Numantinisdeditum
658 3173 666 3185 ,
688 3150 856 3181 Numantini
874 3159 931 3179 non
952 3157 1135 3188 receperunt,
1156 3149 1246 3180 caussa

140 3189 256 3227 quidem
266 3190 365 3227 capitis
374 3189 412 3218 est
420 3211 428 3225 ,
449 3190 462 3225 (
472 3190 561 3227 agitur
568 3191 644 3218 enini
654 3190 682 3218 in
692 3198 724 3218 ea
734 3188 771 3218 de
782 3188 894 3218 civitate
902 3209 911 3223 ,
932 3188 968 3218 de
982 3187 1126 3222 libertate,
1147 3189 1183 3217 de
1201 3198 1246 3218 ca-

141 3228 223 3264 pite)
243 3227 368 3265 capitalis
376 3234 470 3257 tamen
479 3236 538 3256 non
549 3227 595 3256 est.
616 3227 646 3256 iii
657 3225 823 3265 capitalibus
832 3226 909 3255 enim
919 3226 1048 3262 quaeritur
1060 3226 1096 3255 de
1106 3226 1225 3255 crimine
1233 3247 1243 3261 ,

141 3267 168 3295 &
178 3266 324 3295 damnatos
336 3265 487 3295 diminutio
501 3265 601 3303 capitis
620 3274 656 3294 ex
676 3264 806 3301 judicum
821 3263 959 3294 sententia
971 3263 1113 3302 sequitur:
1134 3264 1164 3293 in
1185 3264 1246 3293 aliis

140 3309 235 3333 autem
248 3304 348 3341 capitis
358 3302 457 3333 caussis
468 3303 557 3340 agitur
566 3303 682 3340 quidem
693 3303 728 3332 de
744 3302 836 3339 capite
845 3323 854 3337 ,
875 3311 933 3330 non
950 3307 1044 3331 tamen
1065 3302 1196 3338 quaeritur
1208 3302 1246 3332 de

142 3342 278 3377 crimine;
298 3340 449 3379 capitisque
458 3341 610 3370 diminutio
618 3341 663 3370 vel
676 3339 756 3370 nulla
767 3340 899 3376 sequitur,
920 3344 951 3369 ut
962 3341 990 3368 in
1001 3339 1091 3369 caussa
1103 3339 1245 3376 Quinc’tii,

141 3379 187 3409 vel
196 3379 215 3408 si
226 3378 361 3416 sequitur,
383 3387 414 3408 ut
423 3379 453 3407 in
464 3377 555 3409 caussa
564 3378 707 3414 Mancini,
728 3377 914 3414 nonsequitur
927 3378 968 3406 uti
984 3387 1070 3415 poena
1081 3387 1095 3406 a
1104 3377 1246 3413 judicibus

139 3417 275 3455 irrogata,
295 3416 342 3447 sed
352 3417 417 3446 ideo
426 3416 565 3452 sequitur,
586 3417 650 3454 quia
663 3416 704 3451 is,
724 3416 772 3453 qui
787 3416 845 3452 jam
859 3414 972 3444 deditus
985 3422 1044 3444 erat
1053 3425 1088 3445 ex
1100 3416 1127 3445 S.
1143 3415 1174 3445 C.
1187 3415 1247 3446 Nu-

140 3455 273 3485 mantinis
285 3477 293 3491 ‚
314 3456 404 3493 capite
413 3454 492 3484 fuisse
502 3454 658 3485 diminutus
667 3454 839 3483 ostenditur:
861 3453 900 3482 ita
919 3460 948 3482 ut
962 3453 1050 3488 judex
1069 3463 1127 3482 non
1140 3453 1247 3489 judica.

139 3500 201 3528 ret,
221 3493 272 3529 sit,
293 3502 400 3529 necne,
416 3492 509 3529 capite
519 3492 706 3527 minuendus;
729 3491 805 3527 quod
813 3490 844 3521 sit
854 3491 883 3519 in
895 3490 993 3520 caussis
1000 3491 1176 3529 capitalibus,
1187 3491 1244 3527 sed,

139 3529 261 3561 fueritne
270 3537 351 3561 antea
359 3553 368 3567 ,
388 3540 424 3560 an
437 3540 496 3560 non
506 3531 589 3560 fuerit
598 3551 607 3565 ‚
627 3530 719 3568 capite
728 3529 883 3559 diminutus
894 3538 901 3558 ε
924 3530 949 3559 ἃ
959 3528 1043 3558 status
1053 3529 1175 3558 hominis
1185 3539 1246 3559 non

140 3574 211 3598 tunc
219 3576 357 3605 mutatur,
378 3568 442 3604 sed,
463 3568 551 3605 qualis
560 3568 611 3602 sit,
630 3567 816 3605 cognoscitur.
837 3566 947 3604 itaque,
968 3575 1054 3603 quum
1070 3566 1106 3595 de
1121 3575 1156 3595 eo
1173 3567 1246 3597 dixit

141 3606 201 3635 Cic.
213 3606 261 3636 lib.
276 3617 298 3636 i.
309 3607 344 3636 de
353 3607 431 3637 Orat.
452 3607 536 3642 (182.
549 3607 562 3642 )
583 3606 676 3642 Quam
685 3604 829 3642 possumus
839 3604 959 3642 reperire
974 3613 1009 3633 ex
1023 3603 1155 3634 omnibus
1162 3604 1246 3635 rebus

140 3643 270 3674 civilibus
277 3645 398 3674 caussam
409 3667 417 3679 ,
438 3644 707 3680 contentionemque
716 3643 851 3679 majorem
860 3665 868 3677 ,
888 3651 970 3679 quarn
980 3642 1016 3671 de
1023 3642 1123 3671 ordine
1133 3664 1141 3676 ,
1164 3643 1199 3672 de
1207 3643 1245 3672 ci.

141 3683 243 3716 vitate,
265 3682 300 3711 de
311 3682 456 3717 libertate,
476 3682 512 3711 de
523 3681 615 3720 capite
624 3681 746 3710 hominis
764 3680 934 3710 consularis?
956 3681 1062 3710 crimen
1082 3679 1192 3709 nullum
1214 3680 1245 3710 si.

140 3719 300 3757 gnificavit‚
321 3721 399 3755 cuius
417 3720 539 3750 criminis
550 3718 640 3749 caussa
651 3726 767 3748 vocatus
783 3719 813 3748 in
826 3718 967 3755 judicium
987 3718 1152 3751 Mancinus,
1173 3719 1246 3756 peri.

143 3757 240 3788 culum
250 3759 411 3788 amittendae
420 3758 540 3788 civitatis
551 3779 560 3793 ,
580 3756 766 3787 autlibertatis
775 3757 805 3785 in
813 3766 847 3786 eo
858 3756 964 3791 judicio
973 3754 1084 3784 subiret.
1102 3755 1150 3784 sed
1159 3756 1245 3786 facul-

140 3803 229 3827 tatem
246 3796 387 3832 judicibus
402 3796 605 3833 cognoscendi,
624 3804 657 3823 ac
669 3795 806 3823 statuendi
820 3795 913 3823 datam
927 3792 1084 3828 intellexit,
1105 3802 1188 3823 easne
1202 3804 1246 3824 res

142 3845 222 3872 aeque
232 3834 380 3864 Mancinus
390 3834 541 3871 possideret
550 3856 559 3868 ,
579 3841 663 3869 atque
672 3839 837 3868 anteaquam
854 3841 869 3860 a
878 3839 956 3869 patre
965 3837 1072 3868 patrato
1090 3828 1158 3860 esset
1167 3831 1247 3861 dedi.

142 3880 187 3903 tus
198 3895 207 3908 ,
228 3882 264 3901 an
276 3882 340 3902 vero
352 3894 360 3907 ,
380 3873 445 3909 quia
456 3873 567 3902 deditus
580 3871 656 3903 esset,
677 3869 813 3903 amisisset,
832 3869 917 3899 etiam
928 3868 946 3897 si
956 3875 1084 3906 receptus
1093 3878 1108 3896 a
1122 3869 1246 3898 Numan.

142 3912 212 3941 riuis
222 3920 280 3939 non
290 3910 365 3940 esset.
387 3920 470 3947 quare
481 3910 607 3947 capitalis
618 3907 707 3938 caussa
722 3917 778 3936 non
788 3908 856 3937 fuit:
878 3907 972 3936 aetum
987 3912 1082 3936 tamen
1095 3905 1149 3935 esse
1157 3906 1193 3935 de
1203 3916 1247 3936 ca-

142 3950 222 3992 pite,
243 3948 280 3979 ob
294 3958 355 3980 eam
367 3970 376 3987 ,
395 3958 478 3986 quam
487 3947 602 3988 exposui
612 3969 621 3985 ,
643 3945 761 3980 caussam
772 3947 846 3977 recie
862 3944 961 3977 cicero
981 3944 1061 3976 dixit.
1100 3944 1151 3982 At,
1169 3946 1246 3984 quod

1674 117 1704 151 c
1800 115 1829 151 1<
1927 119 1943 153 1
2385 139 2457 174 719

1345 196 1381 226 ad
1400 196 1525 227 Mancini
1542 196 1661 227 caussam
1673 198 1773 227 attinet
1785 220 1793 231 ,
1815 197 1879 228 ferri
1895 199 1993 237 potest.
2016 207 2093 231 extat
2114 204 2188 233 enirn
2204 205 2291 241 ratio,
2313 216 2363 237 cur
2380 209 2408 238 in
2424 221 2457 240 ca

1347 235 1383 263 de
1393 236 1485 272 capite
1496 235 1538 272 agi
1548 236 1665 265 dicatur.
1690 236 1718 264 in
1728 235 1890 265 cauis-avem
1903 237 2048 273 Quinctii,
2072 240 2100 268 in
2115 251 2167 275 qua
2177 243 2254 271 nullo
2268 247 2352 274 modo
2365 256 2456 284 neque

1347 273 1383 300 de
1393 273 1522 306 civitate,
1545 283 1635 310 neque
1646 274 1680 303 de
1697 274 1823 303 libertate
1838 274 1970 311 agebatur
1981 297 1988 310 ,
2012 278 2117 305 mentio
2137 281 2236 313 capitis
2254 284 2328 311 uude
2348 285 2431 315 ducta
2443 287 2459 314 ‘.'

1347 319 1382 338 an
1397 319 1431 339 ex
1441 320 1475 339 eo
1488 333 1496 345 ,
1518 311 1583 346 quia
1593 318 1678 347 caput
1688 321 1739 349 pro
1749 312 1952 343 existimatione
1973 313 2093 351 usurpari
2114 316 2190 352 polle
2210 318 2355 349 videatur?
2377 332 2459 359 repu-

1349 354 1414 390 gnat
1425 348 1646 384 vetusloquendi
1658 349 1833 378 consuetudo
1848 359 1855 379 :
1876 360 1929 379 nec
1937 350 2019 387 hujus
2030 354 2139 389 generis
2155 355 2283 391 exempl-i
2303 357 2369 387 licet
2383 359 2461 389 inve-

1349 395 1418 414 nire.
1441 386 1534 422 potius
1555 386 1654 423 igitur,
1677 396 1711 416 ex
1729 387 1846 416 oratoris
1869 388 2000 422 licentia,
2021 391 2207 420 crediderim:
2229 400 2260 420 ut
2278 403 2459 431 exagrzeretur

1350 432 1392 451 res
1405 444 1412 457 ,
1434 424 1468 452 ad
1484 424 1753 463 invidiamadversus
1764 425 1933 456 Naeviumex
1942 427 2001 462 ejus
2009 427 2185 463 crudelitate,
2206 430 2232 458 &c
2243 425 2457 465 niiscricbrdiam

1348 469 1411 497 erga
1422 461 1588 503 Quinctium
1598 471 1632 490 ex
1644 463 1704 498 ejus
1713 462 1840 500 periculo
1853 464 2039 500 quaerendam.
2062 472 2144 502 atque
2158 466 2212 495 hoc
2230 477 2263 496 eo
2283 470 2368 506 magis
2392 481 2459 501 con.

1349 497 1417 533 stat,
1439 508 1494 535 quo
1506 498 1604 528 Cicero
1613 508 1666 528 nec
1677 500 1705 529 in
1717 509 1751 529 eo
1772 509 1834 529 vere
1854 510 1887 530 ac
1908 503 2020 540 proprie
2035 502 2158 539 loquitur
2169 526 2178 539 ,
2200 514 2285 541 quum
2303 516 2364 535 eam
2379 516 2460 539 vocat

1350 535 1572 577 accusationem,
1594 547 1654 573 quae
1664 537 1754 575 sponsi
1767 537 1921 568 caussaest:
1945 549 2016 574 nec,
2037 550 2125 577 quum
2137 543 2191 576 ait,
2214 542 2308 579 Quem
2329 547 2462 575 nuncin.

1350 575 1476 603 terticere
1488 573 1591 616 nefarie
1602 576 1696 613 cupis:
1722 575 1949 613 quandoquidem
1971 577 2079 608 civibus
2098 579 2234 610 Romanis
2245 582 2282 610 eri
2305 582 2400 612 inullo
2410 584 2463 613 cri-

1351 611 1428 639 mine
1439 612 1495 640 vita
1506 611 1726 655 possetcaussam
1737 621 1803 642 vero
1812 623 1869 642 non
1881 614 1935 644 esse
1943 615 2225 655 capitalem,propriis
2239 619 2268 656 ip
2281 628 2296 648 e
2305 620 2395 650 verbis
2405 621 2463 652 cla.

1351 658 1381 691 re
1393 649 1562 678 demonstrat
1570 659 1598 678 in
1606 659 1640 678 eo
1652 650 1802 686 loco,(33.)
1812 650 1954 686 Judicium
1965 653 2239 692 esse,C.Aquilli,n0n
2250 656 2285 686 de
2294 667 2322 686 re
2330 660 2463 696 pecunia-

1352 686 1451 720 ria,sed
1465 687 1501 716 de
1510 686 1593 721 fama,
1606 687 1776 725 fortunisque
1788 688 1947 725 PQuineiii
1959 692 2046 722 vides.
2058 694 2085 722 ἃ
2096 703 2183 730 quum
2193 694 2278 724 dixit:
2302 695 2465 727 Hortensius

1353 731 1444 789 partes
1453 724 1618 754 accusatoris
1628 724 1753 755 obtinet:
1777 728 1898 756 oratorie
1910 728 2041 765 loquitur.
2063 739 2117 760 nec
2132 732 2208 761 enim
2228 742 2255 761 re
2273 743 2335 763 vera
2355 735 2466 765 aecusa-

1373 767 1400 789 at
1419 761 1600 803 Hortensius,
1621 763 1669 792 sed
1692 763 1818 793 accusare
1841 765 2003 796 videbatur:
2026 776 2079 797 nec
2100 768 2158 806 est,
2179 769 2227 799 nisi
2245 771 2413 808 capitalibus
2431 774 2464 803 in

1352 800 1451 843 caussis
1460 799 1609 843 accusator.
1651 800 1746 830 Redeo
1758 802 1834 831 unde
1845 801 1954 832 diverti.
1993 804 2170 836 Publicorum
2181 808 2328 838 criminum
2350 809 2402 839 alia
2418 821 2465 840 ca.

1355 837 1450 879 pitalia
1461 859 1468 871 ,
1480 837 1542 881 ,³¹¹?¹
1551 847 1608 880 non
1619 838 1761 878 capitalia.
1784 840 1916 878 quodque
1925 842 2079 872 notandum
2089 845 2175 882 magis
2184 846 2223 874 est
2236 868 2244 880 ,
2267 857 2303 876 ne
2314 848 2464 883 majestatis

1353 875 1613 910 quidemjudicmm
1629 885 1660 905 ca
1683 876 1750 906 itale
1760 876 1867 915 semper
1878 877 1951 913 fuit,
1972 889 2058 916 quum
2078 888 2171 911 tamen
2189 883 2333 920 publicum
2354 886 2464 924 semper

1354 911 1429 941 esset.
1452 922 1516 956 nani
1525 912 1648 957 Clau-diae
1660 887 1785 947 iiestalis.
1810 915 1889 953 Appii
1911 916 1984 946 Caeci
2002 918 2085 954 filiae,
2107 920 2137 949 C.
2160 920 2337 958 Fundanius,
2358 925 2385 953 ἃ
2403 925 2462 955 Tit.

1353 949 1537 987 Sempronius
1547 951 1642 981 aediles
1655 951 1728 996 pleb.
1756 953 1833 996 quod
1853 954 1960 992 populo
1980 955 2110 986 Romano
2129 957 2314 989 calamitatem
2335 961 2466 993 esl'etim.

1354 996 1484 1032 precata,
1505 988 1623 1031 multam
1637 989 1769 1019 dixerunt
1779 992 1937 1027 aerisgravis
1955 1002 2024 1023 xxv
2043 995 2140 1025 millia.
2163 1006 2224 1033 qua:
2238 999 2364 1036 capitalis
2378 1010 2466 1038 poena

1354 1034 1414 1053 non
1424 1026 1485 1055 fuit.
1508 1027 1644 1060 iudicium
1654 1034 1747 1056 autem
1756 1027 1826 1057 illud
1838 1029 2018 1067 &publicum
2029 1031 2124 1068 fuisse,
2144 1034 2211 1064 inde
2223 1043 2320 1072 patet,
2342 1038 2419 1075 quod
2430 1039 2467 1068 :id

1354 1063 1494 1108 populum
1503 1064 1608 1108 factum
1624 1065 1672 1094 est.
1694 1066 1780 1108 idque
1791 1066 1876 1110 etiarn
1889 1068 1984 1098 Ateius
1997 1068 2096 1107 Capito
2108 1078 2256 1109 propterea
2271 1075 2344 1104 inter
2354 1076 2467 1112 publica

1353 1101 1460 1137 judicia
1482 1101 1596 1144 retuli*t;
1620 1105 1646 1132 ἃ
1667 1104 1814 1139 majestatis
1834 1105 1950 1134 nomine
1968 1114 2116 1144 notatum,
2136 1110 2288 1141 Suetonius
2304 1113 2333 1141 in
2345 1114 2466 1144 Tiberio

1355 1138 1464 1175 ((3.1.)
1484 1140 1615 1177 signihcat
1636 1141 1679 1185 his
1700 1141 1808 1185 verbis:
1830 1141 1950 1173 Claudia
1968 1153 2043 1174 novo
2064 1156 2141 1176 more
2156 1148 2292 1183 judicium
2314 1152 2465 1187 majestatis

1355 1177 1431 1214 apud
1441 1177 1578 1215 populum
1591 1178 1692 1208 mulier
1706 1179 1789 1208 subiit
1800 1201 1809 1216 ,
1831 1180 1908 1217 quod
1918 1182 1946 1210 in
1955 1183 2081 1213 conserta
2092 1184 2273 1216 multitudine
2284 1209 2291 1222 ,
2313 1198 2384 1225 aare
2404 1201 2469 1228 pro.

1355 1215 1475 1259 cedente
1486 1222 1619 1253 carpento
1629 1239 1636 1251 ,
1658 1216 1752 1254 palam
1761 1218 1901 1255 optaverit
1913 1239 1922 1254 ‚
1943 1225 1976 1249 ut
1987 1219 2070 1250 frater
2079 1221 2144 1252 suus
2155 1223 2271 1254 Pulcher
2279 1218 2465 1265 revivisceret,

1355 1258 1438 1288 atque
1449 1259 1552 1283 iterum
1562 1253 1674 1284 classem
1685 1256 1843 1291 amitteret,
1864 1265 1920 1293 quo
1930 1257 2022 1288 minor
2033 1259 2115 1289 turba
2124 1260 2219 1292 Romae
2229 1263 2310 1293 foret.
2353 1264 2468 1297 Publica

1355 1299 1421 1334 vero
1437 1291 1567 1335 capitalia
1592 1293 1730 1329 crimina,
1763 1293 1824 1323 liaec
1843 1300 1940 1330 erant,
1961 1295 2100 1334 incestus,
2121 1299 2265 1336 majestas,
2286 1305 2447 1340 repetundae

1356 1338 1398 1358 vis
1408 1329 1522 1366 publica
1533 1330 1656 1374 duplex,
1677 1340 1708 1361 ea
1718 1353 1727 1366 ,
1749 1340 1810 1368 quae
1821 1332 1851 1361 in
1862 1333 1990 1376 rempub.
2009 1344 2043 1364 ac
2053 1336 2224 1373 magistratus
2235 1339 2413 1378 inferebatur,
2429 1327 2469 1372 de,

1357 1367 1467 1410 qualex
1477 1367 1601 1398 Lut‘tatia
1612 1368 1682 1404 fuit,
1702 1370 1768 1398 &ea
1779 1391 1787 1404 ,
1807 1379 1869 1407 quae
1884 1380 1914 1399 in
1931 1372 2054 1408 privatos
2069 1375 2145 1404 cives
2157 1396 2166 1411 ,
2188 1377 2223 1405 de
2243 1387 2297 1414 qua
2311 1378 2398 1409 Plotia
2409 1403 2418 1415 ,
2440 1382 2468 1411 Se

1357 1404 1420 1434 aliae
1431 1405 1524 1449 leges:
1546 1412 1606 1435 tum
1617 1428 1625 1440 ,
1635 1406 1811 1451 ‘peculatus3
1832 1407 1869 1437 de
1882 1408 1998 1440 residuis
2011 1432 2019 1446 ,
2040 1411 2113 1441 inter
2123 1412 2231 1444 ficarios
2242 1437 2250 1450 ,
2273 1417 2466 1455 parricidium,

1357 1444 1544 1479 venenorum,
1565 1444 1688 1474 ambitus
1705 1454 1834 1482 pecuniae
1846 1445 1882 1475 ob
1896 1447 2077 1481 iudicandum
2094 1457 2198 1488 captae.
2222 1453 2409 1490 adulterium,
2432 1458 2469 1487 de

1357 1480 1429 1510 falsis
1443 1503 1452 1517 ,
1473 1481 1509 1525 de
1517 1481 1657 1526 plagiariis
1669 1504 1677 1519 ,
1703 1483 1739 1512 de
1749 1489 1873 1513 tutorum
1885 1484 1983 1514 fraude
1992 1508 2000 1522 ,
2021 1486 2057 1516 de
2067 1487 2176 1519 famosis
2186 1489 2289 1521 libellis
2299 1515 2306 1528 ,
2326 1493 2362 1521 de
2376 1493 2470 1530 furto,

1356 1518 1529 1549 clandestina
1550 1521 1647 1550 cortio.
1681 1521 1782 1558 quibus
1798 1521 1834 1551 de
1851 1523 2015 1554 criminibus
2036 1532 2084 1555 aut
2103 1527 2138 1556 ad
2162 1535 2324 1567 praetorem,
2345 1532 2472 1567 iudicem.

1356 1557 1515 1601 quaestionis
1526 1579 1535 1593 ,
1556 1564 1604 1588 aut
1613 1559 1648 1587 ad
1665 1558 1804 1602 pppulum
1815 1560 1895 1588 notio
1939 1562 2086 1593 ertinebat.
2106 1565 2144 1594 de
2158 1567 2316 1603 majestate,
2338 1570 2470 1607 perduel-

1355 1594 1434 1639 lione
1453 1602 1594 1633 excepto,
1615 1597 1651 1626 de
1668 1606 1715 1632 vr,
1736 1597 1773 1627 de
1790 1603 1910 1641 repetun
1931 1599 1975 1635 is,
1995 1600 2031 1630 de
2048 1602 2167 1633 crimine
2187 1604 2260 1634 inter
2280 1606 2407 1643 sicarios,
2431 1609 2470 1639 de

1357 1633 1466 1677 ambitu
1474 1640 1575 1677 praetor
1587 1634 1745 1671 quaerebat:
1767 1635 1918 1666 deincestu
1930 1659 1938 1671 ,
1960 1638 1987 1667 Sc
1998 1638 2192 1676 perduellione
2202 1643 2323 1681 populiis
2334 1668 2341 1679 ,
2364 1645 2409 1675 sed
2421 1648 2470 1676 tri-

1357 1670 1433 1700 butis
1440 1672 1563 1701 comitiis
1572 1672 1608 1701 de
1617 1673 1724 1702 incestu
1734 1694 1743 1708 ‚
1763 1673 1952 1711 tribunopleb.
1968 1676 2105 1714 populum
2120 1689 2170 1716 per
2178 1680 2265 1711 tribus
2275 1683 2302 1711 in
2315 1683 2406 1713 forum
2423 1695 2472 1714 co-

1357 1715 1440 1746 gente
1449 1719 1465 1753 3.
1481 1710 1644 1753 centuriatis
1658 1716 1752 1740 autem
1773 1710 1809 1740 de
1826 1712 2040 1749 perduellione,
2073 1725 2159 1752 quum
2178 1719 2206 1747 in
2225 1728 2355 1758 campum
2373 1723 2471 1753 consul

1356 1747 1691 1791 centuriatimpopulum
1709 1749 1876 1780 advocasset.
1897 1750 1934 1780 de
1950 1752 2086 1784 veneficio
2101 1761 2213 1792 autem,
2235 1758 2261 1787 δι
2283 1767 2399 1796 praetor,
2421 1762 2470 1798 qui

1355 1786 1443 1820 judex
1473 1785 1697 1816 uaestionisidem
1710 1787 1872 1824 dicebatur,
1895 1789 2014 1825 &judex
2026 1792 2183 1828 quaestionis
2195 1816 2203 1828 ,
2225 1796 2308 1826 etiam
2326 1796 2345 1826 si
2366 1805 2472 1835 praetor

1355 1832 1439 1852 none
1462 1830 1507 1867 et,
1528 1824 1740 1868 cognoscebat..
1762 1825 1910 1861 Praetores,
1931 1837 1992 1864 quae
2007 1829 2141 1867 cujusque
2155 1831 2249 1862 futura
2260 1833 2470 1872 essetquaestio,

1354 1869 1421 1890 ante
1429 1861 1629 1891 sortiebantur:
1651 1869 1684 1892 ut
1695 1863 1800 1892 deinde
1818 1863 1930 1901 singulis
1948 1866 1984 1894 de
1995 1868 2159 1898 criminibus
2172 1870 2289 1908 singuli,
2313 1883 2394 1910 prout
2413 1874 2470 1905 sors

1354 1898 1460 1928 tulisset
1471 1921 1482 1943 ⁷.
1501 1909 1566 1943 eum
1576 1899 1693 1929 consilio
1704 1910 1867 1938 quaererent.
1889 1912 1976 1933 unum
1988 1906 2100 1944 excipio
2112 1914 2258 1944 praetorem
2269 1910 2327 1939 urb.
2350 1913 2398 1948 qui
2409 1912 2472 1942 nul.

1356 1935 1387 1965 lo
1398 1937 1434 1966 de
1444 1947 1561 1981 crimine
1571 1938 1687 1975 publico
1708 1939 1866 1976 quaerebat;
1887 1941 1980 1978 itaque
2002 1951 2056 1973 nec
2078 1944 2204 1981 quaefitor
2224 1947 2383 1985 dicebatur;
2406 1957 2472 1980 tari-

1356 1980 1436 2011 tum,
1457 1975 1587 2020 ciyilibus
1599 1977 1793 2007 controversiis
1803 1979 1838 2007 ad
1850 1988 1916 2008 eum
1928 1979 2027 2010 delatis
2038 2003 2047 2017 ,
2066 1982 2112 2018 jus
2121 1983 2248 2020 dicebat,
2271 1987 2326 2016 hoc
2338 1988 2376 2023 est
2392 1988 2474 2023 Judi-

1357 2022 1405 2057 ces
1416 2015 1472 2056 ‘.&
1482 2014 1586 2058 judicii
1597 2014 1746 2057 sormulam
1758 2037 1766 2051 ,
1788 2025 1872 2053 quam
1885 2016 2080 2055 sequerentur,
2102 2020 2193 2052 dabat.
2217 2032 2269 2053 nec
2281 2025 2355 2054 eniin
2372 2033 2473 2063 prator

1357 2051 1417 2088 ipse
1428 2052 1552 2096 iudicare
1563 2051 1660 2082 solitus
1673 2059 1739 2096 erat.
1764 2053 1812 2083 sed
1823 2063 1909 2091 quum
1921 2055 2032 2091 judices
2046 2057 2150 2096 abipso
2162 2060 2219 2090 dati
2232 2082 2239 2095 ,
2261 2062 2297 2091 de
2312 2071 2474 2093 controver-

1358 2089 1616 2133 fiacognovissent,
1638 2091 1862 2135 aci-udicassent,
1884 2092 2093 2130 exsequebatur.
2118 2097 2184 2127 ideo
2200 2099 2229 2127 in
2240 2101 2374 2130 omnibus
2385 2102 2475 2132 ferme

1358 2127 1461 2171 edidis
1475 2135 1628 2164 praetorum
1638 2128 1738 2166 legitur
1747 2151 1755 2165 .,
1776 2129 1921 2165 Judicium
1933 2131 2015 2161 dabo.
2038 2134 2067 2162 in
2078 2143 2133 2171 quo
2146 2136 2311 2172 posteriores
2321 2138 2388 2177 lapsi
2399 2139 2472 2171 sunt.

1357 2165 1495 2209 esttigitur
1505 2166 1598 2201 aliud,
1621 2167 1782 2202 jusdicere,
1804 2167 1880 2197 aliud
1895 2169 2037 2204 judicare:
2059 2178 2244 2210 contraquam
2259 2197 2267 2210 ,
2288 2177 2474 2212 quiveteriim

1357 2203 1616 2239 iurisconsultorum
1625 2204 1711 2234 libros
1721 2205 1870 2242 ignorant,
1891 2207 2052 2244 opinantur.
2073 2211 2101 2239 ἃ
2120 2212 2362 2247 quemadmodum
2382 2216 2474 2246 civili-

1358 2241 1410 2285 bus
1422 2241 1451 2270 in
1461 2241 1547 2286 rebus
1557 2248 1658 2286 praetor
1667 2252 1726 2287 nori
1736 2243 1901 2280 cognoscit,
1921 2254 2012 2282 neque
2023 2247 2133 2282 Judicat
2148 2270 2156 2282 ,
2176 2248 2223 2278 sed
2239 2251 2284 2286 jus
2306 2252 2392 2282 dicit:
2415 2253 2451 2284 sic
2461 2276 2472 2290 ‚

1358 2288 1407 2316 qui
1419 2279 1453 2309 ab
1464 2279 1523 2318 ipso
1537 2280 1645 2314 judices
1656 2280 1713 2310 dati
1726 2279 1806 2315 sunt,
1827 2291 1885 2310 non
1897 2282 1942 2318 J'us
1962 2283 2061 2313 dicunt
2076 2307 2085 2320 ,
2106 2285 2153 2314 sed
2167 2288 2358 2325 cognoscunt,
2379 2301 2412 2320 ac
2430 2293 2475 2328 ju-

1358 2317 1463 2361 dicant.
1487 2317 1525 2347 Ex
1534 2317 1656 2362 Mai-iuti}
1666 2317 1739 2361 libro
1750 2319 1787 2362 de
1800 2318 1919 2356 Legibus
1928 2320 2072 2353 Romanis.
2111 2323 2215 2354 Verum
2228 2327 2255 2356 ἀ
2275 2327 2336 2358 haec
2347 2329 2404 2367 ipsa
2415 2352 2423 2366 ,
2444 2332 2473 2360 St

1361 2354 1416 2383 alia
1426 2355 1509 2392 paulo
1521 2355 1634 2392 plenius
1648 2365 1677 2384 in
1689 2355 1813 2386 dit‘tione
1832 2367 1872 2386 PR
1881 2368 1932 2386 ,ετ
1942 2368 1959 2387 o
1968 2368 1997 2390 it.

1339 2392 1437 2422 Scelus
1455 2394 1480 2423 ἂ
1494 2394 1612 2423 crimen.
1634 2393 1691 2423 Cic.
1704 2403 1757 2432 pro
1772 2394 1843 2424 Coel.
1858 2399 1902 2431 56.

1338 2430 1469 2474 Crimen.
1490 2441 1505 2461 a
1519 2430 1628 2461 Deliclo
1641 2431 1696 2461 sive
1705 2431 1844 2462 maleficio
1857 2432 2048 2469 ,Iurisconsulti
2062 2435 2231 2476 plerumque
2241 2438 2278 2469 sic
2286 2440 2469 2480 distinguunt,

1359 2475 1391 2498 ut
1402 2469 1532 2498 Criminis
1542 2471 1656 2499 nomine
1666 2469 1796 2506 Capitalis
1807 2471 1880 2501 fraus
1892 2472 2063 2510 intelligatur
2073 2495 2081 2509 ‚
2102 2475 2203 2512 quibus
2214 2477 2380 2515 Respublica
2394 2481 2470 2512 laedi-

1360 2513 1420 2541 tur,
1442 2506 1528 2536 veluti
1538 2507 1636 2537 Caedes
1646 2530 1654 2542 ,
1676 2507 1772 2538 salsitas
1784 2531 1793 2544 ,
1813 2508 1992 2540 adulterium.
2035 2512 2138 2542 Delicti
2148 2523 2213 2544 vero
2227 2537 2235 2551 ‚
2260 2517 2364 2547 Privata
2372 2520 2457 2550 noxia

1357 2554 1414 2582 qua
1426 2545 1555 2582 privatim
1567 2545 1680 2582 quisque
1695 2546 1805 2576 laeditur
1815 2569 1823 2581 ‚
1843 2547 1930 2577 veluti
1945 2547 1965 2578 F
1967 2545 2079 2585 urtum'‚
2100 2551 2202 2588 injuria
2215 2575 2224 2589 ,
2245 2555 2297 2585 &a
2322 2555 2429 2594 Ulpian.
2445 2541 2469 2588 l:

1362 2592 1404 2618 17.
1415 2583 1438 2621 §.
1455 2587 1496 2612 16.
1510 2583 1544 2612 D.
1555 2583 1591 2612 de
1598 2583 1694 2613 aedilit.
1706 2584 1790 2614 edict.
1811 2584 1908 2616 Noxas
1917 2587 2047 2624 accipere
2058 2588 2194 2620 debemus
2205 2592 2340 2629 privatas,
2365 2594 2420 2624 hoc
2430 2596 2470 2626 est

1357 2630 1425 2655 eas,
1446 2630 1620 2658 quaecunque
1635 2622 1849 2653 committuntur
1869 2633 1905 2653 ex
1920 2624 2049 2660 deliciis.
2070 2635 2128 2656 non
2148 2628 2272 2666 publicis
2291 2632 2467 2664 criminibus.

1359 2659 1573 2696 Nonnunquam
1581 2666 1676 2689 tamen
1688 2660 1804 2691 crimina
1818 2683 1825 2697 ,
1847 2671 1935 2699 eaque
1951 2663 2058 2701 privata
2074 2667 2271 2698 nominantur:
2292 2674 2325 2698 ut
2336 2671 2411 2708 apud
2423 2671 2472 2701 Ul.

1360 2697 1475 2734 pianum
1487 2697 1516 2726 in
1528 2697 1548 2727 l.
1569 2707 1590 2726 i.
1610 2698 1633 2735 §.
1646 2708 1668 2726 r.
1688 2697 1719 2727 D.
1732 2698 1768 2728 de
1778 2708 1855 2736 poen.
1878 2699 2063 2731 Hotomanus.

1340 2734 1456 2764 Crimen
1465 2736 1549 2764 etiam
1559 2736 1660 2765 dicitur
1669 2735 1728 2774 ipsa
1739 2737 1898 2767 criminatio
1912 2759 1921 2773 ,
1943 2739 1997 2768 sive
2014 2739 2170 2771 Criminum
2186 2742 2334 2773 accusatio.
2366 2745 2424 2775 Cic.
2437 2747 2470 2778 iri

1361 2783 1387 2803 2.
1398 2772 1566 2811 Philipp.4o.
1577 2773 1759 2804 Haereditates
1770 2775 1838 2804 mihi
1849 2776 1951 2813 negasti
1963 2779 2076 2807 venire:
2096 2780 2204 2810 utinam
2214 2781 2270 2811 hoc
2281 2789 2361 2812 tuum
2373 2793 2470 2816 verum

1359 2811 1466 2841 crimen
1480 2810 1555 2841 esset.
1568 2811 1648 2841 Idem
1660 2812 1813 2847 3.Verr.20.
1825 2813 1935 2843 Deinde
1944 2814 2058 2853 reliquis
2067 2816 2176 2853 diebus,
2187 2818 2231 2848 liis
2240 2821 2412 2858 criminibus,
2422 2822 2466 2853 his

1360 2849 1475 2892 testibus
1486 2849 1632 2893 &urbanis
1648 2851 1675 2880 δε
1690 2851 1913 2888 provincialibus
1927 2851 1965 2883 sic
1974 2852 2089 2884 obrutus
2098 2861 2182 2893 atque
2195 2857 2399 2897 oppressusest,
2412 2862 2467 2892 dcc.

1341 2887 1471 2916 Ambitus
1481 2896 1597 2917 crimen.
1620 2888 1677 2917 Cic.
1689 2898 1740 2925 pro
1750 2889 1861 2919 Muren.
1876 2899 1901 2927 3.

1340 2924 1466 2955 Deorum
1479 2926 1594 2955 crimen.
1616 2925 1735 2955 Martias.
1745 2925 1793 2956 lib.
1807 2937 1850 2958 11.
1866 2938 1912 2964 94.

1433 2962 1459 2992 O
1471 2962 1560 2993 scelus
1571 2985 1579 2998 ,
1599 2963 1618 2992 ὁ
1631 2973 1763 3001 magnum
1773 2964 1881 2996 facinus
1892 2965 2053 3004 crimenque
2065 2968 2192 3000 deorum.

1339 2999 1361 3030 F
1362 3000 1415 3030 atii
1424 3001 1530 3029 crimen
1541 3002 1568 3031 Sc
1579 3000 1774 3039 Suspicionem
1787 3003 1920 3034 facinoris
1934 3006 2063 3042 opponit.
2102 3006 2162 3037 Cic.
2174 3017 2226 3046 pro
2235 3007 2385 3049 Milon.97.
2407 3011 2468 3044 Sibi

1359 3038 1490 3068 facinoris
1505 3038 1707 3077 suspicionem,
1728 3049 1786 3069 non
1795 3041 1860 3071 faeti
1870 3042 1974 3071 crimen
1982 3042 2099 3073 obstare.

1339 3075 1468 3106 Fortunae
1477 3077 1583 3106 crimen
1591 3077 1747 3116 appellatur
1757 3100 1766 3114 ‚
1788 3078 1885 3115 Quum
1897 3080 1958 3117 quis
1971 3079 2032 3110 casu
2043 3103 2052 3115 ,
2073 3091 2132 3112 non
2145 3082 2240 3114 dedita
2253 3095 2338 3123 opera
2355 3094 2465 3124 peccat.

1360 3113 1445 3143 Ovid.
1461 3123 1485 3150 3.
1499 3114 1614 3144 Metam.
1630 3125 1692 3151 141.
1714 3116 1757 3145 De
1774 3117 1912 3147 Aaestaeone.
1953 3118 2071 3154 Quintil.
2095 3121 2125 3151 in
2144 3132 2265 3160 prooem.
2280 3123 2328 3153 lib.
2341 3128 2370 3154 6.
2391 3125 2466 3158 Nam

1358 3151 1454 3181 flustra
1463 3151 1535 3181 mala
1544 3153 1641 3182 omnia
1651 3153 1687 3183 ad
1701 3154 1808 3185 crimen
1820 3155 1940 3185 fortunae
1953 3155 2116 3194 relegamus.

1340 3189 1473 3219 Maleficii
1482 3191 1554 3220 tanti
1564 3190 1682 3221 crimen.
1705 3191 1763 3221 Cic.
1774 3202 1826 3231 pro
1838 3192 1918 3223 Rosc.
1929 3196 2020 3223 Amet.
2031 3205 2077 3232 7²·

1339 3227 1366 3258 N
1370 3226 1516 3257 eceffitatis
1528 3249 1536 3263 ‚
1557 3238 1616 3257 non
1627 3228 1787 3260 voluntatis.
1822 3230 1880 3260 Cic.
1890 3240 1942 3269 pro
1954 3230 2041 3270 Ligar.
2052 3243 2078 3271 ς.
2098 3233 2187 3273 Quod
2196 3235 2217 3267 st
2225 3236 2404 3269 criminosum
2414 3239 2454 3270 est

1360 3265 1526 3295 necessitatis
1535 3266 1643 3296 crimen
1654 3266 1692 3296 est
1705 3289 1714 3303 ,
1735 3276 1794 3297 non
1806 3268 1970 3300 voluntatis.
2456 3261 2465 3277 ⁸

1339 3303 1480 3333 Parricidii
1490 3305 1605 3333 crimen.
1628 3304 1703 3334 Curt.
1721 3314 1747 3342 3.
1764 3309 1790 3335 6.
1804 3315 1847 3336 11.

1339 3341 1508 3372 Proditionis
1520 3342 1621 3371 inferre
1634 3342 1725 3372 alicui.
1747 3341 1806 3372 Cic.
1823 3352 1849 3382 7.
1863 3344 1941 3375 Verr.
1952 3355 2016 3383 ¹05·

1340 3379 1448 3409 Veneni
1458 3402 1467 3415 ,
1488 3379 1631 3410 Veneficii.
1653 3380 1711 3410 Cic.
1721 3390 1772 3419 pro
1784 3380 1878 3411 Deiot.
1894 3391 1936 3419 17.

1337 3416 1456 3447 Infamia
1466 3418 1625 3447 criminum.
1648 3418 1768 3455 Qiintil.
1781 3419 1830 3450 lib.
1843 3431 1869 3457 ς.
1884 3430 1946 3459 cap.
1957 3429 1986 3458 7.

1337 3454 1455 3486 Invidia.
1477 3455 1597 3492 Quintil.
1616 3455 1665 3485 lib.
1681 3467 1708 3493 4.
1723 3466 1786 3494 cap.
1799 3465 1824 3492 3.

1339 3494 1444 3523 Acerba
1457 3493 1541 3522 alicui
1552 3493 1684 3530 objicere.
1706 3494 1825 3532 Quintil.
1834 3494 1883 3526 lib.
1895 3498 1922 3527 6.
1932 3505 1994 3534 cap.
2008 3503 2033 3533 ς..

1339 3531 1481 3569 Asperum.
1503 3531 1623 3567 Quintil.
1640 3531 1687 3561 lib.
1700 3543 1723 3567 ς.
1740 3542 1802 3570 cap.
1817 3543 1860 3569 ¹3·

1339 3568 1491 3598 Credibile.
1512 3569 1631 3604 Quintil.
1643 3569 1690 3599 lib.
1702 3579 1728 3605 7.
1743 3579 1805 3608 cap.
1819 3580 1845 3608 3..

1339 3606 1507 3637 Commune.
1529 3606 1602 3643 virg.
1619 3616 1660 3637 η.
1677 3608 1738 3638 ffin.
1754 3611 1799 3639 16.

1338 3643 1435 3674 Inane.
1460 3646 1488 3673 V.
1510 3655 1519 3673 1
1528 3654 1549 3673 N
1558 3655 1577 3673 A
1586 3652 1608 3673 N
1618 3653 1657 3674 is.

1340 3682 1522 3712 Invidiosum.
1543 3681 1575 3711 V.
1597 3691 1731 3711 ierDs
1742 3692 1768 3712 o.

1341 3719 1476 3757 Legitima
1487 3719 1618 3763 crimina..
1633 3720 1651 3748 i.
1664 3729 1689 3749 e.
1711 3721 1841 3756 Quorum
1856 3718 1992 3757 judicium
2006 3719 2070 3760 lege
2085 3720 2176 3760 aliqua
2195 3721 2371 3762 publicorum
2387 3726 2461 3762 judi..

1359 3760 1469 3788 ciorum
1485 3757 1524 3787 est
1533 3758 1722 3787 constitutum.
1747 3757 1780 3787 Ul
1804 3759 1858 3787 ian.
1871 3758 1889 3788 l.
1903 3768 1927 3795 3.
1938 3760 1962 3796 §.
1977 3770 2000 3790 1.
2013 3760 2046 3789 D.
2061 3760 2097 3790 de
2111 3761 2218 3790 crimin.
2233 3763 2377 3793 stellionat.
2402 3764 2462 3792 Poe-

1360 3806 1396 3825 na
1406 3804 1498 3826 autem
1512 3794 1683 3824 stellionatus
1697 3795 1773 3824 nulla
1794 3796 1906 3834 egitima
1924 3797 1964 3826 est
1974 3819 1983 3831 ,
2005 3807 2092 3834 quum
2112 3807 2166 3828 nec
2179 3799 2335 3839 legitimum
2350 3801 2458 3832 crimen

1360 3834 1400 3863 sit.
1421 3834 1513 3864 solent
1522 3840 1615 3862 autem
1622 3842 1658 3862 ex
1667 3834 1722 3863 hoc
1729 3842 1807 3864 extra
1814 3834 1944 3864 ordinem
1953 3835 2048 3872 plecti.
2071 3835 2187 3867 Hotom.

1341 3872 1456 3902 Navale.
1478 3871 1511 3901 In
1532 3880 1656 3899 Navis.

1342 3911 1478 3942 Nefanda.
1501 3910 1599 3938 Senec.
1613 3907 1730 3946 Hippol.
1751 3918 1777 3938 v.
1792 3914 1858 3943 8²<-

1433 3947 1563 3980 Nefanda
1568 3946 1666 3983 juveni
1676 3946 1791 3977 crimina
1799 3946 1900 3977 insonti
1908 3953 2031 3986 apparat.

2377 3986 2459 4019 Nefa-
