2600 4177
438 137 467 173 C
564 139 591 173 A
687 139 721 173 N

58 220 178 286 Glrssndia
186 229 284 250 canere
294 216 363 248 elate
378 241 385 254 ,
405 218 527 255 jucunda
545 218 680 255 dulciter,
701 220 727 249 ἃ
751 219 891 249 moderata
910 220 1017 250 leniter.
1041 220 1160 258 Quintil.

89 269 92 284 ι
118 280 122 286 .
141 268 161 287 1.
175 268 234 293 cap.
251 268 292 286 10.

57 296 172 327 Maiora.
196 296 266 331 Virg.
279 304 303 329 4.
321 292 377 323 Ecl.
394 303 415 322 i.
436 293 520 323 Paulo
530 294 632 330 maiora
642 303 782 324 canamus.

56 331 192 361 Poemata.
216 331 280 360 Hor.
293 332 321 359 in
340 332 400 360 Arte
412 331 484 361 Poet.
499 341 543 367 99.

56 369 155 399 Praelia.
179 369 248 405 Virg.
263 373 286 397 6.
300 367 357 397 Ecl.
370 377 394 404 3.

57 407 162 443 Pugnas
172 409 197 435 Sc
208 409 289 435 viros.
310 406 376 434 Stat.
385 406 410 439 8.
425 404 514 435 Theb.
526 414 588 442 551.

57 444 154 480 Reges.
179 444 247 479 Virg.
263 448 287 472 6.
302 440 358 472 Eci.
373 452 395 478 3.

55 482 161 517 Regum
176 481 253 510 facta.
276 480 341 509 Hor.
362 490 384 508 i.
397 480 482 509 Serm.
500 489 542 509 10.
556 487 601 514 43.

54 519 151 555 Silvas.
173 519 190 548 i.
208 527 231 547 e.
254 517 418 546 Bucolicum
428 526 547 546 carmen.
572 517 642 554 Virg.
654 527 680 551 4.
691 516 749 546 Ecl.
765 524 791 553 3.

57 556 176 594 Aspirare
188 556 299 585 canenti
317 555 446 584 dicuntur
457 554 550 583 Musae.
571 554 643 590 Virg.
654 565 679 589 9.
697 555 755 585 ffin.
771 565 833 591 525.

148 594 218 626 Vos,
239 603 256 621 o
269 592 394 630 Calliope
404 614 411 624 ,
432 601 531 629 precor
544 591 658 628 aspirare
668 593 787 621 canenti.

56 630 162 662 Canere
174 654 181 667 ,
202 630 367 664 Praedicere,
389 630 527 659 Divinare.
549 630 623 666 Vitg.
637 635 663 662 8.
685 629 747 659 AEn.
760 634 825 666 ⁶55·

247 664 391 697 -auratis
402 666 519 696 volitans
529 674 673 703 argenteus
682 667 757 695 anser
768 692 773 694 .

146 704 300 734 Porticibus
313 727 320 740 ‚
342 704 469 734 Gallosin
482 705 578 733 limine
589 704 678 734 adesse
688 704 812 733 canebat.
906 702 1024 734 Servius.

41 742 161 779 ,Canere
176 742 214 771 dii
231 743 380 777 dicuntur,
401 750 451 778 pro
470 742 626 772 Vaticinari.
664 741 721 770 Cic.
734 751 758 776 3.
775 743 804 772 in
815 741 895 772 Catil.
909 747 951 776 18·
984 741 1020 771 Ut
1031 741 1091 771 haee
1104 746 1165 779 quae

77 789 151 809 nunc
161 779 230 808 fiunt
238 798 246 814 ,
267 790 365 810 canere
376 780 414 808 dii
426 780 594 811 immortales
604 779 772 810 viderentur.

56 813 168 848 Acerba.
191 817 280 846 Valer.
293 827 316 854 3.
330 818 427 851 Argon.
443 827 505 854 303.

56 855 197 891 ambages.
220 855 290 893 Virg.
305 859 330 885 6.
348 856 409 886 AEn.
424 865 468 889 99.

135 893 292 922 Horrendas
302 894 376 923 canit
384 892 520 930 ambages.

55 930 128 961 Fata.
151 930 225 968 Virg.
240 940 263 967 3.
278 932 339 961 AEn.
351 942 415 966 444.

57 967 187 997 Obscura.
212 968 277 998 Hor.
288 978 314 998 2.
330 969 415 998 Serm.
430 978 454 1004 5.
467 970 511 1004 58.

56 1000 184 1034 oracula.
206 1005 306 1036 Lucan.
321 1006 367 1035 lib.
383 1016 403 1035 i.

54 1042 95 1075 Ex
107 1053 154 1072 ore
164 1043 261 1073 divino
273 1054 379 1073 canere.
402 1043 473 1080 Virg.
486 1051 510 1078 3.
523 1042 584 1072 AEn.
598 1051 659 1077 155-

146 1081 234 1118 Atque
242 1082 300 1110 haec
310 1082 411 1111 deinde
426 1081 501 1110 canit
512 1080 608 1109 divino
619 1084 653 1109 ex
665 1088 711 1108 ore
722 1078 858 1109 sacerdos.

55 1117 221 1155 Prodigium.
244 1119 317 1156 Virg.
334 1129 357 1154 3.
373 1119 432 1149 [En.
444 1121 504 1154 366.

55 1155 89 1186 Et
102 1157 165 1192 quia
175 1156 252 1185 Cano
264 1158 393 1186 tribuitur
405 1156 512 1185 vatibus
519 1154 698 1192 oraculisque,
707 1154 785 1188 inde,
806 1154 862 1190 Qui
877 1152 980 1184 sanetas
993 1154 1019 1184 δι
1028 1149 1170 1183 venerabi-

71 1194 113 1222 les
120 1203 161 1223 res
171 1201 252 1232 atque
260 1194 366 1224 divinas
376 1194 506 1223 docendo
518 1199 687 1231 proponunt,
697 1192 847 1230 augustiore
856 1192 942 1220 veluti
953 1194 1048 1226 verbo,
1065 1192 1168 1221 Canere

73 1231 211 1267 dicuntur,
221 1242 278 1261 non
287 1233 392 1262 Dicere·
401 1232 441 1262 lta
452 1232 582 1261 Boethius
593 1241 657 1260 cum
668 1230 731 1264 lib.3
739 1229 865 1259 .deCons.
872 1228 937 1258 Phil.
949 1230 977 1258 in
986 1230 1070 1259 finem
1082 1229 1168 1265 usque

73 1267 286 1306 disputationem
295 1268 474 1308 philosophiae
485 1269 520 1298 de
529 1268 589 1298 Deo
598 1270 624 1298 Sc
634 1269 692 1304 ejus
703 1265 827 1297 bonitate
836 1267 980 1301 retulisset,
993 1274 1117 1305 quartum
1125 1266 1170 1295 his

76 1307 166 1337 verbis
174 1307 338 1346 auspicatur:
352 1308 418 1337 Haec
426 1306 666 1344 cuml'hilosophia
674 1305 773 1335 leniter
782 1304 952 1342 suaviterque
960 1304 1166 1341 cecinissem&

615 891 659 922 De
668 890 780 929 Sibylla.

0 1320 11 1358 '¹
56 1342 138 1374 Canit
150 1345 230 1375 fama.
254 1345 372 1375 Martial.
387 1344 434 1374 lib.
444 1345 537 1382 Spec‘t.
551 1344 628 1381 Epig.
645 1353 669 1379 ς.

0 1498 8 1690 ,ψνμι-
0 1444 2 1450 -

0 3540 15 3553 q

147 1382 288 1419 Quicquid
300 1384 371 1412 fama
386 1383 480 1417 canit,
502 1382 588 1411 donat
597 1391 678 1410 arena
693 1380 752 1410 tibi.

55 1419 230 1457 Cantilenam
240 1421 360 1451 eandem
368 1430 476 1450 canere.
492 1452 498 1462 ῃ
517 1420 553 1448 de
565 1419 605 1455 Eo
616 1419 717 1448 dicitur
729 1418 774 1456 qui
786 1417 915 1447 molestus
932 1418 970 1448 est
983 1439 991 1452 ,
1012 1417 1108 1456 saepius
1124 1422 1168 1446 ea-

74 1458 139 1487 dem
147 1457 529 1489 reminculcans.Nihilen1ni
540 1456 754 1493 odiofius,quan1
763 1456 839 1492 quod
850 1455 956 1492 semper
964 1456 1040 1485 idern
1051 1454 1167 1485 est.Ter.

75 1496 244 1533 Phorni.3.2.
253 1496 472 1526 io.Cantilenam
485 1495 602 1524 eandem
614 1493 895 1528 canisUbiDonatus,
908 1494 947 1523 Ita
957 1492 1168 1529 dicit,ut,Vetus

75 1534 218 1571 &vulgata
231 1535 333 1564 cantio.
356 1533 499 1563 Familiare
510 1532 547 1561 est
561 1533 660 1570 poetis,
672 1532 762 1568 inquit
775 1531 875 1560 Erasm.
886 1531 1034 1565 Nuntium,
1048 1528 1169 1560 Cantile-

73 1580 138 1600 nam
147 1572 295 1610 appellare.
336 1573 482 1609 Sumptum
494 1571 531 1600 est
541 1577 634 1599 autem
644 1580 659 1599 a
668 1569 827 1599 cantoribus
837 1591 845 1604 ,
865 1570 912 1606 qui
921 1569 1055 1607 siquando
1065 1569 1168 1598 diutius

75 1610 193 1639 eandem
204 1611 334 1639 occinant
343 1611 505 1639 cantionem
519 1630 526 1643 ,
548 1608 660 1637 taedium
671 1606 790 1636 afferunt
800 1607 918 1636 auribus.
958 1607 1076 1637 Proinde
1087 1607 1169 1645 periti

74 1646 190 1676 subinde
200 1649 305 1685 variant
315 1647 443 1685 carminis
451 1650 538 1684 genus
550 1667 557 1681 ,
579 1656 635 1683 quo
656 1645 807 1675 satietatem
819 1645 953 1674 devitent.
992 1644 1025 1674 V.
1044 1644 1166 1674 Chiliad.

57 1684 132 1714 Cane
142 1686 211 1715 mihi
229 1688 254 1716 &
273 1686 365 1716 Musis.
401 1684 592 1718 Proverbium,
615 1684 693 1718 cuius
716 1683 851 1720 originem
869 1683 951 1712 docet
968 1682 1027 1712 Cic.
1048 1683 1082 1712 de
1096 1677 1167 1712 Clar.

74 1723 151 1752 Orat.
167 1729 227 1761 187.
250 1724 343 1760 Quare
351 1723 456 1752 tibicen
468 1721 642 1759 Antigenidas
654 1722 756 1750 dixerit
776 1720 911 1758 discipulo
931 1720 994 1750 sane
1009 1720 1118 1758 frigenti
1133 1720 1169 1749 ad

74 1760 210 1799 populum
220 1783 227 1795 ,
253 1762 323 1791 Mihi
337 1771 405 1790 cane
416 1759 547 1790 &Musisz
569 1769 620 1796 ego
628 1759 693 1788 huic
705 1759 788 1788 Bruto
803 1759 927 1793 dicenti,
947 1767 978 1787 ut
987 1758 1072 1791 solet,
1094 1757 1169 1796 apud

74 1798 299 1832 multitudinem,
321 1799 472 1829 Mihicane
485 1797 644 1835 &popi110,
665 1797 704 1825 ini
727 1796 828 1831 Brute,
850 1797 985 1825 dixerim:
1008 1803 1039 1825 ut
1057 1796 1103 1832 qui
1123 1803 1171 1824 au-

74 1836 153 1865 dient
162 1838 228 1874 quid
239 1837 371 1866 efficiatur
382 1859 390 1871 ,
412 1846 462 1872 ego
478 1835 561 1865 etiam
580 1845 629 1864 cur
647 1835 676 1863 id
694 1834 843 1868 efficiatur,
865 1833 1026 1871 intelligam.
1072 1833 1170 1868 [Male

74 1874 131 1903 hoc
146 1874 320 1904 Proverbium
337 1874 456 1904 efferunt
478 1873 535 1903 Sibi
554 1882 652 1902 canere
663 1894 672 1907 ,
693 1872 768 1909 quod
788 1881 841 1901 nec
858 1871 984 1902 Erasmus
1000 1871 1169 1907 dissimulat,

77 1912 150 1941 Chil.
162 1922 184 1949 3.
201 1919 276 1942 cent.
291 1924 314 1948 ς.
326 1918 370 1947 8ο.
398 1921 463 1942 curn
480 1911 573 1949 potius
593 1911 744 1940 dicendum
759 1910 790 1938 iit
807 1910 902 1939 Doc'tis
920 1911 945 1939 δ’(
960 1909 1042 1939 Musis
1060 1918 1167 1939 canere.

74 1949 215 1980 Convenit
236 1952 264 1980 in
284 1960 349 1985 eos,
371 1951 417 1987 qui
435 1949 566 1987 spernunt
575 1946 712 1984 judicium
722 1947 816 1986 vulgi,
841 1947 907 1977 dum
922 1947 1099 1985 peritioribus
1112 1946 1171 1985 pla-

75 1995 165 2017 ceant.
206 1988 286 2018 Aliud
296 1988 332 2017 est
341 1988 417 2017 Intus
432 1997 530 2016 canere
542 2009 550 2022 ,
571 1987 606 2016 de
617 1994 671 2024 quo
683 1986 753 2015 infra

54 2024 133 2056 Intus
142 2036 248 2055 canere.
288 2026 346 2062 Qui
363 2026 460 2064 privati
473 2025 615 2054 commodi
634 2023 777 2061 impendio
797 2022 907 2052 studiosi
929 2022 1033 2057 essent,
1055 2032 1087 2052 ac
1102 2022 1170 2052 Fere

75 2064 205 2101 quicquid
221 2074 310 2093 rerum
321 2069 433 2100 agerent
447 2085 454 2098 ,
474 2063 503 2091 id
515 2072 598 2091 omne
609 2062 644 2091 ad
655 2061 833 2091 domesticam
852 2059 984 2089 referrent
1002 2060 1150 2090 utilitatem
1161 2082 1170 2096 ‚

74 2102 94 2130 ii
105 2102 252 2138 proverbio
264 2102 340 2131 Intus
357 2111 455 2131 canere
467 2122 475 2136 ‚
495 2101 581 2129 iidem
594 2100 668 2138 apud
689 2100 798 2129 Graecos
817 2096 948 2141 'Awe'chai
967 2096 1108 2133 mmmm),
1130 2099 1171 2128 di-

75 2140 218 2169 cebantur.
257 2140 315 2169 Cic.
330 2149 352 2174 ³-
365 2139 438 2168 Verr.
455 2147 495 2174 53.
520 2140 608 2175 Atque
619 2138 701 2167 etiam
713 2138 793 2166 illum
805 2135 973 2173 Aspendium
987 2136 1169 2172 citharistam,

76 2177 111 2206 de
119 2188 173 2215 quo
183 2177 252 2215 ssepe
261 2177 372 2207 audistis
382 2177 410 2205 id
419 2199 427 2211 ,
449 2176 524 2213 quod
532 2177 569 2205 est
578 2176 678 2205 Graecis
687 2175 847 2204 hominibus
859 2174 887 2202 in
897 2174 1044 2211 proverbio
1057 2196 1065 2209 ,
1086 2182 1170 2210 quem

74 2214 250 2245 omnia‘intus
261 2225 360 2245 canere
372 2214 519 2249 dicebant,
540 2213 661 2248 sustulit,
690 2215 714 2242 δι
724 2213 866 2242 inintimis
877 2211 929 2240 suis
939 2212 1043 2241 aedibus
1060 2212 1169 2250 posuit,

74 2259 105 2283 ut
114 2254 196 2283 etiam
209 2253 288 2283 illum
300 2248 387 2291 ipsum
398 2252 513 2282 artificio
523 2249 570 2281 suo
588 2250 722 2289 superasse
734 2251 867 2279 videatur.
910 2249 1078 2279 Faceojssime
1096 2256 1170 2279 taxa-

74 2292 116 2321 vit
127 2291 225 2321 Cicero
238 2291 324 2321 Verris
336 2291 533 2329 rapacitatem,
555 2290 601 2326 qui
612 2290 685 2318 intus
704 2297 852 2318 canentem
864 2309 872 2322 ,
894 2287 923 2315 in
941 2288 1047 2317 intimis
1062 2287 1170 2317 aedibus

76 2329 221 2359 collocarit
233 2352 239 2364 ,
261 2330 315 2359 hoc
327 2329 372 2363 est,
394 2327 456 2366 plus
465 2337 546 2365 quam
557 2328 630 2356 intus
641 2327 781 2356 cecinerit.
805 2326 882 2355 Idem
894 2334 920 2353 2.
933 2335 983 2363 pro
993 2325 1065 2361 Lege
1078 2327 1168 2362 Agrar.

75 2372 120 2404 67.
144 2369 232 2405 Atque
242 2366 295 2396 hoc
305 2376 414 2396 carmen
426 2365 471 2395 hic
489 2365 630 2395 Tribunus
649 2364 754 2402 plebis,
775 2373 833 2392 non
849 2362 943 2396 vobis,
965 2363 1011 2392 sed
1029 2363 1077 2392 fibi
1094 2364 1171 2393 intus

75 2405 157 2435 canit.
199 2406 270 2435 Nam
282 2405 401 2434 ostendit
410 2403 519 2433 Tullius
534 2404 562 2432 in
582 2413 613 2432 ea
630 2403 756 2431 oratione
770 2424 777 2436 ,
799 2401 888 2438 legem
909 2401 1011 2430 tametsi
1027 2401 1171 2439 popularis

31 2445 33 2447 ’
74 2443 231 2478 videretur,
261 2442 336 2472 haud
353 2448 445 2471 tamen
467 2441 584 2479 populi,
613 2440 660 2469 sed
681 2440 869 2470 decemvirum
891 2439 1000 2468 utilitati
1021 2445 1167 2477 repertam.

72 2480 156 2511 Porro
178 2481 213 2510 de
238 2480 374 2518 Aspendio
390 2480 544 2509 citharoedo
567 2477 697 2508 Asconius
721 2476 854 2507 Pedianus
872 2476 906 2505 sic
929 2477 1038 2512 scribit,
1074 2477 1170 2514 Quum

74 2526 180 2548 canunt
198 2519 355 2553 citharistae,
383 2517 522 2553 utriusque
542 2526 640 2546 manus
659 2516 809 2554 funguntur
833 2514 934 2544 officio.
991 2515 1091 2544 Dextra
1113 2515 1171 2553 ple-

76 2558 133 2586 ‹Ptro
153 2557 254 2586 utitur:
288 2558 314 2585 &
335 2557 389 2585 hoc
411 2556 449 2584 est
471 2555 536 2584 fotis
558 2564 666 2585 canere.
728 2554 838 2583 Sinistra
857 2551 950 2589 digitis
977 2553 1093 2582 chordas
1114 2559 1172 2582 car-

74 2595 131 2633 'pitz
154 2594 178 2624 ἃ
196 2595 250 2623 hoc
268 2594 306 2623 est
321 2594 396 2623 intus
415 2597 522 2622 canere.
561 2592 679 2622 Difficile
693 2598 800 2626 autem,
822 2591 896 2628 quod
916 2590 1066 2627 Aspendius
1085 2591 1171 2620 citha⁴

74 2633 136 2662 rista
148 2632 286 2666 faciebat,
307 2639 337 2660 ut
346 2641 403 2660 non
411 2637 530 2664 uteretur
540 2638 622 2659 cantu
637 2638 751 2666 utraque
769 2638 852 2658 manu
865 2651 872 2663 ,
894 2628 940 2658 sed
956 2629 1064 2661 onmia,
1087 2629 1115 2657 id
1132 2629 1172 2658 est

75 2670 227 2700 universam
245 2671 419 2704 cantionem,
441 2669 516 2698 intus
536 2668 562 2698 St
581 2668 681 2697 sinistra
699 2674 806 2696 tantum
825 2676 908 2696 manu
927 2666 1170 2704 complecteretur.

75 2708 156 2737 Unde
168 2717 264 2737 omnes
276 2707 492 2745 quotquotfures
505 2710 599 2739 erant,
621 2717 635 2734 a
651 2705 751 2735 Graecis
765 2704 895 2742 Aspendii
914 2704 1055 2734 citharistae
1069 2705 1096 2733 in
1108 2714 1172 2742 pro-

75 2745 170 2775 verbio
180 2746 344 2775 dicebantur
357 2768 363 2779 ,
385 2744 461 2781 quod
471 2766 479 2778 ,
501 2751 531 2773 ut
543 2743 590 2772 ille
602 2744 731 2772 carminis
741 2764 749 2775 .
770 2743 808 2771 ita
818 2743 859 2771 isti
870 2743 1005 2771 furtorum
1017 2742 1172 2771 occultato.

77 2791 118 2813 res
131 2789 217 2813 erant.
236 2783 311 2811 Valet
320 2784 373 2812 hoc
382 2782 558 2820 proverbium
569 2784 593 2811 ἅ
605 2781 633 2809 in
645 2790 692 2810 eos
701 2781 747 2818 qui
758 2780 877 2809 multum
888 2780 1023 2809 intestinis
1033 2779 1085 2808 suis
1095 2790 1172 2810 com-

73 2822 165 2851 modis
175 2821 323 2850 consulunt
337 2828 434 2856 practer
449 2820 630 2849 honestatem.
670 2819 737 2848 Haec
751 2817 798 2848 ille
818 2818 853 2847 ad
867 2828 891 2853 3.
908 2817 982 2846 Verr.
1022 2817 1116 2847 Verres
1127 2828 1175 2847 au.

75 2863 130 2926 {em
138 2860 222 2926 εὲὶῖῐῃ]
234 2859 315 2893 liujus
326 2859 436 2888 artificis
448 2858 554 2895 iignum
566 2879 574 2893 ,
594 2856 715 2895 Aspendi
725 2856 844 2894 positum
856 2878 864 2891 ,
885 2865 950 2885 cum
958 2855 1070 2892 reliquis
1083 2857 1174 2885 omni-

97 2907 126 2926 us
138 2907 152 2926 a
174 2902 181 2926 1
196 2907 212 2926 u
227 2904 292 2926 erat.

58 2933 134 2966 Intus
143 2945 242 2964 canere
254 2934 363 2971 proprie
374 2933 412 2963 est
422 2932 509 2963 Manu
522 2932 621 2961 sinistra
631 2940 730 2961 canere
742 2953 749 2966 ,
773 2940 832 2968 quae
842 2931 918 2960 enim
931 2930 1032 2961 sinistra
1042 2930 1114 2967 sunt,
1130 2930 1176 2961 sae-

76 2980 111 3011 pe
121 2972 252 3002 interiora
264 2973 404 3000 dicuntur.
445 2971 475 3000 V.
501 2970 619 3013 Interior
629 2992 636 3003 ,
656 2970 683 2998 in
700 2980 709 2997 1
719 2979 738 2997 N
749 2979 768 2997 T
779 2979 823 2998 ΒΑ
844 2970 869 2998 ἃ
884 2978 896 2998 s
906 2978 922 2997 u
935 2979 949 2997 a
960 2979 979 2997 u
991 2980 1003 2997 i<
1014 2979 1032 2998 o
1043 2979 1056 2998 a
1066 2979 1092 2998 o.

56 3010 149 3040 Surdis
161 3010 269 3040 auribus
280 3019 388 3039 canere.
410 3008 599 3038 Proveruium.
623 3008 653 3037 V.
678 3006 778 3037 Erasm.
802 3006 859 3036 Liv.
874 3015 919 3042 40.
932 3010 957 3040 8.
980 3007 1051 3043 Quae
1065 3016 1174 3043 vereor,

76 3058 111 3077 ne
122 3058 190 3078 vana
202 3048 288 3077 surdis
300 3046 411 3077 aui-ibus
422 3047 583 3076 cecinerim.

56 3083 193 3117 Bellicum
206 3095 315 3115 canere.
337 3085 393 3121 scil.
410 3085 485 3114 tuba.
526 3084 556 3113 V.
581 3081 733 3115 Bellicum.
754 3081 831 3111 subst.
858 3082 885 3110 in
908 3088 1066 3110 santum.

57 3123 204 3153 Classicum
214 3133 322 3153 canei-e.
359 3122 423 3152 Caes.
444 3131 467 3157 3.
481 3121 546 3151 Bell.
560 3121 639 3150 Civil.
655 3127 698 3155 82.
722 3120 924 3155 Classicumque
936 3119 1009 3156 apud
1020 3129 1082 3148 eum
1094 3120 1155 3149 cani
1166 3142 1175 3155 ,

77 3163 102 3191 δι
113 3161 230 3191 alterum
242 3161 280 3190 illi
292 3161 370 3196 jubet
382 3161 538 3189 Praetorium
551 3156 636 3188 tendi.
679 3158 836 3188 Deductuni
846 3167 860 3186 a
872 3157 1005 3186 Class'ibus
1014 3158 1155 3187 exercitus
1166 3179 1174 3193 ,

94 3209 140 3230 uas
148 3209 234 3236 quum
246 3199 381 3228 evocabat
388 3198 462 3227 tubae
472 3197 547 3236 ligno
559 3197 721 3235 Imperator,
738 3195 807 3225 vela
815 3204 909 3233 pugna
920 3194 1097 3230 distrahebat,
1109 3195 1176 3225 clas-

73 3209 158 3266 sicum
180 3247 277 3266 canere
289 3236 440 3265 dicebatur.

57 3273 192 3312 Receptui
204 3285 302 3304 canere
310 3296 318 3309 ,
340 3275 441 3303 dicitur
450 3274 507 3303 dux
516 3272 653 3302 exercitus
661 3294 668 3307 ‚
690 3271 786 3307 Quum
797 3270 876 3306 jubet
888 3270 949 3299 suos
960 3269 1061 3299 milites
1072 3270 1175 3300 cessare

75 3318 90 3342 'a
103 3312 293 3351 persequendo
305 3312 389 3341 hoste.
412 3311 469 3341 Liv.
483 3315 508 3347 3.
521 3319 569 3340 22.
592 3310 659 3339 [nde
671 3309 776 3346 signum
786 3308 926 3337 observare
938 3308 1019 3343 jussit,
1033 3315 1063 3337 ut
1074 3309 1176 3345 pariter

77 3351 101 3380 &
115 3351 179 3380 socii
192 3360 249 3380 reni
261 3350 417 3388 inciperent
428 3372 436 3385 ,
457 3349 646 3385 referrentque
656 3347 759 3385 pedem
773 3368 781 3381 ,
803 3346 821 3375 si
838 3347 960 3382 receptui
974 3346 1124 3375 ceciniiset.

58 3384 194 3425 Receptui
208 3396 306 3418 canere
317 3410 324 3422 ,
346 3398 395 3425 per
403 3387 611 3417 translationem
621 3407 628 3420 ,
651 3395 701 3421 pro
715 3384 805 3413 Finire
816 3406 822 3416 ,
840 3383 883 3412 vel
898 3384 1036 3413 Revocare
1048 3384 1174 3413 animum

77 3426 195 3462 alicujus
204 3436 218 3455 a
231 3436 260 3455 re
270 3426 362 3462 aliqua
371 3425 497 3462 gerenda.
543 3424 600 3453 Cic.
609 3433 633 3459 3.
649 3422 730 3452 Tusc.
746 3431 788 3456 33.
810 3421 890 3450 Vetat
900 3422 982 3458 igitur
992 3422 1060 3451 ratio
1072 3421 1174 3450 intueri

76 3464 213 3494 molestias
225 3486 233 3498 ,
254 3463 383 3492 abstrahit
398 3463 431 3492 ab
448 3461 553 3492 acerbis
572 3459 789 3497 cogitationibus
808 3459 937 3488 hebetem
958 3460 1045 3488 aciem
1057 3481 1064 3493 ,
1084 3461 1136 3488 διο.
1159 3469 1174 3488 a

76 3501 175 3537 quibus
193 3511 278 3538 quum
303 3501 409 3531 cecinit
434 3499 578 3537 receptui,
600 3498 742 3537 impellit,
766 3499 818 3526 διε.
851 3496 928 3525 ldein
947 3506 989 3525 12.
1011 3496 1130 3534 Philipp.
1145 3502 1172 3531 8.

77 3539 146 3576 Quis
156 3540 230 3568 enim
241 3544 386 3568 revocante
395 3541 420 3568 &
430 3539 554 3575 receptui
563 3544 680 3566 canente
690 3537 791 3565 Senatu
803 3557 809 3569 ,
835 3542 967 3572 properet
978 3535 1131 3564 dimicare?

5 3588 9 3595 .
57 3572 195 3615 Receptus
209 3587 309 3606 canere
323 3577 424 3606 dicitur
434 3576 560 3605 buccina.
583 3574 667 3603 Ovid.
683 3584 705 3603 1.
722 3573 792 3602 Met.
807 3581 869 3608 340.

385 3615 481 3623 ...,

248 3629 285 3634 -—
296 3615 321 3644 ἃ
332 3622 434 3643 cecinit
444 3613 525 3649 iuisos
536 3612 629 3641 inflata
642 3617 776 3648 recepturi.
941 3646 947 3652 .
1126 3639 1128 3642 Α

58 3649 141 3689 Signa
153 3658 252 3682 canere
263 3652 394 3681 dicuntur
409 3651 438 3681 iri
455 3649 529 3680 bello
539 3672 547 3685 ‚
570 3650 666 3686 Quum
677 3647 895 3685 congrediuntur
910 3645 1013 3675 milites
1024 3667 1031 3679 ,
1054 3647 1079 3675 δι
1091 3646 1176 3681 colla-

79 3691 112 3719 tis
135 3690 215 3727 signis
234 3690 403 3726 depugnant.
442 3689 570 3718 Liv.1.1.
603 3687 700 3724 Quum
725 3686 861 3715 instrudtae
882 3684 955 3714 acies
975 3684 1174 3720 constitissent,

78 3727 152 3763 prius
167 3736 248 3764 quain
264 3727 335 3763 signa
352 3731 500 3761 canerent,
525 3726 577 3755 &17.
936 3758 941 3764 ¹

59 3764 276 3802 Cecinitquartae
286 3764 385 3801 vigiliae
394 3765 509 3802 signum.
550 3763 607 3792 Liv.
621 3772 666 3798 ²4·
681 3765 726 3794 46.
749 3759 854 3796 Eosque
865 3781 873 3794 ,
894 3758 942 3787 nbi
962 3764 1063 3795 quartae
1075 3759 1175 3797 vigiliae

30 3811 31 3835 l
78 3802 182 3839 signum
194 3801 352 3835 cecinisset,
372 3803 406 3831 ad
416 3811 480 3831 eum
500 3801 594 3830 locum
609 3798 776 3835 scalasjuisit
786 3798 865 3826 ferre.
917 3796 948 3825 V.
970 3805 1135 3827 vicitrA.

30 3836 176 3871 SANTio
188 3861 197 3874 ,
218 3840 288 3868 onis.
311 3841 329 3868 f.
352 3837 532 3876 [μελιπωίκ]
553 3838 631 3868 ldem
647 3837 723 3874 quod
735 3837 848 3877 Cantus.
871 3833 956 3864 Plaut.
972 3834 1086 3869 Sticho,
1109 3847 1133 3871 5.
1149 3845 1174 3871 5.

64 3886 104 3911 19.
125 3876 414 3914 Lepidain&suavem
431 3877 593 3906 cantionem
608 3876 729 3912 aliquam
749 3873 869 3908 occipio.
902 3871 941 3900 Al.
964 3871 1173 3902 cantationem.

61 3914 139 3951 Apul.
153 3924 178 3943 2.
196 3913 297 3944 Florid.
309 3925 336 3951 p.
351 3921 413 3951 348.
446 3913 552 3943 Corvus
572 3915 597 3942 &
612 3914 741 3950 piittacus
761 3908 831 3939 nihil
841 3909 916 3952 aliud
928 3919 1010 3952 quam
1021 3911 1095 3946 quod
1105 3911 1178 3939 didi-

59 3959 173 3986 cerunt,
194 3948 388 3990 pronunciant.
429 3952 459 3982 Si
475 3952 602 3982 convicia
620 3949 765 3984 docuerim
787 3946 1010 3983 conviciabitur,
1031 3947 1129 3978 diebus
1144 3957 1178 3978 ac

99 3985 180 4021 Voi..
219 3989 239 4020 1.

1223 2441 1454 2474 CAnricun,
1474 2440 1493 2468 i.
1510 2450 1539 2469 n.

1599 136 1881 174 can
2295 152 2364 190 4„

1252 221 1381 249 noctibus
1391 220 1562 257 perstrepens
1573 220 1794 253 malediffismoc
1804 219 1842 249 illi
1854 230 1964 250 carmen
1977 221 2099 253 est.hanc
2109 228 2186 258 putat
2198 225 2365 254 cantici-iem.

1252 257 1377 286 Paternus
1388 259 1531 287 cantiones
1541 259 1613 286 haud
1628 268 1745 293 canere3
1768 259 1802 287 de
1814 267 1847 287 eo
1859 259 1960 288 dicitur
1970 280 1978 295 ,
2003 260 2059 295 Qii
2078 270 2092 289 a
2110 262 2229 297 paternis
2244 262 2367 292 moribus

1274 296 1430 331 degenerat.
1487 294 1518 324 V.
1541 295 1638 324 Erasm.

1252 331 1352 361 Cautio
1364 354 1371 364 .
1393 342 1443 369 pro
1464 333 1663 362 incantatione.
1704 332 1764 362 Cic.
1781 331 1816 362 de
1831 332 1902 362 Clar.
1920 333 2070 367 Oratam.
2099 334 2196 363 Sui-ito
2209 342 2368 365 totanicau-

1272 369 1328 398 sam
1341 369 1442 398 oblitus
1453 370 1505 404 est,
1527 370 1610 407 idque
1620 370 1760 400 veneficiis
1780 372 1806 400 δε
1826 370 2003 400 cantionibus
2015 369 2127 400 Titiniae
2142 372 2243 401 sactum
2259 373 2310 402 eise
2328 375 2369 402 di-

1273 407 1359 435 cebat.
1384 407 1457 435 conf.
1472 407 1551 444 Apul.
1569 417 1588 436 1.
1606 408 1672 436 Met.
1685 418 1713 445 p.
1728 412 1787 437 106.

1219 442 1299 473 CAN
1314 446 1524 479 muricum,
1546 454 1577 473 ae.
1599 445 1616 473 f.
1643 445 1810 479 Γάτρωίπον]
1831 444 1927 473 dimin.
1944 445 2078 474 aCantio.
2100 446 2158 475 Cic.
2175 446 2243 481 5.de
2256 446 2367 482 Fin.49.

1255 480 1332 509 Vidit
1348 481 1484 510 Homerus
1496 481 1606 517 probari
1618 482 1740 511 fabulam
1760 483 1933 519 (Sirenum)
1953 493 2011 511 non
2032 483 2107 521 posse
2118 505 2125 519 ‚
2148 484 2165 512 si
2184 485 2370 515 cantiunculis

1255 524 1347 547 tantus
1357 519 1397 546 vir
1417 519 1428 552 (
1442 518 1568 554 Ulyll'cs)
1589 520 1708 549 irretitus
1719 526 1868 549 teneretur.

1219 554 1242 584 C
1253 555 1267 584 ii
1279 564 1298 583 Ν
1309 565 1326 583 o
1337 565 1353 583 R
1361 577 1369 590 ,
1392 555 1456 584 oris.
1479 565 1515 584 m.
1538 555 1670 592 [μελῳδία
1681 578 1690 593 ,
1705 556 1857 592 λιγωφωνίκ]
1878 557 1988 596 Proprie
1998 558 2131 596 fignificat
2144 558 2369 590 Consonantiam.

1257 592 1340 622 Ovid.
1355 603 1378 626 ς.
1395 592 1464 621 Met.
1478 596 1538 626 561.

1337 629 1397 658 Nec
1407 635 1499 658 tamen
1511 630 1556 659 ille
1570 640 1654 659 canor
1665 631 1827 661 mulcendas
1836 637 1915 661 natus
1928 633 1962 661 ad
1974 643 2060 663 aures.

1257 665 1348 696 Canor
1358 676 1400 695 res
1411 666 1448 695 est
1457 667 1565 697 blanda.
1590 668 1673 697 Ovid.
1686 679 1709 697 2.
1723 670 1757 697 de
1770 671 1831 698 Arte
1842 672 1900 699 Am.
1916 679 1977 705 3¹5·

1337 704 1392 733 Res
1408 704 1447 732 est
1457 704 1558 733 blanda
1573 714 1656 734 canor
1669 716 1674 734 :
1699 706 1804 735 discant
1815 714 1926 737 cantare
1937 708 2046 746 piiellae.

1258 741 1344 779 Cycni
1354 751 1446 770 canor.
1470 741 1575 770 Lucret.
1588 742 1636 771 lib.
1647 754 1672 776 4·
1688 749 1749 776 181.

1338 779 1437 808 Parvus
1449 786 1479 807 ut
1490 779 1528 807 est
1544 780 1625 816 cycni
1642 780 1739 808 melior
1753 791 1846 811 canor.

1257 813 1375 847 Martius
1386 825 1469 845 canor
1476 816 1543 845 teris.
1583 817 1653 859 Virg.
1666 829 1692 851 4.
1710 818 1809 853 Georg.
1821 829 1864 855 71.
1887 820 1953 849 idco
1965 820 2081 850 Martius
2093 821 2193 850 dicitur
2200 821 2277 858 quod
2288 822 2374 852 aerio-

1278 863 1320 883 res
1331 854 1366 883 ad
1379 863 1501 891 pugnam
1514 854 1613 883 reddit.
1655 855 1671 882 i.
1688 864 1712 883 e.
1736 855 1863 886 Bellicus.

1221 890 1244 921 C
1252 901 1270 920 Α
1279 901 1298 920 Ν
1308 895 1325 921 ὅ
1335 902 1350 919 R
1360 902 1376 920 U
1388 901 1409 924 S*
1431 901 1455 926 aa
1477 901 1533 920 ⁰¹¹¹·
1556 888 1722 927 [Aqv'cpmssao
1733 912 1738 921 =
1748 889 1831 928 εὖθ”ιὲς
1839 916 1847 929 ‚
1860 893 2049 930 λΨ-ῗρἳῡίῖκίῶυ]
2074 896 2134 932 Adj.
2156 896 2228 933 quali
2239 897 2370 927 Sonorus.

1258 929 1305 960 ffis
1316 934 1459 959 canorum.
1483 928 1555 965 Virg.
1567 936 1593 963 ’9.
1609 924 1670 958 AEn.
1686 937 1747 965 503.

1339 967 1371 996 At
1381 966 1446 995 tuba
1457 966 1608 996 terribilem
1623 966 1744 996 sonitum
1755 967 1853 1005 procul
1864 977 1914 997 scre
1930 978 2031 998 canoro

1257 1003 1320 1033 Ales
1331 1014 1455 1033 canorus.
1479 1004 1544 1033 Hor.
1555 1014 1581 1033 2.
1597 1004 1687 1033 Carm.
1698 1014 1741 1033 20.
1759 1015 1801 1039 ις.
1823 1006 1948 1042 Cycnum
1964 1007 2100 1044 intelligit.

1257 1042 1518 1071 Animalcanorum.
1560 1042 1617 1071 Cic.
1629 1051 1653 1071 2.
1669 1042 1703 1070 de
1717 1042 1809 1071 Divin.
1825 1053 1867 1078 57.
1897 1044 1992 1079 Quum
2007 1045 2088 1080 igitur
2101 1045 2154 1074 hoc
2165 1046 2266 1074 animal
2277 1052 2331 1076 tam
2344 1048 2375 1077 lit

1277 1089 1411 1108 canorum
1421 1079 1465 1109 sua
1476 1079 1573 1121 sponte
1583 1101 1591 1114 ,
1613 1078 1678 1116 quid
1690 1080 1718 1109 iri
1729 1086 1854 1110 mentem
1865 1082 1942 1110 venit
1952 1081 2110 1112 Callistheni
2122 1083 2215 1113 dicere
2231 1084 2299 1115 deos
2319 1085 2375 1123 gal-

1279 1117 1313 1146 lis
1323 1117 1430 1155 iignum
1440 1116 1545 1146 dedisse
1557 1117 1689 1146 cantandi
1701 1140 1708 1152 ,
1721 1119 1774 1147 &c.

1258 1156 1328 1185 Aves
1338 1164 1454 1184 canorae.
1483 1154 1556 1191 Virg.
1569 1164 1594 1184 2.
1607 1155 1706 1191 Georg.
1719 1160 1781 1191 328.

1350 1192 1418 1222 Avia
1428 1200 1488 1222 tum
1497 1192 1623 1222 resonant
1632 1193 1727 1222 avibus
1741 1191 1859 1230 virgulta
1870 1194 1987 1223 canoris.

1259 1230 1484 1268 Chelyscanora.
1508 1230 1571 1259 Sen.
1584 1231 1613 1259 in
1629 1230 1732 1260 Troad.
1749 1240 1811 1267 32¹·

1351 1268 1416 1297 Levi
1428 1277 1558 1297 canoram
1575 1268 1721 1298 verberans
1739 1267 1844 1306 plectro
1857 1267 1969 1305 chelyn.

1258 1304 1340 1336 Fides
1350 1315 1459 1335 canora.
1481 1305 1554 1342 Virg.
1566 1310 1591 1335 6.
1610 1306 1671 1335 AEn.
1689 1316 1749 1335 120.
1876 1306 2052 1344 ——Orpheue

1350 1343 1481 1373 Threicia
1491 1344 1574 1373 fretus
1584 1344 1689 1373 cithara
1699 1365 1707 1379 ,
1729 1343 1883 1380 fidibusque
1895 1344 2011 1373 canoris.

1278 1380 1355 1411 tibus
1366 1381 1486 1411 chordis.
1515 1381 1633 1411 Servius.

1257 1417 1390 1457 Filalyiae
1401 1426 1509 1448 canora.
1531 1418 1628 1448 Claud.
1641 1420 1671 1448 in
1683 1428 1800 1457 prooem.
1814 1428 1840 1449 2.
1858 1419 1894 1449 de
1906 1419 1988 1456 Rapt.
2001 1418 2121 1457 Proserp.
2137 1429 2179 1456 14.

1356 1456 1481 1487 Desuetae
1493 1457 1593 1494 repetit
1604 1456 1648 1486 fila
1661 1467 1761 1486 canora
1771 1457 1844 1494 lyrae.

1257 1493 1370 1525 Fluvius
1380 1504 1496 1524 canorus
1506 1495 1598 1524 avium
1609 1502 1759 1524 concentu.
1800 1495 1868 1524 Plin.
1881 1494 1927 1523 lib.
1944 1504 1969 1530 4.
1987 1503 2047 1531 cap.
2064 1499 2090 1528 8.
2113 1493 2246 1524 Allzibitur
2255 1495 2376 1532 Peneus,

1278 1533 1372 1562 viridis
1383 1532 1492 1562 calculo
1502 1554 1510 1568 ,
1533 1542 1660 1561 amoenus
1673 1533 1744 1562 circa
1755 1532 1828 1569 ripas
1840 1533 1962 1569 gramine
1971 1554 1978 1564 ,
1997 1541 2113 1561 canorus
2124 1533 2216 1562 avium
2229 1542 2379 1563 concentu.

1257 1569 1384 1600 Latratus
1395 1571 1611 1600 canoricanum.
1652 1570 1789 1600 Columel.
1802 1570 1850 1599 lib.
1864 1576 1890 1604 8.
1910 1570 1945 1598 de
1960 1569 2089 1600 Villatico
2106 1579 2174 1600 cane
2186 1593 2194 1607 ‚
2219 1571 2286 1601 Vasti
2304 1571 2382 1601 latra-

1279 1614 1322 1637 tus
1334 1630 1341 1643 ,
1362 1609 1521 1645 canor-ique.

1258 1645 1328 1683 Lyra
1338 1656 1447 1675 canora.
1471 1645 1568 1675 Claud.
1584 1654 1608 1681 3.
1625 1645 1659 1674 de
1667 1645 1748 1683 Rapt.
1762 1645 1883 1683 Proserp.
1896 1647 1961 1680 256.

1259 1684 1422 1714 Modulatus
1432 1693 1558 1713 canorus.
1579 1684 1641 1713 Sen.
1662 1683 1744 1712 Herc.
1761 1684 1812 1712 fur.
1825 1695 1851 1719 4.
1874 1683 1983 1712 Canoro
1995 1681 2057 1712 saxa
2067 1682 2339 1714 modulatutrahens.

1259 1722 1347 1760 Nugae
1359 1732 1475 1751 canorae.
1499 1722 1565 1751 Hor.
1580 1722 1610 1750 in
1621 1722 1683 1750 Arte
1696 1721 1770 1751 Poet.
1784 1731 1846 1757 322.

1340 1760 1432 1796 Quam
1444 1759 1536 1788 versus
1547 1760 1646 1796 inopes
1656 1768 1748 1788 rerum
1760 1782 1767 1793 ,
1790 1767 1922 1795 nugteque
1937 1767 2055 1787 canorae.

1258 1797 1362 1827 Orator
1377 1807 1493 1827 canorus
1506 1799 1531 1827 δι
1543 1797 1682 1827 volubilis.
1705 1798 1764 1826 Cic.
1779 1797 1814 1826 de
1825 1797 1895 1825 Clar.
1908 1796 1985 1826 Orat.
1997 1806 2060 1832 105.

1258 1835 1372 1865 Sonitus
1382 1836 1516 1865 Curetum
1527 1836 1634 1864 canori.
1658 1835 1728 1873 Virg.
1743 1847 1769 1870 4.
1782 1835 1882 1872 Georg.
1901 1843 1963 1870 150.

1259 1872 1350 1903 Tuba.
1373 1874 1456 1903 Ovid.
1471 1882 1494 1907 3.
1511 1873 1575 1902 Fast.
1590 1879 1653 1907 849.

1257 1911 1353 1941 Turba
1368 1933 1376 1946 ,
1396 1910 1547 1940 Tibicines.
1569 1910 1654 1940 Ovid.
1667 1913 1692 1940 6.
1707 1910 1776 1941 Fast.
1789 1913 1851 1947 671-

1259 1949 1367 1978 Versus.
1390 1949 1458 1978 Hor.
1471 1957 1497 1978 2.
1508 1949 1590 1986 Epist.
1605 1958 1629 1978 2.
1643 1955 1687 1985 78.

1259 1987 1401 2016 Volucres.
1425 1986 1509 2016 Ovid.
1525 1996 1548 2021 3.
1565 1986 1632 2016 fast.
1648 1996 1690 2023 17.

1259 2024 1329 2053 Vox.
1350 2025 1435 2054 Ovid.
1449 2035 1472 2060 3.
1485 2022 1520 2053 de
1532 2025 1594 2053 Arte
1606 2027 1664 2054 Am.
1679 2033 1742 2062 3¹¹·

1258 2063 1320 2092 vox
1331 2062 1418 2092 suavis
1430 2064 1456 2092 &
1469 2072 1579 2091 canora.
1620 2062 1678 2092 Cic.
1701 2063 1730 2091 in
1748 2061 1823 2090 Brut.
1833 2069 1895 2097 224.
1919 2060 1964 2090 Sic
1984 2059 2152 2096 intervallis,
2176 2060 2385 2091 exclamationi-

1279 2101 1349 2136 bus,
1369 2110 1438 2129 voce
1449 2099 1521 2129 suavi
1535 2102 1558 2128 8<
1571 2107 1670 2129 canora
1681 2122 1689 2136 ,
1711 2099 1876 2129 admirando
1886 2098 2025 2127 irridebat.

2124 970 2276 1009 Increpuit.

2106 1344 2125 1373 i.
2140 1354 2162 1374 e.
2186 1344 2262 1375 Bene
2281 1340 2380 1377 sonan.

1222 2134 1301 2168 CAN
1311 2148 1353 2167 ort
1364 2148 1381 2166 u
1391 2149 1423 2173 M,
1437 2138 1454 2167 i.
1472 2147 1499 2166 n.
1511 2136 1590 2166 subst.
1614 2134 1662 2173 [τὲ
1673 2138 1787 2174 Aiyvgisi]
1808 2137 1865 2166 Cic.
1886 2137 1921 2166 de
1935 2137 2092 2169 senecias.
2111 2135 2238 2166 Omnino
2251 2145 2386 2166 canorum

1262 2176 1332 2205 illud
1344 2176 1374 2204 in
1389 2184 1458 2204 voce
1468 2174 1634 2213 splendescit
1644 2177 1726 2205 etiarn
1739 2197 1747 2210 ,
1772 2174 1864 2204 nescio
1877 2184 1931 2211 quo
1944 2175 2026 2212 paeto
2037 2196 2045 2209 ,
2067 2175 2096 2202 in
2109 2173 2257 2203 senec‘tute.

1222 2213 1245 2243 C
1254 2225 1272 2243 A
1282 2224 1302 2242 N
1310 2224 1327 2242 o
1338 2223 1355 2242 R
1363 2223 1388 2248 Β,
1400 2213 1467 2243 Adv.
1489 2213 1570 2251 Apul.
1585 2213 1679 2243 Docti.
1693 2213 1757 2242 Plat.
1775 2222 1803 2250 p.
1814 2216 1840 2241 6.
1855 2213 1960 2242 Mulice
1973 2212 2094 2240 mundus
2105 2213 2130 2241 &
2139 2221 2239 2241 canore
2247 2216 2384 2242 movetur.

1223 2251 1359 2282 CANAx
1372 2273 1380 2286 ,
1400 2251 1465 2280 acis.
1493 2251 1554 2286 Adj.
1578 2250 1651 2280 Hinc
1672 2261 1690 2281 c
1702 2260 1749 2280 AN
1761 2260 1904 2279 Acri-izi<
1927 2253 1953 2279 ok
1970 2259 2095 2286 compar.

1223 2290 1246 2319 C
1256 2300 1273 2319 A
1284 2299 1332 2318 NA
1342 2298 1359 2318 c
1369 2300 1377 2317 i
1389 2298 1427 2318 us
1440 2310 1448 2324 ‚
1471 2288 1536 2318 Λᾶν.
1571 2289 1588 2317 i.
1605 2298 1629 2318 e.
1651 2289 1794 2319 Sonorius.
1828 2287 1908 2326 Apul.
1923 2297 1947 2324 3.
1961 2287 2063 2317 Florid.
2076 2297 2105 2325 p.
2120 2295 2182 2322 312.
2207 2286 2346 2317 ‘Canaciu's
2361 2288 2387 2316 &

1262 2327 1376 2366 ‘plenius
1387 2326 1459 2356 libro
1469 2326 1612 2356 mandare.

1224 2365 1274 2396 CA
1286 2373 1333 2393 NT
1344 2376 1352 2393 1
1363 2374 1380 2394 c
1390 2375 1407 2394 υ
1417 2374 1429 2394 s
1442 2386 1450 2400 ‚
1471 2374 1486 2393 a
1497 2385 1506 2399 ,
1528 2374 1582 2393 um.
1606 2363 1666 2399 Adj.
1688 2368 1719 2393 ut
1734 2385 1742 2399 ,
1764 2363 1959 2393 Deiinimentis
1978 2363 2096 2392 canticis
2109 2362 2211 2392 mulica
2222 2364 2384 2400 occupatur.

1267 2402 1392 2432 Macrob.
1405 2411 1431 2432 2.
1448 2402 1544 2431 Somn.
1555 2402 1630 2439 scip.
1648 2411 1672 2437 3.

1562 2441 1577 2475 [
1589 2438 1688 2474 biri-mn]
1710 2439 1822 2477 proprie
1836 2438 1967 2475 significat
1977 2437 2139 2475 Elegantem
2153 2445 2264 2467 cantum
2275 2460 2283 2471 ,
2304 2446 2388 2475 atque

1260 2479 1402 2509 lascivum.
1442 2477 1510 2507 Plin.
1526 2488 1567 2512 14.
1583 2477 1663 2514 Epist.
1677 2476 1726 2506 lib.
1742 2486 1768 2507 2.
1790 2476 1900 2506 Plausus
1912 2482 2021 2505 tantum
2033 2486 2065 2505 ac
2083 2477 2177 2514 potius
2193 2473 2248 2504 sola
2262 2476 2389 2513 cymbala

1260 2519 1290 2547 ’ἃ
1303 2524 1436 2554 tympana
1445 2516 1498 2544 illis
1507 2515 1624 2545 rcanticis
1638 2514 1745 2544 desunt.

1261 2554 1398 2584 Obscaena
1420 2555 1535 2583 cantica.
1581 2553 1704 2590 Quintil.
1726 2550 1774 2582 lib.
1788 2561 1812 2582 1.
1834 2562 1893 2590 cap.
1907 2561 1933 2581 2.
1962 2550 2057 2581 Omne
2076 2551 2240 2581 convivium
2258 2551 2390 2581 obscaenis

1282 2592 1401 2621 canticis
1414 2592 1516 2628 strepit.

1262 2630 1398 2667 Excipere
1406 2631 1515 2658 cantica
1524 2627 1614 2657 modis
1626 2627 1749 2657 musicis.
1769 2627 1891 2664 Quintil.
1905 2627 1952 2656 lib.
1965 2637 1988 2657 1.
2003 2636 2063 2664 cap.
2084 2636 2124 2657 ια.

1261 2667 1450 2698 Recitationes
1464 2665 1677 2701 comoedorum,
1696 2667 1941 2704 tragoedorumque
1962 2666 2135 2694 vocabantur
2153 2664 2287 2699 Cantica,
2309 2665 2384 2702 quod

1282 2706 1316 2735 ad
1328 2705 1428 2734 modos
1445 2704 1561 2734 musicos
1574 2710 1756 2738 canerentur,
1782 2709 1812 2733 ut
1833 2704 1959 2733 Donatus
1969 2702 2073 2741 proleg.
2099 2703 2127 2732 in
2148 2702 2261 2732 Terent.
2281 2709 2386 2732 monet.

1282 2743 1324 2773 Ex
1335 2743 1425 2780 eoipfi
1439 2744 1550 2772 Attores
1569 2743 1595 2771 ἃ
1607 2741 1776 2776 Histriones,
1798 2741 1931 2771 Cantores
1943 2763 1951 2776 ,
1972 2741 2058 2775 dieti,
2079 2741 2115 2770 de
2138 2751 2194 2778 quo
2214 2740 2298 2778 prule
2317 2741 2384 2777 post.

1283 2782 1360 2811 Suet.
1373 2781 1476 2810 Neron.
1492 2789 1557 2817 cap.
1571 2788 1613 2815 39.
1644 2779 1730 2809 Datus
1751 2779 1937 2809 Atellanarum
1954 2778 2047 2807 histrio
2070 2779 2100 2807 in
2120 2779 2228 2808 cantico
2249 2779 2388 2815 quodam,

1288 2817 1376 2851 {sylam
1400 2816 1479 2854 πάπξ
1499 2819 1551 2847 διε.
1574 2817 1652 2847 Idem
1663 2817 1742 2848 Galb.
1754 2827 1815 2855 cap.
1832 2827 1873 2853 13.
1911 2817 2056 2854 Siquidem
2068 2816 2199 2846 Atellanis
2218 2816 2389 2845 notillimum

1283 2857 1423 2887 canticum
1434 2856 1536 2885 exortis
1549 2877 1556 2890 ,
1579 2855 1661 2884 Venit
1671 2855 1818 2885 Onesimus
1829 2865 1843 2884 a
1856 2855 1918 2884 villa
1932 2856 1983 2884 Sec.

1261 2895 1379 2924 *Cantica
1391 2894 1502 2932 proprie
1514 2893 1685 2923 Histrionum
1706 2893 1801 2928 fuisse,
1823 2893 1889 2922 inde
1908 2900 2002 2931 patet,
2024 2891 2099 2929 quod
2123 2890 2233 2920 illorum
2251 2891 2389 2928 originem

1285 2933 1442 2962 describens
1457 2932 1517 2961 Liv.
1530 2941 1555 2968 7.
1572 2941 1597 2960 2.
1618 2931 1781 2960 histrionem
1791 2931 1937 2960 canticum
1949 2929 2031 2967 egisse
2043 2929 2171 2958 ostendit.

1225 2970 1250 3000 C
1260 2982 1279 3000 A
1289 2981 1308 2999 N
1317 2981 1336 2998 τ
1349 2982 1355 2998 ι
1366 2980 1384 2999 c
1394 2972 1410 2999 ὕ
1421 2981 1436 2998 ι.
1446 2980 1463 2998 υ
1474 2979 1486 2999 s
1497 2991 1505 3004 ,
1527 2970 1545 2998 i.
1565 2979 1601 2998 m.
1624 2969 1723 2999 dimin.
1744 2969 1895 3007 Septimius
1907 2969 1969 3000 Afer
1976 2968 2053 3006 apud
2066 2967 2299 3001 Terentianum„

1311 3008 1393 3037 Pinea
1407 3008 1519 3036 brachia
1529 3017 1593 3036 cum
1602 3008 1744 3044 trepidant
1757 3029 1765 3043 ,

1309 3046 1399 3075 Audio
1414 3045 1586 3074 canticulum
1601 3044 1733 3082 Zephyri.
1767 3044 1877 3074 Nonius
1887 3053 1911 3080 7.
1922 3053 1981 3077 ιη.
1996 3053 2030 3072 ex
2041 3042 2195 3080 Pomponio
2212 3051 2218 3070 :
2240 3040 2345 3071 Mirum
2355 3042 2386 3071 ni

1264 3083 1325 3112 hare
1338 3084 1426 3113 Marsa
1440 3084 1487 3119 est,
1504 3084 1533 3111 in
1546 3082 1672 3112 colubras
1686 3082 1769 3112 callet
1781 3080 2080 3117 canticulumfforsan
2089 3090 2103 3109 a
2112 3080 2186 3108 recto
2197 3078 2343 3108 Canticum
2357 3089 2386 3109 n.

1227 3121 1485 3156 CANTiti‘sNA,
1510 3131 1540 3150 ze.
1566 3120 1583 3150 f.
1606 3117 1734 3156 [μελπῆ]
1761 3121 1820 3150 Cic.
1840 3131 1860 3149 i.
1881 3118 1916 3148 de
1929 3120 2005 3148 Orat.
2024 3128 2084 3151 105.
2115 3116 2260 3145 Gerendus
2280 3118 2318 3145 est
2333 3117 2387 3146 tibi

1266 3169 1326 3188 mos
1339 3159 1572 3193 adolescentibus,
1587 3157 1685 3192 Crasse,
1700 3158 1745 3195 qui
1760 3169 1817 3187 non
1830 3158 1917 3187 Graeci
1930 3157 2046 3190 alicujus
2058 3155 2253 3192 quotidianam
2266 3153 2390 3191 loquaci·

1268 3204 1351 3225 tatem
1365 3197 1420 3226 line
1431 3196 1480 3226 usu
1493 3219 1500 3231 ,
1521 3206 1612 3232 neque
1624 3206 1658 3225 ex
1671 3196 1770 3225 stliolis
1781 3195 1948 3225 cantilenam
1958 3194 2107 3231 requirunt.

1266 3234 1417 3264 Cantilenae
1428 3257 1436 3269 ,
1463 3234 1525 3264 sunt
1535 3234 1676 3264 Musarum
1688 3234 1760 3263 filiae.
1791 3234 1821 3262 V.
1845 3231 1928 3262 Muris
1939 3233 2022 3260 etiam
2031 3240 2089 3259 rem
2101 3229 2203 3259 sac-ram
2212 3229 2303 3259 facere
2313 3252 2321 3265 ,
2334 3231 2387 3260 dte.

1287 3283 1316 3301 in
1338 3284 1357 3301 M
1369 3283 1387 3301 u
1397 3283 1408 3301 s
1419 3283 1447 3301 A.

1267 3309 1445 3340 Cantilenam
1454 3309 1531 3339 illam
1542 3309 1620 3338 suam
1631 3308 1728 3339 crebro
1737 3308 1805 3338 mihi
1813 3307 1959 3337 insusurrat
1967 3305 2154 3343 Epicharmus.
2169 3304 2227 3334 Cic.
2245 3315 2268 3335 1.
2281 3305 2385 3336 Arum.

1286 3348 1318 3377 V.
1342 3349 1597 3377 insusuituo&

1272 3385 1450 3415 Cantilenam
1462 3386 1584 3415 ‘eandem
1599 3394 1706 3413 canere.
1747 3383 1780 3413 In
1800 3393 1817 3411 c
1826 3393 1843 3411 A
1852 3392 1871 3411 N
1882 3391 1907 3411 ο.

1267 3423 1413 3453 Cantilena
1425 3446 1432 3458 ,
1454 3433 1505 3460 pro
1519 3423 1673 3459 „lactatione
1684 3421 1829 3450 verborum
1842 3442 1849 3454 ,
1871 3418 2084 3448 denuntiatione
2094 3419 2120 3448 Sc
2131 3426 2250 3448 rumore.
2276 3418 2335 3448 Cic.
2344 3428 2386 3449 rr.

1286 3461 1360 3491 Fam.
1375 3472 1419 3491 20.
1442 3462 1512 3491 Nam
1533 3462 1568 3489 de
1586 3467 1634 3488 tuo
1649 3459 1773 3496 periculo
1785 3480 1793 3493 ,
1815 3459 1897 3486 crede
1915 3456 2001 3490 mihi,
2023 3457 2172 3490 iactatione
2191 3456 2339 3485 verborum
2357 3459 2384 3486 δε

1287 3499 1503 3529 denuntiatione
1514 3498 1631 3529 periculi
1643 3519 1650 3530 ,
1672 3497 1777 3525 sacrare
1794 3505 1842 3524 eos
1862 3501 1889 3522 te
1913 3494 2104 3531 pertimefac'tu
2116 3516 2124 3528 ,
2145 3494 2320 3523 adol-:lfeiite
2339 3497 2390 3523 ini-

1307 3537 1364 3566 ulso
1377 3560 1384 3572 ,
1408 3536 1483 3575 posse
1500 3545 1598 3572 magna
1618 3508 1745 3569 toi-,Aequi
1766 3533 1879 3570 praemia
1891 3542 1896 3560 :
1920 3533 1944 3560 ἃ·
1963 3538 2051 3560 totam
2073 3532 2150 3561 istam
2164 3535 2334 3569 cantilenam
2355 3541 2390 3561 ex

1307 3585 1341 3603 oc
1353 3576 1476 3612 pendere
1488 3596 1495 3608 ,
1516 3583 1546 3602 ut
1557 3571 1792 3609 quamplurimum
1805 3570 1987 3599 lucrilaciant.

1267 3611 1413 3642 Librorum
1421 3611 1573 3641 cantiienas
1587 3619 1636 3646 pro
1649 3609 1762 3645 Inepriis
1773 3609 1799 3637 ἃ
1811 3608 1889 3643 nugi>
1904 3608 2088 3642 Hieronymus
2106 3607 2194 3644 Epist„
2204 3617 2246 3644 53.
2259 3614 2327 3638 extr.
2349 3607 2391 3636 di-

1290 3651 1347 3680 xit:
1370 3651 1405 3679 ad
1414 3650 1556 3678 nutricum
1569 3648 1593 3676 Sc
1607 3646 1776 3684 prael-icarum
1788 3645 1931 3682 nugatoria
1944 3646 2051 3673 cantica
2061 3644 2218 3682 respiciens.

1230 3688 1281 3717 CA
1291 3698 1312 3716 N
1321 3698 1340 3716 T
1349 3699 1358 3716 1
1368 3699 1384 3716 L
1396 3697 1409 3715 ii
1420 3697 1440 3715 N
1450 3690 1466 3715 ὃ
1476 3696 1487 3715 s
1497 3696 1513 3714 u
1522 3695 1534 3714 s
1544 3705 1552 3718 ,
1575 3695 1590 3713 a
1603 3706 1611 3718 ,
1633 3693 1688 3712 uni.
1710 3682 1855 3716 Metricos,
1872 3683 1906 3711 ad
1922 3681 2049 3711 musicam
2062 3683 2238 3719 compositus.
2259 3683 2354 3712 Sidon.
2364 3691 2389 3718 3.

1269 3725 1351 3763 Epist.
1377 3725 1523 3754 Poetarum
1536 3722 1597 3750 stilo
1607 3720 1780 3750 cantilenosas
1793 3730 1881 3757 nugae.
1905 3722 1930 3750 8:
1944 3731 1970 3756 4.
1989 3729 2011 3749 1.
2034 3719 2140 3757 Siquid
2149 3719 2262 3758 Lyricus
2278 3720 2392 3750 cantile-

1271 3763 1370 3792 nosum
1383 3761 1520 3791 condidit.

1232 3800 1417 3833 CANTOR,
1437 3798 1500 3827 oris.
1522 3806 1558 3826 m.
1583 3792 1697 3832 [cimbia
1720 3793 1857 3832 ,κει-εξῃές,
1885 3791 2031 3830 (sthennis,
2054 3794 2177 3830 ψάλτης]
2209 3795 2267 3831 Qii
2290 3803 2388 3824 cantus

1271 3844 1390 3867 exercet.
1413 3836 1481 3865 Hor.
1504 3845 1526 3863 i.
1544 3835 1630 3864 Serm.
1643 3842 1667 3867 3.
1681 3842 1723 3870 pr.

1347 3873 1487 3903 Omnibus
1501 3873 1554 3900 hoc
1567 3872 1663 3900 vitium
1674 3871 1712 3898 est
1727 3869 1905 3903 cantoribus,
1930 3870 1981 3899 &c.

1272 3911 1374 3941 Cantor
1386 3910 1566 3939 formularum
1584 3931 1592 3943 ,
1614 3918 1665 3945 pro
1675 3908 1844 3945 =iurisperiti).
1886 3907 1944 3936 Cic.
1962 3918 1984 3936 i.
1998 3906 2033 3936 de
2045 3906 2122 3936 Orat.
2137 3916 2163 3936 2.
2178 3911 2220 3940 36.
2243 3906 2282 3935 lia
2302 3907 2328 3935 ἀ
2341 3905 2394 3934 tibi

1291 3947 1505 3984 ,iurisconsultus
1514 3946 1571 3985 ipse
1584 3956 1634 3984 per
1644 3945 1670 3975 se
1682 3946 1753 3975 nihil
1767 3966 1776 3982 ,
1798 3945 1846 4013 rigi
1860 3943 1998 3981 leguleius
2009 3945 2123 3982 quidam
2135 3952 2230 3974 cautus
2242 3946 2267 3974 Sc
2278 3950 2374 3972 acutus
2384 3964 2392 3976 ,

1853 3990 1892 4020 gg
2302 3989 2393 4017 praeco
