2600 4177
0 2572 13 3528 -ρ-ὡῖὲψ-ῌῷ-ῥιο--σ-ψ-ῌ-

38 2596 46 2601 ι

480 122 802 170 'con

118 210 250 243 Conferre
259 211 285 244 se
300 215 327 244 iri
338 215 441 251 fugam.
477 214 535 245 Cic.
548 224 600 253 pro
609 215 712 245 Caecin.
725 224 770 246 22.
791 215 897 247 Eodem
911 223 1039 257 tempore
1050 217 1076 248 se
1095 218 1125 249 in
1138 218 1232 256 fugam

137 251 316 282 contulerunt
325 262 378 282 una
389 252 480 281 amici.

118 286 150 317 In
162 289 246 326 pedes
257 289 284 319 se
294 291 428 320 conferre.
448 289 535 319 Plaut.
545 289 644 319 Bacch.
655 297 680 326 3.
695 299 719 319 1.
735 299 760 327 7.

214 327 283 363 Quat
297 334 327 356 ut
337 327 429 365 aspexi
439 348 447 362 ‚
469 336 514 355 me
530 327 665 356 continuo
677 328 782 357 contuli
795 330 922 366 protinus
935 331 962 359 in
975 330 1069 368 pedes.

119 361 243 394 Confero
258 374 302 394 me
315 366 344 394 in
357 373 504 401 campum,
525 363 568 393 vel
579 365 613 393 ad
629 374 759 402 campum
775 376 782 401 ;
810 367 838 395 in
861 368 975 401 urbem.
998 368 1042 397 vel
1060 368 1096 397 ad
1115 367 1211 399 urbem
1226 379 1236 405 ;

140 401 158 429 i.
176 410 191 429 e
222 401 309 431 Vado.
347 403 416 438 Quae
426 401 531 430 locutio
543 401 683 439 eleganter
693 403 776 432 etiam
791 405 878 439 potest
890 407 955 442 poni
978 405 1034 435 sine
1046 405 1179 443 particula
1196 418 1205 436 1
1216 416 1239 435 N

139 439 167 468 ἃ
189 449 207 467 Α
218 449 245 469 D.
285 438 313 470 Si
324 446 416 469 autem
436 438 581 476 personam
600 440 676 469 dicas
687 462 695 475 ‚
717 450 773 469 nori
795 442 888 471 locum
902 463 910 477 ‚
932 443 1081 472 necessario
1102 444 1239 481 particula

141 485 187 505 An
205 477 339 506 utendum
353 476 410 506 est:
432 483 484 512 ut,
506 476 619 507 Contuli
634 488 679 507 me
690 479 724 507 ad
734 486 838 516 patrem
848 501 856 514 ‚
878 481 970 509 nonin
981 488 1096 518 patrem.
1119 481 1240 518 Quoties

140 521 235 543 autem
249 514 412 550 significatur
423 514 558 550 donatio,
579 524 618 544 riv
638 516 775 546 utendum
793 516 848 545 est:
878 524 923 552 ut,
946 518 1035 548 Multa
1054 519 1082 547 in
1100 518 1241 554 Joannem

139 551 248 580 contuli
268 551 412 581 beneficia.
452 552 596 590 Quicquid
619 553 649 582 in
667 553 790 591 ingratos
809 554 952 585 confertur
965 578 973 592 ‚
1000 555 1084 595 plane
1105 557 1239 595 perditur.

140 588 206 618 Non
216 594 308 618 autern
320 590 353 618 ad
367 591 486 627 ingratos
496 596 552 620 tam
567 590 706 629 eleganter
718 592 830 622 dixeris.

121 622 239 655 Romam
251 626 276 655 se
292 627 419 657 contulit.
439 627 496 657 Cic.
508 638 557 666 pro
569 628 641 658 Flac.

119 665 155 693 Se
171 671 243 692 retro
254 665 388 694 conferre.
411 664 508 695 Claud.
520 666 556 695 de
567 676 593 701 4.
606 665 687 696 Cons.
704 666 777 696 Hon.
792 674 855 703 399.

120 701 157 731 Se
164 702 272 730 confert
283 703 383 738 pituita
395 704 423 732 in
434 704 614 734 stomachum.
655 703 725 733 Cels.
741 704 790 733 lib.
800 713 826 733 2.
841 714 902 743 cap.
919 714 961 735 12.
983 705 1012 735 Si
1026 706 1055 736 in
1070 706 1243 736 stomachum

141 740 269 776 quaedam
281 740 378 770 biliosa
390 750 579 778 concurrunt,
601 741 644 772 vel
654 742 737 771 etiam
751 742 852 780 pituita
867 752 901 772 eo
918 743 945 774 se
959 765 968 780 ‚
989 743 1124 775 humorve
1143 744 1243 783 aliquis

141 784 219 813 aquae
231 776 324 807 similis
334 780 450 809 confert.

121 813 197 843 Seria
208 815 335 845 conferre
345 826 408 846 cum
423 817 526 853 aliquo.
548 816 634 846 Ovid.
646 826 671 846 2.
684 817 719 846 de
731 816 809 847 Pont.
823 827 848 853 4.
865 827 891 853 9.

118 851 294 883 Seditionem
305 855 332 883 in
346 854 536 892 tranquillum.
556 855 642 884 Plaut.
655 854 775 892 Amphit.
790 864 814 884 r.
825 865 852 885 2.
867 858 912 886 16.

202 891 269 920 Eam
283 891 447 922 seditionem
459 893 487 921 in
499 892 678 929 tranquillum
688 892 823 923 conferet.

121 926 285 958 Sermonem
296 951 305 964 ,
327 940 378 967 pro
387 930 527 967 Colloqui.
549 930 633 960 Plaut.
649 930 750 968 Amph.
767 939 794 960 2.
809 939 836 961 2.
848 939 894 969 25.

215 967 346 997 Conferas
358 968 514 998 sermonem
524 977 577 998 nec
587 969 652 1005 joco
665 977 719 998 nec
729 967 809 999 serio.
891 969 924 1000 In
935 969 1059 1001 Gronov.
1082 969 1154 1001 Cum
1165 980 1199 1002 ea
1210 976 1243 1002 tu

140 1003 221 1033 serm.
243 1005 307 1034 Tibi
317 1005 427 1036 habeas.

120 1040 287 1071 Sermonem
297 1044 423 1073 conferre
437 1053 501 1073 cum
511 1043 614 1081 aliquo.
654 1043 713 1074 cic.
725 1051 752 1074 2.
765 1043 802 1074 de
812 1043 920 1076 Invent.
942 1044 1015 1075 Cum
1026 1046 1082 1077 hoc
1093 1052 1124 1077 ut
1135 1045 1192 1077 fere
1202 1045 1244 1084 fit,

141 1079 172 1107 in
184 1080 229 1108 via
238 1080 394 1111 sermonem
408 1081 537 1111 contulit.

119 1116 272 1147 Sermones
284 1119 432 1149 conferunt
441 1120 512 1148 inter
521 1118 557 1149 se.
580 1118 668 1148 Plaut.
681 1117 764 1149 Curc.
775 1128 803 1149 2.
818 1128 843 1156 3.
857 1129 900 1150 11.

216 1155 360 1192 Constant,
381 1157 533 1187 conferunt
541 1166 640 1186 omnes
649 1157 789 1186 sermones
799 1157 871 1187 inter
882 1158 908 1187 se
918 1158 1048 1197 drapetae.

139 1191 212 1222 Vide
220 1203 256 1223 an
270 1194 377 1224 dicatur
387 1197 413 1225 δι
423 1195 479 1224 sine
487 1195 646 1230 adjectione
655 1194 789 1224 Conferre
799 1196 869 1225 inter
880 1196 917 1231 se,
938 1203 969 1226 ut
978 1198 1070 1227 aaut.
1083 1207 1144 1236 cap.
1155 1208 1181 1235 4.
1197 1205 1241 1234 ις.

139 1230 265 1259 misam
280 1231 344 1262 wok
363 1234 464 1262 ἀλλήλω
483 1232 623 1261 redditum
637 1231 710 1268 fuit,
731 1232 920 1264 Conferebant
929 1235 1001 1265 inter
1010 1234 1047 1266 se.
1068 1235 1105 1266 Η.
1117 1237 1155 1266 St.
1179 1236 1244 1267 Vul-

141 1275 221 1306 gatus
236 1270 276 1299 Ad
287 1271 416 1300 invicem.
438 1270 469 1300 V.
491 1269 571 1308 snpra
587 1269 722 1299 Conferre
731 1291 740 1306 ‚
761 1270 898 1308 Colloqui.

119 1305 213 1344 Signa.
252 1307 346 1338 Livius
360 1318 383 1338 1.
397 1317 440 1345 33.
458 1307 610 1345 Aliquoties
618 1309 756 1338 exercitus
768 1308 881 1339 Latinus
891 1311 1020 1340 cominus
1029 1320 1097 1342 cum
1106 1310 1245 1343 Romanis

139 1345 216 1383 signa
228 1346 393 1376 contulerat.
426 1347 443 1376 i.
457 1355 482 1375 e.
505 1345 646 1383 Congressi
655 1346 764 1376 fuerant
774 1347 863 1376 Latini
879 1357 945 1378 cum
959 1349 1103 1379 Romanis.
1146 1350 1205 1380 Cic.
1215 1360 1243 1386 7.

140 1384 196 1413 Att.
211 1394 234 1419 ς.
246 1392 316 1414 extr.
337 1384 487 1421 Reliquum
496 1384 536 1414 est
544 1384 628 1420 jocari
639 1406 647 1420 ,
668 1384 686 1413 fi
697 1384 743 1414 hic
757 1384 842 1415 sinat:
863 1395 928 1415 nam
941 1396 992 1424 ego
1006 1387 1030 1416 is
1042 1385 1103 1416 sum
1113 1407 1122 1422 ‚
1144 1388 1192 1427 qui
1202 1388 1246 1418 illi

139 1422 260 1451 concedi
272 1429 369 1460 putem
379 1421 474 1452 utilius
484 1421 539 1452 esse
572 1422 629 1451 uod
642 1422 778 1460 postulat,
799 1433 881 1460 quam
892 1423 967 1462 signa
980 1424 1112 1455 conferri.

118 1458 299 1497 Stipendium
308 1460 398 1490 studio
408 1459 528 1489 alterius.
553 1431 694 1490 (Columel.
705 1459 755 1490 lib.
769 1470 792 1491 r.
804 1471 866 1499 cap.
883 1471 907 1491 r.

117 1497 218 1527 Studia
232 1496 279 1527 sua
286 1498 418 1528 omniain
429 1497 560 1536 aliquem.
598 1497 656 1528 cic.
671 1507 696 1528 2.
711 1498 818 1535 erat.
832 1509 875 1535 14.
896 1500 991 1537 Quare
1003 1500 1071 1530 facis
1085 1505 1115 1530 tu
1127 1501 1245 1538 quidem

138 1535 259 1565 fraterne
268 1557 276 1571 ‚
298 1535 374 1573 quod
384 1545 430 1566 me
441 1536 556 1565 hortaris
567 1558 575 1571 ‚
596 1535 644 1565 sed
653 1545 698 1565 me
709 1536 822 1566 hercule
832 1544 995 1568 currentem
1006 1548 1084 1568 nunc
1105 1539 1222 1576 quidem
1233 1560 1244 1576 ‚

140 1580 173 1603 ut
182 1574 278 1603 omnia
294 1583 356 1603 mea
364 1574 453 1604 studia
464 1575 493 1603 in
507 1574 587 1603 istum
599 1583 689 1604 unum
702 1575 853 1604 conferam.

119 1610 252 1642 Studium
262 1621 346 1641 omne
356 1619 440 1650 atque
456 1621 542 1641 omne
559 1612 705 1650 ingenium
726 1613 854 1643 conferre
866 1613 902 1643 ad
919 1612 1038 1651 alicujus
1054 1613 1173 1652 gloriam
1186 1614 1247 1646 lau-

141 1650 264 1687 demque
277 1649 485 1680 celebrandam.
508 1649 566 1679 Cic.
579 1659 630 1688 pro
641 1650 722 1680 Arch.
735 1660 779 1686 19.

118 1687 250 1718 Studium
264 1688 291 1718 ἀ
304 1697 418 1726 operam
429 1688 459 1718 in
472 1697 530 1718 rem
544 1687 674 1725 aliquam.
695 1688 754 1718 Cic.
766 1697 790 1719 1.
805 1688 862 1720 Off.
875 1698 920 1720 22.
942 1689 1077 1720 Deserunt
1089 1691 1166 1720 enim
1177 1691 1243 1722 vitat

137 1725 338 1762 societatem&
349 1726 420 1756 nihil
431 1726 581 1756 conferunt
590 1727 619 1756 in
627 1735 689 1756 eam
700 1726 864 1764 studii,nihil
875 1737 975 1766 operae,
986 1728 1057 1758 nihil
1067 1728 1242 1762 facultatum.

118 1763 298 1794 Studiaintei·
308 1763 344 1795 se.
366 1762 488 1801 Quintil.
500 1764 529 1793 in
537 1773 656 1803 prooem.
668 1763 717 1794 lib.
729 1775 756 1801 4.

117 1801 246 1840 Tempus
266 1802 295 1831 in
315 1812 375 1832 rem
387 1802 518 1839 aliquam.
560 1801 630 1831 Plin.
644 1801 742 1840 Paneg.
762 1811 785 1832 1.
808 1802 847 1832 Ad
867 1813 926 1833 rem
942 1803 1072 1841 aliquam.
1114 1805 1172 1835 Cic.
1192 1815 1244 1843 pro

138 1839 212 1878 Lege
230 1840 328 1870 Manil.
339 1850 366 1875 9.
388 1840 563 1870 Mithridates
571 1846 665 1870 autem
672 1850 759 1870 omne
769 1840 906 1878 reliquum
915 1847 1026 1880 tempus
1040 1852 1099 1872 non
1118 1843 1154 1873 ad
1170 1843 1245 1874 obli-

138 1878 252 1907 vionem
263 1879 364 1909 veteris
373 1877 439 1909 belli
453 1898 460 1910 .
481 1878 529 1908 sed
541 1878 577 1907 ad
586 1879 826 1916 comparationem
837 1880 901 1909 novi
912 1879 1040 1910 contulit.

118 1916 270 1947 Tributum
286 1917 316 1946 in
333 1916 454 1946 militare
476 1916 654 1954 stipendium.
694 1916 753 1947 Liv.
765 1928 792 1953 4.
805 1921 851 1947 60.
875 1917 1014 1947 Postremo
1025 1940 1034 1954 ‚
1057 1918 1165 1948 indicto
1186 1918 1246 1952 jam

135 1954 245 1984 tributo
260 1976 268 1989 ‚
290 1954 531 1985 edixeruntetiam
540 1953 658 1983 Tribuni
676 1954 782 1985 auxilio
792 1954 819 1985 se
830 1955 939 1985 futuros
948 1977 958 1992 ,
978 1956 997 1985 si
1009 1956 1070 1994 quis
1080 1957 1110 1986 in
1122 1955 1245 1988 militare

136 1993 168 2022 sti
191 1992 308 2022 endium
317 1993 452 2023 tributum
459 2002 518 2022 non
532 1991 704 2023 contulisset.

116 2030 168 2062 Tri
191 2037 236 2060 uta
245 2039 280 2059 ex
288 2030 370 2060 censu
381 2030 530 2068 quotannis
546 2029 682 2060 conferre.
722 2030 781 2061 Cic.
794 2041 820 2068 4.
838 2030 915 2062 Verr.
931 2039 991 2069 137.
1021 2031 1051 2061 h.
1063 2041 1088 2064 e.
1120 2030 1171 2062 Pro
1186 2039 1244 2064 rata

138 2069 271 2107 portione
287 2068 385 2098 census
396 2090 404 2104 ‚
425 2067 472 2099 seu
485 2067 659 2098 facultatum.

117 2106 209 2138 verba
218 2106 259 2174 εἳ,
259 2116 331 2174 ‘mli
328 2107 455 2136 conferre
466 2129 474 2143 ‚
495 2106 533 2136 est
540 2126 550 2143 ,
570 2112 602 2136 ut
611 2107 650 2136 ait
656 2106 782 2137 Donatus
792 2126 801 2143 ‚
822 2107 941 2146 Aggredi
949 2116 1031 2145 agere
1042 2107 1119 2145 quod
1129 2108 1242 2140 diceba.

138 2154 210 2175 mus,
260 2154 297 2174 er.
332 2155 380 2174 un.
391 2156 418 2181 4.
433 2148 457 2174 6.
470 2155 497 2180 4.
1043 2180 1046 2181 ⁷

212 2182 304 2220 Usque
311 2183 383 2213 adeo
394 2193 447 2221 ego
457 2183 532 2213 illiue
544 2182 615 2213 ferre
625 2182 736 2221 possum
747 2183 867 2221 ineptias
874 2203 884 2218 -,
907 2184 933 2213 δι
943 2183 1091 2222 magnifica
1100 2184 1185 2216 verba
1193 2206 1204 2223 ‚

211 2220 300 2251 Verba
309 2221 377 2251 dum
385 2221 452 2251 sint:
474 2230 572 2251 verum
582 2222 657 2251 enirn
669 2221 687 2250 si
696 2222 731 2251 ad
740 2231 798 2251 rem
809 2223 988 2251 conferentur
1000 2244 1008 2258 ‚
1029 2223 1182 2261 vapulabit.

120 2259 243 2291 Verbum
253 2260 282 2289 in
290 2259 422 2296 aliquem.
461 2259 523 2288 Cic.
537 2270 560 2294 ς.
574 2259 649 2290 Fam.
666 2270 690 2294 ς.
712 2259 784 2289 Nam
794 2260 958 2299 comperisse
971 2270 1018 2290 me
1030 2270 1089 2289 non
1100 2261 1190 2291 audeo
1201 2261 1244 2292 cli.

134 2308 201 2367 {ere
212 2308 219 2328 :
241 2307 277 2327 ne
288 2297 359 2365 {orte
368 2297 398 2327 id
406 2296 497 2336 ipsum
506 2297 623 2327 verbum
636 2306 743 2336 ponam
753 2318 761 2334 ‚
781 2298 859 2336 quod
880 2297 930 2329 abs
941 2304 970 2328 tc
986 2299 1065 2329 aiunt
1074 2298 1143 2329 falso
1155 2300 1186 2329 in
1196 2310 1244 2332 me

148 2337 225 2366 oriere
236 2345 290 2366 con
304 2336 366 2366 etri.

117 2373 195 2405 Vires
205 2375 234 2404 in
245 2384 344 2404 unum.
386 2373 445 2404 Liv.
458 2381 503 2411 27.
516 2382 560 2410 39.
572 2383 615 2411 pr.
637 2371 674 2402 Ut
684 2379 799 2411 uterque
809 2372 962 2403 Consulum
969 2373 1077 2404 hostem
1086 2374 1116 2404 in
1126 2372 1170 2405 sua
1179 2385 1244 2414 pro.

137 2413 230 2443 vincia
240 2413 408 2448 contineret,
418 2421 510 2448 neque
519 2411 665 2448 conjungi,
674 2418 722 2441 aut
734 2412 860 2441 conferre
871 2412 900 2441 in
911 2422 1000 2442 unum
1010 2413 1080 2442 vires
1090 2419 1240 2450 pateretur.

117 2450 224 2480 Vocem
237 2451 265 2479 in
275 2451 406 2487 quaestum
417 2450 551 2479 conferre.
593 2449 650 2478 Cic.
663 2458 713 2485 pro
724 2450 821 2486 Quint.
838 2460 880 2480 11.
903 2449 1000 2487 Quum
1020 2451 1047 2480 ei
1060 2457 1157 2487 natura
1172 2452 1242 2482 nihil

135 2489 238 2519 melius
253 2498 334 2525 quam
342 2498 443 2518 vocem
451 2486 588 2523 dedisset,
609 2487 766 2525 pater-nihil
782 2495 879 2525 praeter
894 2487 1053 2518 libertatem
1071 2488 1242 2528 reliquisset,

133 2527 274 2557 vocemin
285 2527 418 2563 quaestum
428 2525 559 2556 contulit.
589 2525 608 2554 i.
617 2535 642 2554 e.
665 2525 740 2555 Voce
752 2526 884 2563 quaestum
895 2526 970 2556 fecit.

116 2565 298 2594 Voluntatem
313 2565 341 2593 in
351 2564 483 2602 aliquem.
507 2563 564 2593 Cic.
583 2572 624 2599 ¹3·
638 2563 713 2593 Fam.
731 2569 772 2598 18.

115 2603 250 2632 Conferre
262 2603 290 2631 in
298 2602 421 2639 aliquem
429 2602 473 2631 vel
484 2601 590 2639 aliquid
600 2601 743 2639 quidpiam
761 2624 770 2637 ‚
793 2611 843 2640 pro
858 2602 999 2641 imputare
1008 2602 1092 2633 alicui
1102 2603 1219 2635 causam.

116 2641 196 2672 Falso
206 2641 335 2670 conferre
344 2641 450 2678 aliquid
462 2641 490 2669 in
499 2640 629 2677 aliquem.
651 2640 710 2669 Cic.
724 2651 749 2676 ς.
761 2640 838 2670 Fam.
851 2651 875 2675 ς.

114 2679 232 2709 Causam
242 2680 272 2708 in.
281 2679 411 2716 aliquem.
451 2677 511 2708 Cic.
527 2687 570 2707 12.
586 2679 639 2707 Ati.
655 2686 699 2714 31.
711 2688 753 2716 pr.
775 2676 913 2714 Equidem
932 2679 1022 2713 magis
1041 2679 1144 2715 miror,
1161 2680 1241 2717 quod

136 2719 261 2785 quunhin
270 2717 358 2746 silium
368 2716 478 2747 causam
488 2716 645 2752 conferret,
664 2725 725 2754 quan
743 2716 814 2746 mihi
835 2726 894 2747 non
915 2712 1014 2753 iniusta
1030 2718 1141 2749 videtur
1155 2740 1165 2754 ‚
1184 2720 1239 2749 ἃς.

134 2757 153 2784 i.
164 2766 189 2785 e.
238 2756 361 2791 ejiceret.

115 2794 267 2824 Crimenin
276 2793 408 2830 aliquem.
430 2792 491 2822 Cic.
503 2801 530 2822 2.
543 2791 579 2822 de
591 2791 668 2822 Orat.
685 2798 748 2826 182.

114 2833 231 2863 Crimen
244 2829 340 2861 fal'sum
351 2832 381 2860 in
389 2830 561 2869 purissimam
571 2831 597 2860 Sc
606 2829 780 2861 castissimam
788 2829 874 2861 vitam
883 2828 1003 2867 alicujus
1018 2830 1156 2862 conferre.
1179 2831 1240 2864 Oic.

137 2880 187 2907 pro
198 2869 278 2900 Rosc.
292 2869 372 2899 Com.
385 2878 431 2898 20.

115 2908 237 2947 Culpam
246 2907 276 2937 in
286 2907 418 2944 aliquem.
456 2905 521 2936 Ter.
535 2905 606 2936 Eun.
619 2915 646 2937 2.
656 2915 682 2936 2.
692 2916 739 2943 9ς.
1153 2944 1157 2945 7

207 2946 289 2983 Quid
301 2946 383 2975 istic?
404 2944 434 2975 Si
441 2950 550 2974 certum
561 2944 601 2973 est
610 2944 702 2974 facete
713 2967 722 2980 ‚
742 2944 845 2975 facias:
866 2953 962 2975 verum
976 2954 1012 2975 ne
1023 2943 1084 2983 post
1095 2946 1222 2978 conferas

205 2983 331 3022 Culpam
340 2983 369 3012 in
379 2992 435 3012 me.
549 2982 609 3012 Cic.
618 2992 644 3017 9.
657 2983 711 3013 Art.
719 2992 748 3013 2.
768 2983 861 3019 Solet,
881 2993 969 3021 quum
979 2983 1006 3012 se
1016 2991 1134 3022 purgat,
1156 2986 1184 3014 in
1194 2994 1240 3015 me

134 3019 262 3052 conferre
276 3031 390 3051 omnem
403 3019 517 3050 illorum
532 3026 692 3058 temporum
705 3020 830 3058 culpam.
903 3057 905 3061 Ι

113 3059 254 3090 Permulta
262 3061 293 3089 in
304 3060 426 3096 aliquem
439 3080 447 3094 ,
469 3068 529 3097 quae
541 3058 575 3088 ab
595 3068 630 3089 eo
648 3068 792 3096 nunquam
809 3059 883 3089 dieta
903 3057 985 3095 sunt,
1003 3058 1143 3090 conferre.
1178 3060 1239 3091 Cic.

157 3108 186 3128 ro
197 3098 287 3128 Plane.
335 3118 343 3127 =.
753 3109 759 3115 ·

112 3106 311 3174 siispicioneni
319 3108 350 3165 iri
357 3135 487 3173 aliquem.
525 3134 585 3165 Cic.
596 3144 647 3173 pro
658 3134 740 3165 Rosc.
753 3134 844 3164 Amet.
859 3144 905 3170 99.
928 3133 1017 3163 Audio
1026 3141 1167 3174 praeterea‚
1178 3145 1238 3165 non

134 3175 209 3204 hanc
218 3174 404 3212 suspicionem
413 3183 489 3203 nunc
500 3172 622 3211 primum
631 3171 660 3202 in
673 3172 842 3210 Capitonem
853 3171 982 3202 conferri.

112 3211 260 3244 Timorem
274 3212 353 3242 suum
365 3212 492 3241 conferre
513 3212 542 3240 in
558 3210 674 3249 aliquid.
714 3209 782 3241 Caei:
796 3220 820 3240 1.
845 3210 913 3239 Bell.
925 3209 995 3239 Gall.
1006 3220 1052 3245 40.
1081 3211 1138 3248 Qui
1158 3211 1237 3242 suum

130 3252 265 3280 timorem
276 3251 305 3279 in
317 3251 355 3279 rei
367 3250 552 3279 frumentariae
563 3249 766 3279 simulationem
775 3271 784 3286 ‚
805 3247 993 3287 angustiasque
1006 3248 1114 3278 itineris
1127 3250 1239 3280 confer.

133 3295 203 3318 rent.
232 3290 250 3318 i.
262 3298 287 3319 e.
310 3288 425 3318 Causam
434 3288 544 3317 timoris
556 3297 618 3317 eam
628 3286 768 3317 afferrent.

94 3340 96 3343 ·
113 3327 186 3357 Vitia
197 3327 283 3356 suain
293 3326 473 3356 senectutem.
513 3324 573 3356 Cic.
586 3325 622 3354 de
633 3326 745 3355 Senect.
756 3334 799 3361 14.
821 3325 876 3355 Sua
888 3324 966 3354 enim
977 3324 1044 3354 vitia
1054 3323 1216 3362 insipientes
1227 3347 1237 3363 ,

130 3366 159 3395 t&
170 3365 245 3395 suam
255 3364 367 3402 culpam
377 3364 406 3393 in
417 3363 586 3393 senestutem
599 3363 756 3392 conferunt.

112 3403 247 3433 Conferre
255 3425 264 3438 ,
286 3401 474 3439 [συμέοίᾶκειν]
496 3401 672 3439 Comparare.
693 3401 820 3431 Dicimus
829 3404 923 3429 autem
933 3421 943 3434 ,
964 3399 1085 3429 Confero
1097 3406 1124 3430 te
1132 3401 1172 3430 illi
1183 3423 1190 3436 ‚
1208 3403 1236 3432 &c

130 3451 198 3471 cum
214 3441 277 3470 isto.
318 3440 380 3470 Cic.
392 3443 419 3469 6.
428 3438 504 3468 Verr.
518 3449 578 3469 121.
599 3438 644 3469 Tu
661 3439 771 3476 dignior
785 3437 882 3467 Verres
895 3447 976 3474 quam
999 3437 1144 3468 Calidius?
1165 3440 1234 3476 qui,

132 3487 164 3509 ut
178 3489 236 3508 non
256 3478 400 3509 conferam
415 3478 500 3507 vitam
513 3483 596 3514 atque
610 3477 821 3506 aestimationem
842 3482 917 3505 tuam
932 3484 998 3504 cum
1016 3475 1091 3506 illius
1120 3476 1237 3514 (neque

131 3518 208 3547 enirn
217 3517 255 3546 est
267 3515 458 3551 conserenda)
478 3515 533 3544 hoc
544 3514 633 3552 ipsum
648 3515 802 3547 conferam.
822 3519 915 3551 quotu
925 3520 953 3543 te
962 3512 1133 3550 superiorem
1144 3514 1233 3553 fingis.

113 3555 167 3585 aiii
178 3565 214 3584 ne
221 3555 337 3584 minima
349 3553 462 3591 quidem
471 3562 507 3582 ex
517 3559 596 3590 parte
605 3551 768 3584 conferendi
777 3552 849 3582 aliis.
872 3551 930 3581 Cic.
951 3561 973 3580 ι.
994 3550 1051 3581 Off.
1063 3555 1108 3587 76.

113 3592 166 3624 Illa
174 3602 234 3630 quae
243 3600 340 3622 natura
349 3601 407 3621 non
417 3591 514 3620 litteris
524 3589 638 3620 assecuti
646 3588 708 3619 sunt
717 3588 857 3623 Romani,
878 3598 970 3625 neque
977 3599 1043 3619 cum
1053 3589 1166 3626 Graecia,
1186 3600 1237 3621 ne.

131 3640 187 3668 que
201 3629 256 3660 ulla
266 3640 333 3660 cum
343 3636 426 3666 gente
436 3628 499 3659 sunt
506 3628 686 3658 conferenda.
709 3628 767 3658 Cic.
786 3639 810 3664 5.
826 3626 910 3657 Tute.
920 3637 947 3656 2.

113 3669 249 3700 Conferre
259 3668 403 3698 novissima
413 3668 518 3705 primis.
549 3667 567 3695 i.
583 3676 608 3696 e.
630 3665 817 3704 Conjungere.
839 3665 905 3701 [vel
923 3665 1019 3703 potius
1040 3664 1235 3703 Comparare]

132 3707 193 3737 Cic.
201 3706 348 3736 *edoctam
368 3706 442 3735 Nam
453 3712 484 3734 ut
493 3704 584 3734 ordiar
594 3715 609 3734 a
619 3704 760 3742 principio
771 3726 779 3740 ,
800 3705 826 3734 δι
839 3703 992 3741 perducam
1007 3703 1042 3732 ad
1057 3710 1215 3734 extremum
1225 3726 1233 3741 ,

133 3747 160 3776 &
168 3743 462 3774 noviffimaconferam
471 3752 537 3772 cuin
549 3742 654 3780 pri-niis.

112 3782 334 3821 Amplitudinem
345 3790 517 3819 gemmarum
533 3780 658 3810 conferre
669 3800 677 3813 ‚
698 3778 716 3807 i.
729 3788 754 3808 e.
776 3777 937 3816 Explorate.
959 3777 1033 3808 Suet.
1047 3778 1114 3808 Caes.
1127 3788 1173 3816 47.

111 3821 214 3852 Causas
225 3819 352 3849 conferre
363 3841 372 3856 ‚
391 3821 418 3849 ἃ
429 3819 498 3856 quid
507 3819 536 3848 in
546 3826 684 3856 quamque
693 3816 859 3846 sententiam
868 3815 925 3846 dici
935 3816 1018 3855 poffit
1028 3838 1038 3853 ,
1055 3825 1232 3856 expromere.

129 3860 191 3889 Cic.
204 3867 228 3887 2.
237 3859 273 3887 de
287 3857 376 3887 Divin.
390 3867 420 3892 ις
428 3866 450 3886 1.

113 3896 248 3934 Exempla
257 3896 372 3925 aliorum
383 3896 519 3924 conferre.
541 3893 606 3923 Ter.
619 3891 698 3921 Adel.
711 3900 736 3921 1.
751 3898 778 3920 2.
792 3899 836 3927 14.
899 3928 905 3934 ι

194 3935 222 3962 Si
232 3933 433 3963 con-serendum
441 3931 603 3968 exemplum
612 3930 650 3959 est
661 3952 670 3965 ‚
691 3939 748 3958 non
759 3929 870 3958 fratrem
880 3927 958 3960 videt

194 3972 246 4001 Rei
257 3968 321 4000 dare
332 3981 444 4010 operam
452 3992 460 4006 ,
480 3971 536 4000 ruri
544 3968 600 4000 esse
608 3977 723 4007 parcum
731 3977 764 3998 ac
773 3966 895 3999 sobrium
903 3967 918 3997 7

169 4010 251 4041 Voi..
292 4009 313 4040 L

1302 2755 1526 2793 Cocci'i'rus,
1547 2759 1588 2788 us.
1610 2767 1649 2787 m.

1300 2832 1530 2867 COLLXT0R‚
1551 2834 1616 2864 oris.
1637 2844 1674 2863 m.

1297 3254 1565 3288 C·oi.1.A'riVUS‚
1587 3263 1620 3289 a,
1641 3263 1698 3283 um.
1723 3253 1800 3283 idem
1820 3253 1896 3289 quod
1911 3251 2087 3289 Collatitius3

1295 3593 1448 3664 ggixliviit
1460 3604 1574 3667 515³&
1599 3632 1617 3661 f.
1641 3633 1707 3669 quid
1722 3631 1751 3660 sit
1763 3631 1885 3660 declarat
1899 3629 1967 3659 Prin.
1979 3630 2028 3661 lib.
2043 3636 2087 3667 27.
2102 3640 2162 3669 cap.
2172 3641 2198 3667 9.
2221 3631 2265 3661 his
2276 3631 2369 3662 verbis
2381 3654 2389 3668 ‚
2411 3633 2461 3663 Pe„

1664 137 1695 173 C
1793 138 1828 173 O
1928 139 1962 174 N
2396 149 2465 188 633

1335 217 1447 284 Favtfiem
1457 219 1585 249 &mores
1596 220 1724 250 consierre
1736 220 1855 250 duarum
1868 243 1876 256 ‚
1907 221 1926 250 i.
1939 231 1964 252 e.
1993 222 2119 253 Invicem
2137 234 2311 264 comparare.
2335 227 2422 258 Ovid.
2440 239 2466 264 7.

1360 267 1366 284 i
1392 263 1427 285 et.
1441 261 1504 291 696.

1336 292 1436 323 Pacem
1444 304 1508 323 cum
1523 294 1598 323 bello
1614 316 1622 330 ‚
1643 294 1718 332 leges
1729 305 1792 325 cum
1803 297 1829 325 vi
1842 297 1977 326 conferre.
2020 298 2076 327 Cic.
2092 303 2118 328 6.
2141 300 2214 329 Verr.
2235 310 2295 329 121.
2317 302 2371 331 Sed
2382 309 2412 331 ut
2422 313 2469 340 pa-

1358 340 1419 373 cem
1429 341 1494 360 cum
1506 331 1580 361 bello
1591 354 1598 366 ,
1620 332 1694 369 leges
1703 343 1766 363 cum
1776 335 1801 362 vi
1816 356 1825 368 ‚
1846 334 1938 364 forum
1950 336 2206 370 &jurisdictionem
2217 347 2282 367 cum.
2296 339 2366 368 ferro
2388 344 2413 370 δε
2427 351 2469 370 ar-

1360 377 1412 397 mis
1423 390 1431 403 ‚
1453 371 1479 398 ὁὶ
1488 370 1642 399 adventum
1652 372 1678 400 ἃ
1690 372 1856 401 comitatum
1867 382 1931 402 cum
1943 375 2067 404 exercitu
2079 376 2106 404 δι
2117 375 2233 405 vict-oria
2243 377 2404 407 conferatis.

1340 405 1484 436 Praesentia
1493 408 1646 445 praeteritis.
1670 408 1778 438 Lucret.
1792 409 1840 439 lib.
1857 419 1883 439 2.
1900 414 1979 440 1166.

1340 443 1484 486 Rationes.
1523 444 1582 474 Cic.
1595 455 1619 480 ς.
1633 448 1686 487 Art.
1698 456 1743 475 21.
1766 447 1860 476 Homo
1871 447 1999 478 clamare.
2021 449 2090 486 quid
2107 459 2179 488 opus
2196 450 2251 485 est,
2276 450 2388 487 inquam
2400 474 2409 489 .,
2428 462 2471 484 ra.

1359 486 1448 510 tiones
1458 482 1614 511 conferatis.
1638 483 1778 519 allidunt,
1799 484 1975 522 subducunt,
1998 487 2033 516 ad
2047 497 2194 517 nummum
2208 489 2350 518 convenit.

1340 518 1376 548 Se
1387 519 1514 585 epinfissrre
1524 519 1686 549 nominibus
1696 522 1802 559 magnis
1813 545 1820 558 ,
1841 523 1860 552 i.
1872 533 1897 552 e.
1920 524 1991 554 Cum
2001 526 2066 554 viris
2078 526 2186 563 magnis
2196 526 2222 555 se
2233 526 2368 557 conferre.
2383 526 2467 558 Ovid.

1364 565 1388 584 1.
1427 566 1442 585 e
1478 564 1535 586 ont.
1552 566 1575 587 r.
1587 566 1603 586 2
1626 579 1632 586 .
1976 577 1990 591 ο

1341 591 1433 622 Vitam
1445 594 1562 630 alicujus
1574 568 1638 623 cuin
1650 594 1761 626 alterius
1770 597 1835 627 vita.
1858 597 1915 628 Cic.
1927 607 1977 636 pro
1986 599 2055 630 Sull.
2067 609 2112 637 72.

1342 630 1494 667 Conferre,
1513 632 1589 668 quod
1598 631 1681 669 vulgo
1691 634 1810 664 dicimus
1819 636 1977 666 Callationer.
2018 638 2078 667 Cic.
2090 649 2115 674 4.
2129 637 2207 668 Verr.
2220 650 2229 667 i
2237 647 2248 675 3
2257 650 2281 669 r.
2304 648 2361 670 non
2371 641 2471 677 procul

1358 677 1377 697 a
1388 669 1443 697 fine
1452 691 1460 704 ‚
1481 669 1602 699 Tabulas
1612 670 1641 698 in
1651 670 1712 700 foro
1722 671 1826 702 summa
1837 673 1983 703 hominum
1992 675 2148 713 frequentia
2168 677 2293 707 exscribo
2307 688 2314 707 :
2336 678 2472 707 adhiben-

1363 712 1409 735 tur
1421 707 1449 735 iri
1460 706 1642 736 exscribendo
1653 708 1690 737 de
1700 717 1840 739 conventu
1852 712 1901 740 viri
1914 713 2035 750 primarii
2051 724 2058 743 :
2080 714 2177 743 litterae
2188 737 2195 749 ,
2217 714 2362 752 lituraeque
2372 726 2472 746 omnes

1362 744 1540 779 assimulatae,
1562 745 1716 789 expressit.
1734 747 1768 776 de
1786 748 1887 778 tabulis
1904 750 1932 777 in
1951 749 2037 780 libros
2055 753 2265 783 transseruntur.
2293 753 2353 783 liaec
2375 756 2471 784 omnia

1360 781 1467 824 summa
1477 791 1541 811 cura
1553 784 1579 812 &
1591 782 1734 819 diligentia
1746 786 1887 821 recognita
1896 808 1905 819 ,
1928 788 1953 816 Sc
1969 788 2070 818 collata
2080 810 2089 824 ,
2111 792 2137 819 ἂ
2149 790 2182 818 ab
2199 791 2362 821 hominibus
2380 792 2469 821 hone-

1363 819 1483 849 stiffimis
1496 820 1638 858 obsignata
1647 820 1717 849 sunt.
1758 822 1843 852 Paulo
1854 825 1914 862 post
1930 846 1938 859 ‚
1960 825 2104 863 Explicate
2115 827 2331 866 descriptionem
2342 852 2350 865 ,
2372 830 2472 867 imagi-

1361 865 1484 894 nemque
1500 857 1657 887 tabularum
1669 859 1805 897 Desployev„
1815 861 1837 887 le
1853 862 1938 889 double
1947 862 1981 895 (ὃν
1994 865 2019 890 la
2031 867 2110 900 copie.'

1341 892 1463 925 Fretum.
1487 895 1569 939 ¹Luc.
1585 895 1632 924 lib.
1648 905 1671 924 1.
1682 906 1740 939 non
1752 898 1892 934 proculab
1904 901 1985 929 initio
1997 902 2035 936 (v.
2048 902 2127 938 100.)
2190 916 2228 923 -—-
2238 903 2354 940 qualiter
2362 906 2453 935 undas

1436 933 1493 969 Qui
1505 933 1594 969 secat,
1615 934 1642 963 δε
1657 943 1801 970 geminum
1812 937 1921 972 gracilis
1935 947 2010 968 mare
2021 939 2127 977 separat
2135 938 2269 971 isthmos:

1436 970 1498 1000 Nec
1508 971 1611 1009 patitur
1621 971 1748 1001 conferre
1758 972 1870 1004 fretum.
1910 976 1950 1004 An
1962 985 2012 1012 pro
2024 977 2057 1006 Se
2069 978 2211 1012 Conferre,
2223 987 2273 1016 pro
2285 980 2380 1010 Coire‘?
2392 981 2469 1012 HSC.

1341 1007 1478 1039 Conferre
1491 1030 1500 1043 ‚
1521 1007 1706 1045 [arnamar]
1727 1019 1778 1047 pro
1794 1011 1920 1042 Ditl'erre.
1944 1013 2002 1043 Cic.
2017 1019 2042 1044 ⁶.
2059 1016 2110 1045 Att.
2124 1016 2201 1051 epist.
2217 1026 2239 1045 i.
2256 1017 2470 1055 velutquidam

1359 1046 1476 1076 codices
1488 1046 1614 1081 liabent..
1635 1056 1661 1076 2.
1683 1048 1763 1082 cujus
1784 1049 1896 1078 initium
1917 1051 1955 1080 cst
1965 1073 1973 1086 ‚
2004 1051 2098 1089 Lepta.
2138 1053 2209 1090 Quae
2232 1057 2327 1084 omnia
2348 1057 2376 1084 in
2399 1057 2473 1086 lilar-

1359 1085 1434 1114 tium
1451 1084 1575 1114 mensem
1593 1083 1657 1114 sunt
1677 1085 1788 1115 collata.
1813 1087 1876 1125 Ulp.
1895 1088 1924 1116 in
1941 1088 1958 1118 l.
1980 1089 2140 1125 Quaesitum.
2165 1092 2195 1121 D.
2223 1091 2258 1120 de
2275 1092 2363 1130 spons.
2389 1094 2475 1131 Quae-

1362 1123 1443 1152 situm
1455 1122 1494 1152 est
1505 1122 1579 1160 apud
1589 1121 1731 1157 ,Iulianum
1743 1146 1751 1158 ,
1773 1133 1806 1153 an
1819 1125 1951 1162 sponsalia
1961 1126 2011 1155 sint
2021 1135 2085 1156 ante
2095 1129 2294 1159 duodecimum
2308 1141 2412 1161 annum
2422 1154 2431 1167 ‚
2453 1133 2474 1162 si

1361 1160 1470 1190 fuerint
1479 1161 1584 1198 nuptiae
1593 1161 1709 1190 collatas.
1732 1161 1758 1190 h.
1772 1171 1796 1192 e.
1816 1162 1846 1192 ln
1856 1164 2057 1194 duodecimum
2066 1175 2170 1195 anniini
2181 1167 2289 1197 collatae
2299 1169 2474 1207 reiectaeque.

1343 1198 1478 1232 Confert,
1499 1199 1663 1235 [συμφέςει]
1685 1200 1712 1227 in
1723 1201 1810 1229 tertiis
1824 1201 1961 1236 personis.
1983 1213 2033 1240 pro
2052 1204 2209 1237 conducit.
2228 1206 2272 1234 vel
2295 1208 2422 1244 prodest,
2445 1209 2474 1238 δὲ

1360 1235 1431 1266 utile
1440 1236 1488 1266 est.
1529 1236 1590 1265 Cic.
1607 1246 1630 1266 1.
1646 1238 1727 1266 Acad.
1745 1248 1786 1272 ις.
1811 1239 1933 1268 Caelestia
1945 1248 2038 1269 autem
2049 1242 2092 1270 vel
2103 1243 2199 1279 procul
2212 1243 2265 1271 esse
2281 1254 2296 1273 a
2314 1252 2416 1274 naturae
2426 1256 2477 1275 co-

1363 1275 1490 1312 gnitione
1500 1271 1642 1304 censeret:
1665 1274 1707 1304 ve!
1721 1275 1738 1304 si
1748 1277 1869 1306 maxime
1878 1280 1990 1314 cognita
2001 1279 2102 1312 essent,
2124 1280 2191 1308 iiiiii!
2204 1289 2295 1309 tamen
2308 1285 2341 1310 ad
2353 1284 2423 1312 benc
2434 1284 2476 1312 vi-

1362 1313 1487 1342 vendum
1498 1312 1637 1342 conferre.
1650 1313 1706 1342 Sed
1717 1323 1770 1342 vox
1782 1316 1925 1345 novissima
1936 1316 2034 1346 abessa
2043 1315 2203 1346 mitidum.
2218 1318 2293 1347 (ἕως.
2308 1323 2332 1349 ἐς
2346 1322 2471 1352 Gronov.

1341 1349 1493 1380 “Comoedia
1501 1350 1653 1388 plurimum
1663 1351 1698 1380 ad
1708 1351 1895 1388 eloquentiam
1905 1356 2022 1384 confert.
2047 1355 2167 1391 Quintil.
2179 1355 2227 1385 lib.
2243 1366 2266 1386 1.
2280 1366 2340 1395 cup.
2353 1364 2380 1393 g.

1345 1388 1470 1418 Multum
1483 1389 1543 1418 haec
1553 1389 1643 1426 pietas
1654 1390 1763 1419 confert
1774 1391 1873 1420 studio.
1896 1391 1984 1422 Idem.
1999 1402 2025 1421 2.
2037 1403 2064 1427 9.

1304 1424 1329 1455 C
1337 1436 1356 1456 o
1366 1438 1382 1455 L
1393 1437 1409 1455 ι
1418 1430 1435 1455 'A
1446 1436 1465 1455 T
1475 1437 1494 1455 u
1503 1436 1516 1456 s
1527 1448 1536 1463 ‚
1555 1436 1572 1456 a
1583 1448 1592 1462 ‚
1612 1437 1670 1456 um.
1693 1427 1786 1457 Partic.
1810 1428 2019 1466 [μῑπγμθρῶυ]
2040 1438 2088 1465 ut,
2122 1430 2233 1463 Collata
2253 1433 2380 1464 ouuiicr‘i
2407 1440 2471 1465 vota

1343 1465 1375 1493 in
1388 1465 1469 1495 unius
1477 1464 1604 1494 salutem.
1626 1465 1696 1494 Plin.
1710 1466 1739 1494 in
1751 1466 1821 1496 Pane
1833 1490 1849 1501 ,.
1868 1477 1929 1506 cap.
1943 1478 1989 1504 23.
2004 1476 2075 1500 extr.

1347 1503 1429 1532 Arma
1441 1503 1564 1540 undique
1576 1502 1686 1532 collata.
1707 1501 1812 1535 Lucan.
1823 1477 1873 1536 lib.
1888 1517 1912 1542 5.
1933 1516 1997 1544 722.

1341 1540 1442 1578 Castris
1453 1540 1571 1570 collatis.
1597 1540 1646 1570 Sil.
1657 1540 1705 1570 lib.
1718 1552 1744 1577 4.
1760 1546 1804 1578 56.

1343 1578 1429 1608 Color
1440 1578 1558 1608 collatus
1573 1600 1581 1613 ‚
1603 1578 1796 1616 Comparatus.
1819 1580 1941 1619 propert.
1959 1582 2006 1612 lib.
2018 1591 2042 1620 3.
2057 1591 2103 1619 24.
2111 1591 2142 1620 7.

1344 1616 1475 1646 Cursibus
1486 1616 1596 1646 collatis
1611 1638 1619 1653 ,
1641 1616 1791 1648 Commissa
1800 1620 1868 1649 acie.
1893 1619 1981 1650 Valer.
1995 1624 2022 1651 6.
2034 1621 2134 1658 Argon.
2146 1629 2210 1658 270.

1342 1653 1448 1684 Dextra
1458 1654 1560 1684 collata
1571 1664 1685 1697 movere
1697 1656 1799 1693 praelia.
1821 1657 1908 1687 Ovid.
1924 1668 1947 1689 1.
1959 1658 2027 1688 Fast.
2043 1664 2107 1695 569.

1340 1692 1434 1723 Marte
1445 1692 1548 1722 collato
1557 1693 1717 1723 interimere
1727 1694 1848 1731 aliquem
1862 1717 1870 1730 ,
1891 1702 1939 1726 aut
1958 1695 2035 1726 letho
2047 1697 2122 1727 dare.
2151 1696 2172 1726 i.
2183 1706 2208 1728 e.
2230 1696 2367 1730 Cominus
2386 1698 2474 1732 inter-

1362 1730 1445 1760 ficere
1456 1731 1588 1768 aliquem.
1610 1731 1696 1761 Ovid.
1711 1741 1753 1762 12.
1767 1733 1836 1763 Met.
1852 1742 1914 1770 379.

1343 1768 1464 1798 Pecunia
1475 1769 1510 1798 ad
1517 1769 1636 1805 alicujus
1647 1769 1768 1800 honores
1781 1771 1891 1802 collata.
1913 1769 1974 1802 Cic.
1988 1782 2039 1810 pro
2052 1770 2126 1803 Flac.
2141 1784 2184 1810 59.

1342 1805 1440 1836 Puella
1459 1806 1566 1837 levibus
1580 1806 1683 1838 collata
1699 1808 1802 1845 figuris.
1834 1809 1852 1838 i.
1864 1819 1889 1839 e.
1914 1810 2035 1841 Aliarum
2052 1812 2262 1850 comparatione
2281 1822 2340 1843 non
2364 1815 2478 1854 egregia

1362 1845 1461 1875 forma.
1483 1845 1606 1883 Propert.
1624 1844 1674 1875 lib.
1687 1854 1748 1882 1.4.
1765 1856 1792 1882 9.

1340 1882 1411 1912 <Non
1425 1882 1519 1913 similis
1532 1882 1592 1913 aliis
1606 1882 1716 1913 collata.
1740 1884 1861 1922 Propert.
1876 1884 1924 1914 lib.
1940 1894 1964 1916 1.
1979 1896 2002 1922 ς.
2018 1894 2045 1922 7.

1434 1921 1500 1951 Non
1511 1921 1550 1951 est
1566 1921 1613 1951 illa
1623 1922 1698 1958 vagis
1711 1921 1805 1951 similis
1823 1922 1925 1952 collata
1935 1924 2046 1961 puellis.

1341 1956 1451 1988 Viribus
1471 1959 1588 1989 collatis.
1630 1959 1699 1989 Plin.
1712 1965 1738 1994 8.
1753 1961 1834 1998 Epist.
1848 1971 1890 1996 14.
1913 1961 1959 1991 Sic
1970 1962 2074 1992 collato
2085 1963 2159 2000 pede
2170 1963 2297 2000 przeliari.
2317 1964 2377 1996 Uv.
2388 1969 2435 1997 26.

1342 1996 1415 2064 CEm
1429 1997 1590 2065 ῠεῐᾸῑοοὲἰῑο
1600 1996 1751 2028 Cleanthes
1762 2001 1787 2028 δι
1799 1999 1970 2038 Chrysippus
1982 2000 2076 2030 collati
2086 2022 2093 2033 .
2112 2001 2218 2038 quintae
2227 2002 2317 2033 classis
2329 2005 2475 2036 videnture

1376 2035 1420 2064 Ἲς.
1434 2046 1460 2071 4.
1498 2044 1529 2065 ca
1552 2058 1558 2065 .
1592 2044 1617 2071 3.

1344 2072 1449 2103 Dolere
1462 2045 1588 2111 aliquerrs
1599 2073 1647 2102 sibi
1663 2073 1808 2104 collatum.
1830 2074 1953 2112 Propert.
1965 2074 2012 2107 lib.
2024 2085 2051 2106 2.
2063 2084 2089 2105 2.
2103 2082 2148 2113 89.

1303 2109 1328 2140 G
1337 2120 1354 2140 o
1362 2122 1379 2139 L
1388 2122 1405 2139 L
1413 2115 1431 2140 Ᾰ
1441 2120 1460 2140 Τ
1469 2122 1479 2139 1
1488 2121 1506 2140 o
1517 2133 1526 2147 ‚
1544 2112 1618 2141 onis.
1638 2111 1659 2141 f.
1682 2109 1832 2148 [ἀσφορρέ]
1852 2114 1970 2143 Buda‘us
1979 2136 1987 2150 ‚
2010 2114 2195 2145 Collationem
2205 2116 2311 2152 antiqui
2323 2117 2474 2154 vocabant„

1341 2158 1402 2185 quat
1414 2149 1534 2178 Indictio
1545 2149 1611 2178 alias
1622 2147 1719 2179 Latine
1731 2151 1850 2180 dicitur:
1874 2152 1973 2188 vulgus
1992 2153 2087 2179 taleam
2100 2161 2191 2182 vocat.
2233 2154 2300 2183 Flin.
2325 2155 2354 2184 in
2372 2156 2475 2194 Paneg.

1340 2196 1403 2225 cap.
1416 2197 1461 2223 4¹·
1475 2197 1516 2224 pr.
1539 2187 1613 2216 Nam
1623 2188 1693 2217 mihi
1705 2188 1837 2226 cogitanti
1849 2190 1973 2218 cundem
1987 2196 2015 2219 te
2037 2189 2204 2220 collationes
2217 2192 2345 2222 remisisse
2356 2216 2364 2229 ,
2387 2194 2476 2223 dona-

1341 2226 1434 2255 tivum
1443 2225 1594 2254 reddidisse
1606 2247 1614 2260 ,
1634 2226 1806 2263 congiarium
1817 2226 1961 2262 obtulisse,
1977 2229 2030 2257 Sec.
2071 2227 2128 2257 Liv.
2142 2240 2168 2265 4.
2184 2239 2244 2267 cap.
2258 2234 2303 2259 60.
2324 2231 2416 2261 Patres
2424 2232 2475 2261 be-

1341 2273 1378 2293 ne
1394 2269 1518 2301 coeptam
1533 2272 1591 2292 rem
1606 2262 1811 2301 perseveranter
1830 2266 1921 2294 tueri:
1942 2265 2069 2295 conferre
2088 2267 2136 2300 ipsi
2156 2268 2257 2304 primi:
2280 2269 2305 2298 Sc
2324 2270 2387 2306 quia
2404 2279 2477 2298 non*

1340 2301 1412 2331 dum
1426 2308 1571 2339 argentum
1579 2301 1714 2338 signatu-m
1726 2309 1785 2331 erat
1795 2324 1804 2336 ,
1828 2313 1863 2341 aes
1875 2313 1957 2340 grave
1967 2303 2092 2341 plaustris
2104 2305 2217 2341 quidam
2227 2307 2263 2336 ad
2275 2308 2399 2337 aerariam
2407 2317 2476 2338 con—

1341 2339 1477 2369 vehentes
1485 2361 1493 2373 ,
1514 2339 1665 2376 speciosam
1676 2340 1760 2369 etiam
1771 2340 1953 2370 collationem
1966 2341 2116 2371 faciebant.

1339 2377 1479 2415 Recipere
1488 2377 1661 2407 collationes.
1699 2378 1776 2407 Suet.
1790 2377 1876 2415 Czilig.
1888 2388 1950 2417 cap.
1960 2389 2005 2415 42.
2031 2379 2062 2409 Et
2073 2381 2160 2417 patria
2171 2390 2255 2411 onera
2269 2392 2442 2419 conquerens
2457 2405 2467 2418 ‚

1357 2416 1524 2483 cglffitiones
1536 2416 1565 2444 in
1575 2415 1739 2445 alimoniam
1757 2421 1840 2454 atque
1858 2417 1954 2446 dotem
1976 2418 2077 2455 puellae
2088 2419 2196 2456 recipit.
2233 2419 2266 2449 V.
2288 2420 2327 2449 ibi
2341 2420 2430 2450 Pitisc.
2444 2422 2475 2450 &-

1361 2464 1377 2483 a
1431 2463 1512 2483 eron.
1525 2462 1586 2491 cap.
1600 2457 1645 2490 36.

1339 2491 1494 2526 Exercitus,
1507 2492 1600 2527 castra,
1612 2491 1733 2528 agmina.
1746 2490 1882 2528 signorum
1894 2491 2061 2523 collationes
2072 2515 2080 2529 ,
2094 2495 2148 2524 &c.
2161 2494 2219 2525 Cic.
2235 2505 2259 2525 1.
2271 2495 2307 2525 de
2321 2495 2479 2526 Oranaior·

1341 2529 1479 2564 Comitio,
1501 2530 1689 2567 Comparatio,
1707 2529 1799 2568 Haut.
1814 2530 1898 2560 Milit.
1911 2541 1935 2566 3.
1951 2541 1975 2567 3.
1989 2535 2034 2568 67.

1423 2568 1474 2597 Ubi
1486 2568 1556 2597 facia
1565 2568 1617 2596 erit
1625 2567 1740 2597 collatio
1755 2568 1906 2598 nostrarum
1915 2569 2082 2599 malitiarum
2092 2592 2101 2605 ,
2118 2571 2169 2600 Sco.

1338 2605 1371 2636 In
1385 2606 1548 2635 collatione.
1586 2605 1656 2635 Plin.
1671 2605 1720 2635 lib.
1733 2615 1776 2642 37.
1793 2616 1853 2644 cap.
1867 2617 1912 2642 99.
1935 2607 2059 2645 Optimae
2072 2617 2137 2637 vero
2152 2608 2215 2638 sunt
2229 2616 2289 2646 quae
2303 2609 2331 2639 in
2341 2610 2479 2641 collatio«¹

1360 2653 1397 2673 ne
1408 2666 1416 2679 ,
1437 2653 1534 2673 aurum
1549 2643 1668 2673 albicare
1681 2644 1800 2681 quadam
1813 2646 1919 2682 argenti
1933 2645 2005 2675 facie
2016 2652 2130 2683 cogunt.

1338 2681 1483 2717 Collatio‚
1513 2682 1659 2711 ‘Orationis
1677 2682 1763 2720 figura
1784 2682 1823 2712 est
1842 2683 1917 2721 apud
1937 2683 2085 2713 Rhetores.
2124 2683 2188 2714 Cic.
2206 2694 2229 2714 1.
2246 2685 2281 2715 de
2299 2685 2470 2723 Invent-49..

1359 2720 1496 2756 collatio,
1518 2720 1557 2750 est
1573 2720 1661 2750 oratio
1671 2729 1730 2749 rem
1742 2730 1806 2750 cum
1819 2731 1847 2750 re
1858 2731 1894 2750 ex
1906 2720 2086 2751 similitudine
2097 2722 2254 2752 conferens.

1672 2758 1829 2794 [σομζολὴ]
1852 2759 1922 2789 Hirt.
1940 2760 1978 2789 vde
1992 2759 2059 2789 Bell.
2073 2760 2185 2798 Hispan.
2199 2769 2259 2798 cap.
2271 2769 2316 2797 31.
2329 2771 2371 2799 pr.
2393 2761 2471 2792 Con-

1337 2796 1441 2833 greffus
1450 2797 1526 2826 enim
1540 2797 1566 2826 ἃ
1577 2796 1682 2826 clamor
1693 2797 1743 2826 &c
1767 2798 1795 2825 in
1809 2796 1913 2826 collatu
1925 2798 1983 2835 pari
1992 2804 2070 2827 erant
2080 2798 2254 2827 conditione.

1698 2833 1844 2870 [ἄσφοςζῷψ
1855 2853 1863 2864 ,
1883 2833 2048 2872 ιὲπῖφοςῶυ]
2070 2836 2180 2866 Plautus
2189 2837 2268 2866 Cure.
2281 2847 2308 2871 4.
2323 2846 2348 2867 x.
2364 2846 2407 2874 13.

1419 2872 1616 2909 symbolorum
1630 2871 1777 2902 collatores
1792 2874 1867 2910 apud
1880 2873 1972 2903 forum
1985 2873 2141 2911 piscarium.

1298 2909 1323 2940 C
1333 2920 1351 2939 o
1360 2921 1377 2939 r.
1386 2922 1402 2940 L
1411 2920 1430 2940 A
1441 2921 1488 2940 T'o
1497 2921 1514 2940 iz
1525 2921 1533 2939 i
1544 2920 1597 2945 us,
1619 2919 1634 2939 a
1643 2933 1651 2944 ‚
1672 2920 1730 2940 um.
1753 2916 1794 2946 ut,
1817 2910 1908 2941 Funes
1918 2910 2064 2942 collatorii.
2084 2911 2182 2950 Veget.
2196 2911 2232 2941 de
2242 2921 2272 2941 re
2281 2911 2404 2949 Milit.4.
2416 2916 2469 2950 46..

1339 2949 1393 2978 Alii
1402 2948 1670 2986 leguntChalatorii.

1300 2987 1598 3021 COLLATiTius‚
1620 2996 1654 3022 a,
1675 2996 1732 3016 um.
1755 2985 1816 3022 Adj.
1838 2984 2037 3023 [ἆυ-φαεινὼ]
2057 2992 2108 3023 tit,

1336 3024 1521 3054 Instrumenta
1529 3024 1675 3061 collatitia,
1688 3024 2393 3063 Sen.in'Con‘solatadMarciamcap.=10.pr.voeatEa
2421 3036 2469 3058 αω-

1352 3073 1370 3092 a
1383 3062 1510 3101 pluribus
1529 3064 1754 3092 commodantur.
1793 3062 1943 3092 Collatitiis
1957 3085 1966 3099 ‚
1985 3064 2013 3092 ’ὃς
2024 3063 2059 3093 a'd
2071 3063 2201 3092 dominos
2221 3064 2350 3093 redituris
2367 3065 2395 3093 in
2422 3075 2467 3095 ru.

1354 3101 1458 3130 mentis
1474 3101 1554 3131 scena
1572 3102 1730 3130 adornatur.
1768 3101 1815 3130 Sic
1838 3100 1958 3137 Quintil.
1980 3101 2058 3131 Deci.
2072 3105 2098 3131 6.
2134 3101 2306 3131 Collatitiam
2324 3110 2407 3132 vocat
2424 3103 2467 3132 se-

1354 3139 1497 3177 pulturam
1509 3161 1515 3170 .
1529 3139 1609 3177 *Quae
1620 3150 1634 3169 a
1649 3138 1775 3178 pluribus
1787 3140 1938 3168 confertur.

1334 3178 1412 3215 Stips
1423 3177 1558 3207 collatitia
1569 3199 1577 3212 ‚
1599 3177 1702 3207 dicitur
1715 3177 1862 3206 Ammiano
1880 3176 2046 3206 Marcellino
2060 3199 2070 3213 ‚
2085 3175 2155 3214 'Qua
2173 3176 2274 3215 passim
2287 3183 2399 3215 erogata
2421 3179 2465 3208 vi.

1356 3213 1570 3253 ‹Stitant'inopes
1604 3215 1633 3244 V.
1653 3217 1680 3245 ἂ
1695 3214 1775 3252 Apul.
1788 3220 1813 3249 8.
1829 3215 1899 3244 Met.
1913 3225 1940 3251 p.
1955 3224 2017 3249 ²1³-

2110 3252 2196 3289 Quod
2212 3252 2319 3281 scilicet
2339 3263 2354 3282 a
2374 3253 2465 3291 pluri-

1336 3292 1388 3321 bus
1401 3291 1534 3321 collatum
1552 3292 1608 3321 est:
1630 3298 1679 3327 ut,
1703 3290 1872 3320 Collativum
1887 3289 2057 3320 sacrificium.
2091 3290 2267 3320 'Collativum
2283 3296 2375 3320 autem
2396 3302 2463 3321 ven.

1333 3336 1407 3359 trem
1419 3336 1500 3359 vocat
1512 3329 1597 3360 Plant.
1611 3329 1693 3358 Curc.
1704 3339 1731 3358 2.
1746 3338 1769 3358 1.
1781 3332 1827 3358 16.
1845 3327 1982 3366 magnum
2001 3329 2028 3358 ἃ
2044 3329 2207 3366 turgidum,
2227 3338 2262 3358 eo
2272 3330 2384 3365 quodin
2395 3339 2462 3360 eum

1334 3367 1428 3397 edulia
1438 3368 1525 3397 multa
1535 3367 1723 3406 conferantur.

1334 3405 1422 3436 Favor
1434 3406 1590 3436 collativus.
1611 3404 1737 3434 Macrob.
1754 3413 1776 3433 r.
1787 3404 1883 3433 somn.
1900 3403 1974 3442 Scip.
1987 3406 2033 3433 66.

1334 3444 1503 3474 Collativum
1514 3443 1597 3472 etiam
1610 3451 1710 3472 neutro
1720 3451 1820 3479 genere
1831 3442 1950 3471 dicimus
1961 3464 1970 3476 ,
1991 3442 2090 3471 eadem
2103 3441 2194 3471 forma
2203 3448 2257 3479 qua
2267 3441 2438 3474 Donativum
2447 3465 2463 3482 2,

1352 3492 1404 3520 pro
1416 3482 1536 3512 Pecunia
1546 3491 1629 3517 quam
1645 3481 1766 3518 populus
1783 3479 1901 3518 Principi
1915 3479 1959 3508 vel
1973 3478 2146 3517 Reipublicae
2160 3481 2277 3509 confert.

1297 3520 1320 3550 C
1332 3530 1347 3549 o
1359 3530 1378 3549 N
1387 3531 1401 3549 ιἶ
1411 3530 1425 3549 13
1434 3530 1449 3548 R
1459 3530 1473 3548 a
1486 3524 1501 3548 ῦ
1512 3530 1532 3547 Μ
1543 3521 1580 3547 is
1591 3528 1606 3547 0
1615 3541 1623 3554 ‚
1644 3520 1659 3554 [
1667 3517 1796 3552 σωαπῖω]
1818 3520 1873 3547 sire.
1903 3517 1986 3548 'idem
2009 3517 2085 3555 quod
2104 3517 2296 3548 Ferruminare
2313 3518 2461 3556 significae.

1334 3558 1404 3588 Plin.
1415 3567 1459 3593 27.
1474 3563 1498 3591 8.
1513 3557 1533 3594 ξ.
1546 3567 1589 3592 4<-

1573 3593 1603 3623 V.
1627 3602 1851 3623 comancio.

1334 3671 1445 3701 culiaris
1456 3693 1463 3706 ‚
1484 3671 1575 3705 inquit
1584 3692 1592 3704 ‚
1613 3668 1651 3699 est
1662 3669 1768 3707 Alpinis
1780 3669 1943 3698 fluminibus
1955 3670 2088 3699 conferva
2099 3691 2107 3704 .
2128 3669 2267 3707 appellata
2283 3671 2459 3700 aconferru.

1333 3709 1469 3739 minando
1485 3730 1493 3743 ‚
1518 3708 1631 3744 spongia
1640 3717 1772 3744 aquarum
1785 3707 1911 3735 dulcium
1931 3708 2039 3741 verius,
2061 3717 2143 3744 quam
2161 3706 2270 3737 muscus
2288 3714 2336 3737 aut
2354 3709 2458 3745 herba,

1333 3747 1435 3776 villosa:
1445 3744 1585 3775 densitatis
1597 3744 1820 3781 atquefistulosze.
1860 3746 1991 3773 Curatum
2007 3754 2038 3773 ea
2052 3745 2112 3774 ¹scio
2126 3745 2258 3775 omnibus
2279 3746 2337 3775 fere
2353 3746 2458 3776 onibus

1334 3784 1483 3815 confiat-'tis
1494 3806 1502 3818 ,
1520 3783 1681 3820 prolapsum
1700 3784 1733 3819 ab
1752 3782 1850 3811 arbore
1864 3782 1918 3811 alta
1931 3789 2088 3819 putatorem
2104 3805 2111 3817 ‚
2141 3784 2314 3813 circumdata
2330 3784 2457 3813 universo

1333 3823 1463 3860 corpori,
1485 3820 1922 3858 aquamsuamlnspergendbus.
1943 3820 2053 3856 quoties
2064 3821 2242 3855 inarescent—t,
2265 3823 2317 3850 ἃς.

1294 3861 1319 3891 C
1330 3871 1346 3890 o
1358 3871 1376 3889 Ν
1388 3872 1400 3889 r
1412 3870 1426 3889 a
1435 3869 1448 3888 a
1460 3869 1476 3887 v
1486 3869 1499 3887 iz
1508 3869 1534 3891 o,
1553 3859 1612 3893 bui,
1635 3856 1785 3894 [5352wa
1795 3854 1850 3886 [fre.
1875 3858 1954 3887 idem
1964 3858 2041 3895 quod
2052 3859 2177 3894 Fcrverc,
2189 3859 2233 3889 vel
2242 3859 2330 3889 Simul
2340 3859 2456 3890 fei-vere.

1334 3897 1377 3928 ira
1388 3897 1554 3926 conferbuit.
1573 3896 1643 3925 Hor.
1658 3905 1682 3925 1.
1697 3895 1785 3924 Serni.
1802 3905 1827 3925 2.
1840 3905 1884 3931 71-

1333 3936 1506 3965 Confervent
1530 3933 1603 3969 ossa,
1627 3934 1655 3963 id
1671 3934 1710 3963 est
1725 3934 1798 3969 quod
1811 3933 1910 3971 vulgus
1929 3933 2120 3971 chirurgorurn
2139 3935 2226 3969 dicit,
2245 3935 2404 3970 glutinantur
2413 3940 2457 3969 per

1350 3980 1452 4010 prum.
1495 3971 1564 4004 Cels.
1582 3972 1631 4002 lib.
1643 3977 1670 4007 8.
1681 3981 1742 4010 cap.
1753 3981 1796 4002 io.
1819 3972 1849 4002 Si
1866 3971 1979 4039 qffirldlo
1991 3981 2055 4002 vero
2073 3972 2131 4005 offa
2148 3981 2206 4002 non
2225 3971 2460 4046 conferbuessqxisae'
