2604 4222
163 128 230 171 355
616 121 641 154 B
738 117 772 151 O
877 112 913 148 N

219 206 263 236 vel
271 205 316 235 Iex
326 228 334 239 ,
355 205 398 234 vel
410 204 526 234 Senatus
536 201 625 231 defert
637 199 826 229 haereditatem
837 218 845 230 ,
865 204 899 223 ex
910 194 963 222 hac
973 196 1048 230 parte
1058 198 1118 220 eam
1127 191 1184 228 peti
1193 193 1311 227 oportet.

219 244 237 273 l.
253 257 273 272 z.
289 254 312 272 2.
327 244 466 281 &passim
489 242 519 269 D.
539 240 619 269 Unde
636 238 711 274 legit.
734 236 884 264 Hotoman.

201 281 343 311 Bonorum
356 280 481 318 poisellio
492 285 589 307 contra
599 276 705 305 tabulas
716 296 724 308 ,
746 273 839 301 locum
857 269 941 298 habet
954 290 961 301 ³
983 276 1068 309 QUUIJ}
1082 264 1223 302 patetfam«
1237 263 1314 292 test3-

221 327 347 349 mentum
356 319 467 355 quidem
481 317 564 349 fecit,
582 314 629 343 sed
650 314 677 341 in
696 321 730 340 co
750 311 852 338 liberos
870 307 931 336 suos
947 310 1095 346 praeteriit:
1128 302 1154 330 li.
1170 312 1193 330 e.
1218 301 1316 338 Neque

221 357 386 386 nominatim
401 355 519 385 instituit
531 375 537 387 ‚
559 360 650 388 neque
666 348 829 378 nominatim
841 343 1001 374 exhaeredes
1013 343 1087 370 tecit.
1106 340 1122 369 l.
1135 339 1210 376 quod
1222 338 1314 375 vulgo.

223 395 256 425 D.
272 396 306 423 de
317 394 413 423 bonor.
428 391 532 421 ooli‘eff.
548 397 623 418 cont.
633 387 687 416 tab.
701 386 850 415 Hotoman.
1170 415 1176 421 .
1295 413 1302 420 ,

203 433 344 462 Bonorum
358 422 482 468 posse'llio
497 428 575 457 Unde
587 425 695 461 cognati
706 419 908 451 manumissoris
922 418 976 452 est,
999 427 1058 454 quac
1070 422 1177 454 patroni
1193 420 1317 457 cognatis

224 471 258 499 ab
268 470 393 498 intestato
404 468 502 496 liberto
512 465 643 494 defuneto
652 460 832 491 conceditur:
909 465 968 485 rum
978 456 1020 490 jus
1032 454 1172 492 quoddam
1185 451 1317 495 singulare

223 507 301 536 fuisse
310 506 451 542 justinian.
469 513 526 532 non
538 501 654 530 ‘obscure
665 497 804 535 significat.
828 496 848 533 ξ.
866 504 930 532 pen.
945 493 1030 523 Instit.
1050 494 1084 521 de
1095 490 1203 520 success.
1226 490 1274 518 lib.
1291 491 1317 518 δε

224 546 287 583 Ulp.
300 554 360 581 cap.
374 543 433 572 lnst.
451 552 473 571 1.
488 543 513 570 δι.
529 545 572 573 28·
586 539 699 567 l-lotom.
829 571 834 576 ι
989 569 994 574 Ι
1087 568 1091 573 Ι

206 583 346 613 Bonorum
357 580 482 618 possessio
494 578 573 607 Unde
585 576 624 604 vir
634 577 659 604 δι
670 582 740 602 uxor
750 594 758 606 ,
780 571 881 600 dicitur
898 578 958 606 quse
970 578 1028 597 viro
1040 568 1074 597 ab
1085 566 1209 596 intestata
1219 573 1316 598 uxore,

227 623 253 650 ἃ
264 618 377 649 vicissim
387 618 451 646 huic
462 616 495 645 ab
506 615 554 644 illc)
565 612 729 643 conceditur
739 632 747 645 .
769 609 878 645 quoties
893 607 988 636 deficit
1002 607 1093 635 omnis
1102 611 1246 643 parentum
1258 624 1265 636 ‚
1288 601 1319 629 li-

226 659 390 686 berorumve
400 678 406 689 ,
430 655 473 683 seu
487 653 705 690 propinquorum
716 648 839 684 legitima
849 667 857 681 ‚
878 645 923 674 seu
937 643 1065 673 naturalis
1083 641 1212 672 successio
1223 662 1230 676 ,
1253 640 1317 668 fisco

226 695 345 724 excluso,
368 693 385 722 l.
402 703 424 722 i.
438 692 470 720 i).
483 691 562 720 Unde
573 690 612 718 vir
623 691 648 717 (Sc
659 696 737 716 uxor.
757 688 783 715 a&
798 680 815 713 l.
831 694 853 712 1.
873 683 903 712 C.
917 683 981 711 eod.
997 682 1109 711 Hotom.

207 734 346 763 Bonorum
358 729 482 768 possessio
494 728 575 757 Unde
589 726 667 754 liberi
685 725 723 753 est
735 746 743 758 ‚
765 733 824 759 quie
843 721 936 750 liberis
955 727 1012 749 tum
1037 717 1237 755 emancipatis,
1258 720 1318 744 tum

224 770 278 799 suis
288 770 320 798 ab
332 769 457 797 intestato
469 765 633 795 conceditur
642 785 649 796 ,
669 769 700 792 ut
709 761 830 800 parentis
839 760 965 788 intestato
976 757 1098 787 dcfunfti
1115 757 1187 784 bona
1202 753 1321 792 posside-

225 818 254 836 re
267 807 381 836 Praetore
392 807 502 834 auclore
513 803 622 841 poffint.
645 801 663 829 1.
683 811 705 829 1.
729 799 799 835 Quis
809 797 869 827 ord.
883 799 912 826 in
922 797 986 825 bon.
998 796 1015 824 l.
1031 804 1053 824 1.
1066 796 1086 832 ᾗ.
1099 794 1145 823 sed
1156 791 1317 823 videndum.

227 845 259 874 D.
273 846 308 873 de
317 842 518 872 successedit‘l.
536 841 684 869 Hotoman.
1252 865 1257 870 Π

205 883 346 914 Bonorum
357 880 483 918 possessio
495 879 575 907 Unde
587 877 696 913 cognati
708 876 810 904 dieitur
821 897 828 907 .
850 883 909 909 qua:
925 869 1193 911 cognatisvproximis
1205 866 1321 911 {³b.¹⁰te‘

226 921 293 949 stato
303 919 440 948 defertur:
464 919 492 945 in
506 916 607 953 quibus
621 915 713 951 agnati
726 912 892 949 emancipati
905 933 912 945 ⁷
933 909 1033 946 quibus
1047 908 1126 937 Unde
1137 906 1253 942 legitiml
1263 913 1321 932 non

227 958 363 990 competit
377 979 384 989 ,
404 956 591 984 continentur.
614 952 631 981 l.
649 963 671 981 1.
690 952 721 981 D.
745 951 824 980 Unde
835 949 962 986 cognati,
983 950 1008 976 ἐν’.
1023 946 1117 983 pallini
1150 945 1300 986 Hotoman.

206 992 346 1026 Bonosum
358 993 484 1031 possessio
494 992 645 1021 secundum
657 990 763 1019 tabulas
775 989 943 1024 eirearqunm
955 986 1052 1014 Praetoi·
1072 983 1226 1011 testamenti
1244 980 1321 1008 tabu-

224 1034 264 1062 las
274 1043 306 1062 ac
319 1032 479 1069 scripturam
492 1030 606 1065 sequens
618 1050 626 1063 ,
647 1029 727 1065 eique
738 1027 934 1062 obtemperans
944 1046 951 1057 ,
969 1022 1098 1051 institutis
1109 1018 1263 1050 haeredibus
1272 1017 1322 1046 lar-

225 1072 304 1109 gitur.
326 1070 343 1099 l.
359 1080 382 1098 1.
400 1070 429 1097 s).
449 1069 483 1096 de
496 1068 592 1096 bonor.
608 1065 675 1104 poss.
690 1065 800 1094 secund.
816 1064 869 1092 trib.
883 1062 1033 1091 Hotoman.
1263 1093 1268 1098 .

206 1109 347 1140 Bonorum
367 1106 492 1145 pout-iiio
507 1106 589 1134 Unde
605 1110 753 1141 patronus,
777 1108 890 1138 patrona
902 1122 908 1131 .
939 1097 1039 1140 liberi,
1060 1093 1243 1137 parentesque
1261 1088 1323 1121 illo-

225 1157 286 1175 rum
297 1152 446 1178 vocantur,
470 1144 507 1173 est
525 1153 585 1181 quae
595 1143 630 1171 ab
643 1142 768 1170 intestato
783 1139 882 1167 liberto
897 1135 1086 1174 superscriptis
1101 1133 1225 1171 personis
1236 1130 1324 1160 defer<-

224 1191 277 1213 tur.
302 1184 323 1221 §.
345 1183 408 1212 sunt
420 1182 607 1216 auteni.,lnst.
631 1181 665 1208 de
687 1179 784 1207 bonor.
810 1176 877 1214 poss'.
900 1176 925 1205 ὃς
943 1172 1018 1212 apud
1031 1172 1093 1210 Ulp.
1106 1181 1166 1209 cap.
1179 1176 1222 1204 28.
1238 1171 1321 1203 &290

225 1223 376 1251 Hotoman.

205 1259 345 1290 Bonorum
359 1257 484 1296 possessio
495 1256 577 1285 Unde
588 1256 684 1284 decem
698 1252 819 1292 personae
832 1274 839 1285 ,
863 1250 965 1280 dicitur
975 1271 982 1283 ‚
1003 1257 1063 1285 quae
1077 1247 1176 1275 decem
1188 1244 1320 1286 personis,

225 1295 686 1335 quaemanumissmipraeseruntur,
707 1291 880 1320 conceditur.
903 1288 921 1316 l.
945 1287 1009 1315 fiad
1022 1292 1148 1327 patrem..
1163 1284 1192 1312 D.
1212 1284 1249 1312 'de
1269 1281 1322 1310 suis

225 1338 251 1365 δε
271 1335 348 1372 legit.
390 1334 492 1363 Decem
506 1338 597 1362 autem
617 1330 744 1368 personas
765 1328 944 1364 intelligimus
957 1345 964 1359 ,
985 1324 1090 1356 filiuni,
1111 1322 1194 1350 filiam
1207 1344 1215 1355 ‚
1236 1328 1323 1363 nepo--

225 1380 280 1402 tem
294 1395 301 1402 .
325 1378 439 1409 neptem
452 1393 459 1405 .
479 1371 591 1399 fratrem
632 1368 769 1402 sororem,
791 1372 915 1404 patrem,
937 1369 1070 1395 matrem,
1099 1370 1178 1389 avum
1192 1380 1200 1395 ,
1221 1367 1320 1388 aviam.

224 1410 375 1441 Hotoman.
397 1409 469 1438 conf.
492 1409 546 1437 late
560 1406 646 1436 Pirisc.
662 1405 727 1434 Lex.
1105 1420 1121 1434 a
1284 1432 1289 1438 η

204 1448 248 1479 De
258 1448 341 1478 Bonis
354 1457 413 1484 quae
425 1446 499 1484 apud
509 1443 655 1481 Juriscons.
665 1444 721 1472 dici
733 1441 821 1472 solent
835 1439 1007 1478 Parapherna
1019 1458 1026 1473 ‚
1048 1433 1149 1465 Praeffia
1159 1456 1167 1471 ‚
1188 1432 1324 1471 Prosenp.

166 1510 167 1513 ,
224 1495 316 1516 torum
327 1509 335 1521 ‚
358 1485 485 1518 Publica,
516 1483 547 1512 V.
569 1482 634 1511 Lex.
650 1480 736 1510 Pitisc.

203 1524 394 1562 Pauperrimus
406 1523 551 1551 bonorum.
575 1521 642 1550 Hor.
658 1529 680 1548 1.
696 1519 783 1548 Serm.
802 1526 825 1546 1.
841 1525 887 1554 79.

203 1563 281 1592 Avita
294 1562 374 1591 bona.
395 1561 484 1590 Tacit.
507 1570 547 1594 14.
568 1559 636 1587 Ann.

204 1601 315 1630 Caduca
331 1600 411 1629 bona.
435 1600 500 1627 Stat.
516 1607 542 1626 2.
554 1596 618 1625 Silv.
631 1605 656 1624 2.
672 1603 732 1631 130.
754 1593 786 1622 V.
807 1590 893 1630 paulo
903 1590 990 1629 supra.

202 1639 332 1668 Humana
344 1638 425 1666 bona.
447 1635 531 1665 Ovid.
544 1644 566 1669 3.
586 1636 677 1663 Amor.
696 1643 737 1662 ιο.
754 1634 781 1660 6.

202 1675 341 1706 Invidiosa
350 1675 433 1704 bona.
456 1674 540 1703 Ovid.
554 1672 589 1701 ad
602 1671 704 1700 Liviam
714 1692 722 1706 ‚
738 1675 782 1705 58.

202 1714 316 1743 Paterna
330 1715 401 1742 buna
413 1712 558 1741 lancinata.
581 1708 670 1739 Catul.
683 1711 728 1744 27'.
744 1717 786 1744 17·

202 1749 316 1782 Paterna
329 1752 401 1780 bona
410 1750 580 1779 consumere.
602 1746 720 1784 Quintil.
738 1745 786 1774 lib.
798 1749 823 1780 3.
839 1752 899 1780 cap.
913 1750 956 1771 11.
981 1777 987 1785 .
1126 1779 1129 1782 .

201 1789 290 1820 Patria
301 1790 383 1818 bona.
424 1788 487 1817 Ter.
500 1787 569 1816 Eun.
584 1795 610 1815 2.
623 1795 648 1814 2.
662 1797 688 1820 4.
712 1783 799 1814 Patria
813 1782 860 1819 qui
872 1780 1047 1816 abligurierat
1059 1775 1143 1805 bona.
1169 1813 1175 1818 Ι
1198 1808 1215 1818 .-

202 1827 305 1858 Praedia
321 1828 402 1856 bona.
444 1826 502 1855 Cic.
520 1835 543 1859 3.
558 1824 633 1853 Verr.
648 1832 709 1858 142.
732 1821 768 1850 de
785 1819 860 1849 sartis
878 1819 957 1847 tectis
968 1817 1101 1858 loquens,
1124 1813 1176 1842 Ubi
1198 1810 1245 1841 ula
1258 1820 1323 1840 con=

221 1866 338 1895 suetudo
351 1866 379 1893 in
394 1864 474 1893 bonis
490 1861 631 1901 praedibus
643 1860 809 1899 praediisque
828 1856 986 1886 vendendis
1007 1861 1135 1883 omnium
1151 1849 1303 1893 Consulum
1313 1870 1322 1883 5

222 1903 373 1933 Censorum
386 1925 393 1938 ‚
418 1903 565 1935 Praetorum
578 1921 587 1935 ‚
609 1899 783 1936 Quaestorum
796 1895 917 1931 denique
929 1915 937 1927 ,
959 1899 990 1922 ut
1001 1892 1107 1930 optima
1120 1888 1284 1932 conditione
1293 1887 1324 1915 sit

219 1942 242 1971 is
252 1964 259 1976 ‚
278 1942 341 1977 cuja
351 1951 393 1970 res
403 1940 433 1968 sit
441 1961 449 1975 ‚
466 1939 559 1975 cujum
568 1936 732 1976 periculum.
775 1934 844 1970 Quae
853 1931 936 1962 verba
943 1939 1074 1960 enarrans
1086 1927 1215 1971 Asconius
1225 1936 1250 1963 p.
1259 1934 1320 1959 105.

220 1979 297 2009 Bona
308 2001 316 2014 ‚
337 1979 442 2015 inquit,
463 1977 566 2014 praedia
576 1976 707 2005 dicuntur
718 1973 796 2002 Bona
806 1969 1030 2001 satisdationibus
1041 1967 1179 1998 obnoxia,
1199 1964 1253 1993 sive
1271 1962 1323 1991 sint

219 2017 250 2046 in
270 2017 416 2054 mancipiis
428 2037 436 2050 ‚
457 2017 509 2044 live
530 2015 560 2043 in
580 2012 701 2051 pecunia
718 2015 871 2040 numerata.
910 2007 988 2037 Idem
1003 2004 1087 2044 paulo
1102 2003 1182 2047 post,
1214 2001 1322 2030 Praedes

220 2055 438 2091 igiturhomines
450 2052 512 2082 sunt
531 2050 714 2087 Fidejuss'ores
728 2071 737 2084 ‚
760 2056 878 2084 quorum
898 2055 941 2075 res
962 2045 1038 2073 Bona
1053 2042 1155 2081 praedia
1174 2049 1251 2069 nunc
1264 2047 1322 2068 uno

220 2093 335 2122 nomine
346 2093 486 2121 dicuntur.
527 2090 567 2119 Ex
577 2089 689 2119 Budaeo.
710 2087 784 2117 cons.
797 2083 908 2116 Salmas.
919 2084 955 2113 de
965 2081 1045 2113 Mod.
1058 2079 1131 2111 usur.
1148 2087 1209 2117 cap.
1224 2079 1267 2107 16.

199 2130 418 2167 Proscriptorum
428 2129 511 2158 bona.
533 2128 607 2166 Nep.
620 2136 666 2162 ας.
683 2135 724 2155 12.
740 2134 764 2162 3.

200 2167 344 2199 Publicata
356 2167 436 2196 bona.
461 2166 539 2203 Idem
553 2173 578 2202 7.
590 2176 616 2201 4.
631 2175 656 2202 5.
667 2165 694 2194 &
708 2162 767 2193 Cic.
781 2171 823 2192 12.
837 2160 913 2192 Fam.
923 2169 951 2196 4.

202 2206 342 2235 Vacantia.
366 2205 397 2233 V.
419 2204 506 2241 supra.
541 2203 543 2206 ’

201 2245 327 2275 Adedere
342 2243 426 2271 bona.
449 2241 542 2271 Tacit.
557 2250 581 2269 1.
593 2237 662 2270 Hist.

201 2282 336 2312 Addicere
350 2280 422 2309 bona
434 2279 559 2314 alicujus.
602 2277 633 2307 In
654 2287 674 2306 A
685 2286 704 2305 υ
713 2286 732 2305 n
743 2286 753 2304 1
763 2284 780 2304 e
789 2284 816 2304 o.

201 2320 331 2351 Adimere
342 2318 425 2348 bona.
448 2317 514 2346 Hor.
531 2326 553 2345 r.
569 2315 653 2353 Epist.
668 2318 710 2344 16.
724 2323 768 2351 75.

202 2358 368 2394 Ildjudicare
380 2355 460 2384 bona.
484 2354 603 2391 Quintil.
618 2353 667 2383 lib.
680 2364 704 2388 ς.
720 2361 783 2389 cap.
800 2359 842 2385 14.

201 2397 335 2434 Aggerere
347 2394 423 2423 bona
432 2393 466 2422 ad
476 2393 605 2429 aliquem.
639 2391 672 2420 In
693 2400 713 2420 A
722 2399 740 2418 c
750 2399 768 2418 c
778 2398 793 2417 ir
801 2397 852 2417 Ro.

202 2434 310 2463 Cedere
322 2433 412 2461 bonis.
435 2430 553 2468 Quintil.
570 2429 619 2458 lib.
633 2432 658 2458 6.
675 2438 735 2466 cap.
752 2437 775 2456 1.

201 2471 358 2501 comedere
372 2470 453 2498 bona.
478 2469 543 2498 Hor.
559 2477 581 2497 1.
595 2467 679 2506 Epist.
696 2476 739 2502 15.
752 2474 797 2500 40.

203 2509 381 2539 consumere.
416 2507 448 2536 V.
472 2506 593 2536 Paterna.

200 2547 343 2578 Deservire
354 2545 435 2574 bonis
445 2545 566 2574 caducis.
588 2543 656 2573 Stat.
669 2551 694 2570 2.
708 2539 773 2570 Silv.
787 2543 812 2568 2.
830 2547 890 2575 130.

201 2586 316 2623 Eripere
326 2584 409 2613 alicui
423 2583 508 2621 patria
519 2582 603 2611 bona.
624 2580 682 2610 Cic.
696 2588 721 2616 3.
733 2578 811 2608 Verr.

201 2623 310 2654 Exuere
325 2622 416 2651 bonis.
439 2620 529 2650 Tacit.
541 2631 566 2655 4.
582 2620 709 2647 Ann.21.
1089 2646 1096 2654 ⁶

195 2662 306 2698 ,Legare
317 2659 517 2689 usumfructum
527 2657 667 2686 bonorum
675 2655 786 2684 suorum
796 2651 886 2682 uxori.
908 2649 967 2680 Cic.
983 2648 1013 2678 in
1022 2642 1122 2686 Topic.
1139 2650 1181 2684 1¹7.

202 2700 376 2737 Oppugnare
387 2697 461 2726 bona
469 2696 594 2731 alicujus.
624 2694 656 2723 In
676 2700 858 2722 OPPUGNO.
1202 2721 1208 2727 ¹
1290 2719 1313 2726 Β.

203 2737 320 2781 Perdere
329 2735 413 2764 bona.
449 2735 513 2763 Sen.
525 2734 554 2762 in
565 2730 680 2770 Hippol.
691 2741 717 2767 4.
750 2728 866 2759 Perdere
886 2726 925 2756 est
939 2725 1039 2762 dignus
1054 2723 1128 2753 bona
1146 2730 1224 2758 queis
1239 2717 1328 2749 nescit

205 2780 342 2844 Pglii'dere
350 2810 425 2840 bona
433 2807 547 2848 publice
559 2811 606 2837 aut
617 2816 651 2836 ex
663 2805 764 2835 edicto.
792 2802 826 2833 Iri
847 2812 860 2831 1³
869 2810 885 2831 o
895 2811 907 2830 s
915 2810 927 2830 s
937 2811 947 2828 1
956 2809 1002 2843 ple
1011 2808 1038 2827 o.
1212 2834 1219 2840 .

169 2852 190 2882 Β
200 2862 216 2882 o
227 2861 247 2882 N
258 2860 324 2880 1*rA
334 2859 349 2877 R
360 2859 394 2877 iu
405 2858 416 2878 s
427 2870 435 2883 ‚
457 2846 574 2877 verbum
591 2845 629 2874 est
649 2854 664 2873 a
679 2841 842 2879 Thes-»philo
854 2862 862 2875 ‚
884 2841 910 2869 &
928 2837 1060 2867 similibus
1074 2833 1170 2864 {istum
1183 2841 1190 2864 ε
1211 2840 1278 2864 item
1296 2836 1328 2862 ut

208 2891 268 2926 ejus
286 2887 455 2918 contrarium
473 2884 648 2920 Quiritarius.
687 2880 800 2917 Duplex
825 2878 881 2913 est,
902 2876 1008 2912 inquit,
1039 2873 1214 2902 dominium:
1236 2872 1329 2909 legiti-
1351 2878 1353 2885 ¹

207 2936 304 2961 mum,
325 2924 401 2963 quod
412 2924 471 2959 jure
488 2922 641 2958 Quiritium
652 2918 806 2956 competit,
829 2917 854 2945 &
870 2913 1026 2952 appellatur
1043 2911 1174 2940 dominus
1186 2910 1243 2945 jure
1256 2910 1327 2946 Qui-

207 2965 301 2995 ritario
311 2976 317 2993 ;
327 2983 329 2986 -
339 2961 463 2992 naturale
474 2983 481 2995 ,
508 2959 584 2997 quod
596 2960 624 2987 in
635 2957 717 2986 bonis
728 2956 766 2985 est
780 2977 788 2990 ,
808 2954 885 2983 unde
895 2952 1051 2982 Bonitarius
1069 2949 1201 2978 dominus
1215 2948 1326 2977 dicitur.
1358 2965 1360 2968 -

209 3001 305 3033 Caussa
316 3007 408 3030 autem
423 3000 519 3028 harum
532 2995 754 3035 appellationum
766 3002 800 3022 ex
811 2989 1014 3029 Ulpianiinstit.
1028 2993 1152 3031 apparet.
1166 2986 1214 3015 ubi
1226 2985 1327 3022 inquit,

207 3042 240 3072 In
250 3040 331 3069 bonis
342 3042 449 3067 tanturn
460 3036 578 3071 alicujus
587 3034 679 3063 servus
687 3032 725 3060 est
736 3053 744 3066 ‚
765 3029 843 3060 velut
857 3028 911 3057 hoc
925 3027 1011 3070 modo
1021 3048 1029 3062 ,
1050 3026 1078 3055 Si
1100 3033 1167 3053 Civis
1186 3024 1328 3053 Romanus

210 3089 225 3109 a
235 3079 295 3109 cive
309 3077 438 3107 Romano
449 3074 556 3103 servum
568 3072 666 3102 emerit
678 3092 686 3105 ‚
708 3070 786 3106 isque
796 3067 916 3097 traditus
929 3075 955 3094 ei
966 3064 1014 3099 sit,
1037 3072 1128 3099 neque
1144 3068 1237 3091 tamen
1252 3071 1329 3090 man-

210 3118 318 3155 cipatus
331 3115 356 3144 ei
369 3136 377 3149 ‚
399 3122 490 3150 neque
501 3112 598 3147 injure
611 3108 699 3139 cessus
711 3129 719 3142 ,
741 3115 831 3143 neque
842 3104 876 3134 ab
889 3102 948 3146 ipsp
959 3111 1033 3131 anno
1044 3099 1174 3144 possessus
1187 3100 1225 3129 sit.
1256 3099 1329 3142 Nam

211 3153 344 3192 quamdiu
355 3152 455 3181 horum
469 3149 536 3187 quid
548 3149 595 3177 fiat
605 3170 612 3183 ,
634 3147 657 3176 is
665 3146 754 3175 servus
762 3145 791 3173 in
802 3143 885 3172 benis
896 3140 1008 3178 quidem
1022 3146 1156 3177 emptoris
1167 3138 1204 3167 est
1216 3147 1223 3167 :
1244 3146 1279 3167 ex
1288 3147 1330 3173 Ju-

211 3203 239 3222 re
252 3191 403 3228 Quiritium
415 3194 508 3218 autem
521 3209 528 3223 ‚
549 3185 703 3216 venditoris
715 3183 759 3212 est.
791 3181 943 3223 Hotoman.

174 3230 194 3261 B
203 3241 220 3260 o
231 3240 251 3258 N
261 3240 279 3258 υ
287 3239 299 3258 s
308 3238 324 3257 c
332 3229 351 3257 u
360 3239 376 3256 i.
387 3237 406 3256 A
418 3249 425 3261 ‚
446 3235 534 3255 orum.
548 3234 575 3254 n.
592 3223 689 3253 dimin.
701 3221 797 3250 Sidon.
808 3229 833 3255 9.
848 3217 930 3255 Epist.
944 3218 970 3245 6.
994 3215 1138 3252 Quantum
1148 3213 1183 3242 de
1194 3212 1331 3243 bonuscu-

212 3268 246 3297 lis
257 3267 337 3296 avitis
346 3264 525 3303 paternisque
535 3259 712 3299 abligurisset.

175 3305 250 3336 BoN
261 3315 274 3333 iz
285 3327 292 3339 ‚
314 3313 364 3341 pro
374 3303 449 3332 Bene
463 3302 527 3331 adv.
545 3300 620 3338 apud
631 3298 737 3328 Lucret.
754 3305 781 3326 2.
793 3303 825 3331 7:
843 3301 869 3336 4..
886 3300 947 3328 573.
966 3292 992 3320 ἃ
1005 3292 1029 3319 6.
1045 3291 1108 3324 996.

176 3342 198 3374 B
207 3344 223 3372 ὃ
233 3352 251 3371 Ν
261 3345 306 3371 *AT
317 3352 336 3370 u
346 3351 357 3370 s
369 3363 376 3375 ‚
398 3351 412 3369 a
422 3362 430 3375 ,
451 3349 507 3369 um.
529 3338 607 3368 Idem
618 3346 651 3367 ac
658 3336 751 3365 Bonus
764 3356 772 3368 ,
793 3330 929 3371 placidus.
966 3328 1074 3357 Petron.
1089 3336 1150 3364 cap.
1168 3334 1213 3363 74.
1237 3325 1270 3355 At
1279 3334 1331 3363 ego

214 3379 407 3409 dumbonatus
424 3387 474 3413 ago
487 3399 495 3411 ,
516 3378 542 3406 &
553 3375 619 3405 nolo
628 3373 716 3404 videri
728 3372 805 3402 levis.
844 3368 901 3398 Sed
918 3365 1009 3396 forsan
1028 3364 1106 3394 locus
1120 3364 1157 3394 est
1173 3370 1329 3402 corruptus.

215 3417 274 3454 [Et
285 3417 344 3445 haec
356 3415 415 3454 ipso
424 3414 605 3452 corruptiore.
1005 3440 1011 3447 ,

176 3455 210 3486 M
220 3465 234 3484 1⁷.
243 3465 258 3483 L
267 3465 275 3482 1
285 3463 325 3482 oi<
337 3472 345 3488 ,
366 3463 407 3482 us.
437 3452 580 3489 [ἀμώων]
612 3458 737 3487 compar.
765 3456 781 3476 a
793 3445 906 3482 Bonus.v
934 3441 969 3486 V.
1003 3450 1033 3470 in
1053 3451 1068 3468 ri
1078 3449 1095 3468 o
1105 3448 1125 3468 N
1135 3448 1153 3468 u
1163 3448 1185 3468 s.

177 3493 351 3523 Manius,
373 3491 438 3520 Adv.
460 3489 602 3526 [ἕμωνον]
629 3488 659 3516 V.
682 3486 742 3524 post
763 3492 863 3514 aaut.
904 3479 979 3524 Hinc
1191 3513 1196 3520 .
1310 3512 1317 3519 .

178 3531 210 3561 M
220 3538 235 3559 a
244 3540 261 3558 ι
270 3540 279 3557 ι
289 3539 307 3557 υ
317 3538 329 3557 s
341 3538 358 3557 c
368 3538 385 3557 υ
395 3539 410 3556 L
422 3538 439 3556 υ
451 3537 462 3556 s
473 3550 481 3563 ,
502 3537 517 3556 a
527 3549 535 3561 ,
557 3536 613 3556 um.
636 3525 734 3554 dimin.
765 3518 903 3552 Columel.
919 3517 968 3547 lib.
981 3527 1007 3552 9.
1026 3525 1087 3553 cap.
1101 3523 1142 3558 ζ..
1157 3513 1232 3556 illias¹
1245 3522 1332 3557 magis

215 3567 328 3603 exiguas
341 3587 348 3600 7
371 3572 486 3594 nectam
501 3563 633 3594 rotundas
643 3585 651 3597 ,
671 3562 720 3591 sed
731 3559 825 3590 obesas
836 3564 930 3587 tamen
939 3553 1044 3585 &latas
1056 3551 1158 3582 coloris
1169 3550 1333 3595 meliusculi.

213 3605 257 3634 De
268 3602 375 3641 apibus.
405 3602 488 3632 Plaut.
503 3603 581 3639 Capt.
598 3612 621 3637 5.
634 3610 660 3630 2.
672 3604 697 3629 6.
722 3599 790 3628 Rem
804 3604 880 3626 tuam
897 3594 981 3623 facies
1000 3601 1035 3622 ex
1048 3589 1119 3620 mala
1130 3588 1330 3632 meliusculam.

214 3641 295 3672 Idem
306 3640 384 3670 Cure.
397 3651 423 3674 4.
436 3649 461 3669 2.
474 3649 497 3675 3.
512 3639 581 3669 Cels.
593 3648 616 3674 3.
631 3647 675 3667 22.
697 3637 752 3674 Qui
764 3632 940 3665 meliusculus
948 3630 1002 3660 effe
1013 3629 1102 3674 coepit
1112 3649 1120 3662 ‚
1143 3627 1263 3662 adjlcere
1285 3627 1333 3655 de-

213 3680 262 3709 bet
275 3678 487 3716 exercitationes
496 3699 503 3712 ,
523 3677 665 3706 frictiones
674 3696 682 3710 ‚
704 3675 790 3704 cibos.
819 3673 837 3701 i.
850 3681 874 3701 e.
898 3669 956 3706 Qui
965 3667 1065 3698 melius
1074 3664 1158 3704 paulo
1167 3664 1267 3694 habere
1277 3674 1333 3693 coe-

216 3718 267 3755 pit.
289 3715 362 3745 conf.
379 3715 442 3744 Ter.
460 3715 527 3743 Hec-
542 3724 566 3750 3.
579 3724 605 3743 2.
621 3723 663 3749 19.

178 3755 444 3788 ManiuscuLiz,
468 3753 534 3781 Λᾶν.
557 3751 616 3780 Cic.
636 3754 677 3780 16.
692 3749 767 3779 Fam.
782 3759 806 3783 ς.
829 3745 965 3775 Volebam
983 3742 1018 3773 ad
1036 3749 1063 3772 te
1074 3740 1230 3771 Marionem
1240 3738 1335 3767 remit-

216 3799 274 3822 tere
290 3800 295 3819 :
319 3799 402 3827 quem
420 3799 504 3827 quum
520 3786 681 3817 meliuscule
700 3786 752 3816 tibi
771 3785 855 3821 esset,
876 3783 912 3813 ad
926 3791 972 3811 me
989 3781 1122 3810 mitteres.
1152 3776 1227 3807 conf.
1245 3774 1332 3805 Plaut.

178 3828 302 3900 Misiosb
312 3836 424 3893 {lasso
435 3885 442 3898 7
464 3860 640 3899 [βελτιέμοα]
661 3862 716 3890 ὅτε.
739 3859 887 3890 Meliorem
897 3858 964 3887 fieri.
990 3852 1127 3885 Columel.
1141 3852 1283 3889 lib.².cap.
1291 3860 1332 3879 ιο.

214 3905 310 3942 Napus
320 3902 454 3932 devexam
463 3906 535 3929 amat
546 3901 572 3929 Sc
581 3899 678 3928 siccam
686 3920 693 3932 ,
715 3899 847 3934 tenuique
858 3896 1017 3934 propiorem
1028 3900 1137 3922 terram.
1173 3891 1266 3927 ltaque
1279 3884 1335 3925 gla-

215 3941 296 3973 reosis
306 3939 487 3975 sabulosisque
503 3938 573 3970 arvis
585 3935 759 3966 meliorescit.
799 3934 839 3963 Ex
857 3940 911 3963 vet.
925 3932 988 3962 cod.
999 3931 1099 3968 legitur
1116 3928 1217 3959 Melior
1228 3927 1295 3957 exit.

1366 184 1564 219 Matieno,

1369 335 1401 365 M
1413 344 1425 362 n
1435 345 1450 362 L
1460 345 1468 362 i
1478 344 1494 362 o
1505 344 1520 362 R
1532 344 1596 362 Art
1606 343 1623 362 o
1635 355 1643 368 ,
1664 334 1734 363 finis.
1755 335 1774 363 f.
1796 335 1877 364 Closs.
1893 335 1937 364 Gr.
1952 336 2008 365 Lat.
2028 334 2186 365 anamim.
2195 338 2360 368 melioratio.
2390 339 2465 370 Adde
2473 341 2517 377 Ju.
2544 329 2571 372 li

1371 410 1567 445 Geminius,
1589 419 1623 444 a,
1646 419 1701 438 um.
1725 410 1823 447 superi.
1846 421 1861 439 a
1878 411 1980 440 Eunus.
2022 412 2052 442 V.
2084 413 2212 451 exempla
2233 415 2263 442 in
2283 423 2414 445 BONUS.
2457 417 2518 452 [An
2545 395 2565 445 l·
2582 419 2604 441 δὲ’

2545 448 2548 464 1

1377 899 1426 929 01²
1440 901 1595 928 riMITAs
1608 921 1615 934 ‚
1636 900 1696 928 atis.
1719 901 1889 935 [βεληςὸτητ]
1912 901 2034 936 Utilitas,
2052 903 2243 933 commodum.
2283 902 2368 933 Plaut.
2381 904 2448 933 Asin.
2461 908 2520 937 22.
2558 891 2559 894 Ἰ

1376 1046 1405 1080 Ό
1416 1061 1430 1079 P
1441 1052 1508 1079 >riu
1520 1060 1574 1085 As,
1596 1051 1655 1079 atis.
1677 1060 1701 1080 c.
1723 1052 1763 1087 [α’
1778 1052 1870 1086 ἸᾹςαῒν]
1893 1052 2050 1089 Optimates
2059 1054 2205 1090 dicuntur,
2227 1060 2259 1084 ut
2267 1055 2306 1084 ait
2316 1055 2454 1091 Perottus,
2470 1055 2527 1093 Qui

1380 1802 1541 1842 BELLUS.
1563 1808 1710 1845 [υμψὸε]
1731 1810 1790 1845 Adj.
1814 1810 1911 1840 dimin.
1933 1811 2011 1840 Idem
2033 1812 2165 1849 significat
2185 1813 2260 1850 quod
2278 1812 2389 1848 Bonus,
2416 1811 2460 1842 vel
2477 1811 2535 1842 Pul.
2556 1825 2557 1832 ¹

1823 104 1847 137 B
1945 102 2113 140 ΟΝ

1404 222 1425 258 §.
1449 222 1515 264 inde
1533 222 1612 258 quaes.
1630 222 1663 250 D.
1688 232 1724 265 (ἐξ
1745 222 1872 251 usuri-cfr.
1946 234 2103 260 quemaum.
2118 227 2182 262 quis
2204 233 2317 261 utatur,
2338 226 2388 254 &a
2435 227 2514 259 Forfi.
2585 243 2587 250 ι

1404 266 1451 288 tan
1469 267 1553 288 etiam
1569 259 1628 288 hae:
1648 259 1681 287 dt·
1696 270 1770 289 icere
1787 262 1906 298 poterit.
1930 262 2064 298 siquidem
2082 264 2108 291 ei
2127 265 2295 301 permittitur
2308 264 2448 294 meliorare
2457 276 2516 304 pro·
2555 286 2559 302 «,
2580 256 2596 283 '⁵

1587 185 1691 220 [effari
1716 184 1731 220 ]
1751 187 1806 213 are.
1829 184 1929 214 Me'iiis
1953 186 2077 216 reddere.
2129 186 2240 225 Ulpian.
2259 188 2323 218 inl.
2345 187 2360 212 s·
2377 189 2454 225 cujus
2470 192 2512 226 rei.
2543 136 2546 219 l

1405 297 1560 334 prietatem.
2543 224 2548 328 l

1409 372 1516 400 iiinian.
1532 371 1550 400 l.
1564 381 1588 401 2.
1603 373 1628 401 ἃ
1641 380 1665 407 3.
1677 372 1711 400 de
1723 372 1788 407 Jure
1799 373 1925 410 binphyt.
1942 374 1987 402 ubi
1999 376 2024 404 Sc
2038 375 2076 411 pl.
2091 375 2311 405 Meliorationes.

1415 447 1485 476 ..oo
1509 448 1556 475 roz>
1578 448 1611 475 a.
1627 447 1666 475 st.
2559 450 2561 453 ’
2581 443 2604 474 u

1411 458 1519 521 Optiriii
1537 485 1669 522 principis
1682 483 1801 528 Traiano
1818 496 1974 522 cognomen
1989 487 2085 516 datum
2100 498 2115 517 a
2138 487 2244 518 senatu.
2283 489 2314 518 V.
2338 480 2407 518 Plin.
2424 489 2518 529 Paneg.
2545 470 2549 515 l
2577 451 2604 520 ill

1430 532 1489 559 cap.
1503 527 1547 567 ὃς.
1570 532 1597 550 n.
1611 527 1636 555 g.
1660 522 1804 564 ldernaliis
1814 524 2062 560 lmp.concessum.
2085 525 2207 563 Papini
2221 535 2264 563 30.
2286 527 2322 556 de
2336 527 2454 558 excusat.
2469 534 2510 560 tut
2547 527 2549 531 '
2582 530 2600 553 55¹

1429 560 1502 603 conf.
1519 560 1624 597 bpanli.
1636 560 1671 588 de
1684 560 1735 589 Usu
1748 563 1771 590 δι’
1786 561 1824 590 Pr.
1847 562 1931 590 Num.
1942 562 2000 590 diff.
2019 573 2060 592 12.
2077 573 2104 601 p.
2120 574 2181 597 500.
2511 552 2519 561 ⁸
2552 571 2553 574 ’
2597 555 2603 566 l

1410 597 1542 641 Optrnius
1563 598 1719 640 Maximus,
1740 599 1815 633 ,jovis
1834 599 1940 629 titulus.
1981 599 2040 629 Cic.
2058 610 2084 629 2.
2109 602 2144 630 de
2159 601 2222 630 Nat.
2234 601 2317 631 Deor.
2326 605 2370 637 64.
2408 602 2523 641 Sedipse

1428 636 1550 672 Jupiter.
1573 635 1601 663 id
1611 635 1648 664 est
1657 635 1870 679 Juvanspater‚
1892 647 1972 673 quem
1996 639 2131 668 conversis
2145 639 2249 668 casibus
2267 640 2438 677 appellamus
2456 651 2471 670 a
2484 642 2523 678 ju.
2559 642 2562 667 Ῑ

1427 673 1519 715 vando
1529 672 1626 707 jovem
1637 695 1645 707 ,
1666 683 1682 702 a
1692 681 1786 716 ‚poetis
1796 681 1874 711 pater
1888 675 2038 712 divumque
2052 676 2255 714 hominumque
2274 678 2389 713 dicitur,
2414 688 2429 707 a
2443 680 2524 714 majo-
2551 667 2554 679 δ

1427 712 1503 739 ribus
1516 717 1607 753 autem
1619 710 1712 739 vestris
1724 711 1854 749 Optimus
1863 713 2016 742 maximus:
2039 716 2065 743 ὁὶ
2083 715 2197 751 quidem
2211 721 2275 744 ante
2292 716 2428 753 optimus,
2448 717 2477 746 id
2488 717 2533 748 est'
2552 707 2563 737 s

1430 748 1711 783 beneficentissimus,
1739 759 1820 786 quain
1839 751 1994 785 maximus,
2023 752 2085 787 quia
2103 754 2191 788 majus
2202 753 2254 788 est,
2282 760 2410 790 certeque
2428 755 2524 791 gratius

1409 785 1559 852 'Oprodess‘e
1569 786 1715 829 omnibus.
1738 796 1820 831 quam
1830 797 1897 825 opes
1907 797 2018 825 magnas
2029 789 2138 819 habere.
2163 790 2238 820 conf.
2254 790 2324 821 Plin.
2342 791 2391 821 ubi
2403 790 2489 830 supra.

1442 830 1544 860 primus
1554 833 1745 861 maximusque
1755 825 1866 854 fundus.
1908 825 1939 855 In
1960 837 1980 854 M
1991 836 2008 854 A
2018 837 2035 855 c
2046 837 2064 855 N
2075 837 2092 856 u
2103 838 2124 857 s.

1414 861 1530 898 Optime
1541 862 1567 890 Sc
1576 861 1731 890 dulcillinie
1746 862 1835 892 frater.
1859 863 1915 892 Cic.
1928 873 1951 898 3.
1963 864 1997 893 de
2010 864 2103 902 Legib.
2117 875 2162 900 κς.

1418 941 1459 966 ι6.
1503 936 1636 980 Maximas
1645 938 1832 974 optimitates,
1854 939 2010 976 gaudioque
2027 940 2209 970 offertiflimas
2221 963 2230 976 ,
2251 941 2304 970 suis
2321 942 2394 971 heris
2410 941 2456 971 ille
2471 952 2525 977 una
2560 966 2561 969 .

1413 983 1525 1018 mecum
1536 980 1632 1018 pariet.
1672 975 1752 1004 Mart.
1765 976 1869 1020 Capell.
1883 987 1909 1012 4.
1928 987 1955 1014 p.
1971 988 2032 1013 109.
2055 978 2205 1009 Utbonum
2217 979 2337 1009 dicimus
2354 990 2370 1009 a
2386 979 2508 1012 bonitate
2559 986 2561 990 ⁴

1419 1022 1476 1041 non
1486 1020 1524 1041 ita
1533 1020 1670 1050 ‹¹ptlmum
1680 1012 1713 1042 ab
1727 1020 1893 1051 optimitate.
2515 1001 2526 1019 ’

1415 1089 1536 1132 primum
1546 1089 1575 1117 in
1583 1089 1693 1117 civitate
1702 1088 1794 1133 locum
1807 1096 1930 1133 ten-ent:
1941 1091 1985 1119 vel
1996 1092 2070 1127 quod
2081 1092 2271 1130 opulentiores
2287 1093 2366 1129 sunt,
2386 1094 2412 1123 ἃ
2431 1093 2459 1122 in
2474 1103 2527 1124 ma·
2555 1108 2557 1110 ·

1414 1136 1466 1176 Jo-ri
1479 1126 1578 1161 censu,
1601 1125 1643 1155 vel
1665 1127 1740 1160 quod
1761 1138 1787 1155 in
1813 1137 1907 1170 primis
1920 1138 2002 1171 opem
2014 1129 2084 1158 serre
2100 1130 2211 1167 possunt
2226 1131 2369 1169 oppressis.
2408 1130 2464 1160 Cic.
2478 1141 2527 1169 pro

1415 1164 1490 1193 Sext.
1504 1170 1547 1197 98.
1568 1164 1631 1193 Duo
1643 1174 1741 1201 genera
1752 1165 1858 1202 semper
1873 1176 1901 1194 in
1910 1165 1962 1194 hic
1973 1168 2084 1196 civitate
2098 1169 2210 1198 flierunt
2220 1179 2318 1198 eorum
2330 1169 2377 1206 qui
2391 1169 2486 1199 versari
2497 1170 2527 1200 in

1417 1202 1535 1239 Republ.
1547 1208 1627 1245 atque
1638 1202 1665 1230 in
1677 1212 1708 1230 ea
1717 1202 1741 1231 se
1751 1203 1933 1232 excellentius
1945 1214 2038 1241 gerere
2051 1206 2230 1236 studuerunt:
2252 1207 2351 1244 quibus
2370 1215 2405 1236 ex
2425 1207 2528 1244 generia
2558 1217 2559 1222 ¹
2591 1215 2604 1235 πὶ

1415 1240 1467 1269 bus
1477 1239 1551 1268 alteri
1564 1239 1591 1283 se
1599 1239 1746 1277 populares
1759 1263 1766 1275 ,
1788 1241 1863 1269 alteri
1875 1243 2022 1278 optimates
2032 1245 2056 1272 1¹3(
2069 1244 2162 1273 haberi
2178 1246 2204 1274 δι
2215 1244 2269 1274 esse
2280 1245 2437 1274 voluerunt.
2474 1245 2528 1281 Qii
2558 1264 2559 1273 i
2587 1247 2604 1275 lm

1418 1288 1518 1314 eaquae
1528 1278 1686 1321 faciebant,
1709 1288 1823 1322 quasque
1835 1279 1982 1312 dicebant.
2006 1281 2181 1311 multitudini
2193 1280 2529 1319 jucundavolebantesse,v
2587 1275 2604 1313 lii

1415 1315 1580 1354 populares:
1603 1318 1825 1360 quiantemitale
1836 1316 1983 1353 gerebant,
2007 1318 2088 1349 utsua
2101 1320 2213 1349 consilia
2225 1321 2334 1358 optimo
2352 1321 2451 1358 cuique
2469 1330 2546 1359 pro-⁴
2592 1329 2604 1350 a

1417 1355 1562 1396 barentum
1584 1360 1730 1390 optimates
1740 1353 1916 1384 habebantur.
1959 1356 2081 1386 Priscian.
2098 1358 2146 1387 lib.
2164 1369 2188 1393 ς.
2211 1358 2369 1396 Optimates
2380 1358 2457 1394 sunt,
2486 1359 2533 1396 qli
2593 1359 2604 1387 'nl

1414 1392 1573 1420 ‘detendunt
1588 1392 1748 1421 Senatores:
1781 1393 1944 1429 Populares,
1973 1396 2019 1432 qui
2039 1395 2195 1425 defendunt
2216 1397 2360 1434 populum.
2406 1396 2465 1426 Cic.
2485 1387 2535 1429 11:
2589 1396 2604 1428 lei

1416 1430 1470 1459 Att.
1489 1439 1530 1459 11.
1553 1429 1623 1473 Vide
1633 1451 1641 1464 ‚
1666 1439 1701 1459 ne
1711 1430 1776 1459 dum
1787 1431 1875 1474 pudet
1885 1437 1912 1460 te
1922 1441 2019 1469 parum
2030 1434 2194 1470 optimatem
2215 1434 2268 1463 esse
2278 1457 2285 1469 ,
2308 1444 2405 1472 parum
2419 1431 2532 1472 diligen-¹
2560 1461 2561 1467 .

1415 1473 1459 1497 'ter
1474 1467 1549 1511 quod
1563 1473 1702 1511 optimum
1714 1468 1744 1496 sit
1755 1490 1762 1501 .
1784 1468 1877 1505 eligas.
1899 1469 1918 1499 i.
1932 1479 1954 1498 e.
1979 1470 2075 1500 Minus
2089 1476 2228 1501 amantem
2239 1472 2419 1510 Reipublicae.
2560 1476 2561 1484 ¹

1416 1505 1626 1535 Atheniensium
1638 1513 1795 1543 optimates.
1819 1507 1875 1536 Cic.
1887 1507 1914 1536 in
1925 1507 2000 1537 Brut.
2019 1512 2081 1544 306.
2560 1535 2561 1538 ,

1416 1544 1488 1590 Qiae
1505 1543 1671 1572 Corinthum
1681 1554 1771 1573 arcem
1787 1543 1870 1573 altam
1889 1545 2030 1575 habebant
2045 1552 2177 1577 matronae
2196 1547 2355 1586 opulentae‚
2378 1542 2532 1585 optimates.
2554 1567 2555 1570 =

1434 1584 1492 1610 Cic.
1506 1591 1531 1618 7.
1544 1581 1617 1611 Fam.
1630 1585 1655 1610 6.
1687 1591 1721 1610 ex
1733 1589 1787 1611 vet.
1803 1589 1895 1620 poeta.

1416 1619 1494 1664 Orba
1514 1619 1547 1648 ab
1569 1620 1750 1663 optimatibus
1774 1621 1883 1649 concio.
1924 1621 1982 1651 Cic.
2015 1632 2066 1659 pro
2089 1622 2178 1653 Flacc.
2202 1634 2244 1658 54.
2287 1622 2378 1661 Usque
2408 1633 2442 1653 eo
2467 1623 2534 1654 orba*

1435 1658 1490 1724 {pit
1509 1656 1543 1686 ab
1559 1658 1739 1695 optimatibus
1759 1657 1805 1687 illa
1830 1659 1947 1695 concio,
1978 1665 2008 1689 ut
2025 1661 2157 1699 princeps
2178 1661 2340 1700 principum
2358 1660 2425 1692 esset
2439 1661 2535 1692 Mean-
2554 1679 2556 1688 ι

1459 1705 1523 1724 rius.
2150 1716 2153 1719 ⁴

1416 1733 1607 1777 Esterminare
1618 1732 1773 1771 optimates.
1811 1733 1870 1764 Cic.
1882 1744 1908 1764 2.
1921 1735 1978 1764 Off.
1992 1741 2035 1769 80.
2054 1737 2089 1766 de
2106 1736 2335 1767 Lacedaemoniis.

1417 1772 1496 1800 Viam
1507 1777 1674 1809 optimatum
1687 1780 1789 1801 tenere.
1813 1772 1871 1801 Cic.
1888 1783 1910 1802 1.
1924 1774 1976 1802 Att.
1992 1784 2033 1810 17.
2060 1775 2133 1805 conf.
2152 1775 2246 1812 Nepos
2260 1785 2300 1809 19.
2315 1785 2339 1812 3.
2353 1785 2376 1805 1.
2391 1776 2417 1805 δε
2430 1783 2456 1811 7.
2470 1785 2493 1811 ς,
2506 1765 2541 1811 3.'
2563 1768 2566 1803 l
2603 1790 2604 1808 i

1419 1848 1493 1876 cher.
1517 1847 1600 1890 Varro
1613 1847 1759 1884 Bimargm
1793 1848 1890 1878 Socios
1910 1858 1939 1878 es
1957 1848 2096 1887 hostibus,
2117 1850 2207 1881 socius
2222 1851 2326 1880 bellum
2347 1852 2385 1881 ita
2401 1851 2487 1888 geris,
2505 1854 2535 1880 ut
2564 1866 2565 1869 =

1420 1885 1494 1914 bella
1507 1894 1602 1914 omnia
1611 1885 1727 1914 domum
1737 1885 1814 1914 feras.
1839 1887 1910 1916 Non.
1924 1898 1950 1922 4.
1961 1898 2007 1921 45.
2566 1911 2567 1918 .

1419 1923 1511 1953 Bellus
1522 1922 1608 1952 homo
1620 1944 1628 1958 ‚
1649 1932 1733 1960 quem
1742 1923 1883 1953 Urbanum
1898 1926 1924 1955 Sc
1934 1924 2046 1955 civilem
2057 1926 2184 1956 dicimus.
2207 1926 2327 1956 Martial.
2340 1926 2390 1957 lib.
2406 1936 2430 1956 1.
2442 1936 2486 1956 10.
2524 1942 2528 1950 =

1496 1961 1587 1991 Bellus
1597 1961 1683 1990 homo
1696 1962 1722 1990 δι
1740 1970 1855 1999 magnus
1869 1963 1910 1991 vis
1924 1963 2000 1992 idem
2011 1985 2019 1998 ‚
2040 1964 2138 1997 Cotta.
2159 1964 2264 1994 videri:

1541 1999 1596 2028 Sed
1607 2000 1653 2035 qui
1662 1998 1751 2028 bellus
1761 1999 1847 2029 homo
1858 2001 1915 2035 est,
1936 2000 2018 2030 Cotta
2027 2023 2035 2036 ,
2059 2002 2171 2040 pusillus
2183 2003 2268 2032 homo
2279 2002 2326 2032 est.

1418 2036 1512 2066 Bellus
1522 2037 1547 2066 &
1559 2037 1696 2066 humanus
1709 2037 1803 2067 homo.
1826 2039 1884 2068 Cic.
1898 2048 1924 2068 2.
1940 2038 1975 2068 de
1986 2039 2046 2069 Fin.

1418 2073 1511 2118 Bellus
1522 2075 1547 2104 Sc
1558 2075 1686 2104 urbanus.
1714 2075 1802 2105 Catul.
1813 2085 1858 2106 20.
1869 2087 1895 2111 9-

1420 2112 1581 2142 Gratissimae
1592 2114 1618 2142 8<
1631 2112 1811 2156 blellaeliterae.
1853 2114 1911 2144 Cic.
1927 2124 1970 2149 15.
1983 2114 2058 2144 Fam.
2081 2114 2151 2145 Patri
2164 2116 2277 2153 quidem
2295 2119 2369 2145 certe
2387 2112 2535 2153 gratissime

1439 2152 1465 2180 &
1477 2150 1557 2180 bellae
1570 2156 1622 2179 tuae
1636 2150 1720 2180 literae
1731 2151 1850 2181 fuerunt.
1904 2152 2036 2188 [Locum
2048 2162 2103 2182 non
2117 2154 2220 2183 inveni.

1419 2187 1522 2218 Fronte
1539 2198 1571 2232 ac
1590 2188 1668 2232 vultu¹
1684 2188 1764 2217 bellis
1782 2189 1887 2227 aliquid
1908 2190 1989 2220 ferre.
2031 2191 2088 2220 Cic.
2105 2203 2128 2227 ς.
2154 2193 2205 2221 litt.
2224 2201 2265 2221 ιο.
2286 2191 2338 2221 Etsi
2358 2192 2418 2221 haec
2433 2187 2536 2229 ipsas*

1439 2227 1716 2295 ppngzulisdemffitiaffi
1725 2227 1847 2294 vtgpgiteg
1862 2234 1978 2295 [liltsputo
1991 2251 1998 2263 ,
2021 2231 2045 2258 δι
2058 2229 2134 2259 vultu
2155 2229 2236 2259 bellis
2247 2252 2254 2265 ,
2275 2228 2322 2259 sed
2334 2239 2418 2267 angor
2431 2227 2534 2263 intimis

1419 2302 1575 2369 Tgiaegiltlripkiin
1595 2287 1710 2332 bellum.
1751 2287 1810 2332 Cic’.
1829 2275 1870 2340 ιζ.
1889 2274 2008 2334 imis-nego.
2049 2305 2201 2335 Theatrum
2221 2305 2335 2343 quidem
2353 2304 2415 2334 sane
2434 2302 2535 2334 bellurn
2567 2299 2571 2369 ῐ

1421 2378 1514 2446 9ἰὲρῖ
1524 2377 1639 2444 beblum.
1679 2377 1738 2408 Cic.
1754 2388 1776 2408 1.
1789 2378 1824 2409 de
1838 2378 1914 2409 Orat.
1928 2385 1992 2418 247.
2015 2380 2106 2417 Quam
2119 2381 2149 2410 sit
2160 2380 2265 2410 bellum
2278 2403 2286 2416 ‚
2308 2389 2404 2409 cavere
2416 2378 2537 2417 malum..
2551 2385 2555 2387 “
2603 2389 2604 2393 ’

1469 2427 1490 2445 ir
1540 2426 1556 2444 o
1581 2425 1672 2446 umus.
2190 2430 2192 2433 v

1420 2427 1536 2498 Ciuitasp
1537 2453 1615 2498 bella.
1656 2454 1713 2498 Cic.
1724 2465 1752 2497 4.
1769 2455 1820 2498 litt.
1838 2458 1879 2486 16.
1901 2454 2045 2485 Recordor
2062 2457 2137 2485 enim
2155 2466 2238 2494 quarn
2253 2455 2326 2486 bena
2341 2455 2478 2494 paulisper
2486 2463 2533 2487 no-

1441 2491 1482 2521 bis
1496 2492 1715 2529 gubernantibus
1728 2499 1823 2522 civitas
1834 2493 1926 2523 fuerit.

1422 2529 1514 2559 Bellus
1525 2540 1553 2559 es
1566 2536 1623 2558 arte
1634 2529 1716 2567 lyrae,
1737 2530 1825 2560 bellus
1837 2541 1866 2560 es
1875 2538 1931 2560 anre
1938 2531 2012 2569 pilae.
2036 2527 2155 2560 Martiai.
2166 2531 2214 2562 lib.
2227 2542 2253 2562 2.
2266 2540 2292 2568 7.

1424 2567 1534 2603 Bellus,
1557 2567 1681 2596 Pulcher.
1706 2567 1823 2597 Martini.
1840 2579 1861 2597 1.
1876 2574 1920 2604 ὗς.

1502 2605 1579 2635 Bella
1590 2615 1618 2635 es
1630 2606 1759 2635 novimus
1771 2628 1778 2641 ,
1800 2608 1824 2636 8<
1836 2607 1943 2644 puella,
1965 2617 2062 2638 verum
2071 2607 2117 2637 est.

1421 2642 1515 2673 Puella
1527 2642 1608 2672 bella.
1632 2644 1717 2674 Ovid.
1734 2655 1754 2672 i.
1771 2646 1861 2674 Amor.
1875 2655 1899 2681 9.
1917 2649 1943 2674 6.
2571 2663 2573 2666 ·

1422 2681 1515 2725 Bellus
1527 2681 1613 2711 locus.
1642 2681 1740 2748 bPlaut.
1752 2681 1850 2712 Bacch.
1863 2694 1889 2718 4.
1900 2694 1927 2720 4.
1941 2691 1985 2721 73.
2006 2682 2097 2718 Evax,
2118 2683 2201 2713 nimis
2214 2682 2322 2718 bellus,
2355 2688 2437 2721 atque
2450 2678 2539 2716 utess'e

1422 2726 1696 2801 Brgffiigirn'iecgffiazriii
1698 2730 1728 2787 ¹1³⁹.
1747 2719 1906 2788 leocffiklior.
1928 2758 2013 2788 Varro
2031 2758 2212 2788 Testamento
2224 2779 2233 2793 ‚
2254 2755 2309 2788 a&
2327 2753 2453 2794 2I329nxffiv
2491 2758 2540 2788 Ve·
2568 2730 2571 2743 ⁴

1441 2805 1489 2842 nio
1501 2805 1576 2839 nunc
1584 2796 1619 2839 ad
1632 2796 1749 2825 alterum
1763 2805 1848 2833 genus
1857 2797 2013 2840 testamenti
2024 2818 2032 2831 ‚
2056 2796 2130 2834 quod
2152 2796 2253 2825 dicitur
2264 2796 2415 2834 physicon:
2437 2781 2470 2826 irs
2486 2801 2538 2834 quo

1442 2833 1530 2862 Graeci
1547 2833 1678 2863 belliores
1689 2843 1769 2870 quam
1780 2834 1871 2863 nostri.
1895 2835 1967 2868 Non.
1977 2845 2003 2864 2.
2017 2843 2061 2870 74.

1422 2871 1587 2901 Bellilsimus
1598 2893 1606 2907 ‚
1627 2871 1726 2909 superl.
1767 2871 1832 2901 Ter.
1849 2871 1923 2901 Adel.
1935 2884 1959 2904 4.
1974 2883 1998 2901 2.
2014 2882 2056 2906 ςι.
2080 2871 2135 2908 Ego
2148 2873 2201 2905 iam
2217 2867 2382 2910 prospiciam
2397 2872 2481 2902 mihi:
2502 2875 2541 2902 at-

1444 2919 1497 2952 que
1511 2910 1731 2953 unumquodque
1744 2909 1818 2947 quod
1831 2911 1882 2939 erit
1893 2909 2069 2939 belliffimum
2081 2919 2201 2947 carpam.
2572 2910 2577 2919 ¹

1425 2947 1532 2989 Ostium
1544 2946 1720 2976 bellissimum
1733 2950 1759 2977 ἃ
1770 2948 2020 2977 taciturniffimum.
2043 2947 2126 2977 Plaut.
2139 2947 2218 2976 Cure.
2234 2956 2258 2976 1.
2276 2956 2299 2976 1.
2314 2957 2359 2977 20.

1423 2985 1581 3014 Subsidium
1592 2984 1778 3015 bellissimum.
1800 2986 1858 3015 Cic.
1877 2996 1899 3015 1.
1912 2987 1947 3015 de
1958 2986 2032 3014 Orat.
2044 2994 2107 3020 255·

1423 3022 1705 3089 caecsslifffipmffimae
1716 3022 1830 3053 salutem
1842 3023 1926 3053 dicas.
1948 3023 2006 3053 Cic.
2021 3026 2047 3053 6.
2059 3025 2113 3052 Att.
2126 3032 2152 3058 4.
2175 3022 2254 3052 Idem
2268 3032 2309 3058 14.
2324 3022 2399 3052 Fam.
2414 3030 2440 3059 7.
2462 3021 2536 3052 Cice*

1443 3070 1473 3089 ro
1505 3070 1519 3089 e
1543 3071 1549 3088 i
1574 3070 1654 3090 imus.
2528 3059 2530 3062 ’

1425 3098 1528 3127 Vinum
1540 3096 1728 3128 bellissimum.
1750 3097 1887 3127 Columel.
1903 3097 1951 3128 lib.
1966 3107 2009 3127 12.
2027 3108 2088 3135 cap.
2105 3107 2145 3131 10.

1389 3135 1410 3166 B
1421 3146 1435 3165 iz
1446 3147 1461 3165 L
1470 3147 1485 3164 L
1498 3145 1516 3165 A
1525 3145 1544 3164 ἰ’
1554 3138 1570 3165 ῠ
1579 3147 1595 3165 1.
1606 3147 1622 3165 u
1634 3146 1646 3165 s
1655 3158 1663 3171 ,
1685 3145 1700 3164 a
1710 3157 1717 3170 ,
1740 3143 1795 3165 um.
1818 3136 1989 3165 Blandientis
2005 3133 2172 3165 vocabulum
2183 3157 2191 3170 ‚
2219 3135 2295 3164 idem
2308 3134 2458 3171 significans
2469 3128 2542 3172 quod
2580 3146 2583 3153 ν

1426 3173 1557 3241 l[ielllulp's.
1599 3173 1684 3203 Plaut.
1701 3173 1789 3203 Casiri.
1803 3184 1828 3209 4.
1840 3185 1866 3210 4.
1878 3179 1921 3208 28·
1943 3174 1998 3203 Cur
2017 3183 2082 3211 ergo
2103 3183 2161 3202 non
2176 3173 2248 3202 imus
2260 3173 2384 3203 cubitum
2396 3173 2467 3202 bella
2485 3171 2541 3202 bel*

1438 3218 1482 3241 ritu
1497 3221 1511 3240 a
1525 3235 1531 3240 .

1389 3249 1602 3284 Bathinus,
1626 3246 1725 3278 dimin.
1756 3248 1841 3278 Plaut.
1860 3247 1922 3278 Mil.
1936 3259 1962 3284 4.
1978 3258 2001 3278 1.
2015 3244 2062 3284 42.
2090 3248 2210 3287 ffidepol
2229 3249 2361 3285 equidem
2383 3247 2485 3278 bellula
2502 3255 2541 3288 es.
2578 3259 2582 3282 ¹.

1428 3287 1502 3317 conf.
1516 3286 1604 3316 Casin.
1616 3298 1642 3322 4.
1653 3298 1679 3322 4.
1693 3296 1737 3316 22.
1762 3286 1836 3315 Poen.
1854 3295 1875 3314 i.
1888 3295 1913 3315 2.
1930 3296 1989 3322 134.
2524 3297 2541 3318 ,-

1389 3325 1710 3392 ΒιῖλιιιΑΙτυῗγίΠΑάῘ.
1736 3324 1822 3354 Plaut.
1843 3323 1913 3353 Rud.
1930 3333 1955 3353 2.
1976 3334 1998 3359 5.
2014 3327 2041 3353 6.
2062 3322 2134 3353 Hem
2154 3324 2204 3353 tibi
2221 3332 2337 3361 aquam,
2362 3332 2424 3352 mea
2443 3329 2473 3352 tu
2487 3319 2542 3351 bela
2573 3334 2584 3351 i

1439 3369 1500 3391 iata.
1553 3368 1580 3391 ta
1655 3385 1661 3391 .
2580 3361 2582 3382 ¹

1388 3400 1482 3445 Buff*
1492 3402 1523 3444 fr
1532 3401 1641 3444 ico-R,
1662 3400 1710 3429 firi.
1752 3399 1810 3429 Cic.
1826 3404 1848 3432 8.
1876 3398 1950 3428 Fam.
1968 3408 2009 3428 10.
2037 3409 2090 3436 pro
2113 3398 2280 3428 Gratilicari:
2312 3398 2356 3428 Ne
2381 3397 2539 3427 bellificatus
2574 3356 2589 3435 l..

1428 3438 1631 3467 alicuidicaris.
1654 3436 1915 3473 Aliiautenilegunt
1927 3436 2093 3466 Velificatus.
2132 3437 2161 3465 V.
2186 3438 2270 3465 (ssrzrv.

1389 3473 1630 3542 BrFr.fii'rUno‚
1653 3476 1718 3504 inis.
1739 3475 1758 3504 f.
1789 3474 1988 3504 Bellitudinem
2010 3475 2077 3504 licut
2096 3475 2317 3512 magnitudinem
2337 3473 2446 3502 Verrius
2464 3471 2539 3502 dixit.
2585 3489 2588 3497 ·

1451 3523 1465 3541 e
1490 3522 1530 3542 us.
2452 3527 2457 3530 -
2592 3528 2593 3532 =

1389 3550 1411 3580 Β
1423 3561 1525 3594 ηαξ,
1545 3549 1668 3586 [ιφιλιῖίς,
1690 3547 1818 3585 ιφμψός]
1839 3547 1900 3577 adv.
1924 3546 2002 3577 Ideni
2017 3543 2091 3586 quod
2108 3549 2192 3578 Bene.
2212 3548 2299 3578 Plaut.
2317 3547 2400 3578 Truc.
2416 3557 2440 3578 2.
2458 3555 2483 3577 2.
2496 3555 2537 3583 35.
2576 3539 2583 3587 ,¹

1429 3588 1486 3624 Qui
1498 3589 1558 3617 istas
1571 3588 1671 3616 buccas
1682 3593 1737 3616 tam
1745 3586 1817 3616 belle
1828 3586 2022 3623 purpurissatas
2033 3586 2126 3616 habes.
2582 3598 2584 3603 ·

1448 3626 1653 3654 Diminutivum
1663 3635 1677 3653 a
1692 3624 1776 3654 Bene.
1800 3624 1834 3653 H.
1846 3624 1885 3652 St.

1428 3663 1504 3693 Belle
1520 3663 1640 3699 aliquem
1662 3663 1811 3691 attendere.
1853 3661 1947 3695 Cim.
1970 3661 2005 3690 de
2016 3661 2074 3691 Fin.
2088 3667 2112 3696 8.
2145 3661 2218 3692 Mihi
2239 3660 2352 3699 quidem
2376 3658 2538 3692 Antiochum

1450 3710 1532 3737 quem
1543 3701 1622 3730 audis
1633 3722 1641 3735 ‚
1663 3700 1723 3729 satis
1732 3699 1805 3729 belle
1814 3699 1916 3728 videris
1927 3699 2079 3728 attendere.

1430 3738 1541 3768 Cecidit
1552 3738 1633 3767 belle.
1675 3738 1732 3767 Cic.
1747 3747 1787 3772 ις.
1805 3738 1857 3765 iltt.
1873 3745 1913 3772 ¹3·
1938 3737 2043 3766 Horum
2055 3746 2107 3774 ego
2126 3737 2173 3767 vix
2188 3737 2267 3774 attigi
2284 3735 2436 3774 penulam,
2451 3739 2540 3764 tamen
2583 3754 2584 3761 ,

1448 3776 1638 3805 remanserunt
1649 3797 1657 3809 ,
1678 3776 1780 3804 cecidit
1789 3773 1870 3803 belle.

1430 3813 1530 3842 Sumus
1540 3814 1615 3842 enini
1623 3813 1705 3842 ambo
1716 3813 1787 3842 belle
1796 3810 1902 3841 curiosi.
1926 3810 1985 3840 Cic.
1996 3815 2022 3841 6.
2037 3812 2089 3841 Att.
2104 3821 2127 3840 1.

1430 3849 1580 3880 Belliffime
1590 3851 1633 3880 vel
1648 3860 1757 3880 mecum
1769 3849 1811 3878 vel
1821 3850 1850 3877 in
1858 3848 1955 3878 nostris
1967 3849 2077 3886 praediis
2085 3848 2139 3878 esse
2149 3849 2262 3886 poteris.
2285 3847 2343 3879 Cic.
2358 3858 2399 3883 14.
2408 3843 2481 3875 Fam.
2501 3852 2541 3880 14.

1431 3887 1508 3918 Belle
1518 3888 1588 3917 ferre
1598 3888 1711 3925 aliquid.
1754 3887 1812 3916 Cic.
1824 3898 1849 3922 4.
1864 3887 1916 3916 Att.
1934 3890 1975 3916 16.
1997 3887 2068 3924 Ergo
2078 3887 2138 3917 haec
2149 3886 2293 3924 quomodo
2304 3886 2358 3915 fers
2367 3886 2381 3914 ?
2402 3882 2474 3915 belle
2487 3881 2544 3911 hei·⁵
2588 3885 2604 3907 ’ἢ

1450 3925 1513 3955 eule
1523 3946 1531 3962 ,
1553 3927 1619 3956 &in
1633 3935 1668 3955 eo
1680 3935 1726 3956 me
1737 3925 1817 3956 valde
1829 3933 1901 3954 amo.

2475 3941 2546 3992 Asius
2580 3958 2582 3968 ¹
