2600 4177
530 68 799 131 cra

125 179 224 217 Aurum
235 184 347 216 argento
357 176 568 208 circumdatum.
610 176 666 205 Cic.
686 176 734 207 lib.
747 186 773 206 2.
791 176 825 206 de
836 176 928 207 Divin.
944 186 1005 213 13⁴·
1039 176 1137 207 Fodit:
1161 177 1238 207 inve-

144 217 185 245 nit
195 217 251 246 auri
262 216 429 253 aliquantum
440 238 448 248 .
471 216 554 252 idque
570 214 773 243 circumdatum
784 222 908 249 argento.

125 255 204 283 Arma
212 254 385 283 circumdare
396 253 577 288 nequicquam
591 252 714 282 humeris
726 274 733 286 ,
756 252 859 281 dicitur
870 252 951 281 senex
967 274 974 285 ,
997 253 1052 288 Qui
1065 262 1120 281 non
1133 258 1196 288 apte.
1209 251 1241 279 si-

146 291 318 357 bficohaerere
327 291 393 320 facit
404 313 412 325 ‚
437 290 483 319 sed
500 290 593 327 potius
608 290 685 318 oneri
694 289 776 319 sumit
788 312 796 325 ,
818 296 850 319 ut
859 290 949 328 inquit
960 291 1070 320 Servius
1088 290 1117 319 in
1127 289 1200 326 Virg.
1212 298 1238 318 2.

168 338 207 356 An.
224 338 284 362 qro.

127 364 206 394 Colla
218 364 321 394 catenis
331 364 508 393 circumdata.
529 363 575 393 Sil.
589 363 637 393 lib.
648 367 673 393 6.
690 375 751 401 505.

127 402 265 431 Comitem
275 402 360 430 lateri.
383 401 484 431 Lucan.
496 401 530 429 ad
544 401 627 430 Pison.
644 412 653 430 1
663 411 704 431 ιο.

128 439 278 468 Custodias.
321 437 379 467 Cic.
393 449 418 474 4.
433 439 460 467 in
472 438 553 468 Catil.
570 445 594 472 8.
618 439 748 475 Adjungit
761 449 872 476 gravem
892 449 1007 477 poenam
1018 461 1027 475 ,
1049 439 1130 476 siquis
1143 447 1240 468 eorum

146 476 259 506 vincula
270 477 391 513 ruperit.-
412 474 560 505 horribiles
571 477 706 506 custodias
718 478 880 506 circumdat.

126 514 285 544 Exercitum
299 513 470 543 circumdare
484 514 582 543 castris.
624 513 681 543 Liv.
694 514 742 543 lib.
759 523 782 549 ζ.
797 521 839 547 28.
852 525 893 551 pr.
916 514 989 543 Tum
1002 524 1056 550 quo
1069 514 1155 543 suerat
1167 512 1240 542 ordi-

147 561 182 580 ne
192 552 220 580 in
231 552 273 580 vis
284 573 292 585 ,
313 552 465 580 exercitum
478 561 591 581 omnem
601 551 686 590 longo
697 553 807 589 agmine
817 552 969 581 circumdat
981 552 1098 580 hostium
1119 551 1218 580 castris.

127 589 252 624 Figuram
265 589 382 618 laevitate
390 589 570 619 circumdare.
612 590 669 618 Cic.
680 590 715 618 de
728 589 850 620 Univers.
865 599 908 625 15.
939 590 1027 619 Omni
1049 598 1141 618 autem
1155 595 1242 618 totam

147 626 260 661 figuram
276 627 371 655 mundi
383 626 501 655 laevitate
512 627 705 656 circumdedit.

126 663 232 694 Fossam
242 663 413 693 circumdare
424 664 504 693 alicui
518 665 567 694 rei.
589 664 647 693 Cic.
663 676 685 700 ς.
703 663 785 693 Tusc.
801 674 843 699 59.

124 700 215 738 Ignes.
256 701 314 731 Cic.
327 702 356 730 in
371 701 457 731 Pison.
472 711 515 739 93.
546 702 651 732 Milites
663 724 672 737 ,
703 711 789 738 quum
815 701 900 731 latere
929 701 1074 731 hominem
1093 705 1242 739 putarent,

145 740 222 775 ignes
232 740 485 769 circumdederunt.

125 776 184 814 Igni
197 787 290 806 muros
304 777 484 806 circumdare.
506 776 580 814 Virg⁷
593 787 619 812 9.
635 776 696 807 ffin.
710 786 771 812 153.

219 814 293 843 Luce
305 815 396 851 palam
406 824 511 844 certum
524 815 561 844 est
577 815 633 850 igni
648 814 822 844 circumdare
833 823 936 844 muros.

125 851 239 889 Ignibus
253 852 434 882 circumdare.
458 853 540 882 Ovid.
554 853 581 881 in
595 852 654 881 ibin
666 874 674 886 ,
689 856 752 889 633·

126 889 350 919 Saltuscanibus.
374 891 443 928 Virg.
460 900 481 919 r.
505 890 605 926 Georg.
621 899 681 925 140.

125 926 234 956 Vallum
242 928 423 958 circumdare.
464 928 539 957 Curt.
550 927 597 956 lib.
610 936 635 963 3.
647 937 708 964 cap.
718 935 744 956 2.
753 936 793 964 pr.
816 925 994 957 Circumdato
1005 926 1088 963 vallo,
1108 926 1183 964 quod
1196 925 1244 956 de-

144 974 207 994 cem
217 966 337 998 millium
347 973 512 995 armatorum
525 965 732 994 multitudinem
745 971 874 1003 caperet,
887 966 941 994 Sec.

125 1002 242 1032 Vincula
258 1003 341 1033 collo.
363 1004 447 1032 Ovid.
466 1013 488 1032 r.
505 1003 574 1032 Met.
588 1007 652 1037 631.

124 1040 245 1070 Vincula
260 1043 286 1071 Sc
299 1040 470 1070 necessitates
483 1040 656 1070 circumdare
674 1040 822 1076 aliquibus.
863 1039 920 1069 Liv.
943 1040 979 1069 Ac
992 1040 1084 1069 nescio
1095 1049 1129 1068 an
1139 1039 1244 1074 majora

145 1078 255 1107 vincula
277 1079 449 1116 majoresque
468 1078 641 1108 necessitates
662 1078 744 1108 nobis
761 1078 873 1108 fortuna
888 1099 897 1113 ,
919 1087 1002 1115 quam
1012 1078 1132 1116 captivis
1150 1076 1244 1106 vestris

146 1117 370 1146 circumdederit.

126 1153 201 1183 Vitta
214 1154 299 1183 infula
309 1154 504 1184 circumdatur.
526 1153 598 1191 Virg.
612 1163 636 1189 3.
652 1153 725 1183 Geor
746 1159 828 1191 ·487·

124 1192 229 1221 Urbem
241 1192 545 1222 flammiscircumdare.
566 1192 638 1229 Virg.
654 1201 695 1220 10.
712 1163 772 1221 [ἐπ.
785 1201 828 1229 74.

127 1230 301 1259 Circumdari
313 1252 321 1265 ,
342 1241 394 1268 pro
407 1230 526 1259 Anibire.
559 1229 636 1259 Curt.
653 1240 679 1265 9.
692 1238 718 1265 7.
735 1239 776 1264 ¹5·
809 1229 898 1258 Lectis
916 1228 1141 1258 circumdederat
1158 1226 1245 1257 aulaea

145 1277 266 1304 purpura
276 1278 397 1305 auroque
409 1268 551 1305 fulgentia.
585 1268 602 1296 i.
612 1277 635 1296 e.
659 1267 756 1296 Lectos
764 1267 925 1296 ambiebant
936 1267 1020 1296 aulaea
1031 1270 1082 1296 &c-

125 1304 200 1335 Lana
212 1305 338 1335 sulfurata
347 1306 416 1335 latus
424 1306 606 1335 circumdare.
647 1304 716 1334 Cels.
729 1304 775 1333 lib.
788 1316 813 1340 4.
826 1315 886 1343 cap.
900 1308 925 1334 6.
948 1305 1046 1334 Praeter
1057 1304 1117 1334 liaec
1128 1303 1245 1334 circum-

145 1343 210 1372 dare
222 1344 341 1380 primum
354 1350 465 1381 oportet
474 1342 547 1372 latus
557 1344 646 1381 ipsum
656 1342 719 1371 lana
728 1341 866 1373 sulfurata.

125 1380 257 1410 Frontem
267 1382 436 1411 racemiferis
447 1381 634 1410 circumdatus
646 1381 703 1410 uvis
714 1380 804 1410 Liber.
827 1380 911 1411 Ovid.
923 1389 947 1417 3..
962 1379 1033 1410 Met.
1044 1381 1109 1410 666.

127 1418 306 1449 circumdare
316 1442 324 1455 ,
348 1419 502 1457 Implicare.
526 1419 598 1456 Virg.
613 1424 639 1453 8.
654 1417 710 1448 Ecl.
721 1428 766 1454 74.

205 1456 298 1487 Terna
309 1457 359 1486 tibi
374 1457 432 1486 haec
443 1457 565 1494 primum
574 1456 678 1495 triplici
690 1456 796 1486 diversa
806 1456 901 1486 colore

203 1494 281 1524 Licia
295 1496 450 1524 circume.

87 1531 130 1563 cr
141 1542 207 1562 scu
219 1545 238 1562 M
249 1543 267 1562 1)
279 1536 388 1568 arus,
409 1543 424 1561 a
437 1554 446 1568 ,
465 1541 524 1561 um.
546 1530 740 1568 [αὲιξληθὰς]
760 1531 858 1561 Partic.
880 1537 933 1568 ut,

125 1570 198 1601 Palla
208 1571 386 1601 circumdata.
409 1571 476 1600 Hor.
492 1579 515 1599 1.
527 1570 612 1599 Serm.
625 1579 651 1600 2.
664 1579 708 1606 9²·

207 1609 246 1638 Ad
262 1611 332 1638 talos
342 1609 408 1638 stola
419 1607 533 1638 demissa
544 1630 552 1643 ,
575 1608 780 1638 &circumdata
795 1606 869 1645 palla
981 1605 1101 1636 Plurima
1114 1628 1122 1642 ‚
1140 1608 1194 1637 διο.

107 1655 110 1658 ’
124 1645 217 1676 Virtus
226 1647 406 1714 ciircumdata.
446 1645 494 1677 Sil.
506 1645 555 1676 lib.
568 1655 684 1683 15-370.
706 1645 882 1682 Metonymia
892 1667 900 1681 ‚
920 1655 972 1683 pro
979 1644 1153 1675 Hominibus
1161 1645 1247 1675 virtu-

144 1690 173 1714 te
185 1695 238 1722 prae
262 1686 315 1715 itis.

126 1723 212 1752 Armis
222 1723 430 1759 circumdatus,
452 1723 585 1752 Armatus.
605 1721 678 1758 Virg.
692 1731 717 1756 9.
730 1720 790 1751 AEn.
802 1723 867 1756 462.

88 1759 129 1791 Ca
139 1771 155 1788 a
165 1770 181 1789 c
190 1771 208 1790 υ
217 1772 238 1790 M
246 1771 267 1790 ‚o
278 1771 296 1790 A
305 1771 326 1790 N
336 1771 381 1790 Du
390 1771 403 1790 s
412 1783 421 1796 ,
442 1770 457 1790 a
468 1782 478 1796 ,
498 1769 555 1790 um.
585 1759 783 1796 [mecanica]
806 1759 900 1788 Partic.
930 1763 962 1786 ut
976 1778 984 1791 ,
1006 1756 1110 1787 Ferulae
1128 1757 1246 1787 circum-

126 1798 234 1828 dandae.
275 1798 344 1829 Cels.
357 1800 403 1829 lib.
418 1804 444 1833 8.
457 1808 517 1835 cap.
534 1807 575 1829 10.
614 1797 723 1834 Quinto
739 1797 785 1826 die
802 1796 877 1826 idem
897 1795 1075 1825 faciendum:
1097 1795 1246 1833 ferulaeque

126 1836 343 1867 circumdandae.
384 1837 426 1867 De
435 1836 529 1866 ferulis
536 1843 633 1866 autem
642 1835 834 1873 chirurgorum
848 1834 911 1864 vide
920 1835 948 1862 in
959 1833 1083 1862 dictione
1103 1843 1122 1862 A
1134 1843 1151 1863 c
1160 1843 1178 1863 c
1186 1844 1203 1863 o
1212 1845 1247 1863 M-

128 1885 149 1903 M
159 1884 175 1903 o
186 1885 203 1903 ι)
213 1884 239 1904 0.

88 1912 154 1978 Crfa
163 1922 180 1941 c
190 1922 208 1941 u
217 1922 267 1941 nn
276 1922 293 1942 o
303 1920 368 1941 Lao
377 1933 386 1948 ‚
407 1914 463 1942 Ere.
486 1911 550 1942 Cael.
562 1910 741 1941 Aure1.Acut.
757 1919 784 1940 2.
797 1919 838 1946 14.
857 1908 977 1948 Spiratio
996 1908 1202 1939 circumdolens
1217 1910 1244 1939 ἃ,

138 1960 166 1979 re
187 1959 264 1980 ueris.

88 1987 112 2018 C
121 1999 129 2016 r
139 1998 154 2017 a
167 1960 210 2017 gu
220 1998 266 2017 MD
276 1989 293 2017 ὃ
303 1998 318 2016 r.
327 1997 360 2023 o,
381 1986 581 2024 [ωξέιπιλεκέω]
599 1990 654 2016 are.
693 1986 763 2016 Plin.
779 1985 829 2015 lib.
846 1988 886 2015 16.
901 1995 961 2021 cap.
981 1994 1024 2022 32.
1059 1984 1113 2013 Sed
1124 1984 1245 2013 maxime

124 2026 242 2093 rfnirum,
263 2026 395 2055 Antandri
403 2025 532 2064 platanus
542 2025 628 2055 etiam
637 2023 844 2054 circumdolatis
854 2022 986 2053 lateribus
1003 2021 1130 2052 restibilis
1141 2020 1244 2060 sponte

139 2065 208 2093 acta.
327 2078 331 2079 ⁷

89 2101 129 2131 Cr
139 2112 155 2130 R
166 2111 238 2131 cuM
249 2103 294 2130 οῦ
303 2111 345 2130 co
355 2123 363 2136 ,
383 2101 412 2130 xi
425 2124 433 2136 ‚
455 2102 548 2135 stum,
570 2099 716 2137 [τι-Ξειάᾳω]
737 2101 791 2129 εἴτε.
813 2099 894 2128 Notae
910 2098 1125 2136 significationis.
1152 2097 1243 2127 Plaut.

125 2138 187 2171 Mil.
199 2149 224 2168 2.
238 2149 264 2168 2.
277 2142 320 2168 66.
344 2139 455 2177 Aliquos
464 2140 553 2174 mitte,
574 2138 754 2168 circumduce
770 2139 935 2168 exercitum.
977 2136 1047 2166 Plin.
1057 2135 1105 2166 lib.
1119 2144 1166 2167 22.
1178 2145 1241 2174 cap.

124 2187 170 2211 ας.
192 2178 220 2207 Si
233 2177 412 2206 furunculum
424 2178 484 2214 quis
495 2177 694 2207 circumducat.

125 2215 252 2252 Aliquem
264 2215 325 2244 telis
338 2216 463 2253 undique
472 2215 690 2244 circumducere.
701 2213 939 2245 Curt.lib.a.6.26.
950 2212 1005 2242 Sed
1014 2211 1046 2241 V.
1055 2211 1243 2242 not.Freinsh.

123 2255 249 2284 Ilratrum
263 2253 482 2283 circumducere.
524 2253 582 2282 Cic.
595 2262 621 2282 2.
635 2252 732 2288 Philip.
745 2261 805 2281 102.
818 2250 977 2280 Casilinum
994 2249 1141 2279 Coloniam
1158 2249 1248 2278 dedu-

143 2291 214 2325 xisti,
232 2301 287 2327 quo
299 2300 357 2320 erat
372 2292 468 2329 paucis
477 2292 558 2321 annis
568 2298 632 2320 ante
641 2290 777 2320 deducta:
800 2296 831 2319 ut
849 2288 985 2319 vexillum
1003 2288 1111 2317 videres
1121 2310 1129 2324 ‚
1151 2289 1178 2317 ἃ
1190 2297 1249 2317 ara-

142 2335 216 2359 trum
227 2330 459 2359 circumduceres.

123 2366 239 2398 Litteras
251 2368 469 2397 circumducere.
506 2366 581 2397 Suet.
596 2367 662 2404 Aug.
675 2375 736 2403 cap.
751 2371 795 2399 87.
829 2364 890 2394 Nec
907 2364 941 2393 ab
956 2370 1080 2393 extrema
1096 2369 1174 2401 parte
1188 2372 1247 2392 ver-

143 2405 223 2435 suum
233 2405 406 2435 abundantes
416 2405 521 2435 litteras
528 2405 557 2434 in
566 2404 684 2434 alterum
694 2404 829 2438 transfert,
850 2402 897 2432 sed
906 2402 1013 2432 ibidem
1023 2402 1113 2432 statim
1124 2401 1245 2437 subjicit,

139 2444 393 2481 circuniducitque.
426 2443 457 2473 V.
480 2444 518 2472 ibi
529 2443 645 2481 Interpr.

121 2481 359 2516 circumducere,
382 2491 446 2510 cum
458 2481 568 2510 duobus
577 2479 746 2510 accusativis.
785 2478 870 2508 Plaut.
889 2477 999 2508 Mostel.
1012 2485 1036 2514 3.
1048 2486 1075 2507 2.
1090 2486 1152 2514 155.
1185 2476 1247 2506 Eho

142 2520 222 2549 istum
232 2529 301 2557 puer
315 2520 494 2549 circumduce
505 2518 585 2549 hasce
602 2519 684 2548 aedes.

121 2555 342 2587 Circumducere
355 2579 364 2591 .‚
385 2567 434 2594 per
449 2557 677 2590 translationem,
698 2565 750 2593 pro
763 2554 880 2584 Abolere
892 2576 902 2590 ‚
923 2552 1017 2583 delere
1029 2575 1037 2589 ‚
1058 2555 1086 2583 ὃς
1105 2553 1247 2590 abrogare.

143 2595 244 2626 Paulus
257 2595 289 2624 D.
303 2596 338 2624 de
348 2605 378 2624 re
392 2596 475 2629 indic.
487 2596 515 2624 in
527 2595 545 2624 1.
560 2597 620 2624 acta
630 2616 638 2630 ‚
659 2595 724 2623 Aera
743 2594 818 2631 apud
837 2592 864 2622 se
881 2592 975 2622 habita
996 2591 1013 2620 fi
1029 2598 1119 2628 partes
1133 2591 1249 2621 consen-

140 2634 214 2663 tiant
223 2655 232 2668 ,
254 2634 280 2663 ἃ
290 2633 375 2669 ‚iudex
387 2634 443 2662 hoc
451 2632 605 2671 permiserit
616 2654 624 2667 ,
645 2631 734 2670 potest
745 2631 842 2667 jubere
853 2640 886 2660 ea
896 2631 942 2659 die
956 2629 1130 2659 circumduci
1143 2629 1193 2660 nisi
1203 2628 1248 2658 vel

142 2672 287 2709 negotium
304 2693 311 2706 ,
336 2671 377 2700 vel
389 2671 422 2701 lis
438 2672 586 2701 terminata
601 2670 647 2700 est.
690 2669 824 2707 Ulpianus
837 2668 872 2698 de
887 2668 998 2704 judiciis
1011 2668 1040 2697 in
1051 2668 1068 2696 l.
1083 2669 1109 2697 ἃ
1123 2667 1183 2705 post
1190 2667 1248 2697 edi-

144 2712 228 2739 etum.
270 2709 356 2745 Quod
366 2709 382 2738 si
393 2710 415 2738 is
429 2710 474 2746 qui
485 2709 609 2739 edietum
620 2707 840 2747 peremptorium
851 2706 1008 2744 impetravit
1023 2727 1030 2741 ,
1052 2705 1120 2735 abiit
1135 2705 1181 2734 die
1201 2715 1248 2734 co-

143 2747 278 2786 gnitionis
290 2769 298 2782 ,
319 2748 343 2776 is
351 2757 416 2776 vero
426 2747 552 2777 adversus
565 2756 648 2783 quem
658 2747 837 2783 impetratum
846 2745 885 2774 est
898 2744 966 2773 adsit
975 2766 984 2780 ‚
1005 2749 1073 2773 tunc
1088 2744 1249 2773 circumdu-

143 2786 265 2814 cendum
276 2786 329 2815 erit
338 2785 461 2814 edic‘tum
471 2785 699 2823 peremptorium.

123 2822 322 2861 Cognitionern
332 2823 548 2853 circumducere.
571 2822 685 2860 Ulpian.
697 2820 755 2850 inl.
770 2820 826 2850 divi
838 2820 942 2850 fratres.
964 2818 1000 2849 D.
1014 2819 1049 2848 de
1061 2818 1170 2848 liberali
1181 2828 1248 2848 cau-

140 2861 170 2891 sa
181 2883 189 2897 ,
210 2861 296 2891 Recte
307 2868 390 2898 atque
403 2862 505 2890 ordine
516 2861 620 2895 iudices
633 2867 702 2897 puto
714 2859 834 2888 fac'turos
848 2880 857 2894 ,
878 2858 896 2887 si
910 2857 982 2886 hanc
1004 2857 1122 2887 formam
1142 2857 1247 2886 fuerint

143 2899 325 2936 consequuti3
349 2906 379 2929 ut
390 2899 438 2929 ubi
452 2899 561 2929 deestis
576 2899 662 2936 quiin
679 2897 839 2926 servitutem
858 2896 928 2934 petit
940 2918 947 2931 ,
969 2894 1138 2925 electionem
1151 2895 1249 2924 adver-

142 2937 211 2967 sario
223 2937 349 2967 deserant
361 2959 368 2972 ,
390 2944 484 2967 utrum
499 2937 578 2967 malit
586 2936 779 2975 cognitionem
795 2933 970 2964 circumduci
982 2943 989 2963 z
1010 2943 1046 2962 an
1060 2933 1157 2963 audita
1168 2932 1248 2963 causa

140 2975 308 3004 sententiam
322 2975 447 3013 proferri.

119 3013 339 3043 'Circumducere
351 3013 471 3050 aliquem
483 3023 533 3051 per
542 3012 640 3049 dolos,
661 3011 774 3041 Fallere.
795 3009 884 3040 Plaut.
897 3009 992 3039 Pseud.
1008 3018 1031 3038 r.
1050 3019 1074 3044 ς.
1090 3011 1136 3038 16.

123 3051 340 3081 circumducere
352 3051 472 3088 aliquem
482 3057 605 3089 argento.
645 3050 731 3080 Plaut.
745 3048 840 3078 Pseud.
855 3057 879 3078 r.
899 3059 923 3085 ς.
939 3051 981 3077 16.
1003 3046 1045 3077 Te
1058 3046 1132 3076 velle
1153 3056 1248 3077 aman-

142 3096 201 3118 tem
214 3097 326 3126 argento
338 3089 557 3119 circumducere.

84 3126 234 3158 cineum
245 3137 263 3155 r>
274 3137 292 3156 u
302 3137 347 3156 CT
357 3137 375 3156 o
386 3137 398 3156 s
408 3149 416 3162 ,
437 3137 452 3156 a
461 3149 470 3163 ,
492 3137 549 3157 um,
571 3126 667 3157 Partic.
688 3126 706 3161 [
715 3123 888 3159 ὦμοιχθεὶς]
909 3122 994 3153 Plaut.
1009 3121 1116 3153 Poenul.
1130 3131 1153 3159 5.
1167 3125 1243 3152 2.r6.

125 3165 268 3194 Numnam
278 3165 300 3194 it
310 3175 326 3194 a
335 3165 455 3194 balineis
466 3187 475 3201 ‚
496 3165 704 3195 circumductus
716 3162 823 3200 pallio?

84 3202 128 3233 Cr
139 3212 154 3231 t<
164 3212 180 3231 c
189 3213 206 3231 u
217 3214 237 3231 M
247 3212 264 3231 o
274 3213 292 3231 u
301 3212 362 3232 err
373 3213 390 3232 o
399 3225 407 3237 ,
426 3204 443 3239 [
453 3199 609 3238 ·ff-*'2'2⁴⁰=2⁴·’7⁵3]
626 3203 708 3232 Actus
721 3199 778 3238 ipse
790 3198 1031 3229 circumducendi.
1053 3203 1104 3233 ut,
1127 3197 1246 3236 Sphaerae

123 3240 337 3270 circumduffio.
359 3240 461 3279 Hygin.
474 3241 578 3270 Astron.
594 3251 615 3269 r.
627 3250 653 3269 2.
666 3241 691 3269 &
704 3248 728 3273 3.
751 3238 780 3266 V.
805 3238 888 3266 etiam
907 3236 1009 3266 vitruv.
1022 3242 1049 3270 8.
1063 3246 1126 3274 CflP-
1137 3235 1188 3265 Ult-

121 3278 334 3308 CircumduCtio
345 3280 428 3308 etiam
444 3289 494 3316 pro
507 3278 729 3316 Amplificatione
740 3276 854 3314 ponitur
863 3285 879 3304 a
890 3274 1008 3311 Quintil.
1024 3285 1050 3310 9.
1064 3285 1090 3310 4.
1102 3284 1129 3311 p.
1144 3277 1209 3308 8⁶⁶-

124 3316 354 3352 Circumductim
381 3316 513 3352 [domim]
535 3317 682 3354 Decepti0.
713 3315 799 3344 Plaut.
815 3313 896 3350 Capt.
912 3313 1005 3348 Grex,
1029 3321 1054 3348 3.
1086 3312 1147 3341 Nec
1166 3311 1246 3349 pueri

144 3353 292 3392 suppositio
302 3376 310 3390 ,
331 3364 384 3384 nec
395 3355 500 3391 argenti
511 3353 726 3384 circumductio.

86 3391 128 3421 Cr
138 3402 263 3459 1.εέΜᾶ
272 3401 316 3421 uc
325 3401 372 3421 τυ
381 3402 393 3421 s
403 3414 411 3428 ,
433 3394 473 3422 ίιε.
496 3402 532 3422 m.
554 3392 644 3422 Idem.
667 3390 788 3429 Quintil.
804 3398 828 3420 1.
843 3398 886 3419 ιο.
916 3387 1065 3417 Deducent
1085 3387 1188 3418 eodem
1208 3387 1246 3417 ci·

127 3439 190 3459 cum
214 3440 230 3459 u
247 3440 287 3459 -u.

87 3465 111 3496 C
119 3478 128 3496 i
139 3478 154 3496 a
165 3477 182 3497 c
190 3478 209 3496 υ
220 3479 239 3496 M
251 3478 269 3496 D
279 3477 298 3496 u
309 3477 325 3497 c
335 3477 355 3496 T
363 3477 380 3496 o
389 3477 404 3496 R
414 3490 422 3503 ,
445 3467 510 3498 oris.
531 3477 570 3497 m.
591 3466 708 3497 Tertull.
725 3464 828 3495 advers.
841 3462 949 3493 Valent.
963 3472 1023 3499 cap.
1037 3471 1080 3492 10.

86 3504 306 3541 Cracumso,
328 3504 540 3542 [mssmmgoilopm
552 3523 559 3534 ‚
584 3504 705 3539 velim]
731 3502 778 3533 vel
802 3502 894 3532 ablato
920 3512 940 3530 M
952 3522 959 3534 ,
986 3501 1177 3543 Canenti),
1200 3498 1245 3530 vel

123 3543 189 3572 'Cra
200 3553 217 3572 c
228 3554 245 3572 u
256 3553 273 3572 o
286 3565 294 3579 ,
314 3543 372 3579 Ivi,
392 3545 484 3579 itum,
504 3546 555 3573 ire.
595 3542 661 3573 Caes.
675 3550 700 3579 7.
715 3540 780 3571 Bell.
796 3540 864 3570 Gall.
879 3545 923 3574 87.
946 3538 1078 3574 Equitum
1095 3537 1121 3567 se
1137 3544 1245 3575 partem

123 3580 198 3618 sequi
213 3603 220 3616 ,
243 3588 350 3619 partem
359 3582 507 3611 circuirier.
548 3579 602 3610 Ubi
617 3581 646 3610 in
658 3579 815 3610 emendatis
833 3577 917 3607 codd.
930 3575 1030 3613 legitur
1041 3598 1049 3610 ,
1070 3576 1176 3605 Partem
1194 3577 1245 3605 cir.

121 3620 230 3686 {umige
241 3620 393 3686 extergeres
402 3619 583 3649 munitiones.
623 3617 681 3648 Liv.
696 3628 720 3647 1.
734 3624 760 3653 9.
790 3616 846 3646 Sed
860 3613 918 3654 ipse
935 3614 1071 3644 Romulus
1092 3613 1244 3650 circuibat,

146 3666 195 3686 oce
218 3664 244 3686 at
264 3667 298 3686 ue
337 3666 360 3686 c.

124 3695 238 3762 AIliquqs
246 3667 414 3731 qeircmire,
435 3700 467 3724 ut
479 3694 582 3724 faciant
592 3692 706 3731 aliquid.
729 3692 789 3722 Cic.
805 3701 847 3728 14.
866 3691 920 3721 Art.
933 3698 978 3720 21.
1033 3689 1053 3719 i.
1074 3698 1100 3719 e.
1113 3688 1244 3726 ¹Ambire,

166 3742 214 3761 ren
228 3742 280 3761 are.

125 3769 211 3800 Aures
223 3768 321 3799 circuit
331 3768 423 3799 sonus.
445 3770 513 3799 Stat.
526 3779 552 3805 4.
568 3768 636 3799 Silv.
652 3779 680 3805 4.
692 3770 737 3797 26.

315 3807 430 3836 —inde
441 3807 523 3837 sonus
535 3807 659 3844 geminas
673 3806 742 3835 mihi
757 3805 856 3835 circuit
868 3811 955 3833 aures.

125 3844 216 3881 Caput
226 3843 365 3910 lc'bmfieoe
376 3845 494 3875 hederae.
534 3845 577 3876 De
595 3854 630 3875 eo
642 3845 698 3874 dici
712 3843 800 3879 solet,
823 3842 871 3880 qui
889 3841 928 3872 est
940 3844 1024 3879 poeta
1042 3838 1150 3871 doetus.
1182 3839 1245 3870 Pro-

143 3888 214 3920 pert.
238 3892 243 3909 r
268 3903 273 3910 .
288 3891 312 3910 2.
323 3892 345 3917 ς.
358 3887 402 3912 26.

118 3953 120 3958 .
166 3919 303 3988 Vocnjfs
313 3929 371 3950 non
382 3920 491 3951 hedera
503 3920 637 3952 circuiere
646 3924 739 3958 caput.

223 3968 249 3988 In
283 3978 291 3988 ι

1692 89 1721 124 C
1820 88 1835 123 1
1928 88 1958 122 R
2382 99 2445 131 521

1329 172 1423 201 Comu
1435 171 1504 200 acici
1518 170 1642 200 circuire.
1683 170 1743 199 Cic.
1759 179 1801 199 ro.
1814 169 1888 198 Fam.
1907 178 1952 205 30.
1986 168 2082 205 ltaque
2100 178 2186 205 quum
2207 170 2314 205 equites
2329 169 2451 199 nostrum

1350 220 1436 238 cornu
1447 210 1563 238 circuire
1575 209 1678 238 vellent
1689 231 1696 241 ,
1718 209 1841 244 recipere
1856 217 1900 235 me
1915 207 1999 243 coepi.

1329 247 1471 277 fluctibus
1482 247 1547 275 belli
1562 247 1711 275 circumiri.
1755 245 1813 274 Cic.
1827 253 1868 279 13.
1883 245 2001 281 Philipp.
2016 253 2060 272 20.
2081 243 2139 279 Qui
2152 244 2178 272 se
2188 244 2272 273 totius
2282 243 2349 274 belli
2363 244 2452 274 flucti-

1350 285 1399 313 bns
1410 285 1550 314 circumiri
1563 295 1645 320 quam
1658 284 1735 312 illum
1750 290 1796 312 aut
1808 283 1903 319 egredi
1917 304 1925 317 ,
1949 288 1995 311 aut
2008 282 2135 318 progredi
2149 281 2257 312 maluit.

1331 321 1436 351 Metam
1450 322 1595 350 circumire
1605 322 1672 350 orbe
1683 320 1808 357 spatioso.
1832 320 1916 349 Ovid.
1931 329 1955 355 3.
1974 321 2065 348 Amor.
2082 328 2107 348 a..
2121 322 2166 355 69.

1412 359 1459 388 Me
1472 358 1599 388 miserum
1612 381 1620 394 ,
1645 365 1747 387 metam
1762 357 1880 396 spatioso
1891 358 1989 387 circuit
2000 357 2075 386 orbe.

1329 396 1407 426 Meta
1418 397 1623 425 circumeunda.
1650 396 1736 425 Ovid.
1748 405 1773 432 3.
1786 396 1820 424 de
1832 397 1893 424 Arte
1909 397 1966 424 Am.
1980 398 2042 430 396.

1409 433 1579 471 Spectentur
1590 434 1686 471 tepido
1703 433 1846 463 maculata*
1858 433 1991 470 sanguine
2003 441 2091 461 arenae
2100 452 2111 468 ,

1450 471 1578 506 Metaque
1590 472 1706 500 ferventi
1720 471 1917 500 circumeunda
1932 479 1998 499 rota.

1330 505 1505 538 Munitiones
1519 509 1673 538 circumire.
1696 508 1760 538 Cres.
1777 519 1802 544 7.
1819 509 1885 537 Bell.
1900 508 1969 537 Gall.
1985 513 2029 544 ⁵³7-
2042 512 2068 540 8.

1330 544 1547 604 Murolatgritio
1563 546 1659 575 urbem
1677 547 1834 576 circumire.
1856 546 1962 575 Meffal.
1975 545 2086 574 Corvin.
2099 556 2126 583 p.
2141 550 2184 579 18.
2243 545 2311 581 [An
2329 543 2455 574 Circum,

1351 593 1459 611 munire
1472 605 1478 612 .

1330 621 1432 650 Praedin
1445 620 1589 650 circumire
1600 641 1609 656 ‚
1630 620 1801 658 inspiciendi
1812 620 1902 657 causa,
1913 621 1948 650 de
1957 630 1991 650 eo
2004 620 2091 658 quiin
2102 619 2297 658 poffeffionenr
2309 620 2369 649 iret.
2391 619 2451 649 Cic.

1304 679 1307 683 .
1350 668 1399 694 pro
1410 659 1511 688 Cssrcin.
1525 669 1570 694 94.

1331 697 1484 725 Circumire
1495 706 1552 734 per.
1584 695 1669 725 Plaut.
1688 695 1757 725 Afin.
1772 704 1796 731 3.
1811 705 1836 733 3.
1854 706 1915 731 152.
1936 695 2004 725 lilac
2014 705 2064 732 per
2074 696 2186 724 hortum
2197 694 2414 724 circumitclam.

1295 733 1317 763 C
1327 743 1388 762 rac
1398 744 1445 763 usi
1459 745 1466 762 r
1479 744 1492 762 s
1502 744 1551 767 sis,
1570 733 1613 763 vel
1625 734 1646 762 C
1656 745 1664 762 r
1676 743 1691 761 r<
1701 743 1717 762 c
1727 744 1744 762 u
1756 745 1765 762 ι
1776 743 1790 762 a
1802 744 1853 767 us,
1867 735 1968 763 euntis.
1990 733 2087 762 partic.
2101 734 2215 762 Ovid.r.
2232 733 2268 762 de
2277 733 2354 763 Pont.
2369 743 2394 762 2.
2406 742 2453 763 2ο.

1422 771 1473 801 His
1488 781 1573 808 eques
1586 771 1731 800 instructus
1745 772 1888 809 perterrita
1899 772 2002 800 moenia
2015 771 2127 806 lustrat,

1479 808 1559 838 More
1571 809 1632 846 lupi
1643 808 1746 838 clausas
1759 809 1929 838 circueuntis
1938 818 2015 839 oves.

1295 847 1335 877 Cr
1344 856 1360 875 R
1372 856 1389 875 c
1398 857 1416 875 u
1425 848 1463 875 i'r
1474 857 1492 875 u
1501 856 1513 875 s
1525 868 1533 881 ,
1555 847 1755 882 [πεῡικχθεὲὶ]
1776 847 1837 883 Adj.
1859 846 2081 876 Circumduftus.
2096 845 2242 877 Sen.Med.
2253 855 2279 875 v.
2289 851 2335 882 98.
2348 845 2455 876 Orbem

1332 885 1455 913 circuitis
1466 885 1597 914 cornibus
1605 884 1707 921 alligat.

1329 922 1422 952 Castra
1431 922 1555 951 circuita.
1596 922 1660 958 Caes.
1677 932 1699 956 ς.
1714 921 1781 952 Bell.
1794 921 1863 952 Gall.
1873 931 1919 958 25-
1942 921 2066 959 Equites,
2088 921 2211 951 circuitis
2221 920 2342 950 hostium
2352 921 2455 957 castris,

1356 959 1448 988 Crasso
1462 960 1708 995 renuntiaverunt,
1723 961 1774 989 &ez

1331 998 1426 1028 Rostra
1444 998 1567 1027 circuita.
1607 998 1665 1028 Cic.
1679 997 1784 1034 Fragm.
1797 1007 1848 1036 pro
1859 995 1969 1026 Cornel.
1987 1005 2011 1026 1.
2044 996 2173 1027 Circuitis
2184 996 2273 1026 rostris
2289 997 2458 1034 ejicerentur

1352 1035 1494 1073 lapidibus
1510 1035 1648 1065 homines.

1329 1073 1449 1110 Templa
1459 1074 1582 1102 circuita.
1604 1074 1679 1102 Suet.
1690 1073 1794 1102 Neron.
1809 1082 1851 1108 19.

1334 1111 1502 1141 Triclinium
1514 1112 1668 1140 circuitum.
1690 1111 1769 1141 ldem
1782 1111 1881 1141 Claud.
1895 1116 1921 1145 8.

1295 1149 1533 1183 circuires,
1558 1150 1601 1178 vel
1618 1150 1881 1184 cineumrus,
1903 1150 1944 1178 ris.
1966 1158 2003 1178 m.
2026 1144 2187 1184 [σῖτ’ὲὲὢῷι,
2204 1147 2346 1192 medensi),
2366 1147 2455 1185 πραξο-

1335 1187 1387 1221 λὲ]
1409 1186 1467 1216 Cic.
1483 1196 1509 1216 2.
1526 1187 1562 1216 de
1573 1187 1636 1216 Nat.
1649 1187 1732 1216 Deor.
1749 1197 1791 1222 50.
1821 1186 1958 1216 Circuitus
1971 1187 2046 1216 enim
2058 1186 2129 1215 Solis
2142 1186 2251 1215 orbium
2266 1196 2388 1223 qumque
2401 1187 2460 1216 die-

1335 1225 1387 1268 bus
1408 1234 1468 1260 Lx,
1497 1226 1524 1254 ἃ
1539 1235 1607 1253 ccc
1622 1247 1630 1260 ,
1653 1233 1747 1262 quarta
1764 1225 1819 1253 fere
1838 1225 1894 1254 diei
1915 1230 1993 1263 parte
2008 1225 2102 1254 addita
2113 1246 2121 1259 ,
2144 1224 2353 1254 convcrfionem
2373 1224 2460 1253 conli-¹

1336 1270 1415 1292 crunt
1423 1272 1554 1291 annuam.

1333 1300 1465 1331 Febrium
1480 1301 1622 1330 circuitus.
1664 1300 1731 1329 Cels.
1746 1299 1795 1329 lib.
1811 1309 1836 1335 3.
1851 1309 1912 1337 cap.
1927 1311 1950 1337 5.
1974 1299 2030 1329 Sed
2052 1300 2232 1329 tertianarum
2253 1305 2461 1336 quartanarum-

1355 1348 1409 1375 que
1421 1360 1429 1373 ‚
1452 1340 1600 1375 quarum&
1611 1345 1701 1367 certus
1717 1338 1848 1367 circuitus
1863 1340 1900 1367 est
1911 1361 1919 1373 ,
1945 1340 1970 1368 &
1983 1338 2045 1367 finis
2062 1338 2170 1375 integer
2185 1337 2223 1366 est
2236 1358 2243 1372 ,
2267 1339 2293 1367 Sc
2310 1338 2373 1374 quia
2390 1337 2461 1367 libe-2

1354 1376 1447 1405 taliter
1456 1377 1549 1413 quieta
1558 1382 1683 1413 tempora
1694 1376 1756 1405 sunt
1766 1398 1773 1410 ,
1796 1377 1954 1413 expeditior
1968 1376 2038 1405 ratio
2053 1376 2098 1405 est.

1332 1413 1475 1451 Longiore
1488 1415 1607 1443 circuitu
1628 1414 1746 1443 redeunt
1763 1414 1862 1443 febres.
1901 1414 1970 1444 Cels.
1983 1414 2030 1443 lib.
2048 1422 2070 1448 ι.
2088 1422 2148 1450 cap.
2162 1421 2187 1442 2.
2209 1412 2355 1442 Interdum
2375 1413 2462 1443 etiam

1356 1451 1486 1489 longiore
1497 1453 1613 1481 circuitu
1626 1453 1750 1489 quaedam
1762 1453 1897 1482 redeunt:
1917 1451 1965 1481 sed
1979 1452 2007 1481 id
2020 1461 2079 1481 raro
2093 1451 2194 1481 evenit.
2236 1450 2278 1479 De
2288 1450 2422 1480 febribus.

1335 1490 1478 1520 Orationis
1487 1491 1626 1519 circuitus.
1668 1490 1725 1519 Cic.
1738 1491 1766 1518 in
1778 1490 1855 1520 Orat.
1871 1499 1935 1526 ²04·
1957 1489 1988 1520 In
2004 1499 2058 1527 quo
2072 1488 2213 1526 quaesitum
2230 1488 2268 1517 est
2285 1510 2292 1521 ,
2315 1489 2342 1517 in
2361 1496 2463 1518 totone

1352 1528 1473 1557 circuitu
1486 1528 1534 1557 illo
1550 1527 1700 1562 orationis,
1721 1537 1804 1565 quem
1822 1528 1910 1558 Graeci
1930 1525 2048 1563 ω’ὲὶοδὶν,
2069 1537 2121 1556 nos
2141 1535 2200 1556 tum
2219 1525 2355 1555 ambitum
2367 1549 2374 1560 .
2400 1534 2462 1556 tum

1350 1567 1504 1595 circuitum
1514 1588 1522 1602 ,
1544 1573 1602 1595 tuni
1614 1566 1892 1603 comprehenlionem
1903 1588 1911 1601 ‚
1934 1573 1982 1595 aut
1993 1565 2236 1594 continuationem
2248 1585 2256 1598 ,
2278 1570 2325 1593 aut
2344 1565 2465 1593 circum-
2494 1565 2501 1573 ¹

1356 1604 1536 1642 scriptionem
1547 1604 1685 1633 dicimus:
1709 1613 1745 1633 an
1763 1604 1791 1632 in
1812 1604 1957 1642 principiis
1977 1603 2085 1638 solum,
2108 1612 2143 1632 an
2164 1603 2194 1632 in
2211 1602 2362 1637 extremis,
2384 1603 2464 1632 anin

1357 1648 1474 1679 utraque
1485 1649 1561 1680 parte
1572 1651 1706 1670 numerus
1718 1641 1856 1671 tenendus
1870 1641 1908 1671 sit.

1334 1679 1422 1709 Orbis
1433 1681 1564 1709 circuitus
1578 1679 1791 1717 sapientissimus
1804 1681 1830 1709 Sc
1844 1680 1977 1717 optimus.
2015 1678 2074 1708 Cic.
2089 1677 2256 1707 deUnivers.
2271 1683 2316 1711 28.
2338 1677 2464 1715 Noxigi-

1354 1724 1399 1747 tur
1410 1720 1435 1747 δι
1445 1718 1504 1747 dies
1518 1718 1551 1747 ad
1564 1717 1640 1746 hunc
1651 1717 1779 1752 modum,
1802 1718 1827 1746 ἃ
1840 1719 1876 1747 ob
1890 1718 2078 1753 has-generata
2089 1715 2191 1751 causas,
2214 1725 2302 1745 unum
2312 1716 2462 1745 circuitum

1356 1756 1431 1784 orbis
1445 1756 1529 1785 efficit
1541 1777 1549 1790 ‚
1568 1754 1796 1793 sapientissimum
1809 1762 1891 1792 atque
1903 1756 2050 1793 optimum.

1335 1793 1492 1823 Verborum
1507 1794 1638 1822 circuitus
1649 1815 1658 1827 ,
1684 1793 1953 1830 conglutinatioque.
1977 1792 2036 1822 Cic.
2053 1792 2082 1821 in
2093 1791 2171 1820 Orat.
2184 1796 2229 1829 78.

1335 1831 1490 1861 Verborum
1505 1832 1637 1861 circuitus
1648 1831 1758 1860 brevi-or
1773 1837 1821 1860 aut
1832 1831 1949 1868 longior.
1973 1830 2030 1860 Cic.
2046 1839 2069 1866 3.
2084 1830 2119 1859 de
2131 1829 2208 1859 Orat.
2227 1834 2288 1864 ¹89·

1337 1869 1430 1905 Major
1440 1870 1611 1899 circumitus.
1635 1869 1710 1898 Curt.
1722 1879 1748 1904 4.
1765 1872 1806 1899 16.
1819 1878 1844 1907 7.
1866 1869 1922 1898 Sed
1932 1869 2045 1905 majore,
2058 1869 2084 1898 ἃ
2099 1869 2135 1897 ob
2145 1867 2174 1897 id
2191 1869 2302 1902 tutiore,
2314 1866 2463 1897 circumitu

1356 1908 1454 1944 Tigrin
1466 1907 1582 1945 superat.

1336 1945 1477 1975 Naturalis
1489 1955 1669 1974 numerorum
1680 1945 1822 1975 circuitus.
1847 1944 1906 1974 Cic.
1919 1944 1954 1973 de
1963 1944 2058 1973 Somn.
2071 1942 2144 1981 Scip.
2157 1951 2183 1980 3».

1337 1983 1437 2013 Claudi
1450 1984 1568 2013 circuitu
1581 1983 1670 2013 Locus
1687 1983 1798 2012 dicitur.
1839 1982 1960 2019 Quintil.
1978 1983 2026 2011 lib.
2043 1992 2065 2010 1.
2082 1990 2141 2018 cap.
2156 1986 2202 2015 So.
2232 1980 2304 2017 Ergo
2326 1980 2411 2009 etiam
2434 1979 2464 2009 id

1355 2021 1414 2051 fieri
1426 2022 1516 2059 potest
1527 2043 1535 2057 ,
1556 2027 1587 2051 ut
1598 2021 1702 2057 majore
1714 2021 1831 2050 circuitu
1843 2021 1935 2050 minor
1950 2020 2003 2049 loci
2015 2019 2171 2057 amplitudo
2188 2018 2340 2048 claudatur.

1338 2058 1485 2089 Conficere
1495 2060 1644 2088 circuitum
1656 2059 1814 2088 verborum.
1857 2059 1914 2088 Cic.
1928 2067 1952 2094 3.
1969 2058 2004 2087 de
2015 2058 2092 2087 Orat.
2104 2060 2168 2092 296.
2197 2057 2291 2093 Itaque
2302 2056 2342 2084 illi
2358 2063 2465 2085 veteres

1357 2098 1425 2127 sicut
1437 2098 1521 2126 hodie
1531 2098 1615 2126 etiam
1628 2096 1779 2126 nonnullos
1795 2096 1939 2132 videmus,
1965 2105 2052 2133 quum
2069 2095 2218 2124 circuitum
2234 2096 2260 2124 ἃ.
2275 2093 2349 2131 quasi
2368 2093 2466 2123 orbem

1358 2135 1507 2165 verborum
1517 2135 1658 2164 conficere
1671 2145 1728 2163 non
1739 2134 1847 2172 possent
1857 2156 1865 2170 ‚
1879 2135 1932 2164 &c.

1335 2173 1479 2204 Pererrare
1489 2183 1602 2203 omnem
1613 2173 1771 2202 circuitum.
1794 2172 1867 2210 Virg.
1881 2181 1923 2201 11.
1940 2171 2001 2202 AEn.
2014 2173 2079 2207 767.

1336 2211 1434 2242 Petere
1453 2211 1568 2248 gloriam
1581 2211 1728 2240 circumitu
1739 2232 1746 2245 ,
1769 2220 1828 2248 quae
1840 2211 1874 2239 ad
1888 2219 2001 2239 manum
2013 2209 2101 2247 pos1ta
2110 2208 2156 2238 est.
2191 2207 2267 2238 Curt.
2283 2217 2309 2243 9.
2322 2216 2346 2245 3.
2362 2217 2407 2244 14.

1338 2250 1486 2280 Pervenire
1497 2249 1616 2279 circuitu
1628 2249 1663 2278 ad
1673 2249 1787 2285 aliquid.
1810 2247 1930 2285 Quintil.
1944 2248 1991 2276 lib.
2006 2259 2030 2281 ς.
2047 2257 2108 2285 cap.
2120 2256 2147 2283 7.

1300 2288 1567 2322 Cracumrrro,
1588 2286 1631 2316 vel
1654 2287 1890 2321 CrsscurTro,
1912 2287 1982 2315 onis.
2004 2285 2022 2315 f.
2045 2281 2214 2321 [murari]
2235 2281 2294 2314 Liv.
2313 2293 2337 2320 3.
2354 2287 2380 2313 6.
2393 2290 2463 2313 extr.

1340 2326 1477 2356 Circuitio
1494 2335 1525 2354 ac
1536 2335 1601 2354 cura
1615 2324 1749 2354 AEdilium
1760 2324 1849 2362 plebis
1859 2330 1934 2360 erat,
1956 2323 1992 2353 ad
2004 2333 2052 2353 eos
2065 2323 2170 2353 summa
2180 2331 2273 2351 rerum
2293 2332 2324 2351 ac
2340 2322 2466 2358 majestas

1338 2363 1498 2394 Consularis
1509 2363 1619 2400 imperii
1634 2369 1756 2392 venerat.

1339 2401 1495 2432 Verborum
1505 2401 1633 2430 circuitio
1645 2422 1653 2435 ,
1677 2400 1819 2438 Anibages.
1842 2398 1906 2429 Ter.
1919 2399 1989 2428 And.
2003 2408 2026 2428 r.
2037 2407 2063 2428 2.
2080 2407 2124 2433 31.

1418 2439 1460 2469 Ita
1470 2446 1564 2478 aperte
1575 2438 1659 2477 ipsam
1670 2449 1728 2468 rem
1740 2438 1826 2467 modo
1836 2437 1969 2474 loquutus
1979 2459 1987 2470 .
2007 2436 2077 2466 nihil
2086 2436 2253 2466 circuitione
2263 2434 2326 2464 usus
2334 2445 2372 2465 es.

1341 2478 1478 2508 Circuitio
1492 2499 1500 2512 ,
1523 2477 1619 2514 Figura
1635 2476 1797 2506 Rhetorum.
1838 2476 1907 2505 Aust
1930 2476 1963 2504 ad
1976 2475 2098 2504 Herenn.
2113 2474 2160 2503 lib.
2174 2486 2200 2509 4.
2215 2483 2259 2510 43.
2283 2473 2467 2504 Circuitioest

1361 2516 1450 2545 oratio
1463 2525 1520 2545 rem
1530 2514 1684 2552 simplicem
1698 2514 1833 2552 assumpta
1844 2512 2071 2543 circumscribens
2081 2512 2272 2549 eloquutione.

1304 2553 1344 2584 Cr
1353 2564 1395 2583 Rc
1405 2562 1423 2581 U
1432 2556 1473 2582 fr
1483 2563 1500 2581 o
1511 2563 1527 2581 R
1538 2575 1546 2588 ,
1568 2557 1632 2582 oris.
1654 2562 1691 2581 m.
1716 2550 1884 2588 [ιωὶηλῶ]
1905 2551 2072 2580 Circuitores
2093 2552 2147 2585 (ut
2163 2551 2200 2579 ait
2212 2550 2322 2586 Ulpian.
2336 2549 2467 2580 delnstit.

1341 2593 1394 2622 acl.
1412 2591 1430 2621 l.
1443 2592 1610 2628 quicunque.
1633 2591 1654 2628 §.
1669 2590 1715 2620 sed
1730 2590 1813 2620 etiam
1828 2589 1897 2624 eos)
1919 2589 2002 2627 vulgo
2024 2588 2175 2626 appellati,
2200 2588 2310 2624 Quibus
2335 2589 2467 2624 vestiarii,

1341 2629 1389 2660 vel
1406 2629 1525 2658 lintearii
1542 2629 1643 2658 vestem
1663 2629 1732 2658 dant
1753 2627 2027 2663 circumferentiam,
2052 2628 2078 2656 δι.
2092 2627 2307 2656 distrahendam.
2330 2625 2362 2656 In
2380 2627 2466 2656 Pand.

1338 2667 1412 2698 Flor.
1429 2667 1528 2705 legitur
1543 2666 1705 2696 Circitores.
2058 2675 2059 2679 ¹

1336 2706 1490 2735 rCircitores
1502 2705 1587 2734 etiam
1597 2711 1685 2740 erant,
1696 2704 1743 2741 qui
1755 2712 1770 2733 a
1783 2702 1960 2737 Triumviris,
1981 2708 2029 2732 aut
2043 2712 2058 2732 a
2068 2702 2199 2732 Praefedto
2212 2701 2327 2740 vigilum
2336 2702 2469 2731 constitu-

1360 2745 1381 2773 ti
1391 2743 1487 2773 urbem
1499 2744 1584 2772 not‘tu
1593 2743 1788 2776 circumibant,
1800 2741 1836 2770 ad
1845 2741 2036 2778 extinguenda
2043 2741 2184 2772 incendia.
2203 2742 2228 2769 δι
2237 2741 2372 2769 arcendos·
2381 2740 2469 2770 fures..

1341 2782 1412 2812 Sunt
1425 2783 1450 2811 &
1462 2781 1640 2816 Circuitores,
1651 2780 1695 2810 vel
1706 2780 1866 2815 Circitores‚
1877 2779 1912 2808 de
1925 2779 2025 2816 quibus
2035 2778 2082 2807 lib.
2097 2787 2122 2814 3.
2136 2779 2171 2807 de
2182 2778 2222 2808 Re
2237 2778 2297 2808 Mil.
2310 2784 2400 2815 capg.
2419 2779 2467 2807 Ve-

1362 2820 1452 2857 getius
1465 2841 1473 2855 ‚
1493 2819 1617 2849 idoneos
1628 2840 1637 2854 ,
1657 2818 1764 2856 inquit,
1781 2819 1807 2847 &
1818 2817 2024 2855 probatissimos
2034 2816 2153 2846 Tribuni
2163 2816 2279 2853 eligunt.
2299 2816 2345 2853 qui
2356 2815 2466 2853 vigilias

1361 2858 1552 2892 circumeant,
1575 2863 1605 2886 ut
1617 2857 1780 2891 renuntient
1799 2855 1970 2885 siemerserit
1991 2854 2091 2892 culpa,
2112 2864 2182 2891 quos
2197 2854 2357 2883 circuitores
2370 2854 2467 2891 appel·

1357 2895 1439 2930 lant,
1461 2905 1538 2924 nunc
1555 2895 1663 2924 militiae
1676 2895 1764 2924 fatstus
1777 2894 1815 2924 est
1827 2894 1926 2931 gradus
1937 2916 1944 2928 ,
1968 2894 1993 2922 &
2003 2893 2145 2922 circitores
2154 2900 2296 2920 vocantur.
2317 2891 2450 2922 Alciatus.

1299 2933 1621 2969 Cmcunmuiro,
1642 2930 1841 2969 [mgna-mila]
1864 2934 1916 2961 are.
1940 2931 1997 2960 Liv.
2012 2941 2052 2960 10.
2069 2940 2111 2966 34.
2135 2930 2177 2959 Ne
2188 2939 2271 2966 quam
2281 2929 2422 2958 occultam
2435 2931 2465 2960 in

1339 2971 1466 3001 fraudem
1476 2972 1604 3001 incautus
1613 2977 1706 3000 rueret
1719 2992 1728 3006 ,
1751 2970 1819 2999 duas
1830 2976 1933 2999 turmas
1945 2970 2083 2998 sociorum
2102 2967 2191 2997 Latini
2206 2968 2328 2998 nominis
2347 2968 2465 2998 circum-

1339 3010 1463 3047 equitare
1472 3009 1593 3044 moenia,
1614 3015 1697 3045 atque
1708 3008 1851 3046 explorare
1866 3007 2055 3043 omniajubet.

1299 3046 1325 3078 C
1337 3058 1346 3076 1
1358 3057 1427 3077 acu
1437 3058 1458 3076 M
1470 3049 1507 3076 εἰ
1517 3057 1534 3077 R
1543 3057 1560 3076 o
1573 3069 1581 3082 ,
1601 3046 1655 3077 fers
1668 3069 1675 3082 ,
1698 3047 1749 3075 tiili
1762 3069 1769 3081 ‚
1791 3047 1892 3081 latum,
1924 3044 2080 3081 [πτςιφέςω]
2100 3043 2181 3072 ferre.
2211 3042 2324 3072 Circum
2341 3050 2462 3081 portare.

1340 3086 1399 3115 Cic.
1413 3095 1438 3121 4.
1454 3085 1528 3115 Verr.
1546 3095 1607 3119 104.
1631 3084 1731 3121 Qiaeso
1741 3084 1870 3114 codicem
1883 3083 2030 3112 circumfer
2042 3104 2049 3116 ,
2070 3081 2192 3110 ostende.

1339 3123 1510 3161 Inspiciendi
1524 3122 1605 3153 causa
1617 3122 1794 3153 circumferre
1804 3121 1918 3158 aliquid.
1942 3121 1999 3149 Cic.
2017 3130 2066 3158 pro
2082 3120 2164 3148 Corn.
2182 3117 2267 3147 Balbo
2282 3128 2324 3148 rr.

1336 3162 1420 3191 Acies
1433 3159 1581 3190 oculorum
1595 3162 1650 3190 huc
1659 3160 1807 3197 atquehuc
1822 3159 2008 3188 circumferre.
2033 3158 2102 3194 Virg.
2122 3166 2160 3185 12.
2177 3157 2236 3186 ffin.
2252 3162 2315 3193 558.

1419 3198 1485 3228 Huc
1497 3207 1578 3237 atque
1591 3199 1658 3229 illuc
1672 3200 1744 3228 acies
1764 3196 1953 3231 circumtulit,
1975 3195 2072 3233 aspicit
2086 3195 2189 3223 urbem.

1339 3237 1421 3267 Arma
1432 3238 1619 3268 circumferre.
1661 3235 1731 3267 Flor.
1747 3245 1771 3272 3.
1787 3245 1829 3265 12.
1841 3244 1882 3273 pr.
1900 3235 2040 3264 Romanus
2050 3232 2171 3271 populus
2182 3232 2248 3261 orbe
2258 3238 2318 3261 toto
2331 3241 2405 3262 arma
2414 3234 2468 3263 cir.

1359 3275 1497 3304 cum-tulit.

1338 3312 1446 3343 Bellum
1457 3312 1646 3343 circumferre.
1686 3311 1777 3342 Tacit.
1794 3319 1836 3347 η.
1852 3311 1922 3340 Ann.
1935 3318 1979 3346 37.
2008 3308 2040 3338 Et
2057 3306 2188 3345 exemplo
2209 3307 2327 3337 hostium
2347 3309 2466 3338 circum.

1360 3351 1430 3380 ferre
1443 3351 1547 3380 bellum
1559 3353 1680 3381 coactus.

1338 3388 1480 3427 Clypeum
1490 3389 1674 3419 circumferre.
1716 3386 1791 3416 Cart.
1805 3395 1832 3420 9.
1851 3395 1874 3421 5.
1890 3394 1916 3414 r.
1938 3385 2057 3421 Jamque
2076 3382 2175 3413 laevam
2187 3405 2194 3419 ,
2218 3392 2272 3420 qua
2285 3383 2464 3422 clypeumad

1359 3428 1431 3457 ictus
1441 3424 1810 3456 circum'ferebatlaffavcrat.
1862 3460 1867 3465 θ
1973 3457 1976 3458 7

1340 3464 1461 3494 Lumina
1472 3465 1573 3494 alicubi
1585 3464 1769 3494 circumferre.
1791 3460 1838 3490 Sil.
1849 3460 1897 3489 lib.
1915 3469 1955 3496 17.
1970 3464 2034 3494 5¹8·
2066 3471 2068 3473 ’

1337 3502 1448 3532 Oculos
1467 3503 1653 3532 circumferre.
1696 3501 1751 3529 Liv.
1765 3509 1865 3533 :tr-44.
1881 3507 1921 3535 pr.
1955 3498 2144 3535 Quocumque
2163 3497 2324 3526 circumtuli
2346 3497 2461 3534 oculos,

1359 3540 1444 3578 plena
1457 3541 1552 3569 omnia
1563 3540 1644 3568 video
1657 3539 1811 3567 animorum
1822 3537 1849 3566 ἃ
1859 3536 1976 3565 roboris.

1339 3578 1448 3607 Oculos
1458 3578 1634 3608 circumferre
1645 3576 1724 3606 rebus
1734 3575 1871 3611 aliquibus
1882 3573 2049 3611 speftandis.
2072 3571 2118 3602 Sil.
2131 3571 2180 3602 lib.
2198 3581 2208 3601 1
2217 3581 2240 3602 1.
2251 3575 2315 3609 263.

1337 3616 1440 3645 Oscula
1449 3614 1627 3644 circumferre
1640 3613 1729 3642 alicui.
1755 3612 1841 3641 Valer.
1853 3620 1879 3647 7.
1897 3613 1996 3647 Argon.
2017 3620 2077 3646 ¹23·

1334 3653 1483 3690 Querela&
1521 3651 1577 3681 Liv.
1603 3652 1650 3680 l-lae
1664 3649 1780 3688 querelae
1790 3649 1889 3678 domos
1903 3650 2024 3687 primum
2044 3648 2185 3678 nobilium
2205 3648 2393 3684 circumlatae,
2416 3658 2465 3678 ce-

1356 3692 1525 3726 lebrataeque
1533 3689 1716 3719 sermonibus.

1337 3730 1374 3760 Se
1385 3727 1570 3758 circumferre.
1613 3727 1695 3755 Plaut.
1712 3725 1796 3754 Merc.
1820 3724 1929 3754 Gradus
1944 3724 2066 3759 mandit,
2089 3723 2193 3753 emittit
2211 3723 2324 3758 oculos,
2348 3725 2465 3753 circum-

1358 3767 1413 3796 fert
1423 3766 1457 3800 se,
1478 3763 1597 3801 obstipat
1607 3765 1751 3792 verticem.
1773 3761 1825 3797 [Si
1840 3762 1924 3791 Plauti
1933 3762 1991 3790 liaec
2001 3761 2083 3796 sunt,
2105 3761 2406 3798 Cervicemlegendum
2415 3763 2462 3791 est.

1337 3804 1485 3835 Terrorem
1496 3802 1682 3831 circumferre.
1723 3799 1813 3829 Tacit.
1825 3810 1851 3829 2.
1871 3802 1939 3829 nnn.
1953 3810 1995 3833 52-
2021 3799 2154 3838 Mazippa
2171 3800 2226 3830 levi
2245 3810 2309 3829 cum
2323 3801 2403 3837 eopia
2421 3802 2465 3829 in-

1358 3842 1459 3870 cendia
1472 3862 1479 3873 ,
1502 3841 1527 3869 &
1539 3840 1629 3868 caedes
1641 3861 1649 3874 ‚
1672 3840 1841 3868 &terrorem
1858 3838 2058 3867 circumferret.

1337 3877 1438 3908 Vultus
1450 3877 1638 3906 circumferre.
1663 3877 1746 3905 Ovid.
1759 3885 1783 3913 3.
1801 3876 1870 3906 Met.
1882 3885 1946 3910 24¹·

1339 3915 1540 3951 circumferre,
1562 3916 1666 3945 Secum
1685 3914 1764 3944 ferre.
1803 3914 1879 3944 Suet.
1888 3911 2015 3981 ziJnuZats.
2036 3905 2153 3951 031146.
2184 3914 2218 3944 In
2237 3910 2468 3978 expeditioaeskffi‘,
