2600 4177
508 89 539 125 C
636 91 672 126 O
768 88 812 127 M

111 170 317 202 Commendare
328 170 523 202 communiter.
564 170 622 200 Cic.
638 171 769 204 13.Fam.
785 181 826 207 13.
849 171 907 202 Alia
919 173 1034 211 epistola
1047 174 1235 204 communiter

132 210 181 243 tibi.
192 209 499 246 commendavilegatos
511 209 692 246 Arpinatium.
999 249 1004 254 .
1049 249 1054 254 ¹
1076 249 1081 255 ι
1145 249 1166 258 .-

112 247 340 283 Conscripserunt
360 247 546 276 communiter
566 246 689 275 ediciam
708 255 772 276 cum
790 257 876 285 poena
896 254 979 286 atque
994 249 1111 285 judicio.
1135 250 1194 279 Cic.
1208 259 1233 287 3.

131 284 187 313 Off.
204 291 247 317 80-

112 321 255 351 Consolari
266 322 460 351 communiter.
479 320 537 350 Cic.
554 329 577 355 3.
591 320 642 348 Att.
657 329 700 353 Ῑς.
729 359 734 363 .
1113 362 1119 369 .
1134 362 1141 368 ι

113 359 216 390 Deberi
228 360 423 388 communiter.
463 358 560 387 Paulus
574 358 601 385 in
619 356 637 386 l.
654 358 758 387 militis.
791 359 823 388 D.
839 360 875 389 de
897 361 1062 391 testamento
1082 361 1163 392 milit.
1186 361 1236 392 Le.

133 403 192 434 gata
203 405 296 426 autem
308 397 471 425 testamento
482 396 544 424 data
555 397 743 424 communiter
757 396 904 427 debentur.

112 434 209 465 Parare
220 435 324 464 bellum
335 434 532 464 communiter.
574 432 636 462 Liv.
656 442 680 462 ι.
701 443 744 463 ιο.
766 434 836 464 Tres
858 435 957 474 populi
978 438 1166 467 communiter
1179 437 1237 467 bel-

274 479 313 500 nt.

113 468 458 541 Pltilsiiiiigserzommuniter.
500 508 557 537 Cic.
571 517 620 545 pro
635 507 716 537 Rosc.
738 509 828 539 Amet.
848 515 910 544 108.
941 510 991 541 Iste
1008 511 1122 542 Roscius
1142 513 1237 543 omnia

132 557 197 576 cum
211 546 389 584 Chrysogono
407 546 596 575 communiter
606 545 734 583 possidet.
1030 587 1036 593 ι

114 586 239 616 Scribere
249 584 354 613 litteras
362 584 550 613 communiter
564 593 628 612 cum
641 583 702 612 aliis
712 605 720 616 ,
742 585 767 613 St
780 583 827 613 suo
839 587 963 616 nomine.
1004 586 1063 616 Cic.
1081 596 1122 616 11.
1146 590 1197 617 Att.
1208 599 1232 623 ς.

132 622 270 657 Equidem
282 631 316 650 ex
328 623 381 651 tuis
390 621 489 650 litteris
504 620 641 656 imnexi,
667 623 692 651 S<
705 622 738 650 iis
748 631 815 657 quas
831 624 1018 654 communiter
1030 634 1095 654 cum
1105 624 1165 655 aliis
1176 625 1239 655 scri-

130 659 203 697 psssti
215 681 224 694 ,
245 661 270 689 &
288 660 320 689 iis
331 669 397 697 quas
409 665 457 688 tuo
467 660 581 688 nominc
593 681 602 693 ,
624 658 699 696 quod
710 681 717 691 ,
735 660 787 689 διο.
961 699 967 705 ι
1108 700 1113 706 .
1130 700 1136 707 .

113 697 241 727 Vendere
261 698 448 727 communiter
462 707 527 727 cum
550 697 643 734 aliquo
661 696 775 733 aliquid.
798 697 935 736 Pompon.
959 708 989 729 in
1008 699 1027 729 l.
1049 699 1179 731 ssTitius.
1201 701 1236 731 D.

132 745 182 771 pro
194 735 276 764 socio.
782 771 787 777 ³

112 769 175 803 Urit
186 773 225 802 ira
241 782 389 810 utrumque
399 773 594 802 communiter.
617 771 685 802 Hor.
700 781 723 801 1.
737 771 819 809 Epist.
839 783 881 809 ις.
898 812 904 818 ι
1096 811 1114 820 Α

113 811 194 842 ldem
205 811 244 840 est
264 820 297 840 ac
310 811 470 848 vulgariter.
512 810 634 840 Lat-iant.
649 820 673 845 5.
689 819 733 839 12.
747 818 772 846 3.
808 810 951 847 Quoniam
967 820 1158 843 communiter
1173 823 1238 844 cum

134 844 257 878 Deorum
273 849 427 878 cuitoribus
439 849 590 886 loquimur.
911 887 917 893 .

77 885 126 917 Co
137 897 212 915 MMu
223 896 242 916 N
254 889 293 915 ῑτ
305 897 343 917 us
358 909 365 921 ,
391 887 466 916 aliud
480 887 545 915 Λᾶν.
571 885 691 920 antiquis
703 894 754 922 pro
767 884 962 917 Comniuniter
977 888 1146 926 usurpatum.
1172 889 1239 932 Var-

114 934 145 953 ro
155 924 219 954 Rer.
233 925 320 954 divin.
348 925 456 955 Etenim
474 932 504 954 ut
516 925 584 954 deos
598 923 692 953 coiere
703 923 788 952 debet
798 926 989 956 communitus
1004 927 1101 956 civitas
1112 950 1120 963 ‚
1141 928 1177 957 sic
1189 929 1240 957 iin-

112 963 185 999 guIae
196 963 307 993 [amiliae
317 963 459 993 debemus.
486 962 524 992 Ex
537 962 632 991 Nonio
643 983 651 996 ,
671 971 682 989 ι
691 971 714 990 ι.
727 964 753 989 6.
1017 1002 1023 1008 ι
1099 1003 1105 1009 ·
1218 1003 1226 1009 .

75 999 124 1030 Co
133 1011 153 1028 M
163 1011 183 1029 M
193 1011 211 1030 υ
221 1002 260 1030 sii
274 1011 288 1030 r
298 1012 318 1030 A
327 1011 338 1030 s
351 1023 359 1035 ‚
380 1002 441 1031 itis.
463 1001 481 1029 f.
504 1000 645 1037 [viram]
666 999 780 1029 denum.
802 1005 833 1028 ut
842 1021 850 1035 ‚
872 999 1067 1033 Communitas
1079 1009 1143 1034 vitae
1160 1004 1187 1034 ἃ
1198 1013 1238 1034 νι-

113 1039 184 1067 eius.
205 1039 262 1068 Cic.
275 1049 300 1073 9.
326 1039 399 1068 Fam.
413 1049 458 1074 ²4-
692 1074 698 1080 ¹
801 1076 807 1081 ¹

115 1075 293 1105 Consociatio
306 1076 453 1106 hominum
463 1081 549 1119 atque
555 1080 750 1118 communitas.
776 1075 834 1119 Cic..
854 1085 876 1104 1.
890 1076 945 1107 Off.
962 1087 1023 1114 157.

113 1113 246 1143 Hominis
261 1115 446 1144 communitas
458 1116 484 1144 &
495 1114 617 1142 societas.
641 1112 739 1156 Cic-3.
757 1113 792 1142 de
803 1114 862 1157 Fin.
875 1117 919 1151 67.

113 1150 186 1181 Cum
197 1152 360 1182 hominibus
372 1152 410 1182 est
421 1151 605 1182 communitas
620 1151 645 1180 δι
656 1150 779 1180 societas.
804 1151 860 1181 Cic.
877 1162 897 1181 r.
916 1152 973 1183 Off.
990 1159 1050 1190 ¹58-

112 1189 271 1220 Hominum
287 1190 400 1220 societas
411 1191 481 1219 inter
491 1189 563 1227 ipsos
575 1211 582 1224 ,
604 1189 630 1218 ἃ
650 1189 714 1218 vitae
730 1189 803 1226 quasi
822 1192 1010 1222 communitas
1028 1193 1189 1224 continetur
1198 1202 1238 1224 ra-

133 1227 224 1257 tione.
247 1228 306 1257 Cic.
323 1239 345 1257 i.
359 1227 415 1257 Off.
430 1237 475 1256 ²0.
612 1264 618 1270 ι

113 1263 184 1294 Vitae
197 1266 387 1295 communitas
398 1267 424 1295 ἃ
439 1265 563 1294 societas.
587 1264 645 1308 Cic.
659 1273 682 1293 r.
697 1263 755 1293 Off.
767 1273 813 1300 45.

114 1302 309 1332 communitas
319 1303 418 1332 civilis.
441 1302 497 1332 Cic.
515 1312 538 1338 3.
555 1302 590 1331 de
603 1302 662 1332 Fin.
675 1305 720 1332 66.
740 1340 746 1346 ι
837 1341 843 1347 .
968 1343 973 1349 .
989 1343 995 1349 ι

113 1340 185 1370 Cum
199 1340 365 1378 gladiatore,
386 1342 573 1370 communitas
589 1340 770 1370 conditionis.
811 1340 871 1371 Cic.
883 1344 909 1371 6.
926 1342 1045 1382 Philipp.
1062 1352 1087 1380 3.
1110 1344 1181 1381 Quae
1192 1354 1239 1375 vo.

133 1378 175 1408 bis
190 1379 280 1416 potest
295 1388 360 1408 cum
380 1378 436 1408 hoc
455 1378 606 1417 gladiatore
627 1378 800 1408 conditionis
813 1401 822 1414 ,
844 1380 997 1417 aequitatis,
1016 1382 1164 1419 legationis
1185 1383 1239 1413 effe

133 1418 342 1447 communitas?
629 1454 635 1460 δ

114 1453 188 1484 Cum
198 1456 252 1484 deo
263 1455 450 1484 communitas
460 1454 581 1484 homini.
603 1454 662 1484 Cic.
678 1463 701 1498 ι.
719 1453 755 1484 de
766 1454 830 1484 Nat.
845 1455 928 1486 Deor.
943 1465 1005 1494 117.

114 1492 185 1522 Cum
198 1493 264 1522 falso
273 1494 302 1522 in
313 1503 347 1522 eo
356 1493 374 1522 fi
385 1494 438 1522 erit
447 1494 643 1523 communitas.
668 1492 724 1522 Cic.
739 1504 766 1529 4.
781 1494 862 1523 Acad.
876 1505 903 1530 4.
1137 1534 1144 1541 ι

113 1532 187 1561 Cum
198 1530 343 1568 improbis.
383 1531 442 1561 Cic.
458 1541 500 1561 ιι.
516 1531 591 1561 Fam.
605 1536 650 1565 ²8-
674 1529 790 1560 Nullam
811 1533 1045 1563 communitatem
1056 1542 1122 1564 cum
1135 1544 1239 1573 impro-

134 1569 177 1598 bis
185 1569 240 1598 effe
273 1568 338 1598 osse.

114 1606 219 1644 Magna
232 1580 270 1638 eii
280 1608 365 1637 etiam
378 1606 424 1636 illa
435 1607 624 1636 communitas
633 1628 641 1643 ‚
662 1615 724 1643 quae
734 1606 884 1638 conficitur
899 1618 935 1638 ex
950 1608 1094 1639 beneficiis
1108 1610 1181 1641 ultro
1201 1611 1239 1641 ci.

134 1651 232 1681 troque
243 1645 315 1675 datis
327 1667 334 1681 ‚
356 1644 542 1682 acceptisque.
565 1644 623 1674 Cic.
639 1654 663 1674 1.
676 1644 734 1688 Off.
750 1648 792 1680 5⁶.

114 1682 243 1713 Maxime
254 1691 319 1721 apta
328 1691 432 1713 naturae
445 1684 640 1713 communitas.
661 1682 719 1712 Cic.
731 1691 753 1713 1.
765 1682 823 1713 Off.
840 1693 902 1722 159.

112 1719 156 1751 Ex
169 1722 372 1753 communitate
386 1720 528 1751 ducuntur
538 1721 628 1750 officia
642 1721 749 1758 aptiora
761 1729 874 1765 na‘turae.
897 1722 955 1752 Cic.
972 1734 995 1753 ι.
1011 1723 1070 1754 Off.
1085 1730 1160 1763 153J

113 1759 156 1789 Ad
168 1759 324 1790 naturalem
335 1760 568 1790 communitatem
580 1759 636 1789 nati
644 1759 746 1789 sumus.
770 1759 827 1789 Cic.
842 1770 867 1794 3.
881 1761 916 1790 de
926 1761 985 1790 Fin.
998 1766 1042 1798 65.
1160 1778 1161 1783 =

114 1797 256 1828 Servanda
269 1799 455 1828 communitas
466 1797 592 1827 omnium
603 1807 704 1827 rerum.
729 1797 787 1826 Cic.
797 1808 818 1827 ι.
830 1796 885 1828 Off
905 1808 947 1833 ςι.
959 1800 1044 1830 Aliter
1055 1801 1090 1830 de
1102 1802 1237 1833 Amicor.

9 1824 21 1862 '.
35 1824 43 1829 γ’
77 1833 292 1866 commuuio
305 1858 312 1871 ‚
333 1837 404 1866 onis.
426 1836 444 1866 f.
467 1834 615 1872 [κοινότης]
635 1835 711 1866 aliud
724 1835 836 1865 denoni.
859 1837 918 1867 Cic.
938 1847 989 1875 pro
1007 1838 1090 1868 Corn.
1103 1839 1237 1876 Balb.:io.

114 1873 156 1904 Ita
175 1873 245 1903 mihi·
266 1875 388 1904 maxime
401 1873 633 1904 communionem
653 1873 874 1911 beneficiorum,
897 1876 1078 1913 praemiorum
1090 1899 1098 1914 ,
1121 1878 1240 1909 civitatis

115 1913 262 1943 continere
272 1913 390 1942 videtur.

114 1949 195 1987 Legis
207 1952 233 1980 ἃ
242 1951 310 1987 juris
320 1950 492 1980 communio.
515 1949 574 1979 Cic.
593 1959 614 1978 1.
629 1949 666 1979 de
678 1948 772 1986 Legib.
782 1958 828 1986 ²3·
850 1949 926 1981 Inter
942 1961 1011 1989 quos
1023 1962 1107 1990 porro
1115 1954 1155 1983 est
1164 1964 1239 1984 com-

133 1992 232 2018 munio
244 1989 314 2027 ¹legis
325 2011 333 2024 ‚
354 1990 426 2018 inter
435 1998 483 2018 eos
495 1988 660 2017 communio
676 1988 743 2023 juris
756 1987 803 2018 est.
814 2027 820 2032 1
942 2027 948 2032 .
1012 2028 1018 2034 ⁴
1095 2030 1099 2035 η
1205 2030 1211 2037 .

113 2025 281 2057 Litterarum
294 2028 319 2056 ἀ
331 2036 433 2061 vocum
443 2026 644 2056 communione
661 2025 792 2056 homines
812 2033 884 2057 inter
901 2026 1031 2064 sejunxit
1051 2028 1238 2068 philosophia.

136 2063 196 2095 Cic.
226 2087 232 2094 .
251 2065 334 2095 Tusc.
366 2088 372 2095 .

114 2075 264 2141 Sanguinis
274 2075 448 2134 comriiunio.
486 2102 545 2132 Cic.
557 2111 608 2140 pro
618 2101 698 2131 Rosc.
711 2102 800 2146 Amet.
816 2105 862 2139 63.
882 2102 989 2141 Magna
1000 2104 1077 2134 enim
1091 2105 1132 2135 vis
1144 2106 1242 2137 huma-

138 2142 248 2171 nitatis:
269 2141 389 2171 multum
399 2140 650 2170 valetcommunio
661 2140 808 2178 sanguinis.
864 2179 870 2185 '
1081 2181 1087 2187 ι

113 2179 258 2210 Sermonis
270 2179 432 2209 communi-o
444 2201 453 2214 ‚
475 2189 526 2216 pro
539 2179 689 2208 Communi
700 2178 938 2209 confabulatione.
980 2180 1056 2210 Suet.
1079 2191 1109 2209 m
1129 2182 1239 2219 August.

136 2226 199 2255 cap.
213 2227 257 2253 74-
280 2218 320 2247 Ad
334 2217 565 2247 communionem
576 2216 710 2246 sermonis
724 2224 848 2247 tacentes
867 2239 876 2253 ‚
897 2217 941 2247 vel
951 2217 1104 2248 submiffim
1118 2220 1245 2250 fabulan-

87 2258 89 2261 “
136 2261 178 2285 tes
186 2256 367 2293 provocabat.
1143 2296 1150 2302 ι
1209 2297 1215 2303 ι

116 2293 150 2325 In
163 2295 396 2323 communionem
409 2299 520 2322 tuorum
532 2291 672 2322 bonorum
685 2291 758 2322 bona
767 2301 799 2322 ac
813 2292 940 2324 fortunas
953 2303 1029 2324 meas
1043 2295 1159 2325 contuli.
1183 2295 1243 2327 Cic.

136 2342 189 2370 pro
207 2331 308 2361 Milon.
325 2341 386 2361 101.
624 2368 631 2374 ·
1012 2371 1017 2376 Π

118 2370 267 2408 Acquirere
281 2368 487 2400 communioni.
528 2367 600 2398 Paul.
622 2378 652 2398 m
668 2366 686 2398 1.
706 2368 745 2398 Ea
756 2377 830 2398 vero.
848 2366 881 2398 D.
894 2379 946 2407 pro
963 2368 1047 2400 socio.
1071 2371 1168 2408 Quum
1186 2372 1245 2410 spe..

138 2408 245 2438 cialiter
255 2409 383 2437 omnium
393 2407 532 2436 bonorum
542 2406 659 2436 societas
668 2406 741 2436 coita
750 2407 788 2436 est
798 2429 806 2443 ‚
826 2409 879 2437 &o
901 2413 949 2437 aut
965 2418 1073 2446 quaqua
1084 2413 1191 2440 ratione
1201 2421 1247 2441 ac-

139 2447 268 2484 quisitum
280 2468 288 2481 ‚
310 2446 503 2475 communioni
519 2445 686 2488 acquiretur.

120 2484 254 2522 Impediri
265 2485 467 2514 communione
476 2483 604 2512 visorum.
628 2482 688 2512 Cic.
698 2492 725 2518 4.
739 2482 822 2512 Acad.
833 2492 881 2518 44.
983 2522 989 2529 .
1197 2525 1203 2531 .

119 2522 248 2553 Incidere
256 2522 285 2551 in
299 2521 538 2552 communionem.
562 2520 626 2558 Ulp.
641 2522 670 2549 in
683 2521 701 2550 1.
713 2527 744 2550 ut
760 2521 799 2551 sit.
816 2521 849 2550 D.
863 2531 914 2559 pro
934 2520 1027 2559 socio,
1052 2522 1248 2555 Communiter

139 2567 234 2590 autem
242 2570 284 2590 res
293 2561 336 2598 agi
348 2559 437 2598 potest
447 2559 532 2588 etiam
543 2559 611 2588 citra
621 2558 782 2588 societatem
791 2581 799 2594 ‚
821 2566 852 2588 ut
862 2567 931 2597 pu'ta
944 2570 1031 2598 quum
1047 2571 1106 2591 non
1123 2563 1250 2593 affeetio-

140 2609 178 2628 ne
190 2598 327 2628 societatis
338 2598 487 2627 incidimus
498 2597 526 2626 in
538 2597 778 2627 communionem.

122 2636 240 2667 Manere
250 2637 278 2665 in
289 2636 402 2674 pristina
414 2636 622 2664 communione.
645 2635 704 2664 Cic.
718 2644 741 2671 3.
759 2635 795 2664 de
806 2635 884 2665 Orat.
899 2639 944 2669 69.

84 2675 108 2706 C
117 2685 133 2705 o
144 2686 165 2704 M
175 2685 197 2703 M
206 2684 224 2703 u
234 2684 254 2703 N
262 2676 274 2703 ἷ
283 2684 336 2709 co,
348 2670 469 2710 [maim
484 2673 654 2708 ἀωκοινονέω]
665 2676 721 2702 are.
734 2673 793 2702 Cic.
807 2683 857 2711 pro
868 2674 950 2704 Rosc-
959 2674 1048 2705 Amet.
1064 2679 1122 2706 116.
1136 2676 1249 2715 Propte-

107 2722 167 2746 xrea
177 2712 252 2750 quod
263 2712 398 2742 auxilium
405 2710 453 2741 sibi
462 2711 490 2741 se
499 2717 580 2749 putat
589 2710 744 2748 adjunxisse
759 2712 806 2748 qui
825 2721 891 2741 cum
908 2712 997 2742 altero
1015 2723 1074 2743 rem
1087 2717 1244 2745 communi-

156 2757 203 2780 vit.

121 2760 270 2826 ‘impertire
285 2786 369 2817 alicui
386 2789 413 2817 ἃ
426 2789 636 2818 communicare
656 2796 722 2817 cum
738 2795 772 2816 eo
791 2786 905 2824 aliquid.
945 2788 1004 2818 Cic.
1023 2788 1058 2818 de
1079 2791 1184 2820 Amisit.
1202 2799 1247 2827 70.

141 2826 229 2864 Quod
237 2825 400 2855 faciendum
410 2825 633 2863 imitandumque
644 2826 682 2854 est
693 2825 774 2855 nobis
784 2847 793 2861 ‚
816 2833 846 2855 ut
865 2825 883 2854 si
896 2836 978 2863 quam
995 2828 1178 2864 praestantiam
1197 2831 1250 2859 vir-

143 2865 230 2899 tutis,
251 2864 390 2898 fortunae,
412 2864 536 2902 ingenii,
558 2864 701 2893 consecuti
724 2863 806 2899 sunt,
827 2864 988 2901 impertiant
1001 2875 1063 2895 eam
1077 2865 1130 2897 suis
1143 2888 1151 2903 ‚
1173 2877 1250 2898 com-

144 2903 346 2939 municentque
361 2911 427 2931 cum
442 2902 586 2940 proximis.
722 2939 729 2945 .
867 2939 873 2945 ι
895 2939 901 2945 ⁸

122 2940 221 2971 Partiri
235 2942 261 2970 &
270 2940 479 2969 communicare
486 2949 529 2969 res
540 2938 675 2969 adversas.
698 2939 757 2968 Cic.
769 2939 805 2968 de
815 2939 923 2969 amicit.
941 2948 987 2971 Μ..

125 2979 193 3011 Acta
203 2978 249 3008 sua
261 2978 471 3008 communicare
481 2987 546 3008 cum
560 2978 662 3015 aliquo.
686 2977 772 3021 Qvid.
790 2987 830 3012 η.
849 2978 918 3007 Met.
932 2986 996 3015 239.

206 3019 239 3046 At
250 3016 297 3046 sua
304 3016 431 3053 Tydides
441 3026 554 3046 mecum
565 3022 757 3046 communicat
769 3016 839 3045 acta.

125 3053 243 3084 Causam
256 3064 322 3084 >cum
334 3054 428 3091 aliquo
438 3056 657 3087 communicare.
680 3053 800 3098 Cic'pro
817 3053 896 3083 Rosc.
910 3054 1000 3083 Amet.
1015 3064 1076 3089 140.
1191 3093 1197 3101 ι

78 3092 80 3094 ’
126 3092 276 3123 Civitatem
289 3092 504 3121 communicare.
543 3092 600 3121 Liv.
614 3101 657 3127 ²³-
672 3102 696 3125 ς.
719 3093 867 3135 CiVitatem
882 3091 1000 3121 nostram
1009 3102 1117 3130 magnae
1126 3098 1198 3130 parti
1206 3103 1252 3125 ve-

145 3131 228 3160 strum
240 3129 388 3165 dedimus,
410 3129 732 3167 communicavimusque
743 3127 894 3158 vobiscum.
938 3167 944 3173 α
969 3168 975 3173 ¹
1216 3170 1222 3176 ⁸

127 3168 318 3198 Commodum
328 3167 546 3198 communicare.
565 3168 664 3197 Paulus
675 3168 704 3196 in
716 3167 734 3196 l.
747 3167 865 3211 actione.
881 3168 902 3205 §.
916 3167 1048 3198 diximus.
1061 3168 1095 3198 D.
1106 3179 1156 3207 pro
1167 3169 1251 3200 socio.

126 3207 230 3236 Curam
243 3205 349 3234 doloris
360 3204 400 3234 sui
410 3215 475 3235 cuni
487 3206 580 3243 aliquo
589 3206 808 3249 communica-re.
832 3206 890 3250 Cic.
904 3216 925 3240 5.
944 3205 1016 3235 Fam.
1035 3209 1076 3236 16.

125 3244 241 3275 Furtum
251 3244 461 3273 communicare
471 3253 535 3273 cum
545 3244 638 3280 aliquo
649 3266 657 3279 ‚
680 3243 783 3272 Partiri.
806 3243 864 3287 Cic.
882 3253 904 3272 1.
917 3243 992 3273 Verr.
1006 3253 1015 3277 ι
1025 3253 1048 3280 3.

127 3282 250 3312 Gloriam
265 3282 458 3311 victoriaecum
467 3282 561 3319 aliquo
575 3282 794 3311 communicare.
817 3281 875 3325 Cic.
892 3290 917 3318 7.
937 3281 1013 3324 Verr.
1030 3290 1054 3318 ς.

126 3320 253 3349 Gloriam
263 3319 327 3348 sacri
338 3319 449 3349 alterius
460 3329 524 3349 cum
534 3319 616 3349 laude
630 3319 676 3349 sua
687 3328 906 3349 communicare.
925 3318 986 3362 Cic.
998 3329 1040 3349 12.
1055 3319 1127 3350 Fam.
1143 3329 1172 3365 2.
1190 3359 1196 3365 ι
1222 3359 1228 3366 .

128 3358 258 3388 Honores
269 3358 321 3386 sive
331 3357 504 3394 Magistratus
515 3358 725 3387 communicare
743 3367 809 3401 cum
827 3357 955 3395 plebeiis.
979 3359 1080 3388 Auster
1095 3358 1131 3388 de
1142 3359 1211 3389 Viris
1221 3356 1253 3388 il.

148 3396 221 3425 lustr.
237 3405 298 3433 cap.
311 3404 354 3430 ³4·
386 3396 404 3424 i.
415 3404 439 3425 e.
462 3395 501 3425 Ex
512 3395 595 3433 plebe
605 3405 697 3425 creare
712 3395 889 3433 magistratus.
1043 3431 1050 3440 .
1138 3435 1145 3442 ·
1233 3436 1239 3442 .

128 3433 276 3465 Honorem
288 3432 372 3462 alicui
383 3434 600 3463 communicare.
643 3432 708 3463 Caes
722 3437 747 3462 6.
767 3432 833 3463 Bell.
848 3432 942 3464 Gaui
952 3440 974 3468 ς.
986 3431 1051 3478 ..Ub¹
1067 3433 1105 3464 de
1116 3434 1169 3479 h.¹⁵'
1192 3445 1255 3479 qui.

147 3471 201 3502 bus
218 3471 400 3501 interdictum
417 3472 455 3500 est
475 3471 616 3501 sacrificiis
636 3481 651 3501 a
670 3471 839 3501 Druidibus:
863 3470 962 3508 Neque
984 3481 1016 3501 iis
1030 3473 1192 3510 petentibus
1209 3483 1253 3511 Jus

149 3509 278 3539 redditur
289 3531 296 3545 ‚
318 3519 410 3545 neque
422 3509 513 3538 honos
527 3509 599 3538 ullus
611 3510 843 3538 communicatur.
1026 3547 1033 3553 ⁶

129 3546 270 3585 Jac‘turam
281 3570 289 3579 ,
309 3546 355 3576 seu
367 3547 484 3576 Lucrum
496 3569 504 3581 ‚
525 3554 576 3585 pro
591 3547 777 3577 Communem
794 3547 892 3590 facere.
933 3546 1007 3576 Suet.
1025 3556 1055 3576 in
1067 3547 1174 3583 August.
1188 3558 1252 3587 cap.

150 3596 196 3622 75.
219 3585 268 3614 Per
278 3584 400 3622 singulos
409 3585 497 3614 lectos
507 3584 625 3615 licitatio
635 3585 733 3621 fieret,
754 3587 780 3615 όἰ
791 3584 962 3620 semiustum,
982 3585 1159 3623 seulucrum,
1177 3597 1254 3617 com.

151 3623 348 3653 municaretur.
938 3654 941 3655 i

130 3661 229 3699 Ignem
241 3661 360 3690 caritatis
369 3660 588 3690 communicare.
610 3659 729 3704 Budaeus
740 3660 783 3690 De
798 3659 851 3691 affe
864 3659 914 3689 lib.
927 3659 976 3704 ult.
1000 3658 1049 3690 fol.
1065 3670 1129 3705 207.
1152 3672 1253 3707 paga..

152 3699 204 3730 Dei
212 3698 345 3735 sapientia
355 3699 450 3735 ignem
460 3706 594 3728 aeternum
602 3705 721 3728 caritatis
740 3698 863 3742 humano
875 3708 970 3735 generi
983 3707 1213 3745 communicavit..

85 3734 88 3738 ”
131 3736 298 3769 Inimicitias
319 3738 528 3766 communicare
547 3745 612 3766 cum
633 3735 730 3766 altero.
772 3736 831 3766 Cic.
846 3746 886 3771 ις.
910 3736 1049 3781 Εεῃι..2.ι..
1067 3737 1140 3767 Nam
1162 3747 1192 3768 ut
1206 3738 1255 3783 illa

152 3769 282 3805 omittam
293 3784 353 3811 quae
361 3774 471 3803 civitate
480 3775 547 3804 teste
558 3773 662 3809 fecisti,
685 3782 770 3811 quum
789 3783 901 3817 mecum
918 3781 1080 3805 inimicitias
1097 3785 1257 3806 commum-

151 3813 244 3843 cavisti
259 3833 266 3844 .
289 3821 374 3848 quum
385 3821 430 3841 me
445 3812 630 3842 concionibus
642 3812 696 3841 tuis
708 3811 863 3841 defendisti.
884 3849 890 3855 ὑ
1151 3852 1158 3858 ἱ
1220 3852 1227 3858 ·

133 3850 244 3888 Judicia
252 3849 468 3879 communicare.
492 3850 624 3880 Asconius
633 3850 663 3878 in
674 3856 743 3879 orat.
756 3855 853 3879 contra
864 3848 951 3878 Pison.
963 3860 1008 3893 ⁹2⁴·
1020 3849 1123 3888 Legem
1136 3851 1255 3896 (inquit)

153 3888 330 3926 judiciariam
340 3887 403 3917 tulit
412 3887 538 3923 Aurelius
551 3888 633 3917 Cotta
644 3887 743 3918 Praetor
753 3909 760 3921 ‚
783 3897 835 3924 qua
848 3897 1053 3918 communicata
1071 3889 1135 3918 sunt
1150 3890 1257 3924 judicia

152 3926 267 3956 Senatui
282 3946 290 3959 ‚
312 3926 339 3954 &
349 3925 487 3961 equitibus
497 3925 630 3956 Romanis
638 3947 647 3962 ‚
668 3927 694 3956 &
704 3925 837 3957 Tribunis
853 3926 963 3957 aerariis.
985 3927 1061 3958 conf.
1084 3928 1209 3959 eundem
1224 3928 1257 3960 in

149 3964 227 3995 Orat.
238 3973 290 4002 pro
300 3962 331 3993 C.
343 3962 425 3994 Corn.
437 3962 486 3994 sub
497 3963 547 3994 fin..

1676 96 1982 136 cOM
2384 127 2456 164 59,

1327 174 1462 205 Laborem
1481 177 1700 208 communicare.
1742 178 1812 210 Plin.
1831 181 1878 211 lib.
1895 191 1937 212 11.
1956 192 2017 222 cap.
2032 193 2075 223 30.
2098 186 2132 217 Et
2154 191 2295 228 formicae,
2320 199 2352 223 ut
2369 204 2456 233 apes,

1347 216 1587 245 communicantes
1603 216 1737 246 laborem.

1326 249 1434 280 Laudes
1447 254 1471 280 (ξι
1481 254 1592 290 ρτῑιίηἰᾶ
1603 263 1668 283 cuni
1680 254 1766 284 altero
1778 258 1995 289 communicare.
2017 261 2075 290 Cic.
2089 271 2114 299 7.
2129 263 2204 294 Vei-r.
2225 275 2286 303 125.
2308 267 2456 301 Vobiscum

1348 287 1491 319 Africanus
1502 290 1619 320 hostium
1631 291 1717 329 spolia
1731 295 1756 323 δι
1768 295 1880 330 praemia
1895 296 1984 326 laudis
1995 303 2222 332 communicavit.

1329 324 1560 391 Nsoizlpartiendae
1572 329 1684 359 invidiae
1695 353 1703 366 ‚
1723 330 1771 361 sed
1782 334 2025 366 communicanda:
2035 336 2124 368 laudis
2135 340 2214 370 causa
2224 340 2310 378 loqui.
2333 342 2391 373 Cic.
2404 355 2454 382 pro

1369 372 1385 391 U
1411 383 1416 389 -
1436 374 1476 392 io.

1331 399 1463 467 cumdsual
1474 402 1556 469 1³}st
1566 406 1777 436 communicare
1788 406 1902 446 aliquid.
1917 409 1975 440 Cic.
1988 421 2015 448 4.
2029 412 2112 444 Acad.
2124 423 2149 452 3.
2170 415 2189 445 i.
2202 425 2227 446 e.
2251 415 2338 446 Laudi
2348 417 2401 449 suae
2410 419 2457 450 ali-

1351 447 1397 474 qui
1429 448 1455 468 a(
1467 451 1503 469 nii
1517 450 1587 471 cere.

1329 473 1444 542 Liberos
1458 480 1664 545 cihmcpignicare
1674 491 1738 511 cum
1748 482 1850 519 aliquo.
1890 486 1909 514 i.
1921 495 1945 515 e.
1969 485 2009 516 Ex
2018 487 2111 525 aliquo
2125 492 2284 529 concipere.
2307 491 2382 523 Curt.
2396 498 2420 524 6.
2433 506 2460 531 ς,

1353 521 1396 547 30.
1447 525 1479 543 au
1534 528 1548 546 u
1573 524 1650 546 itavit
2187 529 2192 534 '

1364 550 1368 556 Ι
1568 555 1573 560 ⁸
1670 519 1718 554 (T
1721 520 1866 558 halestris)
1885 523 1983 561 fateri,
2003 526 2038 554 ad
2047 530 2300 560 communicandos
2318 539 2385 562 cum
2393 541 2458 570 rege

1348 547 1454 580 liberos
1469 552 1495 582 sc
1511 555 1622 583 venisso.

1331 586 1452 618 Lucrum
1464 593 1672 622 communicare
1683 615 1690 628 ‚
1721 594 1751 624 V.
1770 595 1920 632 Jaeiuram.

1330 625 1428 655 Mensa
1441 627 1485 657 sua
1496 633 1705 660 communicare
1720 632 1849 670 aliquem.
1874 635 1958 668 Plaut.
1973 638 2056 670 milit.

1377 700 1386 705 ἢ
1413 666 1634 697 Communicabo
1645 676 1671 697 te
1680 668 1787 708 semper
1798 673 1890 703 mensa
1900 684 1970 705 mea.

1330 700 1432 731 Officia
1443 706 1653 735 communicare
1669 708 1740 736 inter
1762 710 1870 746 aliquos
1882 713 2002 744 ordines.
2041 716 2117 746 Suet.
2132 717 2235 748 Domit.
2253 728 2314 757 cap.
2326 728 2351 756 7.
2375 721 2459 759 Qua.

1351 739 1417 767 dam
1436 750 1470 770 ex
1480 743 1609 772 maximis
1622 744 1720 774 officiis
1731 747 1802 775 inter
1812 748 1958 780 libertinos
1968 752 2125 791 militesque
2134 758 2359 788 communicavit.

1331 774 1457 807 Pericula
1467 781 1682 811 communicare.
1724 784 1783 814 Cic.
1797 786 1834 814 de
1848 789 1953 818 [lniicit.
1969 800 2013 825 ²4-
2035 791 2130 829 Itaque
2141 794 2157 821 li
2169 795 2280 832 quando
2292 796 2403 834 aliquod
2416 798 2458 827 of-

1350 814 1447 858 ficium
1463 818 1556 861 extitit
1575 820 1655 848 amici
1676 820 1712 863 in.
1726 823 1854 858 periculis
1877 834 1925 855 aut
1946 828 2083 859 adeundis
2093 852 2102 866 ,
2123 839 2171 861 aut
2195 835 2440 866 communicandis
2449 857 2460 875 ‚

1353 862 1414 889 quis
1427 854 1520 891 estqui
1531 856 1558 884 id
1571 866 1629 884 non
1639 859 1768 887 maximis
1779 860 1876 890 efferat
1888 863 2017 895 laudibus
2026 868 2039 895 ⁸?

1332 891 1505 935 Provinciam
1518 894 1590 923 hanc
1599 904 1712 937 mecum
1721 901 1908 929 communica.
1919 911 1969 938 pro
1984 904 2086 937 Adiuva
2094 915 2146 935 me.
2157 906 2325 938 Plaut.Trin.
2334 919 2458 946 1.².¹53.

1335 928 1376 959 Ad
1385 931 1609 972 participandum
1619 933 1704 962 anum
1716 934 1750 963 ab
1769 935 1840 970 alio⁷
1863 942 2185 981 communicandumque
2197 947 2268 976 inter
2283 956 2382 978 omnes
2395 949 2459 984 justi

1353 973 1450 996 natura
1464 969 1609 999 tac‘tisont.
1632 970 1690 999 Cic.
1708 981 1728 1000 1.
1746 972 1782 1002 de
1795 973 1887 1010 Legib.
1905 986 1947 1012 ³3-

1333 1004 1550 1048 Communicare
1568 1016 1632 1036 cum
1653 1008 1758 1045 altero,
1781 1021 1831 1048 pro
1854 1012 1950 1050 Loqui.
1991 1017 2050 1047 Cic.
2066 1027 2108 1048 ιι.
2131 1023 2185 1050 Att.
2200 1030 2244 1050 ιο.
2277 1021 2362 1059 Quod
2379 1024 2414 1053 ad
2430 1030 2459 1055 te

1352 1042 1512 1079 scripseram
1524 1051 1553 1073 ut
1565 1054 1629 1074 cum
1639 1046 1757 1077 Camillo
1766 1053 2005 1084 communicares:
2028 1056 2064 1085 de
2075 1065 2109 1085 eo
2120 1058 2253 1088 Camillus
2265 1060 2333 1089 mihi
2344 1060 2458 1099 scripsit„

1353 1086 1382 1109 te
1395 1089 1459 1110 cum
1479 1091 1512 1111 eo
1525 1082 1684 1119 loquutum.

1332 1117 1396 1186 {Ilpa
1410 1129 1475 1191 cugn
1485 1120 1578 1158 aliquo
1592 1124 1802 1155 communicare
1815 1127 1909 1157 omnia
1924 1139 1985 1166 quae
2004 1140 2068 1161 cura
2090 1132 2181 1171 aliqua
2199 1133 2333 1165 afficiunt.
2355 1135 2415 1167 Cic.
2430 1146 2456 1169 ι,

1377 1163 1409 1185 tt.
1428 1167 1437 1186 1
1464 1180 1470 1186 .
1491 1168 1531 1195 pr.

1333 1194 1531 1231 Benignissime
1541 1199 1750 1229 communicare
1758 1200 1864 1238 aliquid
1872 1212 1937 1233 cum
1948 1203 2051 1242 aliquo.
2075 1207 2132 1237 Cic.
2148 1218 2172 1237 1.
2190 1209 2266 1240 Verr.
2285 1220 2327 1247 ¹3-

1335 1230 1446 1268 Judicia
1459 1243 1523 1264 cum
1532 1236 1648 1272 equestri
1663 1237 1762 1267 ordine
1773 1242 1991 1272 communicare.
2014 1243 2072 1274 Cic.
2089 1256 2139 1283 pro
2150 1246 2260 1278 Cluent.
2274 1258 2335 1284 ¹30·

1335 1270 1640 1303 Communicaredeaii
1663 1285 1707 1304 uo.
1748 1276 1806 1306 Cic.
1829 1287 1850 1307 ι.
1866 1279 1940 1309 Fam.
1953 1289 1979 1316 7.
2003 1281 2113 1313 Etenim
2134 1284 2315 1322 Pompeium,
2338 1288 2385 1324 qui
2403 1297 2462 1320 me=

1354 1318 1420 1338 cum
1428 1309 1572 1348 saepiffime
1580 1321 1638 1341 non
1659 1313 1737 1343 olum
1749 1324 1764 1343 a
1781 1324 1827 1344 me
1837 1325 2022 1354 provocatus,
2042 1319 2089 1349 sed
2103 1323 2186 1351 etiam
2202 1323 2247 1353 sua
2261 1325 2358 1361 sponte
2375 1327 2410 1356 de
2430 1335 2462 1358 to

1355 1349 1566 1378 communicare
1578 1349 1648 1380 solet
1656 1372 1664 1384 ‚
1686 1351 1737 1381 scis
1749 1354 1927 1391 temporibus
1940 1355 1996 1386 illis
2006 1366 2066 1387 non
2078 1358 2148 1396 saepe
2161 1360 2190 1389 in
2201 1361 2305 1391 Senatu
2316 1362 2402 1393 fuisse.

1336 1384 1729 1419 Communicarealicuidere
1742 1390 1843 1428 aliqua.
1884 1392 1950 1422 Caes.
1965 1404 1989 1430 3.
2008 1395 2072 1425 Bell.
2090 1397 2170 1427 Civil.
2189 1404 2228 1432 ¹8·
2262 1400 2396 1430 Vibullius
2416 1403 2465 1432 ad.

1355 1423 1449 1453 hibito
1461 1424 1583 1461 Libone⁷
1605 1428 1630 1456 ἃ
1644 1426 1672 1457 L.
1689 1427 1808 1458 Lucceio
1821 1452 1828 1463 ,
1851 1430 1877 1460 &
1887 1431 2073 1470 Theophane,
2096 1435 2195 1470 quibus
2206 1440 2415 1469 communicare
2423 1441 2461 1470 de

1360 1463 1491 1491 maximis
1503 1463 1584 1507 rebus
1594 1463 1741 1502 Pompeius
1752 1466 1948 1506 consueverat,
1970 1472 2006 1501 de
2017 1473 2156 1503 mandatis
2167 1474 2277 1505 Caesaris
2291 1485 2370 1516 agere
2387 1478 2463 1508 insti-

1354 1500 1419 1529 tuit.
1463 1500 1502 1530 ΑΙ.
1521 1501 1695 1538 Quibuscum
1706 1513 1808 1535 comm.

1335 1536 1379 1567 De
1390 1537 1485 1568 officio
1498 1540 1638 1577 utriusque
1650 1542 1771 1571 nostrum
1784 1545 2003 1577 communicare.
2025 1547 2084 1578 Cic.
2097 1559 2123 1585 4.
2135 1548 2210 1581 Fam.
2226 1560 2249 1581 1.

1335 1575 1553 1606 Communicare
1564 1577 1636 1607 inter
1646 1579 1673 1608 se
1684 1579 1800 1617 aliquid.
1841 1582 1898 1613 Cic.
1914 1594 1955 1620 ις.
1968 1584 2043 1616 Fam.
2059 1596 2102 1623 14.
2125 1587 2202 1617 Tum
2214 1595 2246 1619 nt
2260 1590 2360 1627 quibus
2375 1592 2411 1621 de
2421 1602 2465 1623 re-

1357 1614 1408 1643 bus
1423 1615 1559 1644 vellemus
1569 1637 1577 1651 ‚
1590 1623 1619 1646 tu
1631 1618 1686 1646 tuis
1696 1640 1703 1651 ,
1717 1628 1769 1656 ego
1778 1620 1864 1655 meis,
1879 1622 2010 1653 internos
2022 1626 2302 1657 communicaremus.
2327 1629 2404 1659 idem
2418 1640 2464 1661 ιι.

1356 1652 1491 1695 Famk27.
1515 1653 1604 1684 Multa
1612 1663 1758 1693 praetere0‚
1781 1667 1840 1695 quae
1855 1661 2030 1698 temporibus
2041 1662 2096 1693 illis
2106 1664 2178 1693 inter
2191 1674 2243 1695 nos
2252 1665 2465 1700 familiariss‘imo

1356 1690 1431 1719 dicta
1444 1712 1451 1725 ‚
1474 1690 1575 1729 scripta
1588 1714 1596 1727 ,
1616 1695 1825 1724 communicata
1837 1696 1908 1728 sunt.

1337 1727 1430 1757 Multa
1439 1728 1474 1758 de
1484 1739 1512 1758 re
1522 1729 1612 1767 aliqua
1622 1731 1693 1761 inter
1699 1732 1726 1761 se
1735 1736 1953 1765 communicare.
1976 1736 2034 1767 Cic.
2047 1748 2098 1776 pro
2109 1739 2210 1777 Quint.
2223 1750 2234 1771 i
2242 1751 2268 1778 ς.

1336 1765 1554 1796 Communicare
1563 1769 1589 1798 ἃ
1599 1769 1772 1807 pervulgare.
1794 1771 1852 1802 Cic.
1864 1782 1890 1803 2.
1903 1774 1938 1803 de
1951 1773 2057 1806 invent.
2075 1787 2136 1814 ¹44-

1336 1804 1546 1834 Communicari
1559 1828 1567 1841 ,
1588 1807 1617 1836 in
1629 1808 1718 1837 activa
1730 1808 1938 1846 significatione.
1972 1811 2029 1843 Liv.
2046 1825 2074 1851 4.
2087 1825 2132 1851 24.
2147 1826 2188 1854 pr.
2211 1816 2273 1848 Nec
2284 1819 2462 1853 adversarum

1356 1852 1449 1872 rerum
1460 1853 1581 1880 quaerere
1594 1844 1693 1881 socios,
1705 1856 1769 1876 cum
1781 1849 1881 1884 quibus
1892 1849 1969 1887 spem
1980 1852 2113 1890 integram
2124 1857 2323 1886 communicati
2335 1867 2394 1887 non
2403 1859 2465 1890 sint..

1356 1880 1412 1910 Sed
1421 1880 1479 1916 Jac.
1492 1881 1613 1912 Gronov.
1624 1883 1650 1913 le
1671 1884 1692 1913 it
1702 1884 1911 1916 communicari
1922 1888 2025 1919 scirint.
2058 1891 2087 1921 V.
2113 1892 2200 1922 GraeV.
2219 1894 2254 1922 ad
2263 1897 2315 1924 Λα,
2328 1904 2353 1925 2.
2366 1895 2406 1933 ¹7·
2419 1907 2467 1935 pr.

1337 1917 1452 1948 Praemia
1463 1920 1571 1949 virtutis
1584 1922 1610 1951 δε
1621 1931 1638 1951 o
1670 1923 1706 1951 cii
1719 1932 1777 1952 non
1797 1932 1926 1961 oportere
1941 1936 2007 1956 cum
2026 1929 2164 1968 improbis
2175 1934 2376 1963 communicari
2388 1956 2396 1967 .
2418 1942 2470 1965 aut

1357 1957 1386 2023 isn
1394 1957 1585 2023 medisocribus
1594 1959 1756 1991 hominibus
1767 1962 1933 2001 pervulgari.
1959 1964 2018 1996 Cic.
2029 1976 2055 1997 2.
2066 1968 2101 1998 de
2113 1969 2221 1999 invent.
2234 1980 2296 2007 ¹44·
2339 1971 2394 2002 iiic
2405 1973 2467 2011 pas-

1370 2004 1412 2024 ive
1425 2005 1461 2032 po
1474 2003 1553 2026 itum.

1300 2031 1326 2063 C
1335 2042 1380 2100 <ga
1388 2043 1411 2076 M
1421 2043 1439 2062 u
1440 2043 1487 2100 &1¹1
1495 2043 1542 2100 cdii
1551 2043 1592 2102 bks
1603 2056 1619 2078 .‚·
1634 2034 1677 2078 tis.
1699 2042 1749 2073 ut,
1770 2037 1824 2069 Res
1839 2039 1964 2071 adversas
1979 2045 2192 2075 communicans
2207 2046 2330 2077 amicitia
2347 2047 2470 2080 leviores

1371 2079 1418 2101 cit.
1466 2081 1499 2101 IC.
1531 2082 1546 2101 θ
1583 2080 1668 2103 ΠΙΙΟῙΙῙ.
1684 2083 1730 2104 22.

1302 2107 1326 2138 C
1337 2119 1353 2138 0
1363 2120 1384 2137 M
1393 2120 1413 2137 M
1424 2119 1441 2137 υ
1451 2119 1471 2138 N
1483 2120 1490 2138 i
1503 2120 1520 2138 c
1532 2120 1548 2138 Α
1562 2119 1581 2139 T
1593 2121 1610 2139 u
1621 2120 1632 2140 s
1643 2133 1651 2145 ,
1672 2121 1687 2141 a
1698 2134 1706 2147 .
1727 2123 1784 2144 um.
1805 2113 1862 2145 Liv.
1877 2124 1922 2146 22.
1933 2125 1980 2154 ²7·
2000 2117 2059 2147 Sibi
2076 2121 2319 2152 communicatum
2331 2123 2470 2162 cumino,

1340 2146 1388 2176 sed
1400 2157 1457 2175 non
1469 2149 1612 2178 ademtum
1625 2150 1776 2187 imperium
1787 2152 1852 2183 esse.

1342 2183 1495 2214 Consilium
1509 2188 1759 2219 ·;0mmunicatum.
1801 2190 1855 2220 Liv.
1868 2197 1894 2226 8.
1902 2201 1948 2229 ις.
1980 2192 2125 2225 Charilaus
2145 2197 2171 2226 Sc
2186 2197 2348 2237 Nymphius
2365 2200 2472 2237 princi-

1360 2233 1410 2261 pes
1420 2224 1538 2253 civitatis
1550 2246 1557 2259 ‚
1579 2228 1789 2257 communicato
1809 2229 1884 2260 inter
1895 2230 1922 2261 se
1933 2231 2047 2262 consilio
2058 2254 2067 2268 ‚
2085 2241 2179 2272 partes
2193 2236 2233 2265 ad
2250 2246 2308 2267 rem
2331 2239 2471 2276 agendam

1361 2261 1487 2292 divisere.
1521 2262 1550 2290 V.
1573 2265 1598 2292 ἀ
1610 2263 1685 2293 Curt.
1703 2269 1729 2294 6.
1742 2275 1768 2302 7.
1782 2276 1828 2297 21.

1305 2298 1328 2329 C
1338 2309 1355 2328 o
1366 2311 1386 2328 M
1397 2310 1416 2328 Μ
1426 2310 1441 2328 υ
1455 2310 1472 2327 Ν
1482 2311 1491 2328 ι
1501 2310 1519 2329 e
1533 2311 1544 2328 a
1559 2311 1577 2329 Τ
1587 2312 1595 2329 i
1607 2311 1624 2330 o
1634 2324 1642 2336 .,
1665 2303 1735 2332 onie.
1758 2304 1775 2333 f.
1801 2304 1930 2341 [κοινωνίαι
1942 2328 1951 2342 ,
1973 2307 2150 2345 auxumam]
2169 2310 2260 2342 Cic.1.
2273 2313 2375 2349 AttJ4.
2391 2314 2470 2351 Quin

1343 2338 1411 2367 mihi
1423 2347 1499 2367 nunc
1513 2345 1539 2367 te
1551 2338 1663 2369 absente
1672 2350 1730 2370 non
1742 2341 1830 2372 solum
1842 2345 1999 2379 consilium,
2018 2356 2075 2383 quo
2085 2353 2116 2377 tu
2123 2349 2246 2384 excellis,
2266 2350 2313 2380 sed
2323 2353 2407 2381 etiam
2416 2352 2473 2382 ser-

1342 2377 1436 2405 monis
1446 2378 1740 2414 comiriunicati0.quae
1751 2380 1819 2410 mihi
1831 2380 1985 2413 suavissima
1997 2392 2092 2415 tecum
2100 2385 2173 2416 solet
2183 2387 2371 2423 effe,maxime
2383 2390 2470 2421 deest.

1344 2414 1470 2443 Civitatis
1480 2416 1709 2446 communicatio.
1747 2418 1806 2448 Cic.
1823 2429 1874 2456 pro
1890 2420 1973 2450 Corn.
1986 2422 2063 2453 Balb.
2077 2432 2119 2459 31.
2154 2425 2306 2462 Nunquam
2326 2427 2364 2457 est
2384 2428 2471 2459 inter..

1363 2452 1441 2481 missa
1458 2463 1473 2482 a
1496 2453 1647 2487 maioribus
1657 2456 1753 2485 nostris
1764 2457 1872 2494 largitio
1885 2459 1911 2488 ἂ
1921 2461 2141 2492 communicatio
2152 2463 2282 2493 civitatis.

1343 2490 1500 2520 Nominum
1511 2493 1739 2523 communicatio.
1763 2494 1830 2525 Plin.
1843 2495 1893 2525 lib.
1907 2507 1952 2534 ²4-
1965 2507 2027 2536 cap.
2044 2508 2087 2535 14.
2110 2500 2161 2530 His
2171 2500 2349 2532 subtexemus
2362 2513 2394 2534 ea
2407 2514 2472 2543 quae

1364 2529 1452 2558 Graeci
1465 2530 1724 2561 communicatione
1737 2533 1886 2563 nominum
1896 2534 1925 2564 in
1940 2536 2071 2575 ambiguo
2081 2537 2186 2576 fecere,
2204 2549 2280 2570 anne
2291 2540 2421 2574 arborum
2431 2541 2472 2574 ess.

1364 2567 1433 2596 sent.
1475 2567 1493 2595 i.
1511 2577 1535 2596 e.
1559 2567 1646 2603 Quod
1657 2569 1756 2600 iisdem
1766 2571 1928 2602 nominibus
1937 2574 2118 2607 vocabantur.

1347 2605 1489 2634 Sermonis
1499 2605 1653 2636 suavissima
1663 2610 1892 2640 communicatio.
1914 2610 1974 2642 Cic.
1989 2622 2011 2643 1.
2030 2613 2084 2644 Att.
2101 2624 2144 2649 14.

1346 2643 1505 2672 Utilitatum
1518 2643 1633 2674 societas
1645 2646 1671 2674 &
1682 2648 1913 2679 communicatio.
1937 2649 1996 2680 Cic.
2010 2661 2035 2687 ς.
2051 2652 2087 2681 de
2100 2652 2157 2683 Fin.
2171 2657 2217 2689 63.

1344 2681 1591 2718 Communicatio‚
1612 2683 1651 2712 est
1660 2683 1746 2721 figura
1757 2707 1766 2720 ‚
1788 2685 1882 2716 Graece
1904 2688 2055 2717 ἀνοιιοίιωσις
2071 2690 2163 2721 dicta:
2186 2700 2239 2729 qua
2256 2698 2382 2724 oratores
2399 2693 2474 2725 intei-

1365 2719 1505 2749 orandum
1525 2726 1649 2761 utuntur.
1689 2721 1747 2752 Cic.
1765 2732 1789 2760 3.
1809 2724 1844 2753 de
1865 2725 1941 2756 Orat.
1960 2735 2025 2757 202.
2065 2727 2309 2767 Communicafio,
2341 2733 2379 2762 est
2397 2734 2472 2769 quasi

1361 2767 1431 2786 ¹cuni
1441 2758 1473 2787 iis
1485 2757 1549 2795 ip'sss
1559 2759 1634 2797 apud
1645 2769 1715 2797 quos
1724 2761 1801 2791 dicas
1813 2784 1821 2796 ‚
1843 2762 2025 2800 deliberatio,
2046 2772 2078 2794 ut
2097 2766 2158 2796 sunt
2181 2768 2257 2803 haec,
2279 2769 2356 2806 Quid
2375 2770 2474 2801 suade-

1363 2796 1424 2863 εἰεί.)
1439 2795 1575 2863 I{ccoVos
1588 2797 1729 2837 interrogo
1742 2821 1750 2836 ‚
1771 2800 1819 2837 qui
1828 2801 1943 2832 tandem
1953 2801 2012 2832 fieri
2022 2805 2146 2841 oportuit
2158 2806 2172 2835 ‘.>
2192 2807 2218 2836 ἃ
2228 2806 2333 2838 similia.
2348 2807 2379 2838 V.
2392 2808 2416 2838 V
2419 2809 2474 2839 off.

1368 2843 1392 2869 3.
1419 2844 1437 2862 n
1463 2834 1489 2863 't.
1530 2841 1578 2863 rat.
1590 2845 1618 2873 p.
1631 2839 1694 2872 366.

1307 2870 1332 2901 'C
1341 2881 1358 2900 o
1368 2882 1388 2900 M
1400 2881 1494 2916 Morsu
1503 2881 1521 2901 c
1530 2882 1548 2901 A
1558 2882 1577 2901 τ
1587 2882 1627 2903 us
1641 2895 1661 2918 ‚¹
1671 2875 1714 2905 iis.
1735 2882 1774 2906 m.
1796 2876 1876 2914 Apul.
1890 2877 1927 2908 de
1945 2876 2006 2908 Deo
2018 2878 2122 2911 Socrat.
2137 2890 2220 2919 p.44.
2244 2881 2331 2913 Nullo
2350 2883 2425 2914 inter
2444 2883 2475 2915 se

1347 2919 1509 2947 propinquo
1518 2919 1727 2942 communicatu
1743 2919 1857 2944 naturae.

1307 2946 1358 2978 Co
1368 2958 1390 2976 M
1401 2958 1450 2991 Μ.υ
1459 2957 1480 2976 N
1490 2959 1499 2976 i
1510 2957 1527 2976 c
1537 2952 1555 2977 Ᾰ
1563 2958 1582 2977 τ
1593 2959 1610 2993 o
1618 2960 1634 2979 R
1643 2972 1651 2986 ‚
1672 2951 1736 2981 oris.
1757 2961 1795 2982 m.
1816 2953 1919 2984 Arnob.
1940 2953 1992 2984 lib.
2002 2964 2029 2992 4.
2040 2955 2091 2986 ‘sub
2111 2956 2168 2986 fine
2177 2978 2186 2992 ‚
2210 2956 2370 2989 Familiares
2393 2969 2476 2992 com-

1345 2992 1537 3015 municatores
1550 2996 1613 3016 mei.

1347 3023 1393 3053 Est
1408 3025 1491 3053 etiam
1501 3024 1640 3064 Particeps
1648 3028 1858 3059 communionis
1873 3028 2060 3061 ecelefiafficae
2072 3053 2081 3068 ‚
2101 3031 2353 3064 Excommunicato
2362 3045 2401 3073 op
2423 3036 2478 3065 osi.

1366 3067 1412 3091 tus
1423 3084 1430 3097 ,
1452 3062 1567 3106 Tertuli
1583 3063 1618 3093 de
1629 3064 1748 3095 Pudicit.
1767 3075 1828 3104 cap.
1839 3076 1885 3098 22-
1906 3067 1959 3097 Alii
1975 3069 2009 3098 ad
2025 3069 2138 3100 metalla
2155 3071 2340 3109 confugiunt,
2363 3075 2389 3103 δι
2406 3075 2478 3105 inde

1367 3107 1624 3131 communicatores
1636 3110 1820 3135 revertuntur.

1310 3136 1418 3167 CoMM
1429 3148 1447 3167 υ
1457 3147 1476 3167 Ν
1485 3149 1494 3166 1
1503 3148 1547 3167 CA
1561 3148 1576 3167 R
1587 3150 1598 3168 1
1607 3149 1649 3170 us
1659 3162 1666 3175 ‚
1688 3150 1703 3170 a
1714 3163 1722 3177 ‚
1742 3152 1799 3172 um.
1820 3148 1870 3179 ut⁹
1892 3142 1959 3172 Dies
1978 3145 2223 3177 communicarius.
2272 3147 2365 3177 Festus
2376 3170 2385 3183 ,
2406 3149 2477 3178 Pan..

1349 3175 1479 3206 dicularis
1488 3176 1632 3207 dicebatur
1644 3179 1704 3208 dies
1714 3201 1721 3215 ,
1742 3180 1820 3210 idem
1834 3182 1860 3211 ἃ
1869 3182 2106 3212 communicarius
2118 3204 2127 3218 ,
2148 3183 2178 3212 in
2201 3194 2258 3222 quo
2275 3186 2408 3216 omnibus
2422 3188 2479 3218 diis

1349 3215 1537 3244 communiter
1546 3214 1755 3247 sacrificabatur.

1312 3251 1684 3289 (ΣοΜΜυΝιοΑΒῑιιε,
1707 3264 1731 3285 e.
1772 3256 1799 3286 Sc
1828 3256 2215 3296 CoMMunicATivus,
2237 3270 2273 3296 a,
2301 3270 2360 3293 um.
2395 3262 2478 3294 Idem

1349 3290 1424 3327 apud
1436 3289 1617 3328 Philosophos
1627 3294 1652 3321 δε
1663 3292 1758 3328 JCtos.

1311 3326 1510 3358 COMMURM
1524 3331 1604 3365 ῡιῑο,
1626 3330 1787 3367 [mendene]
1807 3333 1862 3361 iire.
1884 3331 1962 3362 idem
1974 3333 2049 3370 quod
2060 3333 2243 3364 murmurare.
2283 3335 2353 3372 Plin.
2366 3336 2414 3367 lib.
2431 3348 2476 3369 io.

1349 3374 1412 3403 cap.
1424 3375 1469 3402 23.
1493 3366 1633 3403 Pythonos
1642 3377 1743 3397 comen
1754 3376 1856 3399 vocarit
1871 3370 1901 3399 in
1909 3370 1967 3400 Asia
1977 3372 2139 3409 patentibus
2151 3374 2258 3411 campis
2268 3394 2277 3410 ,
2293 3374 2346 3405 ubi
2360 3384 2479 3415 congre-

1349 3410 1418 3440 gatae
1428 3405 1499 3433 inter
1508 3405 1534 3434 se
1543 3414 1791 3436 commurmurant.

1349 3441 1449 3471 Clauso
1458 3450 1700 3472 commurmurant
1708 3454 1765 3474 ore.
1786 3443 1836 3474 Sil.
1845 3444 1894 3474 lib.
1910 3455 1920 3475 1
1928 3455 1952 3482 ς.
1963 3451 2028 3484 824.

1311 3478 1360 3509 Co
1369 3490 1390 3508 M
1400 3490 1420 3508 Μ
1430 3490 1473 3509 ua
1482 3491 1504 3509 Μ
1515 3490 1531 3508 υ
1544 3490 1560 3509 s
1569 3490 1585 3508 o
1596 3491 1612 3509 s
1624 3503 1632 3516 ,
1652 3482 1700 3511 ari.
1722 3480 1918 3518 [ωςμνώζω]
1938 3485 2002 3522 dep.
2032 3484 2122 3514 idem.
2146 3485 2204 3516 Cic.
2224 3487 2253 3516 in
2266 3486 2352 3518 pison.
2365 3491 2409 3520 61.
2435 3490 2479 3521 Ita

1348 3518 1428 3547 enim
1438 3517 1499 3547 sunt
1513 3517 1671 3556 perscriptae
1678 3519 1745 3548 scite
1759 3519 1913 3550 &litterate
1925 3543 1934 3556 ,
1958 3529 1990 3551 ut
2004 3522 2093 3552 scriba
2104 3523 2138 3552 ad
2154 3525 2279 3555 aerarium
2295 3527 2358 3564 quia
2373 3538 2420 3557 eas
2436 3539 2479 3558 re-

1349 3555 1432 3590 tulit,
1454 3556 1610 3594 perscriptis
1621 3557 1775 3587 rationibus
1788 3557 1884 3588 secum
1894 3559 1953 3597 ipse
1969 3567 2057 3599 >caput
2077 3560 2181 3592 sinistra
2202 3572 2287 3593 manu
2300 3565 2454 3603 perfricans
2464 3588 2476 3603 ‚

1351 3600 1604 3622 commurmuratus
1619 3593 1659 3623 fit.

1312 3629 1360 3660 Co
1370 3643 1391 3660 M
1401 3642 1420 3659 Μ
1434 3641 1449 3659 υ
1458 3640 1503 3659 ΕΜ
1514 3640 1531 3659 υ
1541 3640 1556 3659 R
1566 3641 1587 3660 A
1599 3641 1619 3660 T
1629 3641 1665 3662 ro
1676 3654 1685 3668 ‚
1707 3633 1777 3663 oniS.
1800 3633 1819 3664 f.
1846 3633 1918 3665 Geli.
1931 3645 1974 3666 ιι.
1988 3643 2017 3673 ¹7.
2039 3636 2294 3669 Commurmuratio
2308 3639 2367 3670 fieri
2379 3648 2475 3680 coepta

1350 3670 1388 3698 est
1408 3679 1423 3698 a
1439 3668 1587 3706 plerisque.

1312 3706 1336 3736 C
1346 3715 1362 3735 o
1374 3717 1394 3735 M
1405 3718 1424 3735 M
1435 3709 1454 3734 ii
1464 3716 1482 3734 r
1492 3715 1510 3734 o
1519 3728 1526 3739 ‚
1551 3706 1792 3743 [rupepuvuss’eiasa]
1811 3711 1865 3738 are.
1887 3709 1904 3739 i.
1919 3720 1944 3740 e.
1967 3710 2087 3748 Mutare,
2095 3713 2142 3742 vel
2154 3714 2242 3744 Simul
2252 3722 2366 3745 mutare.
2383 3716 2475 3751 Cios.

1351 3743 1425 3773 Verr.
1442 3754 1502 3778 104·
1527 3743 1562 3772 Ut
1571 3754 1629 3772 non
1644 3746 1731 3774 modo
1749 3755 1846 3776 eorum
1869 3750 1939 3784 agris
1958 3750 2077 3787 vectigal
2093 3759 2199 3781 novum
2219 3753 2328 3783 nulium
2344 3755 2477 3790 impone-

1350 3788 1414 3811 rent
1424 3803 1432 3815 ,
1454 3781 1500 3809 sed
1511 3781 1644 3818 nelegem
1654 3783 1767 3818 quidem
1776 3785 1946 3816 venditionis
1956 3787 2137 3819 decumarum
2146 3811 2156 3826 ‚
2174 3800 2250 3821 >neve
2261 3792 2418 3822 vendundis
2425 3799 2475 3822 aut.

1350 3828 1461 3857 tempus
1469 3826 1517 3848 aut
1529 3819 1624 3849 locum
1635 3827 1850 3851 commutarent.

1350 3857 1531 3886 Commutare
1540 3858 1565 3886 δι
1577 3858 1723 3895 corrigere.
1749 3859 1807 3889 Cic.
1822 3870 1842 3888 1.
1852 3860 1887 3889 de
1896 3861 2004 3892 invent.
2018 3869 2080 3894 102.

1351 3894 1393 3924 Ex
1403 3895 1473 3924 veris
1484 3895 1512 3922 iri
1522 3894 1585 3924 falsa
1595 3903 1775 3927 commutare.
1798 3898 1857 3928 Cic.
1871 3899 1906 3929 de
1914 3899 1981 3929 Fato
1993 3922 2002 3936 .‚
2024 3911 2066 3938 17.

1351 3933 1486 4001 Sgiptis6,
1500 3931 1666 4001 Effiduitate
1682 3936 1832 3973 orationis,
1861 3938 1889 3968 ἃ
1911 3940 2061 3977 praeceptis
2080 3946 2252 3975 commutare
2269 3941 2390 3979 aliquem
2402 3963 2410 3976 ‚
2431 3947 2473 3972 ut.

1395 3979 1429 4002 ic.
1445 3979 1457 4000 1
1481 3992 1488 4000 .
1523 3978 1533 4000 t
1549 3993 1555 4001 .
1572 3980 1597 4008 3.

2073 650 2095 671 ι.
2111 651 2134 672 1.
2153 651 2196 679 ςι.

2343 4016 2476 4049 Animum
