2600 4177
453 171 480 208 A
575 169 605 208 R
701 167 739 206 M

30 252 73 289 Aa
82 266 101 285 M
110 264 154 284 i-:N
164 266 172 283 i
182 260 199 284 A
210 278 218 290 ‚
244 252 403 291 [Ἀρμενία]
431 247 519 290 Regio
537 250 599 281 Asiae
609 274 617 286 ,
638 252 710 281 inter
722 251 843 281 Taurum
859 253 886 282 ἃ
899 252 1048 282 Caucasum
1061 258 1170 281 ‘montes

64 294 130 327 sita,
158 294 184 322 δι’,
205 303 220 321 a
238 292 411 329 Cappadocia
425 290 460 319 acl
473 288 599 326 Caspium
617 299 690 318 mare
711 299 797 325 usque
816 291 940 327 protensa
952 313 959 323 ,
987 291 1019 319 ab
1043 290 1170 319 Armenio

66 329 192 361 Thessalo
203 328 306 364 Jasonis
318 329 428 362 comite,
449 327 537 371 inquit
547 325 644 355 Strabo
654 349 661 359 ,
678 325 758 355 dieta.
786 326 821 357 Et
836 330 847 361 (.
857 334 886 355 ur
897 328 962 356 Plin.
976 328 1022 356 lib.
1036 333 1060 356 6.
1075 328 1172 355 author

26 382 28 399 τ
67 368 123 397 estl
140 366 246 404 duplex
259 366 314 400 est,
342 365 428 397 maior
437 364 542 394 scilicet
554 365 578 393 ἃ
589 363 688 392 minor.
727 363 817 398 Maior
835 365 895 401 post
907 366 1030 394 Mediam
1044 364 1076 392 nd
1091 364 1174 392 Occi-

26 432 29 437 ,
69 405 179 434 dentem
197 404 324 432 occurrit.
361 402 397 431 Ea
407 424 414 435 ,
435 409 467 431 ut
478 401 515 430 ait
527 400 685 430 Ptolemaeus
695 422 702 434 ,
724 409 739 429 a
749 399 942 438 Septentrioiie
954 402 1116 431 Colchidcni
1129 401 1175 428 liu»

26 446 28 478 ξ
69 442 131 477 bet,
152 439 475 472 iberiamfflilbaniam:
505 438 537 467 ab
549 438 653 467 Occasu
673 447 803 475 magnum
823 438 967 475 Euphratis
979 438 1104 471 cursum,
1126 438 1173 471 qni

25 479 29 520 ξ
67 478 270 516 Cappadociam
281 499 289 511 ,
310 478 446 506 minorem
463 476 616 505 Armeniam
627 497 635 510 ,
656 476 682 504 ἃ
696 474 799 512 Syriam
816 476 1000 513 Comagenam
1013 476 1081 505 relin
1102 476 1143 504 uit
1159 485 1174 502 ιι

69 516 187 545 dextris:
210 515 242 544 ab
253 514 370 557 Oriente
380 521 484 548 partem
496 513 613 550 Hyrcani
625 513 706 541 maris
714 522 745 540 ac
756 512 890 554 Mediam,
906 524 958 550 qua
968 518 1075 542 montes
1100 512 1174 549 'aspii

70 552 232 589 adsurgunt:
265 552 281 587 A
301 552 419 582 Meridie
437 550 664 587 Mesopotamiam
681 557 763 586 atque
780 551 916 587 [illyriam.
958 551 1044 586 Regio
1062 557 1175 586 utraque

49 593 55 601 “
70 589 211 620 montibus
229 588 361 618 altiffimis
374 589 496 625 undi'que
508 588 595 616 clausa
613 588 666 620 est,
689 584 764 615 unde
780 586 895 616 flumina
910 589 1028 617 maxima
1039 610 1046 623 ,
1076 588 1174 625 Cyrus,

70 628 187 661 Araxes,
209 626 312 661 Phafis,
342 625 447 663 Lycus.
476 624 584 661 Tigris.
605 624 760 661 Euphrates
776 625 913 653 oriuntur.
950 626 1105 655 Armeniam
1124 624 1177 653 Ηα

43 700 45 702 q
68 662 133 694 braei
147 663 215 691 Arab
225 670 334 693 vocarit.
374 664 404 692 ln
416 673 447 692 ea
459 664 554 692 civitas
567 662 789 706 Aruixatalgeiiiis
800 666 891 698 eipu't.

36 703 81 734 Aa
90 712 110 731 m
120 711 133 730 r.
141 711 159 729 N
170 712 178 729 i
189 711 207 729 u
216 710 227 730 s
238 723 245 735 ,
261 701 347 730 Subst.
370 701 546 736 [Ἀρμένιῶ]
568 698 670 736 Aliquis
678 708 716 728 ex
726 699 864 728 Armenia.
888 700 953 730 Hor.
963 710 985 729 i.
999 700 1080 738 Epist.
1088 704 1177 736 1227.

72 739 169 776 Fugax.
197 737 280 767 Ovid.
297 739 331 767 ad
347 738 405 768 Liv.
419 744 481 773 389.
704 772 710 778 Α

39 778 111 808 ΑΒΜ
121 782 162 805 six·
173 786 181 803 ι
191 785 230 805 us
241 798 248 810 ,
269 775 326 812 Adj.
347 782 387 805 ut.
412 775 552 805 Armenias
565 784 643 804 curru
652 772 815 811 subiungere
826 773 916 809 tigres.
938 774 1010 811 Virg.
1024 785 1046 807 ς.
1063 774 1120 803 Ecl.
1132 783 1176 809 29.

73 813 214 844 Armenius
224 813 309 851 lapis,
324 813 571 849 [Ailivf'aipaiii&]
588 811 657 841 Plin.
670 811 719 840 lib.
732 820 774 846 ις.
791 821 850 848 cap.
864 815 889 840 6.
919 812 1046 841 Armenia
1058 812 1180 848 lapidem

90 851 192 885 mittit,
214 852 262 886 qui
275 852 333 886 ejus
345 851 458 879 nomine
470 849 631 888 appellatur.
671 848 752 886 Lapis
767 848 805 876 est
818 849 864 877 hic
878 859 986 885 quoque
997 844 1180 886 Chrysocollae

87 889 174 918 modo
186 889 313 921 infectus,
325 889 501 925 optimusque
513 887 559 921 est,
571 888 616 923 qui
627 887 745 915 maxime
756 886 850 914 viridis
861 887 907 921 est,
919 888 1125 915 communicato
1135 896 1181 915 co-

70 952 75 957 .
91 926 229 992 Ιοιξριιιιιι.
245 925 375 955 coeruleo.
415 925 456 954 De
474 925 528 954 hoc
548 923 702 954 Dioscorid.
725 923 772 952 lib.
788 934 811 958 ς.
832 932 891 961 cap.
904 927 948 959 65.
978 926 1004 953 Se
1020 924 1113 953 Galen.
1130 923 1178 952 lib.

110 985 117 992 .
152 973 188 991 im
222 973 256 993 ic.

40 973 111 1033 Anii
120 1010 134 1030 ε
144 1010 162 1029 Ν
173 1012 179 1028 ι
189 969 232 1030 iic
242 1012 258 1029 u
267 1011 279 1029 s
288 1023 294 1034 ,
311 1001 370 1036 Adj.
389 991 583 1037 [Ἀρμενιωός]
600 1004 640 1033 ut,
655 997 814 1028 Armeniaca
825 995 904 1032 mala,
920 998 1008 1034 [μῖλοι
1018 994 1181 1033 Ἀριιεηαιιῳὶ]

75 1039 113 1069 Ex
132 1039 257 1067 Armenia
276 1039 396 1068 advecta.
432 1037 566 1067 Columel.
583 1037 629 1066 lib.
644 1047 667 1072 ς.
684 1045 743 1073 cap.
756 1045 780 1071 9.
810 1035 844 1065 Et
858 1035 904 1064 lib.
922 1046 961 1064 ii.
978 1045 1036 1073 cap.
1049 1045 1074 1064 2.
1113 1036 1181 1072 Quae

73 1073 162 1107 Latini
175 1076 305 1105 Praecocia
315 1076 462 1113 appellant.
504 1074 585 1103 Poma
596 1073 673 1109 sunt,
695 1083 754 1110 quae
766 1082 860 1110 parum
874 1083 972 1109 genere
986 1075 1011 1103 δι
1023 1080 1125 1102 naturae
1134 1073 1182 1102 do-

22 1143 23 1149 ,
67 1113 145 1146 tibus
157 1124 172 1142 a
185 1114 290 1143 Persicis
303 1114 451 1143 dillident:
480 1112 564 1150 paulo
583 1119 673 1140 tamen
689 1111 797 1139 minora
807 1110 885 1144 sunt,
906 1113 931 1140 ἃ
946 1121 1030 1148 quum
1047 1119 1183 1140 maturue-

74 1153 144 1185 rint,
161 1161 242 1180 aureo
252 1151 345 1180 colore
355 1150 509 1188 splendent.
550 1148 738 1179 maturescunt
750 1154 841 1177 autem
853 1149 966 1177 ineunte
976 1149 1074 1183 astate,
1091 1148 1182 1177 mense

73 1189 156 1258 ilunio
167 1197 229 1218 ante
239 1189 305 1218 alios
317 1189 425 1225 fugaces
437 1188 556 1217 fruc-lus:
578 1187 652 1216 unde
665 1186 762 1215 merito
775 1186 908 1215 Praecocia
920 1187 1001 1215 dicta.
1036 1187 1074 1216 Ex
1086 1186 1180 1215 Galen.

0 1247 9 1270 δ
85 1227 123 1257 ib.
135 1235 160 1256 2.
174 1227 208 1256 de
220 1227 347 1256 Aliment.
359 1225 479 1255 facultat.
492 1226 517 1254 ἃ
530 1224 648 1254 Dioscor.
657 1223 704 1252 lib.
713 1233 797 1260 neap.
808 1234 813 1250 i
824 1233 833 1258 3
844 1233 864 1251 i.
888 1223 993 1252 Gallice
1008 1224 1184 1251 uesAhricots.

70 1267 120 1303 ‚Aa
130 1275 151 1293 M
161 1274 174 1293 Ε
185 1274 203 1293 Ν
214 1276 222 1293 ι
232 1275 251 1293 A
261 1274 277 1293 c
287 1274 305 1293 u
315 1274 327 1293 s
345 1263 509 1301 Cognomen
527 1262 693 1299 triumphale
712 1261 831 1290 occurrit
849 1262 877 1289 in
898 1262 983 1290 veteri
1006 1261 1184 1299 inscriptione

92 1302 166 1340 apud
178 1303 283 1331 Gruter.
297 1312 323 1340 p.
335 1310 397 1336 25³-
410 1311 436 1330 ri.
447 1310 472 1330 2.
498 1300 570 1329 inii).
594 1298 738 1329 CAESARl
761 1298 787 1327 L.
812 1298 964 1328 AVRELIO
985 1299 1082 1329 VERO
1104 1298 1182 1327 AVG.

94 1339 291 1370 ARMENIAC.
322 1339 410 1369 MED.
432 1337 598 1368 PARTHIC.
630 1337 697 1367 &in
714 1337 843 1365 Numniis
862 1337 998 1372 Neronis,
1019 1337 1059 1366 M.
1073 1336 1184 1371 Aurelii,

93 1376 122 1408 L.
135 1377 211 1413 Veri,
232 1387 275 1415 ap.
290 1376 414 1407 Mediob.

0 1432 10 1445 »i
43 1413 269 1451 Amastrum,
291 1416 306 1444 i.
330 1426 356 1444 n.
386 1410 504 1451 [ἀμ’λνι]
533 1410 643 1448 Festus,
664 1412 840 1445 Armentuni,
863 1411 891 1441 id
909 1421 995 1447 genus
1014 1411 1121 1449 pecoris
1138 1421 1185 1449 apa

0 1467 2 1471 ’
35 1478 39 1480 .
76 1453 192 1492 pellatur
202 1475 209 1488 ,
230 1454 305 1491 quod
314 1454 352 1482 est
362 1453 495 1482 idoneum
507 1452 541 1480 ad
553 1461 623 1490 opus
636 1460 781 1479 armorum.
821 1450 947 1478 Invenies
958 1458 1049 1478 tamen
1061 1449 1186 1478 foeminei

76 1491 182 1530 generis
193 1492 334 1520 Armentas
344 1513 351 1525 ,
373 1490 447 1528 apud
459 1490 580 1519 Ennium
593 1488 717 1527 positum.
749 1487 888 1517 Hactenus
903 1487 1003 1517 Festus.
1041 1488 1185 1516 Armorum

75 1535 173 1563 vocat,
192 1530 351 1566 quorumvis
362 1528 613 1557 instrumentorum.
770 1557 772 1559 ,

76 1566 149 1598 Inter
160 1567 318 1596 Armentum
334 1568 360 1596 ἃ
379 1566 431 1596 Gre
451 1575 495 1594 em
511 1565 577 1602 quid
589 1563 709 1599 intersit,
729 1563 807 1593 Valla
821 1561 944 1600 explicat
954 1563 996 1592 his
1007 1562 1112 1595 verbis,
1134 1561 1187 1600 ipsi

95 1604 192 1634 cameli
201 1627 209 1639 ,
225 1603 323 1639 boves,
340 1604 424 1637 muli,
452 1604 500 1640 upi
510 1608 631 1631 armenta
641 1601 762 1631 faciunt:
785 1602 850 1630 licet
861 1601 971 1637 quidam
983 1601 1070 1629 velint
1080 1605 1187 1629 tantum

94 1641 148 1674 effe
160 1642 244 1671 boum
252 1664 260 1678 ,
278 1642 349 1679 quasi
361 1642 394 1670 ab
405 1641 512 1671 Arando
522 1646 660 1670 aramenta
670 1640 760 1669 dieta:
784 1639 886 1668 deinde
898 1638 999 1667 sublata
1011 1638 1088 1667 tertia
1099 1637 1186 1672 litera,

95 1681 232 1711 iii-menta.
272 1680 417 1714 Praeterea,
439 1678 497 1708 ovis
511 1688 570 1716 quae
587 1686 692 1707 marein
704 1677 904 1713 fceminamque
919 1676 1066 1713 fignificat:
1095 1685 1185 1712 capra,

89 1728 159 1748 ·cum
169 1727 222 1756 qua
231 1725 313 1756 caper
323 1740 331 1753 ,
352 1717 404 1747 sive
415 1717 524 1746 hircus:
549 1726 649 1754 porcus
659 1738 667 1751 ,
692 1725 756 1744 cum
768 1724 822 1751 quo
835 1724 918 1751 porca
929 1713 1108 1750 intelligitur:
1138 1722 1188 1741 un-

92 1757 131 1824 *doe
144 1755 213 1822 silum
228 1755 346 1823 (gregesz
372 1762 421 1790 ut,
446 1754 518 1784 Grex
535 1754 647 1789 ovium,
678 1760 744 1790 grex
762 1762 921 1790 caprarum3
948 1761 1013 1790 grex
1030 1758 1188 1789 porcorum.

124 1795 149 1824 vi
172 1817 178 1823 .
210 1816 216 1823 .
251 1794 302 1823 let.
313 1797 328 1822 6
350 1804 375 1828 4·

154 1805 235 1862 Mille
247 1802 343 1868 greges3
352 1831 411 1866 illi,
431 1829 604 1865 totidemque
617 1833 739 1858 armenta
750 1836 799 1866 per
809 1826 905 1857 herbas

155 1868 310 1899 pascebant.
403 1868 474 1906 Virg.
508 1890 514 1896 .
534 1867 630 1904 Georg.
646 1870 708 1899 286.

155 1901 223 1937 Haec
235 1907 296 1936 satis
310 1906 440 1935 armentis
452 1916 459 1935 :
496 1912 592 1943 uperat
604 1914 665 1942 pars
679 1904 763 1932 altera
776 1912 857 1937 curae,

156 1944 302 1982 Lanigeros
316 1945 417 1981 agitare
431 1953 525 1981 greges
535 1965 542 1978 ,
562 1942 701 1979 hirtasque
715 1940 842 1979 capellas.

96 1985 184 2014 cerv's
194 2005 202 2017 ‚
227 1993 249 2012 1.
260 1983 388 2017 JEn.189.
403 1981 484 2015 dixit,

76 2053 79 2056 ,
100 2022 138 2052 Ut
146 2030 203 2050 nori
214 2021 245 2049 sit
255 2020 420 2054 mirandum,
436 2018 454 2048 fi
466 2018 501 2047 de
511 2018 600 2047 bobus
612 2018 729 2055 Gregem
739 2017 850 2049 dixerit,
867 2016 915 2051 ibi,

158 2060 210 2088 Aut
226 2058 345 2095 aliquam
356 2058 386 2086 iii
404 2066 448 2086 ma
468 2066 505 2085 no
524 2056 644 2093 sequitur
659 2065 755 2092 grege:
803 2054 910 2083 Tamen
928 2053 963 2082 ad
980 2053 1188 2082 distinctionem

942 1935 1020 1969 'laem
1039 1945 1132 1969 tamen
1152 1938 1188 1970 de

536 1997 573 2001 -
589 1980 640 2010 hos
656 1986 714 2009 tota
727 1985 850 2008 armenta
864 1977 1012 2014 sequuntur
1064 1979 1085 2007 A
1099 1985 1185 2015 tergo.

98 2097 207 2134 addidit
218 2096 339 2134 Magno,
358 2095 425 2124 sicut
463 2104 501 2123 or.
515 2094 617 2129 adjecit
627 2093 814 2130 Mugientium
827 2092 856 2120 in
869 2091 957 2129 Epod.
970 2101 995 2120 2.
1011 2100 1052 2127 13.

117 2137 171 2165 Aut
183 2135 211 2163 in
226 2135 338 2164 reducta
350 2131 420 2162 Valle
436 2132 620 2169 mugientium

154 2171 307 2210 Prospectat
317 2177 435 2200 errantes
447 2179 548 2208 greges.

98 2218 224 2241 mentum
234 2219 298 2239 vero
313 2208 474 2247 specialius:
500 2206 605 2237 &illud
616 2206 670 2235 sirie
682 2206 806 2244 apposito
818 2206 852 2234 de
864 2204 1008 2242 pecoribus
1019 2204 1133 2233 minutis
1148 2204 1190 2232 in-

47 2257 50 2259 *
98 2247 253 2297 telligatur,
274 2255 339 2276 cum
349 2245 471 2283 apposito
483 2244 564 2284 poffit
574 2245 656 2273 etiam
669 2245 703 2273 ad
717 2245 819 2280 majora
829 2242 966 2271 transferri
977 2264 984 2274 .
1008 2248 1038 2271 ut
1049 2241 1106 2271 Cic.
1120 2242 1149 2270 iri
1162 2250 1186 2277 3.

98 2286 217 2324 Philipp.
231 2295 242 2321 3
254 2295 272 2315 i.
306 2285 394 2314 Caedii
405 2293 497 2322 greges
508 2289 702 2312 armentorum.
743 2282 882 2311 Haerenus
895 2280 970 2308 Valla
984 2279 1032 2309 lib.
1045 2291 1070 2314 4.
1086 2279 1145 2308 Cic.
1160 2286 1184 2315 7.

55 2350 59 2354 .
99 2325 153 2354 Att.
166 2335 189 2361 7.
213 2322 289 2360 Quid
300 2333 364 2358 ergo
379 2321 500 2359 (inquis)
515 2322 623 2350 adturus
633 2330 661 2349 es
670 2321 683 2347 ⁴?
699 2319 777 2349 Idem
789 2319 864 2356 quod
873 2318 1005 2356 pecudes,
1017 2327 1077 2355 quae
1088 2316 1190 2354 dispul-

99 2362 133 2392 sae
143 2385 150 2397 ,
170 2361 211 2391 sui
222 2361 327 2399 generis
338 2360 488 2397 sequuntur
498 2368 590 2396 greges
601 2368 607 2387 :
629 2364 660 2387 ut
670 2357 720 2387 bos
732 2362 855 2387 armenta
865 2378 873 2391 ,
894 2356 928 2385 sic
939 2365 990 2393 ego
1001 2355 1091 2384 bonos
1104 2355 1186 2385 viros.

631 2168 714 2205 Quasi
727 2168 799 2197 Grex
811 2167 842 2196 fit
854 2166 1007 2204 generalius
1018 2175 1131 2200 nomen,
1144 2165 1189 2195 Ar-

62 2414 65 2416 *
81 2400 210 2432 Armenta
221 2399 315 2429 boum.
336 2398 408 2435 Virg.
421 2407 446 2427 2.
463 2397 561 2434 Georg.
578 2407 636 2430 ¹9<-

8 2453 12 2466 ι
80 2437 222 2506 immania.
244 2436 314 2474 Virg.
324 2447 351 2471 4.
367 2435 464 2472 Georg.
479 2444 540 2472 395.
558 2434 594 2463 de
606 2433 730 2464 monstris
740 2432 861 2462 marinis.

1 2502 12 2506 .,
105 2484 162 2505 aeta.
183 2475 255 2512 Virg.
267 2485 292 2504 2.
310 2474 407 2511 Georg.
423 2483 484 2509 144.
526 2473 535 2479 “

0 2533 11 2543 ,ι
82 2514 162 2544 Muta
170 2520 302 2542 armenta.
324 2512 390 2541 Stat.
405 2522 428 2547 ς.
443 2510 534 2541 Theb.
549 2517 610 2546 334.

0 2574 2 2582 .
82 2551 182 2589 Regale
194 2557 346 2580 armentum
358 2572 365 2585 ,
386 2549 469 2586 Regis
480 2552 643 2577 armentum.
672 2544 755 2576 Ovid.
768 2554 792 2575 2.
815 2543 882 2575 Met.
896 2548 959 2580 842.
1075 2577 1078 2579 .
1163 2576 1166 2580 .

2 2614 4 2618 .
82 2590 206 2627 Mugitus
217 2596 410 2617 armentorum.
426 2586 510 2617 Ovid.
518 2597 539 2621 ς.
551 2585 619 2615 Met.
629 2588 687 2619 165.
704 2584 738 2612 de
749 2583 837 2613 bobus
848 2590 956 2612 tantum
965 2580 1083 2620 intelligi
1094 2577 1192 2620 potest.

26 2625 29 2645 ¹
83 2627 200 2657 Stabulis
212 2633 334 2655 armenta
344 2629 446 2654 tenere.
469 2623 540 2661 Virg.
556 2633 578 2652 1.
594 2622 698 2659 Georg.*
708 2631 719 2657 3
728 2631 738 2656 ς
747 2632 769 2656 5.
1172 2655 1178 2663 .

0 2690 2 2694 .
26 2672 29 2692 ¹
76 2665 177 2696 *Sortiri
188 2670 311 2693 armento
321 2662 452 2692 sobolem.
490 2662 562 2699 Virg.
576 2670 600 2696 3.
617 2660 772 2696 Georg71.
795 2659 812 2687 i.
828 2668 851 2687 e.
873 2658 1039 2687 Substituere
1055 2656 1192 2687 &submia

101 2703 220 2733 nistrare.
249 2701 423 2737 Verbnmque
437 2700 670 2735 estjudiciorum:
694 2697 763 2726 Nam
775 2696 920 2726 Subsortiti
933 2694 1189 2732 dicuntur·judices,

0 2747 14 2758 '⁴
26 2776 28 2778 ¹
100 2738 147 2779 q'u'i
159 2744 356 2778 occupatorum
368 2738 519 2776 funguntur
530 2737 630 2766 officio.
662 2735 778 2764 Servius.

0 2792 5 2807 .·
68 2792 71 2795 ¹
85 2779 212 2809 Armenta
223 2788 238 2807 a
250 2777 376 2815 gregibus
386 2776 518 2814 separavit
528 2768 723 2811 iigiiific;1tlone
736 2773 802 2802 Stat.
817 2782 858 2801 io.
874 2770 964 2801 Theb.
977 2776 1040 2806 818.

45 2821 50 2828 ’
238 2830 277 2836 -—
286 2821 354 2844 eunt
367 2821 464 2852 praeter
477 2813 568 2842 secura
575 2817 719 2847 armenta,
742 2816 898 2849 gregesque.

0 2855 4 2882 l
84 2852 229 2884 Pascuntur
240 2853 337 2882 virides
349 2858 471 2881 armenta
481 2861 529 2888 per
542 2850 646 2892 herbas.
668 2849 740 2885 Virg.
754 2858 778 2884 3.
796 2848 895 2885 Georg.
911 2850 971 2877 1622

0 2901 6 2917 z
83 2889 441 2922 Armentisincurruntursi.
463 2889 545 2919 Ovid.
558 2896 583 2924 7.
602 2888 668 2916 Met.
683 2890 744 2921 <46-

0 2939 15 2957 .··
86 2929 206 2959 Armenti
216 2929 288 2964 dux,
308 2938 359 2966 prn
370 2927 473 2957 Tauro.
502 2925 584 2956 Ovid.
596 2931 622 2959 8.
637 2924 706 2954 Met.
721 2927 783 2958 882.

0 2976 3 2994 ἱ
86 2967 207 2997 Armenti
218 2967 315 2996 custos.
342 2965 425 2995 Ovid.
440 2975 482 2994 ιι.
500 2963 568 2994 Met.
583 2968 644 2998 ³48·

0 3014 4 3032 ’-
86 3007 277 3036 Armentorum
288 3003 414 3041 magistri.
436 3003 454 3032 i.
466 3013 491 3032 e.
511 3000 637 3031 Bubulci.
666 2999 748 3029 Ovid.
763 3007 787 3036 3.
805 2997 871 3029 Fast.
884 3001 928 3028 6'i.

0 3053 7 3070 ι
64 3052 78 3062 ⁴*
87 3044 213 3073 Armenta
224 3052 302 3079 agere
313 3042 415 3070 dieitur
425 3041 521 3078 pastor.
544 3039 626 3069 Ovid.
641 3049 663 3073 ς.
679 3037 764 3080 Epist.
779 3046 822 3073 79.
1022 3075 1024 3078 Ι
1092 3074 1095 3077 ‚

3 3106 6 3111 .
61 3079 64 3083 ⁴
87 3078 220 3112 Montana
230 3086 368 3115 armenta,
388 3079 419 3108 In
430 3077 571 3107 montibus
585 3082 710 3105 errantia.
741 3075 825 3104 Ovid.
840 3084 862 3103 1.
879 3073 914 3102 de
926 3073 989 3102 Arte
1001 3073 1058 3102 Am.
1073 3076 1133 3108 305.

0 3128 7 3147 ι
87 3119 278 3150 Armentorum
291 3126 364 3155 grex.
403 3116 485 3145 Varro
497 3125 522 3145 2.
540 3115 575 3144 de
584 3114 616 3143 R.
627 3113 659 3143 R.
676 3123 735 3150 cap.
750 3123 772 3148 ς.
805 3111 861 3148 Qui
878 3121 988 3148 gregem
1003 3113 1192 3140 armentorum

104 3166 198 3186 emere
208 3155 267 3185 vult
276 3177 283 3190 ,
304 3154 444 3184 observare
455 3154 538 3183 debet
547 3175 554 3188 ,
575 3153 696 3190 primum
708 3157 738 3180 ut
756 3150 807 3179 sint
822 3159 860 3179 eae
872 3149 994 3187 pecudes
1007 3154 1084 3177 astate
1099 3148 1192 3185 potius

107 3195 142 3223 ad
152 3194 255 3224 fruetus
266 3193 392 3222 ferendos
402 3193 514 3228 integrae
523 3213 531 3226 ,
553 3200 635 3227 quam
647 3190 702 3225 jam
714 3195 842 3226 expertae.
1078 3223 1083 3228 ι

89 3231 211 3263 Armeni-‚i
220 3240 296 3269 reges
307 3237 440 3259 vocantur
452 3229 538 3259 Tauri
551 3251 558 3263 ‚
578 3234 709 3264 tanquam
724 3226 864 3256 Rectores.
894 3224 960 3253 Stat.
977 3233 999 3253 1.
1018 3219 1114 3252 Aelull.
1126 3231 1190 3259 471·

242 3268 447 3306 —septemque
461 3268 526 3303 Ajax
541 3265 662 3296 umbone
676 3264 799 3293 coruscet
1064 3291 1068 3294 ,

166 3307 287 3336 Armenti
300 3314 384 3343 reges.
476 3304 530 3334 Ubi
548 3312 690 3342 perperam
707 3301 807 3339 legitur
825 3300 934 3336 Greges.
976 3298 1084 3341 Accipit
1101 3304 1194 3326 autem

106 3343 226 3374 Armenti
240 3353 315 3382 reges
326 3366 334 3379 ,
354 3343 407 3372 sive
419 3348 510 3372 tauros
520 3364 528 3377 ‚
548 3351 598 3380 pro
609 3340 765 3370 Taurorum
775 3338 927 3375 tergoribus
938 3357 948 3372 ,
967 3346 1002 3365 ex
1015 3335 1114 3373 quibus
1128 3339 1194 3364 c'on-

52 3411 58 3414 .
106 3382 192 3412 fenus
202 3389 259 3411 erat
270 3385 286 3411 A
289 3382 355 3418 jacis
366 3381 489 3418 clypeus.
677 3414 679 3416 .
936 3412 940 3418 ·
1148 3414 1151 3417 .

56 3419 129 3450 Anu
138 3430 152 3449 a
161 3430 181 3455 N
190 3424 235 3449 TA
245 3431 260 3448 L
269 3431 278 3448 1
289 3429 301 3448 s
312 3441 319 3454 ,
341 3429 365 3448 e.
387 3417 543 3455 [ὰμλῇπις]
564 3415 648 3453 Quod
659 3414 697 3444 est
709 3423 743 3443 ei(
753 3419 887 3443 armento,
909 3412 982 3449 virg,
996 3421 1037 3441 11.
1054 3410 1115 3440 AEn.
1131 3417 1191 3447 571.

167 3457 239 3487 Hinc
253 3464 344 3486 natam
359 3457 389 3485 in
404 3456 495 3485 dumis
505 3478 512 3490 ,
534 3455 659 3490 interque
672 3452 811 3495 horrentia
825 3450 906 3480 lustra

166 3495 327 3525 Armentalis
340 3504 416 3532 equae
429 3493 556 3523 mammis
570 3493 596 3522 St
610 3491 679 3520 lafte
693 3490 782 3519 ferino
793 3511 800 3523 ,
822 3490 871 3518 &a

16 3558 18 3563 .
55 3531 100 3562 Aa
109 3542 180 3562 MizN
189 3543 208 3562 T
219 3543 238 3562 A
246 3543 262 3562 R
272 3544 281 3561 1
292 3543 310 3562 u
319 3542 348 3568 s,
370 3531 543 3568 [ἀγλέςχης]
566 3529 685 3559 Aiirienti
695 3526 746 3556 sive
756 3527 898 3565 pecudum
909 3547 916 3560 ,
937 3524 990 3554 sive
999 3523 1085 3553 boum
1093 3520 1192 3553 custos.

92 3567 162 3609 ngss
174 3580 197 3607 3.
215 3570 313 3608 Georg.
327 3581 387 3606 344.
498 3584 535 3588 —
550 3567 643 3596 omnia
657 3565 749 3595 secum

167 3609 349 3638 Armentarius
361 3607 424 3637 Afer
436 3607 499 3644 agit.
588 3604 670 3633 Varro
682 3613 706 3632 2.
725 3603 759 3632 de
777 3602 809 3631 R.
824 3601 857 3630 R.
874 3609 933 3637 cap.
948 3610 971 3635 ς.
987 3599 1034 3628 fin.
1057 3599 1092 3628 de
1106 3598 1195 3628 bobus

92 3646 118 3675 &
127 3646 215 3676 vaccis
225 3668 232 3681 ,
253 3645 452 3675 Armentarium
463 3653 557 3673 meum
570 3641 666 3672 crebro
678 3648 708 3670 ut
721 3639 825 3677 aliquid
838 3638 925 3673 legat,
947 3647 1021 3680 curo.
1047 3675 1052 3680 .
1133 3674 1138 3680 .

92 3679 451 3720 Armentariuscogiiomine
468 3682 558 3711 dicius
574 3679 697 3710 Galerius
708 3676 894 3719 Maximianus
904 3697 912 3709 ,
934 3685 979 3712 qui
992 3685 1006 3718 a
1020 3673 1194 3703 Diocletiano

112 3722 138 3750 St
147 3721 317 3751 Maximiano
327 3720 458 3751 Herculio
468 3719 553 3748 Caesar
564 3718 649 3751 saissus
661 3717 715 3749 est,
736 3715 803 3745 teste
815 3714 884 3742 Vit‘t.
897 3713 1003 3742 Schotti
1018 3721 1041 3740 c.
1057 3721 1098 3755 ιι).
1113 3721 1157 3746 24.

57 3757 101 3787 ‘AR
109 3768 130 3787 M
138 3768 181 3787 ΒΝ
189 3768 208 3787 T
217 3763 234 3788 ὃ
244 3769 256 3788 s
266 3769 283 3787 u
291 3768 304 3788 s
315 3781 323 3794 ,
344 3759 402 3793 Adj.
425 3753 588 3793 [0¹:242de]
616 3754 750 3791 Armentis
766 3751 908 3793 abundans
919 3772 927 3786 ,
950 3750 1024 3788 apud
1038 3749 1107 3779 Phn.
1123 3748 1193 3779 Gell.

92 3794 139 3825 lib.
152 3806 193 3825 11.
211 3806 270 3834 cap.
284 3806 307 3826 1.
336 3795 421 3832 Quod
432 3794 509 3824 ltalia
522 3800 589 3823 tunc
600 3791 666 3821 esset
675 3789 905 3820 armentosissima.
1033 3825 1037 3830 Ι

33 3844 36 3848 ’
59 3833 100 3862 Aa
108 3843 129 3862 M
137 3843 150 3862 E
159 3843 177 3862 N
185 3837 224 3863 τῑ
232 3844 251 3862 Ν
259 3844 278 3862 u
287 3844 298 3863 s
308 3856 316 3869 ,
332 3834 390 3869 Adj.
409 3832 576 3868 [ἀγλοᾶὢ]
596 3827 681 3866 Quod
693 3829 730 3858 est
741 3838 774 3857 ex
784 3832 916 3856 armento.
939 3824 1007 3853 Plin.
1020 3823 1116 3868 lib.28.
1133 3832 1193 3862 cap.

96 3880 137 3908 17.
157 3870 227 3901 Fimi
237 3872 339 3900 cervini
350 3871 469 3900 maxime
480 3869 637 3902 subulonis,
653 3867 699 3896 sed
708 3869 734 3896 Sc
745 3864 840 3895 bubuli
855 3863 902 3897 (de
913 3869 1072 3905 armentinis
1083 3862 1195 3900 loquor)

93 3906 384 3938 ciniscochleariorum
394 3909 480 3937 trium
489 3908 518 3938 in
526 3905 603 3935 mulsi
614 3905 733 3938 hemina,
744 3905 794 3933 &c
812 3901 866 3944 Sed
877 3900 931 3929 hoc
942 3911 968 3929 in
980 3900 1196 3937 loco,vulgarem

93 3944 241 3976 lectionem
249 3946 376 3984 reprobat
386 3946 543 3976 Harduinus
551 3966 559 3980 ,
580 3945 605 3973 Sc
618 3942 789 3972 Armentivus
800 3939 933 3982 saniorem
943 3937 996 3967 effe
1009 3938 1164 3968 contendit.

59 3981 168 4051 Ani}
165 3993 184 4013 N
194 3993 213 4012 τ
223 3994 231 4012 ι
242 3991 262 4012 τ
267 3995 279 4051 ἰ
290 3994 347 4020 us,
368 3984 428 4020 Adi.
457 3981 615 4020 [ἀγλαῶς]
644 3985 676 4011 ut
685 4001 695 4015 ‚
714 3977 907 4010 Armentitium
922 3984 1008 4013 pecus
1018 3997 1027 4012 ,
1048 3977 1074 4006 c&
1084 3977 1198 4007 Armen-

73 4032 80 4036 ·
176 4030 193 4050 o
202 4031 228 4051 ι..
626 4040 630 4042 -

1646 171 1925 209 ARN
2300 187 2370 223 259

1264 250 1342 295 titius
1358 262 1441 297 grex.-
1459 251 1558 296 ·Vai-ro
1572 262 1596 283 2.
1614 254 1649 297 de
1664 253 1695 282 R.
1710 254 1740 283 R.
1758 264 1818 292 cap.
1835 265 1875 283 io.
1907 254 1963 292 Qui
1975 262 2069 292 greges
2077 253 2228 293 sequuntur
2239 280 2247 294 ,
2267 259 2377 297 praeser-

1264 295 1313 318 tim
1326 297 1498 319 aiinieiititios
1511 301 1540 320 :ic
1552 301 1688 328 caprinos.

1226 326 1413 361 Aimiirrii,
1438 329 1616 357 ARiiioaR.
1655 328 1683 356 V.
1708 338 1820 356 ARMA.

1227 363 1247 392 A
1258 374 1271 391 ι».
1285 374 1302 390 Μ
1314 375 1321 391 ι
1334 377 1349 393 ι.
1360 375 1377 393 A
1388 375 1404 393 u
1416 375 1427 394 s
1440 375 1457 393 A
1470 385 1476 396 .
1508 365 1596 401 Vulgo
1612 372 1709 394 vocatu
1724 366 1763 394 est
1783 365 1884 400 Vestis,
1912 374 1972 399 oure
1984 370 2047 395 ante
2065 369 2089 397 ὃ(
2106 377 2177 399 retro
2196 369 2279 398 divisi
2297 375 2378 407 atque

1266 403 1434 443 aperta-est:
1464 403 1492 430 in
1511 412 1600 431 armos
1618 409 1709 431 tamen
1724 403 1828 438 clausi,
1859 404 1928 440 quasi
1951 404 2128 441 Arniiclausa,
2157 417 2172 435 c
2191 407 2268 436 litera
2281 407 2381 436 ablata.

1266 438 1333 466 {lire
1347 439 1438 468 llidor.
1461 450 1500 474 ιφ.
1513 449 1537 467 2.
1566 441 1655 468 Utitur
1667 440 1794 469 Paulinus

1230 474 1276 503 Al<
1288 486 1307 502 M
1319 487 1405 504 1L1.A
1416 499 1423 509 ,
1441 486 1470 504 az.
1490 478 1503 511 s
1516 480 1664 512 βῃᾳχωνιςκς
1674 499 1682 511 ,
1701 477 1816 513 dimini]
1839 477 1945 506 liraclii'i
1956 484 2158 511 ornamentum,
2177 481 2203 508 iri
2215 479 2308 509 circuli
2322 490 2379 508 mo-

1269 512 1335 540 dum
1353 513 1535 541 efformatum.
1576 514 1680 549 Festus,
1702 515 1824 552 Amulius
1837 524 1871 542 eir
1884 524 1948 542 auro
1963 537 1969 547 ,
1992 526 2056 551 quas
2074 516 2120 543 viri
2135 518 2263 545 militires
2282 517 2315 544 ab
2332 518 2383 546 im-

1269 550 1545 592 peratoribus-donati
1559 559 1655 583 gerunt
1666 574 1673 584 ,
1695 553 1780 581 uictas
1792 549 1844 580 elle
1858 553 2027 581 existumant.
2050 554 2124 590 quod
2137 555 2238 587 antiqui
2252 555 2381 584 humeros

1267 595 1334 628 curri
1347 586 1463 629 brachiis
1474 597 1563 615 armos
1573 589 1720 618 vocabant:
1743 590 1817 618 unde
1829 598 1902 618 arma
1912 589 1945 618 ab
1959 590 1998 619 his
2009 590 2194 627 dependentis
2206 592 2267 620 sunt
2278 600 2383 620 vocata.

1272 623 1342 666 P'lin.
1357 623 1459 665 ¹¹b222·
1476 633 1536 666 cap.
1548 636 1574 659 4.
1606 626 1680 654 Pueri
1697 627 1741 662 qui
1757 627 1860 663 primus
1872 627 2003 656 ceciderit
2015 627 2083 656 dens
2093 650 2101 661 ,
2123 636 2152 657 ut
2164 637 2264 658 terrum
2278 640 2331 657 uon
2345 638 2383 657 at-

1270 666 1379 696 tingat,
1400 660 1518 689 inclusus
1531 670 1557 689 in
1569 662 1702 691 armillam
1715 686 1722 698 ,
1744 666 1769 693 ἃ
1780 663 1882 693 allidue
1894 665 1923 692 in
1933 664 2045 694 brachio
2056 665 2182 702 babitus,
2205 667 2383 696 muliebrium

1273 697 1401 726 locorum
1416 697 1525 726 dolores
1540 699 1678 735 probibet.

1275 734 1412 768 Armillae,
1433 734 1603 764 Orniinientii
1614 737 1789 765 fiximinaruin
1805 738 1832 766 in
1845 738 1979 773 brachiis,
2002 741 2028 769 ἃ
2039 740 2120 769 etiam
2136 741 2267 771 virorum.
2297 739 2383 771 Plaut.

1295 771 1371 800 Men.
1385 779 1409 814 3‘.
1423 780 1447 807 3.
1464 781 1503 813 ¹3,-
1537 772 1586 801 Ubi
1599 773 1691 801 hercle
1702 774 1811 803 armillae
1823 775 1901 807 sunt.
1924 786 1990 813 quas
2002 787 2055 805 una
2067 778 2141 806 dedi.

1274 808 1317 839 De
1334 818 1414 837 variis
1431 808 1597 838 armillarum
1609 811 1761 846 generibus,
1794 812 1825 840 V.
1845 813 1931 842 Pit-isc.
1946 814 2009 843 Lex,
2026 815 2105 844 Rom.
2123 817 2212 853 Antiq.
2228 817 2254 846 ἃ
2267 815 2384 845 Thomae

1295 845 1445 875 Bartholini
1460 846 1494 874 de
1507 856 1542 875 eo
1558 855 1718 883 argumento
1734 847 1857 877 libellum
1868 871 1875 883 ,
1896 851 1939 879 ed.
1960 851 2036 880 Amst.
2057 856 2125 888 1676

1240 882 1261 913 Α
1271 894 1285 912 R
1298 894 1337 926 iii
1348 895 1362 911 i.
1372 895 1388 911 ι
1399 892 1445 926 ΛΤ
1454 893 1472 911 υ
1482 893 1510 917 s,
1529 884 1588 918 Adj.
1608 878 1810 919 [damnabo-135]
1832 886 1940 924 Proprie
1953 889 2054 918 dicitur
2066 890 2181 920 Armillis
2193 898 2323 922 ornatus:
2344 897 2375 921 ut

1277 921 1360 951 Miles
1371 920 1529 949 armillatus.
1570 921 1689 958 Propert.
1704 920 1812 950 abusive
1824 923 1858 952 ad
1870 934 1950 954 canes
1963 927 2098 956 transtulit
2110 949 2117 963 ,
2140 928 2187 958 lib.
2200 940 2225 965 4.
2237 935 2261 963 8.
2276 939 2321 966 24.
2376 914 2384 928 ’

1359 960 1445 995 Atque
1459 957 1610 987 armillatos
1626 957 1697 987 colla
1712 958 1826 988 molossa
1841 970 1929 990 canes-

1276 995 1433 1040 Armillatos
1445 995 1566 1025 cursores
1583 996 1699 1025 Budaeus
1710 1002 1806 1029 vocat,
1828 1008 1896 1034 quos
1914 999 2002 1029 Polias
2015 1001 2151 1031 dicimus:
2182 1003 2313 1032 videlicet
2324 1004 2388 1041 quia

1297 1034 1326 1062 id
1339 1035 1441 1070 milgne
1451 1041 1565 1070 gerunt,
1585 1032 1662 1070 quod
1676 1035 1725 1076 (pt
1735 1033 1791 1076 ipse
1801 1033 1901 1066 sentit)
1920 1038 2009 1073 potest
2023 1039 2133 1068 Armilla
2144 1047 2190 1070 aut
2199 1042 2310 1077 Spinter
2321 1042 2388 1070 dici.

1297 1071 1438 1100 Nostrates
1454 1071 1650 1116 caduceatores
1661 1093 1669 1105 ,
1689 1077 1794 1108 inquit,
1815 1071 1934 1108 spintere
1948 1074 2032 1103 hodie
2044 1082 2159 1105 utuntur
2169 1099 2176 1112 ,
2199 1080 2281 1113 (nam
2295 1080 2390 1107 Graeca

1297 1118 1352 1137 VOX
1362 1108 1401 1137 est
1415 1109 1529 1145 απτῆηξ)
1550 1118 1610 1145 quae
1628 1107 1737 1137 Armilla
1753 1109 1836 1138 etiam
1855 1110 1910 1139 dici
1928 1112 2015 1148 potest
2025 1134 2032 1147 .,
2053 1115 2179 1150 maſsuram
2190 1115 2284 1152 lingua
2296 1125 2391 1145 verna.

1299 1145 1361 1175 cula
1372 1152 1482 1175 vocarit.
1518 1145 1547 1175 V.
1566 1146 1668 1175 Thom.
1686 1145 1836 1175 Bartholin.
1853 1157 1879 1185 p.
1892 1159 1917 1181 4·
1931 1157 1974 1183 23.
1990 1154 2034 1177 66.

1243 1179 1265 1213 A
1275 1194 1289 1212 R
1300 1195 1320 1212 M
1331 1195 1339 1211 1
1350 1194 1365 1211 ι,
1374 1195 1391 1211 L
1400 1193 1429 1218 a,
1449 1182 1493 1212 vel
1508 1184 1525 1212 A
1536 1193 1550 1213 R
1562 1194 1582 1212 M
1593 1195 1600 1211 i
1613 1195 1628 1211 ι
1638 1194 1651 1212 ιι
1660 1205 1667 1217 ,
1685 1184 1714 1212 is.
1733 1193 1759 1212 n.
1782 1183 1998 1215 instrumentum
2009 1188 2034 1215 ἅ
2046 1195 2192 1224 apparatus
2202 1189 2391 1225 versutiarum,

1281 1221 1315 1250 ab
1328 1221 1431 1255 Arinis,
1453 1231 1503 1259 pro
1516 1221 1588 1250 dolis
1600 1222 1624 1251 ἃ
1639 1221 1789 1251 fraudibus.
1822 1223 1902 1260 Apul.
1920 1222 1969 1252 lib.
1981 1228 2006 1253 6.
2023 1224 2091 1254 Met.
2108 1235 2135 1263 p.
2152 1232 2210 1260 182-
2233 1228 2274 1256 Ad
2285 1228 2392 1257 armille

1281 1259 1361 1288 redit.
1389 1259 1418 1287 V.
1436 1269 1648 1287 ARMiLLuM.

1245 1297 1289 1327 'AR
1298 1307 1386 1326 M1LL
1396 1306 1414 1325 u
1423 1307 1452 1329 M,
1470 1297 1488 1325 ι’.
1505 1307 1532 1325 n.
1551 1297 1594 1332 (ut
1604 1297 1644 1326 ait
1655 1296 1758 1332 Festus)
1776 1296 1828 1327 Vas
1838 1303 1896 1327 erat
1905 1298 2040 1328 vinarium
2054 1300 2081 1328 in
2094 1299 2180 1336 fixeris,
2192 1301 2306 1336 dietum,
2317 1302 2393 1331 ouod

1282 1340 1380 1377 armo,
1390 1334 1420 1362 id
1429 1334 1467 1362 est
1478 1334 1609 1369 humero,
1625 1335 1826 1372 deportaretur.
1863 1336 1988 1371 Nonius,
2006 1338 2148 1367 Armilluin
2160 1361 2167 1369 .
2190 1339 2296 1368 Urceoli
2308 1332 2393 1375 genus

1281 1373 1399 1407 vinarii,
1420 1371 1504 1400 Varro
1516 1371 1550 1400 de
1566 1372 1625 1401 Vita
1641 1373 1705 1410 Pop.
1718 1372 1800 1401 Rom.
1816 1372 1863 1401 lib.
1884 1383 1904 1402 i.
1946 1374 2032 1403 Etiam
2051 1385 2125 1404 nunc
2139 1377 2238 1413 pocula
2249 1399 2257 1411 ,
2279 1370 2337 1414 qu'ae
2347 1388 2395 1405 vo-

1282 1416 1347 1439 cant
1357 1409 1466 1452 capulas
1479 1411 1502 1438 δ’(
1514 1410 1624 1447 capides
1634 1433 1641 1444 ‚
1657 1411 1730 1447 quod
1744 1410 1783 1439 est
1795 1410 1888 1448 poculi
1900 1421 2003 1447 genus:
2025 1414 2091 1441 item
2103 1413 2239 1442 armillum
2248 1437 2255 1449 ,
2271 1415 2344 1450 quod
2355 1416 2394 1443 est

1280 1447 1388 1477 urceoli
1402 1457 1486 1484 genus
1499 1448 1604 1476 vinarii.
1635 1447 1668 1477 Et
1682 1448 1735 1477 alio
1748 1448 1818 1477 loco.
1854 1448 1994 1477 Armillum
2007 1473 2013 1483 ‚
2034 1450 2120 1479 Lucil.
2133 1451 2172 1479 lib
2193 1457 2237 1483 28.
2278 1453 2348 1480 Hinc
2359 1452 2395 1481 ad

1281 1495 1327 1514 me
1339 1507 1347 1520 ,
1369 1485 1435 1513 hinc
1451 1485 1516 1514 licet
1527 1495 1594 1514 anus
1606 1485 1693 1514 rursus
1711 1486 1746 1514 ad
1758 1485 1902 1515 armillum.
1944 1487 1997 1522 [V.
2017 1488 2114 1524 Scalig.
2133 1489 2167 1517 ad
2188 1489 2252 1518 l‘est.
2270 1490 2296 1518 St
2311 1489 2395 1518 Gloss.

1281 1523 1342 1552 lsid.
1380 1522 1509 1552 Ceterum
1529 1523 1562 1551 ab
1582 1523 1780 1552 ArmoArmale
1793 1525 1909 1557 reClius,
1932 1534 2012 1561 quam
2031 1526 2132 1554 Armile
2148 1526 2295 1559 formires.
2317 1528 2396 1563 cujus

1283 1560 1494 1590 Deminutivum
1506 1560 1544 1589 est
1557 1561 1712 1590 Armillum.
1750 1561 1828 1590 Etsic
1840 1561 1954 1590 fortassis
1966 1563 2038 1599 apud
2052 1563 2155 1600 Apulei.
2172 1563 2355 1593 scribendum.

1247 1599 1269 1628 A
1278 1608 1294 1627 R
1305 1610 1324 1627 M
1335 1609 1343 1627 1
1356 1609 1371 1626 L
1381 1608 1399 1626 u
1408 1608 1420 1627 s
1430 1607 1448 1626 T
1458 1608 1472 1626 R
1484 1608 1493 1626 1
1503 1608 1522 1626 u
1532 1609 1552 1626 M
1562 1619 1568 1628 ‚
1588 1599 1606 1627 ἰ.
1629 1607 1657 1627 u.
1685 1598 1850 1634 [ὁτλσιῳίῖκε
1858 1600 1934 1634 ιῶψ]
1963 1600 2104 1629 Exercitus
2119 1601 2239 1629 lustratio
2253 1603 2325 1639 apud
2343 1602 2398 1631 Ro-

1283 1646 1380 1679 manos
1391 1635 1533 1679 dicebatur
1543 1657 1551 1670 v
1573 1646 1588 1664 a
1600 1635 1694 1666 Servio
1708 1637 1781 1673 Rege
1793 1638 1912 1674 primum
1929 1638 2051 1666 instituta
2064 1647 2126 1667 cuin
2140 1639 2167 1666 in
2181 1648 2280 1676 campo
2296 1640 2396 1669 Martio

1284 1680 1423 1715 exereitus
1434 1674 1614 1702 instruebatur
1623 1696 1631 1707 ,
1649 1676 1674 1703 ἃ
1685 1674 1729 1703 sue
1738 1696 1746 1707 ,
1768 1682 1815 1704 aut
1828 1675 1905 1703 hirco
1915 1695 1923 1709 ,
1940 1685 1993 1704 ove
2003 1678 2029 1704 Sc
2041 1683 2120 1705 tauro
2133 1676 2303 1706 lustrabatur.
2346 1676 2399 1706 Mi-

1285 1711 1348 1754 lites
1358 1713 1405 1747 ipli
1417 1711 1493 1754 lauro
1507 1713 1646 1745 coronati,
1663 1721 1721 1740 rem
1730 1712 1855 1741 divinam
1866 1713 2003 1742 faciebant
2013 1713 2060 1742 sub
2074 1714 2147 1743 divo.
2180 1714 2228 1743 i'ilii
2243 1716 2312 1743 nanc
2322 1724 2400 1743 exe-:-

1285 1756 1355 1778 citus
1366 1749 1541 1778 lustationem
1553 1750 1589 1778 ita
1599 1749 1765 1787 peragebant
1775 1772 1782 1784 ,
1803 1749 1891 1784 suem,
1911 1760 1992 1779 ovem
2002 1773 2009 1784 ‚
2025 1758 2134 1780 taurum
2145 1773 2152 1786 ‚
2170 1752 2215 1788 qui
2226 1753 2286 1789 puri
2300 1753 2398 1787 else-it,

1285 1794 1328 1816 ter
1341 1788 1444 1816 circum
1461 1787 1534 1816 acies
1548 1787 1688 1816 instructas
1698 1787 1872 1824 praecedente
1889 1797 1989 1825 pompa
2002 1789 2159 1823 ducebant,
2190 1788 2327 1827 Mariique
2344 1791 2398 1818 deo

1286 1824 1475 1854 immolabant.
1510 1823 1578 1863 Vide
1592 1824 1649 1854 Liv.
1666 1835 1688 1853 1.
1701 1831 1745 1858 28.
1767 1825 1965 1854 Armilustrium
1978 1827 2082 1855 dictum
2095 1827 2132 1855 est
2143 1826 2176 1855 ab
2188 1836 2221 1855 eo
2234 1829 2307 1863 quod
2320 1828 2346 1855 in
2359 1837 2401 1856 as-

1286 1862 1420 1892 miliiftrio
1430 1862 1503 1891 sacra
1511 1862 1624 1891 faciunt.
1663 1862 1721 1891 Nisi
1732 1862 1808 1892 locus
1819 1863 1912 1900 potius
1925 1864 2015 1892 dietus
2030 1864 2063 1892 ab
2076 1865 2116 1893 his
2126 1886 2133 1897 ,
2155 1864 2201 1893 sed
2215 1865 2289 1901 quod
2306 1865 2340 1893 de
2354 1862 2400 1894 his

1284 1902 1373 1938 prius.
1414 1900 1444 1929 ld
1460 1899 1495 1929 ab
1512 1900 1636 1934 luendo,
1657 1907 1704 1929 aut
1719 1900 1819 1935 lustro,
1847 1901 1876 1928 id
1894 1901 1949 1936 est,
1976 1902 2050 1938 quod
2064 1901 2251 1930 circumibant
2272 1902 2400 1932 ludentes

1287 1937 1422 1967 ancilibus
1433 1938 1539 1973 armati,
1556 1944 1587 1967 ut
1597 1938 1635 1967 ait
1644 1937 1729 1966 Varro
1743 1949 1767 1973 5.
1780 1938 1814 1967 de
1825 1936 1852 1966 L.
1865 1937 1893 1967 L.
1909 1948 1930 1973 3.
1954 1939 2023 1974 [ubi
2036 1939 2067 1968 ln
2078 1939 2230 1968 armilustro
2239 1938 2400 1977 legendum.

1285 1975 1396 2004 Plenius
1409 1976 1443 2004 de
1454 1975 1508 2004 hoc
1518 1975 1648 2005 sacrificio
1660 1975 1793 2005 Lomeier.
1809 1977 1837 2004 in
1850 1975 2013 2013 Epimenide
2027 1987 2049 2005 c.
2064 1987 2074 2013 3
2086 1988 2105 2005 i.
2123 1987 2148 2013 q.
2167 1977 2196 2005 V.

1249 2014 1272 2044 A
1284 2024 1297 2041 R
1309 2025 1328 2042 M
1339 2024 1347 2041 i
1359 2024 1375 2041 L
1385 2023 1423 2042 us
1432 2023 1477 2041 rrR
1487 2023 1505 2042 u
1514 2024 1553 2048 M,
1575 2014 1591 2043 i.
1617 2023 1642 2042 n.
1672 2013 1762 2043 Locus
1777 2014 1807 2042 in
1817 2023 1871 2051 quo
1883 2024 2004 2043 annuum
2020 2015 2076 2043 hoc
2091 2014 2186 2044 festum
2199 2014 2397 2043 celebrabatur.

1287 2051 1345 2088 [λγ.
1360 2059 1404 2088 27.
1417 2056 1461 2087 37.
1486 2050 1517 2081 In
1529 2050 1681 2080 armilustro
1693 2051 1781 2080 visum
1792 2051 1830 2080 est
1843 2052 1980 2088 lapidibus
1992 2052 2096 2089 pluere.
2131 2051 2320 2081 Armilustrum
2332 2074 2339 2085 ,
2358 2052 2398 2080 in-

1288 2090 1347 2126 quit
1364 2089 1445 2117 Varro
1457 2099 1483 2124 4.
1504 2089 1539 2117 de
1556 2088 1585 2117 L.
1598 2088 1626 2117 L.
1641 2098 1682 2123 32.
1704 2089 1737 2118 ab
1749 2089 1854 2118 ambitu
1868 2089 1942 2119 lustri
1956 2090 2042 2119 locus.
2081 2089 2146 2119 Erat
2157 2096 2267 2126 autem,
2289 2090 2355 2118 teste
2369 2090 2398 2119 P.

1286 2126 1356 2156 Vidi.
1375 2136 1458 2155 X111.
1478 2127 1590 2164 regione
1602 2126 1681 2156 Urbis
1695 2127 1725 2155 in
1740 2127 1885 2156 Aventino.

1247 2165 1521 2199 ARMIPOTENS,
1544 2166 1786 2200 ARMisONus,
1808 2166 1921 2194 Amo.
1955 2164 1985 2194 V.
2007 2175 2121 2194 ARMA-

1249 2204 1294 2232 AR
1306 2212 1399 2236 MON,
1420 2201 1545 2240 Raphani
1558 2209 1643 2239 genus
1655 2201 1788 2239 sylvestre.
1828 2202 1896 2232 Plin.
1916 2202 1965 2232 lib.
1980 2213 2021 2239 19.
2037 2212 2098 2241 cap.
2116 2214 2138 2239 ς.
2159 2201 2251 2233 Ruell.
2274 2200 2402 2232 Officinae

1287 2239 1441 2278 Rapistrum
1457 2246 1565 2269 vocant.

1249 2278 1295 2308 AR
1308 2290 1325 2306 ii
1336 2287 1353 2306 o
1365 2288 1378 2305 R
1390 2287 1408 2305 A
1420 2287 1436 2306 c
1448 2288 1457 2305 i
1470 2284 1488 2304 Α
1499 2299 1507 2312 ,
1531 2277 1657 2315 Rapliani
1675 2287 1760 2315 genus
1778 2276 1904 2315 sylvestre
1915 2300 1922 2312 ,
1953 2278 2029 2315 quod
2046 2278 2148 2307 Armon
2167 2276 2274 2307 Pontici
2292 2283 2401 2307 vocant.

1287 2315 1355 2345 Plin.
1371 2312 1419 2343 lib.
1435 2325 1474 2349 ¹9·
1492 2324 1552 2353 cap.
1568 2326 1591 2350 ς.
1633 2317 1712 2354 Apud
1728 2315 1863 2345 Columel.
1881 2316 1928 2346 lib.
1942 2320 1967 2345 6.
1983 2325 2044 2355 cap.
2062 2326 2104 2353 17.
2131 2318 2292 2345 Armoracea
2301 2325 2351 2354 pet
2361 2315 2405 2345 se·-

1287 2353 1407 2383 cundam
1421 2352 1545 2382 vocalem
1559 2353 1666 2391 legitur.
1707 2354 1768 2382 Hoc
1784 2354 1858 2382 idem

1250 2391 1272 2421 A
1282 2402 1296 2420 R
1308 2402 1328 2420 M
1338 2401 1354 2419 0
1365 2401 1382 2419 R
1390 2400 1409 2419 A
1420 2399 1437 2419 c
1447 2401 1456 2418 1
1467 2400 1485 2419 u
1495 2401 1515 2419 M
1526 2413 1533 2425 ,
1553 2400 1580 2420 n.
1600 2401 1624 2428 g.
1648 2398 1728 2421 vocat
1738 2390 1875 2420 Columel.
1889 2391 1935 2420 lib.
1946 2400 1984 2421 12.
2000 2400 2060 2429 cap.
2073 2401 2099 2427 9.

1250 2432 1459 2460 *ARMOKWCAE
1478 2428 1617 2467 Civitates.
1653 2429 1684 2459 V.
1708 2439 1832 2458 Aramo
1846 2439 1857 2457 a
1870 2440 1877 2457 i
1890 2438 1943 2458 CA.

1247 2468 1397 2501 Amatis,
1424 2466 1442 2495 i.
1473 2475 1508 2494 m.
1539 2467 1646 2502 [ais-205]
1676 2467 1785 2501 Festus,
1814 2467 1925 2504 Antiqui
1942 2466 2074 2496 humeros
2092 2475 2156 2496 cum
2174 2466 2293 2496 brachiis
2311 2474 2404 2495 armos

1287 2504 1432 2533 vocabant.
1470 2502 1552 2533 Unde
1570 2505 1650 2533 Arma
1665 2504 1698 2533 ab
1709 2506 1741 2534 iis
1753 2504 1941 2541 dependentia
1956 2504 2018 2533 sunt
2030 2512 2136 2534 vocata.
2175 2505 2287 2534 Servius
2297 2526 2305 2538 ,
2328 2504 2403 2532 Armi

1309 2542 1403 2585 roprie⁸
1416 2541 1479 2570 sunt
1494 2541 1715 2584 quadrupedum.
1755 2541 1824 2571 Plin.
1844 2542 1890 2571 lib.
1908 2552 1949 2571 11.
1974 2552 2035 2580 cap.
2055 2552 2097 2579 39.
2133 2540 2184 2572 Pili
2199 2543 2277 2579 equis
2290 2542 2317 2570 in
2337 2540 2404 2575 juba

1300 2582 1373 2617 argi:
1396 2589 1426 2608 in
1436 2589 1516 2608 armis
1528 2578 1610 2609 leoni.
1650 2580 1715 2609 Hor.
1728 2589 1753 2609 2.
1770 2581 1857 2609 Serm.
1870 2592 1894 2616 4.
1909 2592 1954 2615 44.

1368 2617 1504 2646 Foecundi
1518 2616 1621 2655 leporis
1635 2617 1742 2655 sapiens
1755 2617 1899 2647 sectabitur
1914 2627 2013 2647 armos.

1289 2656 1385 2685 Armos
1396 2655 1459 2692 equi
1470 2654 1621 2684 calcaribus
1632 2656 1735 2685 fodere.
1756 2655 1830 2693 Virg.
1842 2658 1867 2684 6.
1884 2656 1945 2685 AEn.
1958 2661 2023 2690 881-

1289 2693 1370 2724 Hasta
1381 2702 1431 2730 per
1443 2702 1532 2722 armos
1545 2693 1611 2721 aeta.
1637 2693 1708 2731 Virg.
1725 2703 1766 2722 11.
1785 2694 1843 2724 [En.
1854 2701 1917 2730 497.

1289 2733 1384 2761 Armes
1398 2730 1527 2759 ulcerare.
1558 2731 1623 2760 Hor.
1639 2740 1661 2759 i.
1676 2733 1762 2761 Serm.
1774 2735 1798 2760 6.
1817 2735 1875 2760 106.
1958 2739 2079 2760 —nunc
2092 2730 2161 2760 mihi
2176 2737 2255 2760 curto

1368 2769 1410 2797 lre
1425 2768 1491 2796 licet
1503 2768 1579 2797 mulo
1590 2790 1598 2803 ,
1624 2768 1667 2797 vel
1683 2769 1700 2797 si
1716 2768 1798 2803 libet,
1822 2778 1908 2806 usque
1922 2768 2086 2802 Tarentum,

1368 2805 1492 2835 Mantica
1502 2806 1550 2835 cui
1563 2806 1673 2835 lumbos
1684 2816 1771 2836 onere
1787 2807 1909 2840 ulceret,
1931 2816 2012 2843 atque
2027 2817 2109 2844 eques
2124 2816 2222 2836 armos.
2307 2805 2404 2835 Armos

1289 2844 1413 2879 ulceret,
1440 2843 1590 2873 calcaribus
1603 2844 1726 2881 scilicet,
1750 2851 1796 2874 aut
1813 2845 1937 2882 corporis
1956 2845 2087 2882 gravitate
2104 2854 2111 2874 :
2144 2852 2174 2873 ut
2191 2843 2313 2882 priorem
2333 2844 2404 2872 dorii

1312 2889 1396 2911 arteni
1411 2881 1603 2918 intelligamus.
1632 2892 1635 2894 ·

1289 2892 1352 2950 ἷξες
1360 2926 1456 2948 tamen
1470 2919 1528 2948 haec
1542 2928 1597 2949 vox
1607 2920 1645 2949 ita
1655 2920 1766 2958 propria
1776 2920 1813 2950 est
1823 2917 2048 2958 quadrupedibus
2056 2941 2064 2955 ,
2084 2926 2116 2949 ut
2130 2920 2164 2949 de
2174 2917 2336 2948 homi-ribus
2345 2927 2404 2947 non

1307 2958 1389 2988 liceat
1403 2957 1539 2995 usurpare.
1577 2958 1647 2995 Virg.
1665 2968 1704 2987 ii.
1721 2957 1780 2987 ffin.
1794 2962 1856 2994 ⁶⁴4·

1484 2994 1601 3025 —latos
1615 2996 1681 3025 huic
1694 2996 1768 3025 hasta
1782 3006 1832 3034 per
1845 3005 1933 3026 armos

1368 3033 1434 3062 Ac'ta
1447 3033 1550 3062 tremit.
1645 3033 1743 3062 Manil.
1759 3044 1780 3063 i.
1795 3044 1857 3071 795.

1483 3070 1678 3107 —matrisque
1690 3070 1740 3100 sub
1756 3072 1836 3101 armis
1950 3071 2034 3101 Miles
2049 3070 2168 3107 Agrippa
2182 3068 2243 3097 sure.

1252 3106 1274 3140 A
1283 3120 1298 3138 R
1309 3120 1329 3138 M
1339 3119 1356 3137 A
1368 3118 1387 3137 T
1398 3118 1417 3137 A
1436 3107 1578 3137 dicebatur
1592 3109 1671 3146 Virgo
1686 3109 1855 3144 sacrificans,
1877 3109 1921 3138 cui
1940 3109 2039 3138 lacinia
2052 3114 2123 3145 togae
2139 3108 2168 3135 in
2183 3107 2332 3136 humetum
2344 3110 2404 3135 erat

1290 3148 1399 3183 rejecia.
1427 3145 1527 3175 Festus.
1565 3147 1661 3175 Arnius
1672 3148 1746 3176 enirn
1759 3146 1904 3176 humerum
1918 3147 2040 3176 denotat.
2070 3146 2099 3174 V.
2115 3145 2170 3173 loc.

1251 3186 1273 3215 A
1283 3195 1299 3214 R
1308 3196 1329 3214 M
1338 3194 1355 3213 o
1365 3194 1376 3213 s
1388 3194 1405 3212 u
1415 3193 1426 3213 s
1437 3206 1444 3218 ,
1465 3193 1496 3219 a,
1518 3192 1573 3213 um.
1608 3184 1711 3214 Validis
1723 3184 1842 3214 humeris
1856 3185 1993 3222 praeditus.
2034 3183 2180 3213 Mantuan.

1369 3221 1489 3255 Reddit,
1511 3223 1537 3251 ἃ
1553 3221 1657 3251 annoso
1674 3223 1776 3251 dividit
1789 3233 1851 3251 arva
1866 3223 1945 3251 bove.

1253 3261 1273 3290 A
1284 3265 1330 3289 iiii
1342 3268 1449 3293 uziA,
1478 3257 1566 3296 Regio
1579 3261 1607 3288 in
1627 3270 1675 3289 ora
1693 3260 1844 3289 Carmaniae
1855 3282 1863 3293 .
1890 3261 1918 3288 in
1935 3269 1986 3296 qua
1997 3259 2082 3286 vineae
2098 3258 2125 3286 &
2144 3266 2207 3286 arva
2223 3255 2354 3286 coluntur
2368 3255 2404 3285 ad

1289 3298 1427 3328 Andanim
1437 3297 1554 3327 fluvium
1572 3307 1617 3327 xx
1627 3307 1654 3327 v.
1672 3309 1702 3327 M.
1721 3298 1815 3336 spatio.
1846 3297 1914 3327 Plin.
1930 3297 1976 3326 lib.
1991 3300 2016 3325 6.
2032 3305 2093 3333 cap.
2106 3303 2150 3331 23.

1711 3365 1734 3395 A
1809 3361 1839 3395 R
1923 3360 1957 3393 N

1253 3412 1274 3442 A
1285 3418 1425 3440 RNAcis
1437 3433 1445 3447 ,
1465 3411 1529 3440 idis.
1552 3410 1694 3446 [bguoenlcj
1722 3411 1818 3440 Genus
1835 3410 1949 3439 vestium
1965 3408 2130 3446 puellarum.
2170 3406 2245 3438 Varr.
2262 3407 2297 3437 de
2312 3406 2401 3437 Liber.

1290 3449 1432 3480 Educand.
1474 3449 1509 3478 Ut
1524 3449 1621 3486 puellae
1635 3449 1753 3477 habeant
1772 3449 1862 3486 potius
1881 3449 1907 3475 in
1926 3449 2023 3475 vestitu
2040 3446 2217 3481 chlamydas,
2252 3447 2404 3475 encombo-

1291 3496 1379 3521 mata,
1408 3496 1439 3515 ac
1456 3486 1596 3515 arnacidzis
1607 3508 1614 3521 ,
1645 3496 1725 3523 quam
1743 3494 1828 3523 togas.
1871 3485 1987 3514 Nonius.
2025 3482 2163 3517 Ἀριοιιίδιτ
2188 3484 2315 3512 meminit
2331 3485 2357 3512 S:
2374 3484 2405 3513 in.

1291 3524 1434 3562 Symposio
1446 3523 1521 3553 Plato
1533 3545 1540 3558 ,
1564 3531 1594 3553 ut
1610 3533 1625 3552 e
1637 3532 1735 3560 genere
1749 3522 1908 3551 coactilium
1918 3544 1927 3557 ,
1948 3532 2004 3559 quo
2019 3521 2106 3559 pedes
2120 3521 2308 3551 includantur.

1255 3563 1276 3592 A
1287 3572 1331 3591 RN
1342 3573 1366 3590 ιι).
1386 3562 1496 3600 Caput,
1521 3562 1586 3599 Agni
1598 3568 1689 3598 caput.
1718 3560 1817 3590 Festus.

1254 3601 1276 3630 A
1286 3611 1301 3629 R
1312 3610 1332 3628 Ν
1343 3611 1361 3628 A
1372 3610 1387 3628 R
1397 3611 1406 3628 i
1415 3610 1432 3628 o
1443 3609 1463 3628 N
1472 3621 1480 3634 ,
1501 3599 1659 3635 [ἓρνοιιμοι]
1693 3598 1794 3626 Achaeis
1814 3597 1969 3626 Commune
1981 3596 2132 3626 concilium
2146 3597 2288 3626 dicebatur
2298 3618 2306 3631 ,
2328 3597 2406 3633 quod

1292 3643 1376 3704 guar?
1390 3637 1535 3704 irliguriam
1551 3636 1703 3673 cogebant,
1725 3636 1754 3664 in
1765 3645 1820 3672 quo
1833 3635 1868 3664 de
1888 3636 1984 3673 repub.
1998 3633 2231 3664 senatusconsulta
2242 3634 2406 3664 edebantur.

1313 3685 1351 3704 tra
1372 3685 1388 3704 o
1416 3686 1423 3703 1
1447 3697 1452 3704 .
1467 3680 1492 3707 8.
1734 3677 1735 3681 ’
2155 3692 2160 3696 .

1256 3713 1277 3742 A
1286 3723 1301 3741 R
1311 3723 1329 3741 Ν
1340 3717 1356 3741 Κ
1366 3723 1385 3741 T
1397 3723 1410 3741 a
1419 3722 1431 3741 s
1441 3734 1448 3747 ,
1471 3711 1566 3749 Populi
1577 3710 1638 3739 sunt
1648 3710 1677 3738 in
1688 3709 1765 3738 Italia
1774 3731 1781 3744 ,
1801 3709 1834 3738 ab
1849 3711 1915 3738 Arna
1926 3709 2101 3739 Umbrorum.
2123 3709 2192 3739 Plin.
2206 3708 2284 3744 libj3.
2296 3718 2355 3746 cap.
2366 3718 2406 3744 ¹4.

1256 3753 1277 3780 A
1287 3761 1302 3779 R
1312 3760 1331 3779 N
1343 3761 1374 3785 R«,
1396 3759 1432 3779 es.
1452 3745 1519 3785 [Ἲς
1533 3749 1566 3783 n]
1593 3748 1692 3776 Civitas
1709 3747 1746 3776 est
1756 3748 1833 3782 juxta
1845 3747 1932 3776 sinum
1942 3747 2094 3777 Maliacum
2105 3770 2113 3781 ,
2136 3748 2255 3785 primum
2269 3758 2281 3775 i
2294 3747 2408 3776 Boeotiis

1293 3788 1467 3854 irilissibliltatfa,l
1483 3785 1585 3814 deinde
1597 3796 1612 3814 a
1624 3784 1756 3814 Thessalis
1773 3792 1907 3823 occupata
1928 3786 1965 3814 est
1979 3807 1986 3820 ,
2006 3793 2038 3815 ut
2050 3786 2088 3815 est
2099 3786 2198 3815 author
2212 3785 2340 3822 'l'bucyd.
2358 3784 2405 3813 lib.

1297 3836 1319 3854 i.
1359 3835 1373 3853 e
1397 3848 1402 3853 .
1443 3833 1457 3852 e
1470 3833 1553 3860 opori.

1293 3863 1398 3892 Sunt&
1409 3861 1466 3890 aliae
1480 3860 1602 3895 ejusdem
1612 3860 1735 3889 nominis
1747 3860 1871 3888 civitates
1883 3880 1891 3894 ,
1912 3870 1971 3896 quae
1982 3860 2159 3891 recensentur
2171 3871 2186 3890 a
2199 3859 2349 3897 Stephano.

1255 3901 1276 3930 A
1289 3911 1302 3929 R
1314 3910 1334 3928 N
1344 3909 1361 3928 o
1371 3910 1386 3929 B
1397 3908 1431 3932 A,
1460 3906 1491 3926 ut
1504 3897 1585 3925 habet
1603 3897 1669 3926 Plin.
1689 3897 1804 3926 Abnoba
1814 3919 1823 3932 ‚
1846 3898 1980 3934 [ὲνιοζν]
2001 3907 2032 3928 ut
2049 3899 2165 3929 Ptolem.
2183 3898 2266 3928 Mons
2277 3920 2284 3932 ,
2306 3906 2340 3925 eit
2355 3906 2410 3933 quo

1292 3936 1451 3967 Danubium
1463 3935 1527 3963 oriri
1539 3935 1640 3964 ferunt.
1667 3934 1697 3964 V.
1715 3945 1734 3964 A
1745 3945 1789 3963 ΒΝ
1799 3944 1816 3964 0
1827 3946 1840 3963 s
1852 3946 1872 3964 Λ
1889 3937 1914 3966 &
1933 3946 1950 3964 o
1964 3948 1982 3965 A
1994 3947 2013 3966 N
2024 3948 2042 3966 u
2055 3948 2086 3966 isi
2100 3948 2112 3966 e
2125 3947 2136 3965 s
2149 3959 2156 3970 ,
2178 3946 2258 3972 quem
2272 3942 2362 3963 tamen
2375 3943 2410 3962 ex

1256 3981 1260 3986 ·
1293 3980 1388 4008 monte
1398 3973 1465 4003 oriri
1474 3980 1576 4012 negant
1586 3973 1709 4008 juniores
1719 3973 1825 4013 Geogra
1848 3973 1895 4043 hii,
1916 3975 1942 4003 δι
1952 3975 1980 4004 in
1990 3974 2033 4005 his
2049 3975 2107 4014 ipse
2117 3975 2289 4041 AlunsteKus,
2312 3982 2336 4009 q.
2350 3971 2380 3999 V.

1913 4020 1929 4043 2
2244 4020 2260 4039 R
2270 4019 2288 4038 N
2297 4019 2354 4038 osi
2363 4018 2410 4044 us,
