2667 4145
236 65 284 98 30
716 52 742 86 A
840 51 869 84 C
965 49 994 83 C

273 135 411 165 Memoris.
432 134 563 172 accipere.
612 133 652 163 M.
665 133 735 162 cato
753 132 827 169 apud
838 130 908 161 Geli.
925 130 970 159 lib.
988 138 1027 162 ¹4
1041 136 1100 165 cap.
1114 135 1139 154 2.
1186 125 1275 161 Atque
1299 132 1351 162 ego
1371 134 1387 152 a

293 173 441 207 majoribus
459 173 591 201 memoria
611 171 646 200 sic
667 170 771 207 accepi.
953 203 958 208 .

273 209 369 239 Preces
386 211 518 247 accipere.
541 210 570 238 ld
581 210 627 243 est,
645 209 754 237 Audire.
776 206 859 235 Ovid.
877 203 988 246 iii'lbin.
1002 211 1044 237 71.

352 248 465 286 Ipsaque
484 255 512 275 tu
530 247 628 279 tellus,
650 245 738 283 ipsum
758 253 822 272 cuni
845 240 974 271 fluctibus
986 247 1088 275 sequor,

405 284 460 322 lpse
481 294 552 312 meas
569 284 653 311 :enzer
670 283 765 318 accipe
784 280 888 308 summe
912 286 1014 314 preces.

297 322 374 352 Idem
393 322 468 351 sensu
483 321 565 357 longe
581 320 687 348 diverso
705 319 784 347 dixit.
807 316 852 344 lib.
881 325 900 358 ¹:
924 314 989 355 fast.
1012 322 1073 349 175.

357 360 389 388 At
409 369 457 388 cui·
475 358 536 387 laeta
553 359 608 386 tuis
630 358 760 386 dicuntur
776 353 857 382 verba
875 351 1026 380 calendis?

393 397 426 425 Et
447 396 543 424 danius
561 395 694 427 alternas,
711 392 917 428 accipimusque
932 397 1026 425 preces
1037 388 1050 415 ‘?
1166 423 1171 429 .

297 433 359 462 Hoc
379 434 425 467 est,
447 434 502 461 Cur
519 432 587 461 alter
600 432 676 460 alteri
688 430 758 459 bene
769 436 912 465 precamur
927 447 934 461 ,
955 433 1115 462 annumque
1125 422 1236 453 fehcem
1251 428 1390 461 optamus,

295 470 425 499 Calendis
442 471 561 505 ‚Jmuarii
572 471 585 498 ἶ)
893 500 898 504 ⁴
1040 500 1044 505 .
1371 498 1376 503 ῃ

278 508 428 545 Superbius
447 518 542 545 preces
553 506 668 539 alicuius
677 505 809 540 accipere.
831 500 920 543 Tacit.
936 500 1006 543 Arm2
1026 499 1073 529 lib.
1085 509 1122 542 ¹2.
1139 509 1181 536 37.
1221 499 1287 536 Qio
1306 508 1392 535 magis

297 547 398 574 mirum
415 546 482 579 suit,
510 545 583 580 quod
595 551 689 580 preces
706 541 743 569 Μ.
762 538 869 568 Hortali
883 537 984 567 nobilis
997 547 1106 574 juvenis
1122 538 1151 566 in
1165 543 1327 575 paupertate
1336 545 1393 564 ma-

297 584 391 612 nifesta
415 582 556 619 superbius
576 578 729 616 accepill‘et.

277 620 426 657 Accipere,
447 619 617 653 intelligere,
642 614 815 651 cognoscere.
838 613 902 656 Ter.
917 613 986 642 And.
1004 622 1028 642 2.
1043 621 1066 650 3.
1080 621 1125 649 23.
1159 611 1214 641 Sed.
1229 611 1247 640 fi
1266 618 1293 640 te
1312 620 1391 648 aequo

297 659 389 686 animo
401 658 468 686 serre
482 656 617 692 accipiet,
636 654 823 689 negligentem
842 651 948 681 feceris.

277 695 408 732 Accipere
429 694 529 727 corde,
550 701 598 729 pro
619 692 750 728 Accipere
767 689 881 719 animo:
917 690 943 718 Sc
963 688 1001 717 est
1024 688 1135 726 poetica
1150 686 1323 726 periphrasis,
1339 694 1391 724 pro

295 731 460 768 Intelligere.
482 730 565 759 Plaut.
583 728 669 757 Casiri.
683 738 709 757 2.
729 737 753 764 3.
771 733 812 761 18.

434 785 470 788 -
489 766 537 805 pol
557 766 632 795 haud
650 765 712 796 satis
727 775 790 795 meo
805 763 889 794 corde
910 763 1007 801 accepi

312 806 444 843 Querelas
460 812 528 833 tuas.
850 824 853 832 .,

274 844 371 873 Oculis
385 845 411 872 Sc
427 844 527 871 animo.
562 841 621 871 Cic.
637 840 711 870 Vetr.
728 852 750 876 5.
778 840 844 869 Non
864 849 908 868 me
926 837 1019 868 hercle
1033 838 1155 867 criminis
1170 837 1290 874 augendi
1311 835 1391 865 causa

292 881 516 916 dicamjudices,
539 878 586 908 sed
601 889 684 916 quem
701 878 798 915 accepi
820 877 875 916 ipse
891 876 979 906 oculis
997 877 1146 913 animoque
1166 875 1291 909 sensum,
1313 873 1389 902 hunc

290 928 353 947 vere
370 918 444 956 apud
458 928 516 952 VOS,
535 920 561 947 Sc
570 924 600 946 ut
610 924 709 955 potero
719 915 872 954 planissime
886 924 1034 952 exponam.
1047 914 1107 948 Pro,
1120 912 1195 942 Sensi
1208 913 1296 942 oculis
1306 919 1388 949 atque

289 957 390 985 animo.
412 955 575 993 Periphi‘asis
596 956 629 984 ad
650 954 780 984 affectum
803 952 1026 990 exprimendum.

269 994 394 1031 Accipite
416 993 515 1023 animis
533 1002 596 1022 mea
618 993 698 1022 dicta.
760 991 792 1021 Id
808 991 863 1026 est,
896 989 1054 1027 Intelligite.
1087 988 1157 1027 Virg.
1180 997 1203 1026 3.
1231 988 1293 1019 AEn.
1320 998 1384 1025 250.

289 1033 314 1060 Sc
337 1043 359 1065 ς.
380 1041 441 1067 304.

266 1070 369 1135 Appipe
392 1070 509 1098 nostram
531 1076 663 1098 mentem.
685 1067 756 1105 Virg.
781 1076 804 1096 1.
826 1065 888 1095 ffin.
910 1068 974 1099 680.
993 1064 1026 1094 Id
1045 1065 1083 1095 est
1097 1087 1105 1101 ,
1129 1065 1199 1094 Audi
1216 1073 1311 1093 meum
1321 1072 1388 1093 con-

298 1117 383 1136 iilum.

265 1144 365 1174 Parum
377 1146 502 1182 accipere
518 1143 613 1173 locum
631 1143 766 1181 aliquem,
783 1140 915 1172 &Minus
934 1139 1106 1178 intelligere,
1126 1139 1205 1169 Idem
1222 1136 1384 1176 significarit.

286 1182 344 1212 Cic.
368 1192 390 1220 3.
415 1183 449 1211 de
470 1182 532 1211 Nat.
555 1181 638 1211 Deor.
658 1193 685 1217 4.

265 1218 330 1287 ViOni
348 1220 425 1249 verbi
444 1221 473 1248 in
491 1219 569 1249 aliud
590 1228 671 1256 atque
687 1217 780 1248 caeteri
795 1216 950 1254 accipiant,
982 1215 1058 1254 posse
1078 1215 1190 1245 ducere.
1222 1214 1279 1244 Cic.
1301 1223 1326 1244 2.
1349 1213 1386 1244 de

314 1265 361 1287 rat.

263 1296 415 1334 Accipere,
437 1295 582 1333 Decipere.
606 1294 693 1324 Lucil.
713 1303 756 1330 29.

302 1334 348 1363 Sic
361 1333 475 1371 inquam
491 1339 674 1362 veteratorem
694 1332 774 1361 illum
794 1330 920 1360 vetulum
939 1328 1039 1368 lupum

301 1371 465 1401 Annibalem
482 1377 637 1408 acceptum.
724 1370 842 1399 Nonius.

264 1409 415 1448 Accipere,
435 1409 558 1446 Capere:
584 1415 616 1437 ut
628 1408 760 1447 Accipere
774 1407 810 1437 ad
828 1405 1046 1439 contumeliam,
1066 1402 1111 1434 vel
1128 1404 1158 1433 in
1172 1402 1381 1433 contumeliam.

284 1447 343 1477 Cic.
358 1448 411 1476 Att.
436 1446 483 1476 lib.
506 1457 546 1483 ις.
577 1445 672 1484 Egone
695 1452 726 1475 ut
746 1445 914 1475 beneficium
936 1441 1084 1480 accepisset
1109 1442 1139 1470 in
1161 1441 1383 1471 contumeliam?

284 1485 349 1515 Ter.
365 1484 442 1514 Adel.
459 1496 484 1520 4
501 1494 524 1520 3.
540 1495 580 1519 15.
616 1484 657 1513 Ad
672 1483 872 1512 contumeliam
892 1482 986 1511 omnia
1005 1481 1155 1517 accipiunt.

265 1523 399 1561 Accipere
425 1522 530 1560 aliquid
553 1523 588 1551 ad
607 1522 798 1559 cognitionem
815 1522 855 1549 rei
875 1520 1000 1555 alicujus.
1036 1518 1092 1547 Cic.
1111 1527 1136 1547 2.
1163 1517 1198 1546 de
1212 1516 1275 1546 Nat.
1297 1516 1380 1560 Deor.

284 1561 357 1597 Quae
370 1568 506 1590 contuens
518 1560 626 1590 animus
641 1560 743 1598 accipit
762 1560 798 1589 ad
816 1558 1008 1596 cognitionem
1029 1557 1162 1592 deorum,
1195 1566 1210 1585 e
1229 1564 1283 1592 qua
1297 1561 1384 1585 oritur

304 1605 380 1629 retas.

264 1610 308 1668 Ald
322 1637 447 1666 verbum.
469 1636 527 1666 Cic.
550 1645 574 1665 2.
604 1635 640 1666 de
667 1635 743 1665 Orat.
781 1635 878 1672 Quum
892 1633 928 1663 ad
940 1631 1056 1662 verbum
1070 1653 1078 1667 ,
1105 1641 1164 1662 nori
1174 1630 1209 1660 ad
1218 1629 1382 1660 sententiam

284 1675 485 1713 rem‘accipere
503 1673 621 1703 videare.

264 1713 308 1743 Ad
336 1714 437 1742 onmia.
459 1711 572 1740 subaud.
593 1710 783 1749 Responsum,
823 1709 869 1739 vel
888 1708 993 1746 aliquid
1008 1706 1103 1737 simile.
1138 1707 1194 1736 Cic.
1215 1715 1239 1741 3.
1262 1705 1337 1736 Fam.
1355 1715 1379 1743 7.

283 1751 326 1780 Ad
343 1751 438 1780 omnia
455 1750 550 1787 accipe
561 1771 569 1785 ‚
587 1751 613 1779 δε
630 1748 766 1787 cognosce
775 1748 933 1785 aequitatem
945 1745 1172 1784 expostulationis
1183 1752 1246 1774 tuae.
1287 1744 1317 1774 V.
1333 1744 1383 1774 Su-

306 1798 318 1817 r
462 1797 495 1816 )e.

260 1789 535 1893 Egciiisptiiisssffiquid
549 1823 597 1853 sub
616 1822 747 1862 exemplo
757 1823 891 1861 accipere.
912 1821 976 1852 Hoc
987 1821 1033 1857 est,
1050 1820 1140 1851 Citato
1152 1819 1291 1859 exemplo.
1329 1819 1383 1849 Ta-

281 1865 328 1894 cit.
365 1874 412 1893 nn.
444 1865 451 1892 i
474 1872 516 1898 .3.
536 1867 579 1896 68.
800 1892 802 1894 .

260 1902 330 1939 Quo
344 1903 436 1931 animo
461 1900 596 1938 accipias,
616 1905 695 1928 tento
709 1905 747 1928 te.
780 1898 838 1927 Cic.
859 1907 902 1933 15.
921 1897 995 1927 Fam.
1024 1900 1065 1925 16.
1148 1896 1241 1926 Tento
1261 1895 1336 1925 enim
1353 1901 1382 1925 te

301 1950 337 1969 uo
359 1941 452 1969 animo
474 1938 601 1976 accipias.
647 1936 675 1965 Si
692 1937 768 1966 enim
782 1935 986 1966 stomachabere
1004 1935 1030 1965 Sc
1050 1933 1165 1965 moleste
1186 1934 1257 1964 feres
1269 1956 1278 1969 ‚
1301 1934 1382 1973 plura

303 1978 424 2013 cemus,
446 1980 496 2007 &c

260 2016 351 2053 Magis
370 2016 504 2053 accipere.
526 2012 556 2042 V.
583 2022 705 2042 MAois.

260 2054 352 2091 IEquo
365 2054 468 2082 animo.
500 2051 530 2081 [d
550 2051 604 2086 est,
623 2050 695 2080 Boni
707 2048 849 2079 consulere
861 2071 869 2084 ,
888 2048 980 2079 sivein
996 2049 1100 2079 bonam
1115 2054 1222 2086 partem
1242 2048 1378 2085 accipere.

279 2091 384 2121 Sallust.
397 2092 428 2120 in
437 2090 516 2121 Catil.
530 2099 552 2118 c.
566 2098 589 2126 3.
623 2089 693 2125 Qizc
703 2088 751 2118 sibi
762 2088 877 2126 quisque
887 2087 979 2117 facilia
987 2088 1061 2117 factu
1076 2093 1174 2125 putat,
1195 2096 1274 2124 aequo
1285 2086 1379 2116 animo

279 2139 338 2158 acci
361 2136 389 2159 it.

260 2139 372 2203 Aliqupd
391 2167 487 2196 amice.
516 2165 573 2194 Cic.
595 2165 629 2194 de
640 2165 749 2194 Amicit.
771 2164 806 2194 Et
818 2164 953 2194 monendi
967 2162 1049 2192 amici
1062 2162 1133 2200 saepe
1145 2161 1218 2198 sunt,
1244 2163 1271 2192 ἃ
1287 2161 1379 2198 objur.

281 2204 380 2241 gandi:
402 2206 428 2234 6.-
439 2204 498 2233 haec
511 2202 673 2240 accipienda
682 2203 770 2231 amice
781 2224 789 2238 ,
809 2212 895 2238 quum
910 2201 1045 2231 benevole
1061 2200 1139 2229 fiunt.

261 2243 372 2279 Aliquid
384 2242 498 2271 fortiter.
532 2241 589 2270 cic.
607 2241 660 2270 Att.
677 2240 725 2270 lib.
746 2251 788 2276 15.
805 2250 848 2269 20.
871 2240 914 2270 Mi
923 2240 1030 2274 Attice,
1049 2237 1220 2268 fortiterhoc
1235 2237 1321 2268 velim
1333 2248 1378 2269 ac.

279 2281 364 2319 cipias
384 2287 416 2309 ut
434 2289 485 2317 ego
509 2278 605 2308 scribo.

261 2318 342 2348 Grate
373 2317 484 2355 aliquid.
526 2317 616 2346 Tacit.
640 2315 707 2345 Hist.
736 2314 784 2344 lib.
820 2325 842 2345 1.
866 2320 910 2351 ὃς.
949 2314 983 2344 Et
999 2315 1086 2343 oratio
1104 2314 1138 2342 ad
1154 2313 1377 2351 perstringendos

279 2356 499 2392 mulcendosque
513 2354 634 2383 militum
649 2354 756 2383 animos
767 2375 775 2389 ,
808 2354 834 2382 ἃ
851 2352 999 2382 severitatis
1019 2352 1120 2381 modus
1131 2374 1138 2387 ,
1160 2358 1234 2389 grate
1252 2358 1374 2390 accepta.

259 2394 326 2424 Non
355 2393 502 2422 difficulter
530 2402 590 2430 quae
614 2392 767 2421 traduntur.
805 2391 923 2428 Quintil.
944 2390 994 2422 lib.
1022 2400 1044 2420 1.
1067 2399 1126 2427 cap.
1153 2399 1176 2426 3.
1203 2389 1238 2419 de
1254 2389 1376 2428 lngeniis

278 2432 436 2461 Puerorum.

259 2469 438 2499 Generaliter.
470 2468 588 2506 Quintil.
608 2467 656 2497 lib.
683 2477 706 2496 1.
728 2476 787 2505 cap.
808 2476 831 2503 5.

258 2507 370 2544 Aliquid
386 2507 511 2537 libenter.
544 2506 601 2535 Cic.
621 2507 674 2534 Att.
692 2504 740 2534 lib.
766 2515 787 2535 ι,
817 2514 861 2533 11.
902 2501 957 2532 Hic
971 2502 1030 2532 dies
1052 2512 1097 2532 me
1118 2502 1198 2532 valde
1217 2502 1308 2532 Crasso
1327 2503 1375 2534 ad.

277 2546 369 2581 junxit
383 2555 388 2574 :
410 2546 436 2574 Sc
452 2551 546 2573 tamen
559 2544 593 2573 ab
605 2543 653 2572 illo
670 2549 781 2580 aperte,
810 2543 883 2572 tecle
901 2541 1035 2578 quicquid
1052 2541 1091 2570 cst
1115 2541 1229 2577 datum,
1253 2540 1374 2571 libenter

276 2584 381 2621 accepi.
402 2582 480 2612 ldeni
494 2581 568 2611 Fam.
578 2581 625 2610 lib.
644 2592 667 2617 ς.
688 2590 732 2610 21.
959 2587 967 2593 *¹

256 2621 411 2651 moderate.
436 2620 494 2649 Cic.
509 2619 582 2649 Fam.
600 2619 645 2648 lib.
666 2629 708 2647 ιο.
722 2628 763 2655 35.
801 2617 840 2647 Ea
858 2623 885 2646 te
899 2616 1042 2646 moderate
1061 2615 1203 2654 accepisse.
1260 2616 1293 2646 Id
1314 2617 1371 2653 est,

276 2658 366 2691 tulisse
384 2668 463 2695 aequo
482 2658 582 2686 animo.

257 2696 374 2726 Mollius
389 2695 502 2733 aliquid.
523 2695 611 2724 Tacit.
635 2694 701 2723 Hist.
721 2703 743 2722 1.
771 2702 812 2722 12.
835 2692 902 2729 Quo
919 2691 1016 2731 seditio
1031 2690 1142 2720 mollius
1153 2692 1333 2730 acciperetur.

256 2735 446 2765 Nonitionem
456 2733 612 2771 patienter,
633 2731 699 2761 Non
708 2738 899 2768 repugnanter.
923 2730 980 2759 Cic.
993 2731 1027 2758 de
1037 2729 1145 2757 Amicit.
1163 2739 1205 2766 93.

256 2772 368 2810 Aliquid
384 2781 461 2809 aegre.
484 2771 546 2801 Hoc
563 2770 601 2799 est
612 2791 620 2804 ,
644 2769 710 2798 Non
722 2769 788 2797 boni
807 2768 957 2796 consulere.
980 2767 1069 2796 Tacit.
1086 2767 1156 2795 Ann.

257 2809 391 2839 Aliorsum
402 2831 411 2841 .
434 2818 484 2847 pro
497 2808 528 2838 ln
540 2808 621 2837 aliam
635 2813 741 2844 partem
753 2806 932 2843 interpretari.
953 2804 1016 2835 Ter.
1027 2805 1097 2835 Eun.
1117 2816 1139 2834 1.
1159 2814 1183 2834 2.
1199 2815 1224 2835 2.

369 2866 414 2871 -—-
434 2856 531 2876 vereor
553 2856 588 2874 ne
604 2844 674 2873 illud
693 2845 799 2882 gravius
822 2843 944 2873 Phaedria

295 2885 420 2914 Tulerit:
455 2894 524 2913 neve
543 2882 670 2913 aliorsum
682 2904 690 2917 ,
717 2889 798 2919 atque
812 2891 864 2918 ego
882 2881 953 2915 feci,
977 2880 1121 2918 acceperit.

256 2923 403 2989 Accgpere,
424 2922 538 2951 Sentire.
580 2921 643 2950 Ter.
666 2919 765 2950 Heaut.
789 2929 814 2948 2.
836 2928 860 2955 3.
874 2928 917 2954 23.
949 2917 1033 2947 Aliter
1053 2927 1134 2946 tuum
1149 2927 1272 2948 amorem
1289 2924 1372 2957 attpie

277 2963 302 2989 el
350 2961 406 2990 acci
421 2960 460 2989 ris.

258 2983 389 3036 Accipere
409 2971 508 3036 Aspere.
539 2996 596 3026 Cic.
621 2996 675 3026 Att.
697 2995 744 3024 lib.
766 3005 790 3031 9.
807 3004 832 3023 2.
866 2993 980 3030 Quanto
990 3003 1065 3022 nunc
1085 2992 1138 3034 hoc
1162 2992 1238 3024 idem
1252 2995 1372 3034 accipiet

279 3035 417 3072 asperius?
447 3035 536 3064 Tacit.
549 3033 596 3063 lib.
606 3046 632 3070 4.
663 3033 749 3070 Quod
764 3032 855 3070 aspere
865 3037 1011 3069 acceptum
1021 3032 1056 3060 ad
1064 3030 1190 3068 praesens.

259 3072 368 3109 Aliquid
388 3074 516 3102 atrocius.
547 3072 636 3101 Tacit.
659 3071 726 3100 Hist.
757 3081 780 3099 1.
802 3080 845 3105 23.

259 3111 408 3148 Accipere,
429 3111 536 3140 Videre.
557 3110 629 3147 Virg.
645 3114 669 3143 8.
696 3109 757 3139 AEn.
785 3118 845 3143 154.
869 3117 929 3143 155.

403 3167 448 3172 --—
465 3156 496 3177 ut
513 3154 540 3177 te
555 3147 698 3176 fortissime
720 3146 861 3175 Teucrum

343 3186 471 3223 Accipio,
491 3185 608 3222 agnosco
629 3195 663 3214 ue
682 3183 781 3213 lubens
796 3205 804 3218 ,
825 3185 876 3212 etc.
946 3182 1064 3211 Nonius.

260 3221 379 3257 Durius,
398 3230 444 3251 aut
458 3224 579 3259 graviter.
611 3196 651 3252 qm
665 3222 719 3257 est,
742 3222 840 3257 Iniquo
855 3221 948 3249 animo
959 3220 1037 3248 ferre.
1063 3217 1120 3247 Cic,
1143 3218 1196 3247 Att.
1214 3229 1236 3247 1.
1256 3229 1278 3248 1.
1312 3219 1371 3250 Du-

279 3261 333 3288 rius
343 3260 398 3289 acci
422 3270 466 3289 ere
476 3261 528 3290 hoc
539 3261 607 3289 mibi
616 3259 687 3289 visus
702 3260 740 3289 est
753 3280 761 3295 ,
780 3268 862 3296 quam
880 3257 981 3287 vellem
992 3279 1000 3292 ,
1025 3259 1051 3286 δι’
1065 3265 1147 3293 quam
1166 3257 1293 3286 homines
1305 3257 1370 3287 belli

260 3296 374 3338 vsolent.
400 3270 477 3327 illem
494 3308 518 3327 2.
543 3298 577 3327 de
594 3299 671 3327 Orat.

260 3335 425 3400 fiiffidhfsep
445 3335 489 3364 vel
506 3335 609 3372 supine.
632 3336 694 3365 Sen.
721 3335 755 3364 de
773 3332 869 3363 Benef.
892 3331 939 3361 lib.
963 3341 986 3369 3.
1009 3331 1085 3361 Alius
1104 3332 1212 3370 accepit
1224 3332 1368 3371 fastidiose,

280 3382 348 3401 aius
378 3382 393 3401 u
417 3382 468 3401 ine.

259 3382 476 3447 Intemperiinter
493 3409 603 3446 aliquid.
636 3410 725 3439 Tacit.
747 3410 814 3438 Ann.
839 3407 886 3436 lib.
905 3417 929 3436 2.
943 3417 985 3443 75.
1016 3405 1141 3435 Pisonem
1161 3407 1271 3436 interim
1294 3409 1369 3446 apud

280 3448 369 3476 Coum
384 3446 498 3475 insulam
520 3449 632 3476 nuntius
643 3448 806 3484 ail'equitur,
821 3444 959 3475 excessisse
974 3445 1178 3473 Germanicum.
1193 3446 1257 3481 Quo
1269 3446 1368 3475 intem.

277 3492 535 3523 peranteraccepto,
547 3485 628 3513 credit
640 3486 764 3514 victimas
774 3506 782 3518 ,
803 3484 860 3512 adit
872 3482 985 3520 templa,
1003 3491 1093 3519 neque
1104 3481 1160 3519 ipse
1169 3483 1300 3519 gaudium
1309 3494 1369 3513 nio-

278 3523 391 3557 derans,
410 3524 434 3551 ὁὶ
454 3522 539 3558 magis
557 3522 735 3551 insolescente
753 3522 887 3551 Plancina.

258 3560 368 3595 Aliquid
391 3559 497 3588 sinistre.
522 3558 610 3587 Tacit.
636 3560 700 3588 lliit.
724 3570 744 3588 i.
772 3569 797 3596 7.

258 3596 344 3627 Vultu
362 3598 430 3625 truci
446 3596 557 3633 aliquid.
596 3595 682 3625 Tacit.
709 3598 775 3625 Anii.
796 3608 821 3632 4.
845 3605 885 3632 34.

259 3635 388 3670 Accipere
408 3643 521 3662 uxorem
532 3634 632 3662 dicitur
646 3633 716 3670 filius
729 3635 792 3662 fam.
812 3642 909 3671 aprime
923 3632 1074 3667 nimirum,
1096 3631 1197 3662 ducere
1215 3638 1307 3662 autem
1320 3643 1366 3672 pa-

275 3673 381 3701 tersani.
399 3671 497 3700 Donat.
520 3672 547 3699 in
574 3670 681 3699 Pliorm.

257 3711 387 3746 Accipere
399 3709 426 3736 in
444 3705 564 3741 bonam,
586 3708 627 3736 rel
640 3709 667 3736 in
678 3707 900 3745 malampartem,
919 3708 956 3736 est
973 3708 1046 3738 Bene
1059 3708 1184 3737 velinale
1195 3709 1368 3746 interpretari

275 3747 437 3776 dictuniaut
446 3745 683 3779 flictumultcrius,
709 3745 783 3781 quod
805 3747 839 3773 ad
857 3756 905 3773 nos
927 3747 1083 3782 pertineat:
1109 3748 1168 3774 foc
1182 3747 1236 3780 est,
1266 3746 1307 3775 De
1317 3746 1366 3775 illo

275 3786 345 3815 bene
363 3792 409 3811 aut
424 3783 492 3811 male
508 3784 577 3823 iudi.
593 3793 637 3811 ire.
678 3782 740 3811 Huc
752 3784 906 3819 pertinent,
928 3785 1059 3821 Accipere
1071 3784 1216 3820 alionum,
1233 3783 1319 3819 aliter,
1336 3785 1367 3814 in

273 3824 353 3853 alimi
375 3828 478 3857 partem
490 3842 496 3854 ,
518 3822 542 3849 ἃ
555 3820 657 3848 iiiiiilia.

254 3861 384 3898 Accipere
403 3858 432 3887 in
452 3867 512 3887 eam
529 3864 642 3895 partein.
686 3855 718 3886 ld
736 3855 789 3891 est,
813 3838 987 3894 hrissxpretari
999 3880 1007 3893 ,
1023 3859 1071 3887 &c
1114 3858 1171 3888 eie.
1188 3859 1241 3889 Art.
1263 3859 1312 3890 lib.
1337 3867 1362 3897 8.

1421 3829 1443 3859 Α
1456 3837 1473 3855 c
1483 3836 1569 3856 tii-11¹1*
1581 3837 1628 3861 us,
1646 3827 1740 3856 l'artic.

1874 44 1901 78 A
1999 43 2027 78 C
2124 43 2154 79 C

1496 121 1529 164 Jd
1543 130 1594 158 ego
1613 123 1641 152 in
1658 133 1719 152 eam
1735 128 1841 159 partem
1860 126 1974 163 accepi,
2008 125 2067 154 haec
2088 126 2209 163 oppida,
2234 129 2317 161 atque
2334 132 2411 152 oram
2432 124 2600 155 maritimam

1496 159 1576 188 illum
1596 171 1645 197 pro
1662 161 1794 189 derelicto
1814 161 1922 191 habere.

1477 196 1511 226 ln
1531 199 1665 234 optimam
1683 204 1796 235 partem.
1820 199 1877 228 Cic.
1897 200 1948 229 Att.
1969 200 2017 229 lib.
2047 210 2087 228 ιι.
2110 209 2134 235 7.
2188 198 2274 235 Quod
2292 207 2388 235 rogas,
2410 203 2442 226 ut
2459 197 2488 226 in
2498 198 2600 228 bonam

1499 241 1605 277 partem
1620 235 1772 278 accipiam,
1796 236 1869 273 siqua
1889 237 1941 267 sint
1959 239 1989 267 in
2010 239 2065 267 tuis
2084 237 2169 266 literis
2192 246 2252 273 qiiae
2272 246 2318 265 me
2339 235 2487 264 mordeant
2505 246 2512 265 τ
2548 246 2600 274 ego

1501 281 1566 300 vero
1587 283 1614 301 in
1630 279 1772 309 optimam.

1483 310 1577 351 Accipi
1591 310 1694 346 aliquid
1708 320 1758 347 pro
1779 311 1933 346 magnifico.
1960 312 2050 342 Tacit.
2074 312 2142 340 Ann.
2158 314 2183 339 6.
2197 316 2222 343 8.
2257 309 2375 339 Libertis
2393 319 2505 348 quoque
2522 320 2554 340 ac
2563 311 2602 347 ja-

1502 348 1639 376 nitoribus
1660 349 1719 381 ejus
1733 347 1884 383 notescere,
1902 360 1953 387 pro
1968 350 2114 387 magnifico
2130 347 2324 384 accipiebatur.
2645 381 2652 384 Δ

1481 384 1515 414 ln
1535 395 1616 450 quan}
1651 395 1737 414 artem
1761 386 1887 423 accipias.
1913 387 1971 417 Cic.
1988 387 2061 417 Pam.
2078 396 2100 424 3.
2116 396 2141 423 7.
2173 386 2300 422 Quamin
2314 389 2462 422 partemtu
2471 385 2600 424 accipias,
2645 411 2650 420 Ι

1503 432 1595 451 minus
1619 433 1633 450 a
1655 432 1739 451 orem.
2319 431 2321 435 ⁴

1483 460 1615 497 Accipere
1639 461 1743 497 aliquid
1762 461 1791 489 in
1803 461 1883 491 aliam
1897 467 2004 500 partem
2029 471 2061 490 ac
2079 461 2185 489 dietum
2200 459 2238 488 sit.
2263 459 2295 489 Id
2306 459 2360 493 est,
2382 459 2475 496 Quam
2495 460 2602 491 dietum
2647 461 2650 466 '

1504 497 1551 529 iit.
1569 498 1718 539 AdHeren.
1738 498 1785 527 lib.
1798 508 1822 528 2.
1835 510 1880 535 40·
1921 498 2055 528 Vitiosum
2066 498 2121 533 est,
2146 498 2222 535 quod
2240 497 2270 525 in
2287 496 2369 526 aliam
2382 505 2491 536 partem
2511 508 2543 528 ac
2560 499 2602 528 di-

1504 537 1630 569 t‘tumlit,
1652 536 1740 573 potest
1757 537 1854 574 accipi.

1482 572 1603 602 Verbum
1624 573 1652 601 in
1670 573 1737 602 duas
1755 573 1882 611 pluresve
1902 573 2061 604 sententias.
2087 573 2128 602 Ad
2136 572 2239 602 Heren.
2260 571 2307 601 lib.
2325 584 2350 609 4.
2369 576 2413 607 68.
2447 572 2498 602 Per
2514 572 2600 602 ambi-

1501 610 1627 652 gunmfit
1646 610 1816 647 significatio,
1827 622 1893 641 cum
1906 611 2021 640 verbum
2031 610 2120 649 potest
2128 611 2156 639 in
2171 610 2237 639 duas
2255 609 2384 647 pluresve
2401 610 2548 640 sententias
2557 621 2601 642 ac-

1503 649 1568 685 cipi,
1580 648 1626 676 led
1639 649 1773 687 accipitur
1784 650 1813 678 in
1829 659 1889 679 eam
1905 656 2012 687 partem
2029 658 2112 686 quam
2121 648 2181 677 vult
2193 648 2217 677 is
2232 648 2279 685 qui
2294 647 2372 678 dixit.

1482 685 1593 723 Aliquid
1608 686 1637 714 in
1656 688 1760 723 majus,
1791 687 1964 726 Aniplificare
1980 687 2052 716 fama
2065 686 2145 725 supra
2168 695 2251 722 quam
2269 695 2317 723 par
2341 686 2380 715 sit.
2401 683 2457 715 Liv.
2479 696 2504 721 9.
2529 685 2597 716 Bell.

1501 723 1568 753 Prin.
1598 724 1702 765 Omnia
1714 725 1743 753 in
1760 726 1849 760 maius
1865 732 1942 754 metu
1959 731 2077 762 augente
2095 723 2276 761 accipiebant.
2321 724 2411 753 Tacit.
2428 723 2494 753 Hist.
2513 733 2535 754 1.
2554 735 2597 760 52.

1502 762 1556 790 Sed
1568 762 1596 789 in
1611 762 1699 797 majus
1710 763 1804 792 omnia
1814 763 2028 800 accipiebantur.
2051 762 2084 792 Id
2104 762 2151 797 est,
2167 761 2275 796 Maiora
2287 762 2462 799 putabantur.

1482 798 1515 828 In
1538 799 1697 837 prodigium
1712 799 1824 837 aliquid.
1858 802 1947 831 Tacit.
1976 802 2044 830 Ann.
2066 810 2107 836 13.
2127 805 2168 834 58.
2209 798 2330 837 Frugum
2354 808 2465 837 quoque
2486 799 2599 837 egestas,

1502 840 1528 866 ἃ
1543 844 1601 866 orta
1623 846 1658 866 ex
1674 847 1707 867 eo
1722 838 1824 874 fames,
1843 839 1873 868 iri
1911 839 2049 876 rodigium
2064 837 2258 876 accipiebatur.

1481 874 1556 904 Loco
1582 875 1702 917 prodigii
1725 875 1838 913 aliquid.
1906 877 1968 905 acit.
1999 876 2066 906 Hist.
2095 887 2120 911 4.
2145 879 2189 904 26.
2216 874 2297 912 Apud
2318 874 2461 912 imperitos
2479 875 2600 912 prodigii

1499 912 1563 942 loco
1574 913 1761 950 accipiebatur
1773 913 1829 952 ipsa
1850 924 1983 951 aquarum
2004 914 2135 952 penuria:
2160 919 2292 950 tanquam
2307 922 2359 942 nos
2378 922 2472 942 amnes
2487 922 2599 950 quoque

1501 952 1527 980 δι
1545 957 1636 979 vetera
1653 951 1762 988 imperii
1781 952 1955 981 munimenta
1978 952 2141 981 desererent.

1478 986 1513 1018 In
1530 988 1746 1018 matrimonium.
1793 989 1884 1019 Tacit.
1902 990 1972 1019 Anii.
2001 999 2042 1019 12.
2064 995 2106 1024 58.
2154 988 2284 1018 Sedecim
2302 997 2391 1017 annos
2419 992 2500 1017 natus
2521 987 2598 1017 Nero

1499 1025 1644 1055 Octaviam
1654 1026 1759 1056 caesaris
1774 1026 1860 1056 filiam
1873 1028 1903 1056 in
1920 1028 2129 1056 matrimonium
2143 1026 2261 1064 accepit.

1478 1063 1511 1094 In
1522 1063 1642 1093 solutum
1665 1063 1777 1101 aliquid.
1799 1065 1831 1094 Id
1842 1065 1889 1101 est,
1911 1065 2064 1094 Solutionis
2079 1065 2203 1093 nomine.
2225 1065 2289 1093 Sen.
2312 1063 2347 1092 de
2362 1062 2456 1092 Benef.
2472 1072 2498 1091 2.
2526 1061 2600 1092 Inde

1498 1102 1536 1131 est
1548 1124 1555 1137 ‚
1571 1108 1603 1131 ut
1614 1102 1709 1131 omnia
1718 1102 1844 1132 meruisse
1857 1103 1884 1132 se
1899 1103 2036 1132 existimet
2050 1125 2057 1137 ‚
2080 1104 2107 1132 Sc
2120 1103 2150 1131 in
2165 1101 2286 1131 solutum
2300 1102 2426 1140 accipiat.
2467 1100 2547 1130 Idem
2568 1109 2596 1138 7.

1497 1139 1603 1169 Bonam
1616 1139 1789 1169 voluntatem
1800 1141 1829 1169 in
1844 1140 1965 1170 solutum
1979 1141 2114 1178 accipere.

1477 1177 1510 1207 In
1521 1177 1675 1215 superbiam
1687 1177 1800 1215 aliquid.
1840 1178 1929 1208 Tacit.
1943 1179 2013 1208 Arm.
2030 1182 2055 1208 6.
2071 1188 2113 1215 13.
2144 1177 2293 1207 Silentium
2301 1176 2384 1215 ipsius
2392 1187 2451 1207 non
2460 1176 2552 1213 civile,
2564 1182 2599 1207 ut

1496 1215 1669 1251 crediderat,
1684 1215 1731 1245 sed
1744 1216 1774 1245 in
1789 1216 1943 1254 superbiam
1961 1217 2019 1246 acci
2041 1215 2156 1245 iebatur.

1476 1253 1579 1291 Accipe
1601 1253 1655 1282 hoc
1670 1260 1701 1282 ut
1711 1263 1781 1283 ame
1795 1255 1903 1284 dicitur.
1929 1254 1986 1284 Cic.

1497 1291 1628 1326 summus,
1638 1297 1720 1328 atque
1730 1292 1836 1330 optime
1850 1293 1886 1321 de
1899 1302 1960 1321 mea
1970 1291 2055 1322 salute
2064 1292 2178 1321 meritus
2189 1291 2324 1329 accipiat,
2346 1297 2401 1320 uta
2409 1300 2455 1320 me
2467 1290 2578 1319 dicitur.

1477 1328 1515 1358 Ut
1524 1328 1599 1359 volet
1612 1329 1728 1367 quisque
1744 1330 1871 1368 accipiat.
1893 1330 1950 1359 Cic.
1969 1339 2020 1368 pro
2035 1330 2127 1359 Deiot.
2140 1333 2184 1359 26.

1475 1366 1510 1397 ld
1522 1368 1559 1396 ita
1573 1367 1700 1405 accipio,
1727 1373 1759 1397 ut
1778 1368 1846 1396 mihi
1862 1368 1966 1397 factum
1979 1374 2084 1406 putem.
2116 1366 2175 1397 Cic.
2200 1367 2273 1397 Fam.
2290 1366 2338 1396 lib.
2357 1376 2398 1395 10.
2418 1376 2442 1395 1.
2481 1364 2524 1394 Te
2541 1364 2598 1394 hoc

1495 1405 1648 1434 existimare
1656 1404 1738 1440 volo,
1760 1406 1892 1443 quicquid
1903 1406 1932 1434 in
1945 1416 2010 1435 eum
2023 1406 2120 1441 judicii
2131 1405 2271 1443 officiique
2282 1404 2443 1440 contuleris,
2464 1403 2495 1432 id
2504 1403 2542 1432 ita
2550 1412 2596 1433 me

1493 1444 1620 1481 'accipere
1633 1464 1642 1478 ,
1667 1449 1699 1472 ut
1715 1443 1745 1473 in
1756 1453 1801 1472 me
1818 1444 1908 1481 ipsum
1921 1450 1948 1472 te
1962 1450 2060 1482 putem
2074 1442 2228 1473 contulisse.

1476 1481 1723 1517 Quemadmodum
1732 1491 1797 1510 acce
1818 1482 1872 1510 turi
1885 1481 1939 1511 sitis
1953 1481 2069 1511 horreo:
2106 1481 2251 1519 Accipiatis
2260 1480 2316 1510 sine
2331 1479 2485 1509 offensione
2499 1479 2556 1509 Cic.
2567 1487 2594 1516 7.

1494 1519 1643 1557 Philipps.
1664 1518 1788 1549 Periculo
1801 1529 1816 1549 e
1829 1520 1909 1549 dico:
1933 1519 2171 1556 quemadmodum
2180 1519 2322 1556 accepturi
2332 1528 2354 1548 P.
2369 1527 2394 1547 c.
2404 1517 2592 1552 sitis,horreo:

1493 1556 1541 1585 sed
1550 1556 1641 1594 quaeso
1655 1579 1663 1592 ,
1688 1566 1792 1594 oroque
1800 1566 1850 1587 vos
1860 1567 1882 1586 Ρ.
1896 1567 1921 1586 c.
1932 1563 1963 1586 ut
1977 1557 2117 1594 accipiatis
2135 1556 2190 1585 sine
2200 1556 2354 1585 offensione
2372 1556 2449 1592 quod
2464 1555 2569 1584 dixero.

1475 1594 1629 1631 Quomodo
1637 1596 1779 1633 accepturi
1788 1594 1858 1631 sitis,
1878 1605 1982 1624 vereor.
2014 1595 2070 1624 Cic.
2087 1594 2134 1623 lib.
2149 1606 2175 1630 4.
2189 1595 2224 1623 ad
2238 1594 2340 1624 Heren.
2356 1604 2400 1629 49.
2441 1592 2515 1622 Mihi
2529 1602 2598 1622 cum

1493 1634 1543 1662 isto
1558 1655 1566 1668 ,
1589 1632 1702 1668 Judices
1716 1655 1725 1668 ,
1748 1632 1803 1662 fuit
1813 1633 1951 1663 amicitia:
1982 1632 2028 1662 sed
2050 1633 2096 1662 ista
2104 1639 2199 1661 tamen
2213 1632 2353 1668 amicitia,
2377 1630 2483 1661 tametsi
2498 1640 2596 1660 vereor

1495 1671 1638 1708 quomodo
1656 1672 1797 1708 accepturi
1808 1671 1880 1707 sitis,
1901 1681 1950 1700 vos
1963 1680 2008 1700 me
2022 1670 2154 1708 privastis.

1477 1709 1609 1746 Accipere
1619 1730 1627 1744 ‚
1651 1708 1802 1738 Admittere
1812 1709 1865 1738 five
1875 1708 2008 1746 Recipere
2019 1730 2027 1744 ,
2047 1715 2078 1737 ut
2091 1708 2223 1745 Accipere
2238 1707 2268 1736 in
2278 1706 2438 1736 amicitiam.
2460 1705 2518 1736 Cic.
2537 1706 2591 1737 Att.

1493 1747 1542 1776 lib.
1556 1757 1580 1776 2.
1594 1756 1637 1776 22.
1658 1747 1825 1777 Numerium
1840 1747 2016 1776 Numestium
2030 1745 2150 1775 libenter
2160 1746 2255 1783 accepi
2271 1745 2302 1775 in
2320 1744 2480 1774 amicitiam.

1474 1785 1607 1822 Accipere
1625 1785 1654 1813 in
1669 1784 1764 1820 fidem,
1783 1785 1812 1814 V.
1824 1785 1854 1813 in
1872 1795 1982 1814 FIDES.

1475 1824 1606 1860 Accipere
1618 1823 1646 1851 in
1656 1822 1815 1852 societatem
1823 1823 1908 1860 regni.
1931 1822 1987 1852 Liv.
2004 1834 2029 1859 4.
2043 1822 2076 1852 ab
2086 1822 2169 1852 Urbe.

1474 1861 1508 1892 In
1519 1870 1674 1890 numerum.
1697 1860 1753 1890 Liv.
1770 1871 1811 1890 10.
1826 1862 1860 1890 ab
1875 1860 1947 1890 Urbe
1958 1883 1965 1897 ,
1979 1860 2113 1890 Sabinum
2124 1861 2261 1890 advenam
2269 1857 2310 1887 illi
2323 1858 2430 1896 antiqui
2441 1857 2550 1888 Patricii
2561 1857 2594 1889 in

1493 1899 1573 1928 suum
1594 1908 1741 1928 numerum
1762 1905 1938 1937 acceperunt.

1473 1936 1507 1967 In
1521 1936 1714 1966 civitatemvel
1723 1937 1753 1965 in
1762 1937 1867 1965 urbem.
1889 1936 1946 1965 Cic.
1964 1946 1985 1965 1.
2010 1935 2066 1965 Off.
2088 1935 2144 1965 Liv.
2166 1945 2189 1973 3.
2210 1934 2243 1965 ab
2262 1932 2344 1964 Urbe.

1473 1974 1617 2013 Hospitio,
1642 1975 1718 2011 quod
1740 1976 1767 2004 ἃ
1792 1974 1926 2012 Recipere
1950 1973 2070 2011 hospitio
2089 1974 2198 2003 dicitur.
2230 1971 2315 2002 Plaut.
2339 1970 2438 2009 Amph.
2469 1981 2492 2001 ι.
2515 1980 2539 2000 1.
2561 1976 2588 2005 8.

1493 2013 1565 2056 Van.
1595 2013 1629 2042 de
1644 2012 1676 2042 R.
1692 2013 1725 2043 R.
1745 2012 1792 2042 lib.
1806 2021 1829 2051 3.
1851 2022 1911 2051 cap.
1923 2021 1948 2042 2.
1970 2011 2028 2043 Cic.
2047 2013 2100 2043 Att.
2121 2016 2204 2043 2-16.
2240 2009 2275 2042 Et
2294 2009 2414 2051 hospitio
2430 2009 2526 2049 agresti
2546 2018 2591 2038 ac-

1492 2061 1518 2080 ci
1541 2061 1636 2080 remus.
1788 2060 1791 2062 “

1472 2088 1506 2120 In
1520 2061 1614 2119 ldomo.
1636 2089 1708 2127 Virg.
1725 2098 1748 2126 3.
1776 2089 1838 2120 AEn.
1864 2098 1925 2128 353.

1564 2127 1630 2157 illos
1650 2128 1804 2166 porticibus
1813 2138 1869 2158 -rex
1893 2127 2046 2168 accipiebat
2061 2127 2091 2157 in
2108 2126 2215 2165 amplis.

1510 2165 1542 2196 ld
1554 2166 1608 2201 est,
1623 2166 1773 2204 Epulantes
1791 2166 1932 2196 tractabat.

1471 2204 1604 2242 Accipere
1623 2205 1704 2233 intro.
1728 2204 1758 2234 V.
1783 2213 1908 2234 1NTRO.

1471 2242 1598 2279 Aliquem
1609 2242 1707 2271 mediis
1719 2242 1866 2280 tapetibus.
1888 2241 1946 2272 Val.
1968 2241 2057 2272 Flacc.
2071 2242 2171 2279 Argon.
2193 2250 2218 2276 4.
2231 2244 2296 2276 487.

1471 2281 1621 2318 Accipere,
1644 2280 1758 2309 Gratum
1776 2280 1885 2310 habere.
1916 2280 1972 2310 Cic.
1988 2290 2012 2310 2.
2028 2280 2062 2309 de
2072 2279 2130 2309 Fin.
2165 2278 2236 2308 *Hoc
2255 2276 2303 2306 etsi
2321 2275 2416 2305 multis
2435 2273 2528 2304 modis
2547 2282 2590 2302 re-

1490 2319 1626 2356 prehendi
1644 2318 1749 2355 potest,
1772 2325 1866 2347 tamen
1888 2318 1996 2356 accipio
2014 2317 2090 2355 quod
2107 2317 2161 2346 dat.
2197 2316 2275 2345 Idem
2293 2324 2318 2344 2.
2340 2314 2376 2343 de
2394 2313 2471 2342 Orat.
2514 2311 2543 2341 Si
2560 2310 2589 2340 se
2607 2332 2610 2333 γ

1490 2357 1558 2385 dant
1570 2378 1577 2391 ,
1594 2358 1619 2386 ἃ
1632 2356 1678 2386 sua
1691 2356 1788 2394 sponte
1804 2355 1941 2386 inclinant
1954 2378 1962 2392 ,
1982 2362 2064 2393 atque
2073 2353 2252 2393 propendent
2261 2375 2269 2389 ,
2288 2352 2396 2390 accipio
2406 2350 2484 2390 quod
2493 2349 2585 2381 datur.

1470 2394 1620 2432 Accipere,
1646 2404 1696 2431 pro
1714 2394 1851 2424 Tractare.

1467 2432 1602 2470 Acmpere
1617 2432 1736 2469 aliquem
1753 2432 1783 2460 in
1800 2431 1926 2470 prandio.
1958 2430 2043 2460 plaut.
2069 2429 2168 2459 Cistell.
2192 2439 2215 2459 1.
2239 2439 2263 2459 1.
2292 2438 2334 2459 ιι.

1581 2486 1617 2491 —
1639 2471 1676 2499 ita
1690 2469 1800 2508 lepide,
1819 2470 1962 2506 nitideque
1983 2469 2012 2497 in
2033 2469 2151 2506 prandio

1508 2508 1642 2545 Accepisti
1656 2508 1730 2546 apud
1748 2514 1775 2536 te
1788 2530 1796 2541 ,
1817 2514 1848 2536 ut
1865 2507 1971 2545 semper
1994 2506 2210 2536 meminerimus.

1469 2545 1602 2583 Accipere
1621 2546 1756 2583 ampliter.
1776 2545 1863 2575 Plaut.
1883 2545 1970 2574 Merc.
1989 2543 2060 2574 Prol.
2083 2550 2128 2581 98.

1468 2583 1607 2621 Apparatu
1623 2585 1706 2621 regio.
1727 2583 1783 2612 Cic.
1805 2584 1899 2613 Somn.
1923 2583 1997 2619 Scip.
2014 2592 2037 2612 1.

1469 2621 1611 2659 Apparatis
1628 2621 1726 2659 epulis.
1744 2621 1800 2650 Liv.
1826 2630 1849 2658 3.
1872 2620 1940 2650 Bell.
1958 2620 2026 2649 Pun.

1469 2659 1673 2689 Admirabiliter
1690 2659 1819 2696 aliquem.
1843 2658 1900 2688 Cic.
1918 2659 1972 2687 Att.
1990 2657 2038 2686 lib.
2064 2667 2089 2694 ς.
2109 2667 2136 2692 4,

1468 2696 1552 2726 Bene.
1576 2697 1654 2726 ldem
1674 2701 1715 2726 16.
1740 2706 1761 2731 3.

1464 2734 1543 2764 Bene
1560 2736 1585 2765 ἃ
1601 2735 1757 2764 commode.
1778 2734 1864 2764 Plaut.
1888 2733 1975 2763 Calin.
2001 2743 2025 2770 5.
2053 2742 2076 2761 1.
2103 2741 2125 2761 1.

1464 2771 1635 2802 Clementer.
1657 2773 1713 2802 Cic.
1736 2776 1761 2802 6.
1788 2772 1862 2801 Verr.
1879 2776 1922 2805 86.

1469 2809 1601 2839 Comiter.
1624 2810 1680 2840 Liv.
1701 2822 1723 2846 5.
1743 2809 1810 2840 Bell.
1834 2808 1946 2839 Maced.

1469 2847 1607 2878 Cruciatu.
1631 2849 1716 2878 Plaut.
1732 2848 1826 2877 Pseud.
1847 2858 1870 2877 1.
1886 2860 1911 2883 4.
1932 2856 1979 2882 40.

1466 2884 1564 2915 Dictis.
1583 2886 1666 2916 Plaut.
1688 2886 1824 2916 Meuaech.
1849 2897 1870 2919 ς.
1898 2895 1920 2914 ι.
1941 2894 1966 2922 7.

1467 2922 1653 2954 Familiariter.
1678 2924 1764 2953 Plaut.
1788 2923 1886 2961 Amph.
1910 2933 1932 2952 1.
1952 2932 1975 2951 ι.
2005 2926 2065 2957 198.

1466 2960 1568 2991 Hilaro.
1588 2962 1645 2992 Cic.
1665 2962 1700 2991 de
1718 2962 1794 2991 Orat.
1810 2971 1836 2990 2.
1858 2970 1920 2997 290.

1467 2998 1553 3028 Hilari
1570 3001 1682 3037 ingenio
1703 2999 1862 3037 lepidoque.
1885 2997 1970 3027 Plaut.
1993 2994 2101 3026 Mostel.
2119 3004 2142 3024 1.
2155 3004 2179 3030 4.
2193 2996 2219 3023 6.

1465 3035 1590 3074 Indignis
1610 3038 1708 3067 modis.
1738 3038 1802 3067 Ter.
1820 3035 1896 3065 Adel.
1911 3045 1936 3065 2.
1962 3045 1984 3064 1.
2006 3044 2047 3063 12.

1466 3073 1561 3104 Lautc.
1581 3076 1646 3105 Hor.
1668 3085 1693 3105 2.
1717 3075 1770 3104 Sat.
1795 3080 1819 3108 8.
1842 3078 1885 3104 67.

1465 3112 1550 3142 Male.
1569 3113 1625 3142 Cic.
1647 3113 1720 3142 Fam.
1735 3122 1758 3149 7.
1781 3116 1824 3141 26.
1865 3110 1934 3141 lbid.
1953 3115 1981 3143 8.
2006 3119 2047 3138 ιι.

1465 3149 1541 3180 maie
1559 3151 1656 3180 verbis.
1676 3151 1737 3180 Cic.
1758 3150 1830 3179 Verr.
1853 3158 1875 3185 3.
1897 3159 1941 3184 40.
1965 3148 2034 3177 lbid.
2053 3157 2079 3182 4.
2109 3149 2150 3180 56.

1463 3187 1591 3226 Aliquem
1603 3211 1611 3224 ,
1631 3198 1696 3218 cum
1710 3187 1827 3217 Adverb.
1857 3196 1907 3224 pro
1923 3185 1996 3214 male
2010 3184 2139 3213 mule-are.
2158 3181 2243 3224 Plaut.
2259 3180 2358 3223 Amph.
2371 3189 2394 3209 1.
2407 3188 2430 3209 1.
2447 3187 2507 3214 129.

1557 3226 1614 3264 Ego
1626 3225 1673 3264 pol
1686 3232 1713 3255 te
1727 3226 1781 3255 istis
1791 3225 1845 3263 tuis
1857 3234 1907 3262 pro
1919 3223 1998 3252 dictis
2009 3224 2034 3252 δὲ
2045 3221 2115 3251 male
2129 3221 2216 3254 factis,
2225 3219 2346 3252 furcifer,
2363 3255 2368 3260 Ι

1558 3264 1705 3301 Accipiam.
1801 3263 1858 3291 Cic.
1878 3273 1904 3297 4.
1924 3260 2005 3289 Tusc.
2021 3270 2081 3297 cap.
2098 3263 2139 3294 36.
2156 3263 2225 3287 extr.
2248 3256 2287 3286 Ex
2299 3253 2431 3297 quorllud
2443 3253 2578 3295 laudatur.

1482 3301 1608 3339 Archytae
1624 3312 1630 3331 z
1653 3302 1699 3338 qui
1714 3310 1778 3330 cum
1786 3299 1880 3329 villico
1893 3299 1978 3328 sactus
1987 3298 2053 3327 ell'et
2065 3297 2166 3331 iratior,
2189 3295 2254 3331 Quo
2266 3302 2292 3323 te
2302 3292 2404 3328 modo,
2422 3297 2521 3328 inquit,
2535 3300 2581 3322 zic-

1483 3349 1514 3369 ce
1531 3340 1613 3368 'issem
1623 3361 1631 3374 ,
1659 3339 1710 3367 nisi
1724 3339 1806 3367 iratus
1822 3336 1904 3366 effem
1916 3337 1929 3364 ἵ)

1460 3375 1513 3406 Pro
1528 3378 1607 3406 ixius.
1629 3377 1693 3406 Ter.
1713 3376 1783 3406 Eun.
1804 3387 1827 3411 ς.
1851 3386 1876 3410 9.
1896 3384 1938 3410 52.

1462 3414 1585 3444 Peilime.
1612 3414 1670 3444 Cic.
1693 3414 1767 3444 Fam.
1794 3423 1834 3441 ii.
1859 3422 1899 3448 13.
1929 3411 1932 3420 “

1461 3452 1560 3481 Severe
1582 3453 1687 3482 facinus
1706 3451 1828 3489 aliquod,
1850 3459 1900 3487 pro
1918 3447 2027 3478 Ulcisci.
2051 3446 2109 3475 Cic.
2131 3455 2182 3484 pro
2193 3444 2283 3475 Coelio
2299 3452 2342 3479 54.

1461 3488 1655 3519 Vehementer.
1679 3489 1735 3518 Cic.
1756 3489 1808 3517 Att.
1828 3497 1869 3516 10.
1882 3491 1907 3516 6.
2357 3495 2360 3504 ¹

1459 3525 1634 3557 Verberibus.
1660 3528 1717 3556 Cic.
1740 3525 1821 3556 Tusc.
1843 3534 1869 3553 2.
1896 3534 1939 3560 34.

1460 3564 1609 3602 Accipere,
1626 3566 1660 3594 de
1672 3565 1798 3598 humore,
1819 3569 1866 3592 aut
1886 3561 2120 3602 liqiioredictum.
2136 3557 2206 3594 Virg.
2223 3567 2243 3586 1.
2265 3555 2327 3586 AEn.
2344 3556 2402 3583 126.

1602 3622 1647 3627 —--
1667 3602 1735 3631 laxis
1751 3601 1867 3630 laterum
1887 3598 2067 3636 compagibus
2080 3620 2087 3630 7
2106 3605 2203 3625 omnes

1535 3640 1683 3677 Accipiunt
1707 3640 1852 3668 inimicum
1872 3637 1997 3665 imbrem.
2078 3634 2140 3663 Hoc
2158 3634 2205 3668 est,
2230 3629 2404 3661 Contrahunt
2421 3636 2528 3666 aquam.

1498 3676 1540 3706 De
1556 3677 1670 3707 navibus
1691 3677 1821 3714 loquitur.
1848 3675 1914 3704 Plin.
1933 3673 2015 3711 Epist.
2037 3682 2098 3701 101.

1433 3738 1438 3742 .
1461 3714 1565 3751 Aquam
1582 3724 1637 3743 ore.
1667 3714 1734 3743 Plin.
1755 3714 1801 3743 lib.
1822 3723 1846 3749 9.
1873 3722 1931 3749 cap.
1955 3717 1995 3743 ιε.

1461 3751 1573 3780 Vocem.
1600 3751 1666 3781 Plin.
1691 3752 1737 3780 lib.
1758 3755 1798 3787 36.
1823 3760 1882 3787 cap.
1902 3760 1941 3785 ις.
1963 3748 2065 3778 Turres
2077 3746 2204 3783 septem,
2233 3749 2360 3781 acceptas
2376 3750 2459 3771 voces
2478 3748 2577 3769 nume-

1478 3789 1577 3818 mrim-e
1597 3789 1754 3826 repercuil'u
1782 3786 1976 3824 multiplicant.

1772 3821 2035 3861 [ιι-ροσωληκμεί(ᾢ”]
2055 3828 2086 3849 Ut
2105 3820 2190 3857 Regle
2203 3823 2342 3855 ssCCCPtUS.

1457 3865 1585 3902 Acceptze
1605 3874 1620 3893 a
1639 3864 1788 3899 majoribus
1805 3861 1947 3892 clientelae.
1975 3861 2032 3890 Cic.
2050 3858 2126 3888 Eam.
2143 3867 2185 3895 13..
2205 3860 2246 3892 ⁶5<
2424 3891 2576 3928 Accepmm

2028 1264 2043 1283 e
2062 1253 2153 1291 Arusp.
2176 1252 2256 1290 Resp.
2277 1263 2320 1288 50.
2341 1252 2432 1282 Velim
2443 1252 2479 1282 sic
2490 1252 2545 1281 hoc
2557 1252 2598 1282 vir
2650 1280 2653 1283 ,
