2641 4187
9 251 12 254 ’
49 239 81 272 B:
94 250 110 267 r}
123 252 144 267 iv
166 251 201 269 iN
213 251 229 270 o
239 251 258 269 N
271 263 280 275 ,
302 242 319 269 i.
340 252 366 270 n.
401 239 572 278 l'opulneuin
588 248 762 275 unguentum
784 242 798 277 [
812 243 944 276 αἰγείριινον,
958 243 969 278 ]

379 121 417 157 AE
513 123 548 157 G
645 123 661 157 Ι

49 199 83 234 JF„
95 212 111 230 o
123 212 129 230 i
140 213 153 230 a
166 213 197 238 A,
219 203 289 233 Urbs
301 203 484 234 interffssrolos
495 202 786 240 &Peloponnefiacos.
809 204 920 233 Author.
933 204 1027 243 Pomp.
1043 204 1090 233 lib.
1103 214 1127 234 2.

72 240 81 247 “
990 242 1115 271 Ruellius
1142 241 1160 270 l.
1181 251 1204 270 r.

85 282 146 313 tw.
168 289 226 313 1¹9·
257 275 437 315 Unguentum
453 276 646 314 populneum,
667 278 751 314 vulgo
774 278 926 315 Popiileiini
939 302 945 313 ,
969 280 1045 317 quod
1062 280 1207 316 lEgirinon

88 316 190 344 (iriecis
201 316 322 348 dicitur,
343 325 377 344 eir,
398 313 555 351 uvapopuli
570 337 578 348 ,
600 324 660 351 quae
676 315 763 352 bryon
775 316 830 350 est,
853 317 1208 353 coniiciturvernotempo.

88 362 133 387 re,
155 352 379 389 cumplurimum
393 352 531 389 gravis¹est
545 356 741 389 prregnansque
751 354 844 382 reliiia.
882 354 912 383 V.
933 355 1025 384 llerm.
1050 354 1206 383 ssarbiiruiii.

50 387 153 419 AEoiii
165 399 292 424 oassii,
314 400 344 419 ae.
366 390 383 418 f.
406 389 588 426 [Λὶίῖςόεσσοι]
609 389 757 427 Oppidum
774 388 892 421 JEolidis
912 392 941 421 in
962 392 1038 427 Asia,
1059 392 1138 427 cujus
1155 401 1211 421 me-

63 454 65 458 ,
89 427 170 455 minit
188 427 322 456 Herodot.
339 425 387 456 lib.
406 437 426 456 1.

51 462 109 494 Ilio
119 467 132 492 ῑ
143 474 157 492 R
167 474 183 492 o
194 475 205 493 s
215 486 223 499 ,
244 464 367 494 Dioscor.
397 462 527 500 [difien]
548 464 634 493 Arbor
648 466 707 501 qua}
718 464 815 494 Latine
829 465 949 503 Populus
972 467 1048 503 nigra
1059 465 1170 494 dicitur.

53 501 111 532 ΖΕΓ,
124 512 132 529 r
143 511 157 529 a
167 511 206 530 us
218 524 225 537 ,
247 504 261 538 [
275 501 379 538 ringo»
392 503 406 537 ]
429 501 513 530 Vicus
532 502 571 531 est
584 503 640 539 agri
651 502 834 540 Methymiiaei
845 525 852 537 ,
875 505 953 539 cujus
967 504 1097 534 meminit
1104 503 1211 538 Strabo,

93 537 139 567 lib.
157 548 197 575 13.

52 575 224 611 }Eciaus,
251 584 282 606 ut
306 587 340 606 ex
363 576 518 606 Plierenieo
535 576 617 605 refert
636 575 753 611 Caelius,
775 577 861 615 Oxyli
884 578 939 607 filia
961 578 1023 608 fuit.
1064 578 1119 607 Hic
1137 578 1214 606 enim

90 622 155 642 cum
176 614 369 653 Hamadryade
401 613 560 650 congressus
588 614 678 643 sorore
706 614 821 652 Caryam
844 617 960 651 genuit,
1000 626 1032 645 ac
1058 615 1190 645 Balaniini
1205 635 1212 648 ,

91 650 240 686 Granium,
261 653 382 686 Oream,
416 652 558 687 AEgirum,
594 651 735 686 Pteleum,
767 652 931 690 Ampelum,
958 655 1056 691 Sycani
1073 676 1080 687 ,
1108 663 1167 690 quae
1188 654 1214 682 Sc

91 688 299 727 Hamadryades
319 695 517 727 nuncupantur
530 690 680 727 nymphae:
702 688 814 719 unde&
833 691 976 720 arboribus
1000 691 1149 721 conciliata
1165 699 1214 718 no-

91 727 175 755 miiia.
209 726 333 758 Haecille
352 728 440 763 Antiq.
463 726 537 756 Leet.
560 733 601 761 18.
624 737 684 765 cap.
698 737 723 763 9.
745 736 779 756 ex
796 728 894 757 Athen.
907 729 924 758 l.
940 738 962 764 3.

54 763 172 799 AEois,
205 765 269 794 idis.
293 761 404 801 [οάφὲς]
436 765 511 802 apud
527 765 639 794 Graecos
663 765 735 794 varia
754 764 895 801 fignificat.
935 764 1086 796 Pelliceum
1101 771 1214 802 tegmen

92 800 167 838 quod
187 803 291 838 gestant
313 803 375 832 Afri.
418 802 549 832 Praeterea
570 803 653 832 maris
668 802 876 832 intumescentis
895 804 1000 838 undas,
1022 814 1053 833 ac
1068 810 1216 832 ventorum

38 875 41 877 .
90 839 409 878 procellas&turbines.
451 838 621 870 Aliimalunt
643 839 696 869 else
716 840 782 877 quid
797 850 812 869 e
835 842 946 870 coronis
967 848 1148 875 contextum,
1169 848 1217 869 aut

91 884 150 907 rete
168 887 203 907 ex
223 879 427 908 coronamentis
450 885 622 907 contextum.
663 877 723 906 Nec
743 877 856 913 desunt,
878 879 923 915 qui
943 886 1043 917 putent
1065 878 1216 915 significare

92 916 272 945 Sacerdotem
290 938 297 950 ,
320 926 379 953 qua:
390 917 503 945 Athenis
520 915 600 944 solita
613 916 644 944 fit
656 915 726 944 ferre
742 915 843 945 sacram
853 916 980 953 JEgidem
993 939 1000 951 ,
1023 919 1049 947 S:
1061 918 1097 946 ita
1108 916 1216 952 ingredi

93 953 129 982 ad
140 963 187 983 eos
199 955 246 991 qui
260 964 349 991 nuper
365 953 505 983 duxiss'ent
516 963 623 983 uxores.
664 954 783 991 Apparet
796 962 888 983 autem
907 954 934 983 in
958 955 1118 990 hujusmodi
1137 954 1216 983 sacris

93 991 213 1021 multum
230 991 458 1025 siiilselieentiae,
480 991 717 1028 quemadmodum
736 992 761 1020 Sc
783 992 858 1029 apud
878 992 1044 1022 Christianos
1064 992 1157 1022 multis
1175 992 1217 1020 in-

91 1029 176 1066 eptiis
197 1028 373 1058 celebrantur
390 1029 502 1066 nuptiae.
544 1028 624 1057 Unde
639 1028 743 1058 sactum
763 1029 801 1057 est
822 1030 1017 1067 proverbium,
1039 1031 1115 1067 AEgis
1129 1029 1213 1059 venit.

90 1067 182 1103 Quod
196 1068 294 1097 Suidas
313 1067 419 1096 indicat
431 1067 487 1096 dici
504 1066 614 1095 solitum
633 1063 667 1095 de
682 1066 716 1095 iis
733 1067 780 1103 qui
802 1067 957 1104 petulanter
980 1070 1005 1098 δι’,
1036 1067 1217 1105 impudenter

97 1114 218 1141 agerent.
260 1104 348 1134 Simul
362 1114 472 1142 quoque
486 1104 602 1133 al'lusum
617 1105 654 1133 est
669 1104 704 1133 ad
723 1105 884 1141 procellam.
923 1105 962 1142 Ex
977 1105 1081 1135 Erasini
1094 1104 1214 1135 Chiliad.

92 1145 123 1173 ἃ
140 1143 225 1172 Caelio
242 1143 332 1179 Antiq.
356 1142 430 1171 Lest.
450 1148 492 1176 18.
511 1152 542 1171 ea
566 1165 571 1171 .
593 1146 618 1171 6.
645 1143 672 1171 ἃ.
690 1152 751 1179 cap.
778 1148 818 1178 38.
854 1143 896 1172 Est
911 1143 970 1172 insu
993 1153 1022 1172 er
1042 1144 1134 1181 AEgis,
1150 1142 1218 1177 ,scu-

92 1181 155 1210 'tuni
172 1181 264 1217 Jovis,
299 1188 330 1208 ut
344 1178 422 1210 Iliad.
438 1190 465 1215 4.
501 1182 527 1209 ἃ
543 1152 678 1215 Palladis,
701 1186 732 1208 ut
742 1179 820 1209 Iliad.
837 1191 860 1215 5.
884 1154 1065 1211 desei-igitur:
1089 1181 1118 1210 in
1137 1181 1217 1215 cujus

94 1219 191 1248 medio
203 1224 260 1247 erat
278 1217 400 1247 Medusae
413 1217 555 1256 Gorgonis
565 1224 651 1254 caput
665 1240 672 1251 ,
693 1217 865 1255 serpentibus
876 1219 935 1247 vice
946 1220 1066 1248 crinium
1076 1218 1214 1248 terribile:

94 1256 171 1294 quod
191 1256 236 1293 qui
255 1254 450 1290 intuebantur,
470 1262 537 1284 mox
554 1258 583 1286 in
599 1255 706 1293 lapides
721 1255 898 1285 vertebantur
911 1278 920 1290 ,
942 1264 972 1286 ut
995 1258 1071 1286 canit
1090 1256 1174 1286 Ovid.
1188 1267 1214 1292 4.

94 1294 165 1324 Met.
177 1294 211 1322 ad
224 1293 318 1322 finem.
359 1293 469 1322 Servius
480 1316 488 1327 ,
509 1294 584 1332 AEgis
595 1295 706 1331 proprie
717 1293 754 1322 est
763 1294 970 1323 munimentum
983 1294 1103 1332 peeloris
1116 1304 1217 1323 aereum

93 1341 112 1361 a
127 1329 251 1361 Vulcano
270 1330 433 1360 fabricatum
446 1353 454 1366 ,
475 1331 580 1361 liabens
592 1332 622 1360 iri
638 1331 732 1360 medio
752 1332 888 1368 Gorgonis
910 1340 1010 1369 caput:
1033 1332 1107 1369 quod
1127 1333 1219 1361 inuni-

94 1376 223 1398 mentum
235 1368 255 1397 si
274 1369 304 1398 in
319 1370 431 1405 pectore
442 1370 567 1399 numinis
580 1369 676 1404 fuerit,
698 1370 761 1406 aegis
775 1376 889 1398 vocatur
902 1380 908 1399 :
946 1371 973 1399 V.
997 1370 1047 1400 Sil.
1063 1381 1087 1404 9.
1101 1381 1164 1406 444.
1190 1372 1218 1399 Sc

94 1406 252 1437 Broeclihus.
271 1407 306 1436 ad
317 1407 439 1444 Propert.
451 1411 550 1437 22.60.
606 1407 635 1436 Si
649 1407 678 1436 in
707 1409 799 1436 enstore
815 1407 952 1441 hominis,
976 1408 1044 1438 ficut
1055 1409 1083 1437 in
1098 1408 1218 1445 antiquis

91 1445 300 1512 {InpesatorunV
307 1444 556 1512 Ιῖᾱῖιιίᾖνίἀειηιῗ,
576 1444 662 1474 lorica
698 1445 789 1474 icitur.
811 1444 884 1483 Virg.
895 1451 923 1481 8.
938 1446 1001 1476 AEn.
1023 1455 1085 1483 352.
1099 1447 1151 1476 &c-

120 1492 169 1511 oru
183 1491 257 1512 cans.
302 1493 316 1511 a
329 1492 366 1511 er.
412 1492 452 1511 ac.
485 1506 491 1512 .
536 1494 548 1512 r
567 1493 612 1512 on.
627 1493 636 1511 i
679 1505 687 1512 .

92 1519 225 1563 Cruenta.
248 1520 345 1550 Claud.
364 1530 387 1556 3.
401 1518 436 1549 de
446 1494 526 1560 Rssipt.
545 1492 679 1558 Proferri.4
689 1530 699 1558 3
708 1529 718 1556 3
728 1530 753 1558 ς.

93 1557 188 1588 furva.
211 1557 308 1587 Claud.
321 1564 346 1592 8.
367 1561 427 1593 1:63.

94 1595 174 1626 Irata.
197 1595 294 1626 Claud.
308 1606 331 1633 3.
351 1596 386 1625 de
396 1596 476 1634 Rapt.
491 1595 610 1634 Proserp.
624 1599 669 1626 60.

93 1633 222 1672 Nigrans.
245 1633 318 1672 Virg.
331 1639 357 1668 8.
379 1634 440 1664 AEn.
464 1643 526 1670 354.
642 1651 680 1656 —
701 1634 820 1664 Arcades
838 1632 930 1672 ipsum

176 1671 302 1701 Credunt
320 1671 346 1700 se
364 1671 460 1701 vidisse
474 1672 573 1708 Jovem
583 1693 591 1707 ,
612 1681 678 1701 cum
688 1671 758 1710 saepe
771 1673 927 1709 nigrantem

175 1709 274 1747 ffigida
293 1710 468 1745 concuteret,
490 1710 589 1739 dextra
598 1707 765 1747 nimbosque
778 1711 873 1740 cieret.

113 1747 232 1779 Sonans.
254 1747 323 1777 Hor.
345 1757 369 1784 3.
390 1747 446 1777 Od.
461 1758 488 1783 4.
507 1757 549 1783 57.

155 1785 257 1815 Contra
271 1784 416 1815 sonantem
431 1783 548 1815 Palladis
567 1785 663 1823 aegida.

97 1823 239 1854 Terrifica.
260 1823 433 1853 Valer.F1ae.
451 1827 478 1853 6.
500 1824 599 1860 Argon.
609 1833 656 1860 35.

85 1861 183 1899 affigis,
197 1861 400 1891 Ornamentum
414 1861 677 1902 pectorale,Polliici
689 1859 737 1890 lib.
756 1871 780 1898 ς.
793 1869 852 1899 cap.
873 1864 914 1890 16.
937 1860 1220 1896 Ovid.au'tem‚Ren'i.

119 1901 211 1929 Amor.
222 1909 248 1929 v.
263 1903 324 1936 346.
346 1900 475 1937 AEgidem
487 1899 610 1938 appellat
623 1908 744 1937 gemmas
760 1901 786 1930 δι
800 1899 853 1930 alia
869 1899 1031 1935 huiusmodi
1041 1900 1221 1935 ornamenta,

115 1937 218 1975 quibus
230 1937 435 1967 deformitatem
446 1944 544 1975 tegunt
556 1937 692 1967 mulieres.
863 1968 868 1974 ,

154 1975 309 2006 Auferimur
322 1975 415 2010 cultu:
439 1976 610 2013 gemmisque
623 1985 745 2012 auroque
761 1980 894 2012 teguntur

210 2013 328 2043 Omnia:
350 2011 412 2052 pars
426 2013 542 2043 minima
558 2013 596 2042 est
620 2013 677 2051 ipsa
690 2012 785 2052 puella
801 2012 850 2043 sui.

154 2051 251 2090 Saepe,
270 2051 320 2081 ubi
337 2051 369 2080 sit
384 2052 460 2089 quod
473 2061 562 2086 aines,
584 2051 656 2080 inter
671 2058 726 2080 tam
744 2050 832 2080 multa
847 2051 983 2090 requiras:

210 2088 324 2128 Decipit
338 2089 390 2119 hac
403 2088 499 2120 oculos
515 2089 603 2127 aegide
620 2090 698 2118 dives
716 2098 800 2118 amor.
910 2089 997 2127 idque
1017 2088 1217 2126 metaphorice.

98 2127 131 2159 ΖΕ
151 2126 417 2194 is'l'ssrbmissitarids
432 2127 555 2156 foeminae
573 2126 705 2157 medulla.
728 2126 797 2156 Plin.
816 2126 865 2156 lib.
878 2131 920 2157 16.
932 2137 992 2165 cap.
1015 2136 1058 2164 39.
1078 2136 1115 2157 ex
1128 2127 1223 2156 Theo-

160 2175 495 2195 r.i..i.c.10.
1071 2191 1076 2194 .

58 2203 95 2235 ΞΕ
101 2176 141 2271 lq}
151 2214 163 2233 s
172 2203 189 2233 ὅ
198 2175 268 2270 rsko}
278 2225 286 2238 ,
314 2175 499 2239 [αᾶἠὲξυῶν]
520 2202 595 2233 Hinc
606 2202 767 2240 AEgisonum
777 2204 874 2241 peetus
884 2202 1024 2233 Palladis(
1033 2201 1122 2232 Valet.
1147 2201 1220 2231 Flac.

114 2242 188 2271 “.,
231 2245 409 2275 ron.v.88.
919 2271 922 2274 ,

60 2251 286 2313 ZEG153Tiiugs,
309 2279 324 2308 i.
348 2289 385 2308 m.
409 2277 581 2315 [Α’ίνιθῶι]
601 2277 729 2316 Thyestis
739 2276 811 2307 filius
826 2287 861 2307 ex
881 2277 1010 2316 Pelopeia
1020 2278 1084 2307 filia.
1124 2277 1224 2315 Pelops

99 2316 296 2353 enim-Tantali
307 2316 431 2354 Phrygiae
448 2315 518 2354 regis
535 2315 721 2354 &Thaygetae
739 2314 810 2346 filius
822 2338 829 2350 ,
855 2325 891 2345 ex
910 2316 1101 2354 Hippodamia
1112 2316 1224 2345 Atreum

100 2357 127 2386 ἃ
146 2355 295 2399 Thyestem
324 2354 447 2389 sustulit,
470 2354 533 2384 Pelo
556 2354 651 2383 onnesi
677 2355 753 2392 prius
767 2377 775 2389 ,
796 2354 899 2383 deinde
926 2354 1109 2391 Mycenarum
1135 2357 1220 2390 reges.

968 1708 1001 1740 V.
1021 1710 1096 1740 Serv.
1113 1710 1143 1739 in
1162 1708 1218 1740 loe.

99 2389 183 2423 Porro
198 2392 231 2423 iis
249 2392 405 2422 alternatim
423 2392 539 2422 adminil
566 2392 675 2421 antibus
696 2392 753 2428 (sic
772 2392 848 2421 enim
867 2393 939 2420 inter
955 2402 1003 2421 eos
1029 2392 1223 2427 convenerat)

99 2431 234 2469 Thyestes
251 2441 316 2460 cum
335 2430 417 2460 sciret
433 2433 551 2468 regnum
575 2430 661 2468 penes
680 2440 746 2459 eum
760 2430 836 2459 fatali
855 2429 1032 2467 dispofitione
1051 2428 1218 2464 mansurum,

98 2470 149 2508 qui
172 2470 284 2498 arietem
309 2467 419 2498 velleris
439 2469 514 2498 aurei
528 2467 659 2503 haberet,
685 2477 768 2506 quem
785 2470 881 2497 Atreus
894 2468 996 2505 regiam
1014 2467 1146 2505 ingressus
1162 2466 1225 2496 dili-

98 2514 196 2545 genter
223 2505 412 2541 custodiebat,
445 2513 574 2544 corrupta
595 2507 702 2543 Aerope
733 2506 806 2535 Atrei
828 2515 915 2534 uxore
932 2527 939 2540 ,
969 2506 1118 2543 imperium
1139 2505 1174 2534 ad
1196 2504 1223 2534 se

99 2545 240 2575 transferri
258 2544 335 2582 posse
355 2545 498 2582 judicavit.
541 2544 640 2581 Itaque
661 2545 780 2582 stuprata
802 2543 891 2572 fratris
906 2543 1043 2582 conjuge,
1067 2544 1138 2573 duos
1152 2543 1224 2572 filios

100 2593 138 2613 ex
159 2593 191 2612 ea
212 2582 319 2612 sustulit
331 2605 338 2618 ,
369 2581 520 2612 Tantalum
535 2583 562 2612 «Sc
577 2581 751 2611 Plisthenem.

98 2616 250 2659 Thyestem
265 2630 350 2658 tegno
369 2620 486 2658 expulit.
541 2620 596 2649 Sed
612 2619 696 2658 paulo
714 2619 775 2658 post
796 2619 922 2648 simulato
940 2619 1030 2648 reditu
1045 2620 1075 2647 in
1092 2620 1222 2656 gratiam,

100 2664 168 2689 'eum
180 2659 214 2688 ab
228 2658 313 2688 exilio
330 2659 478 2688 revocavit,
527 2657 579 2687 Cui
599 2658 713 2686 tandem
727 2657 877 2687 Tantalum
900 2659 927 2686 Sc
942 2656 1108 2686 Plisthenem
1123 2657 1224 2695 partim

100 2696 209 2732 elixos,
236 2697 337 2734 partim
352 2696 440 2732 assos,
471 2705 529 2725 non
553 2695 643 2725 solum
662 2695 790 2733 apposuit
810 2693 964 2733 epulandos
976 2717 984 2729 ,
1011 2694 1058 2725 sed
1081 2695 1164 2724 etiam
1180 2705 1226 2723 eo-

103 2745 166 2765 rum
190 2734 237 2763 san
266 2734 352 2764 iinem
375 2735 441 2763 vino
458 2734 628 2772 permixtum
644 2733 822 2772 propinavit,
853 2733 988 2769 allataque
1014 2742 1110 2761 eorum
1134 2733 1227 2765 capita

102 2772 165 2811 post
187 2782 241 2810 epu
254 2782 281 2802 as
308 2771 437 2802 ostendit.
506 2771 592 2811 Quod
612 2770 700 2800 scelus
729 2782 764 2800 ne
793 2771 922 2805 videret,
951 2770 1001 2799 Sol
1025 2770 1133 2799 cursum
1153 2768 1226 2800 retro

103 2809 187 2849 egisse
206 2810 299 2840 fertur.
349 2811 384 2840 At
399 2819 465 2839 vero
484 2816 540 2839 tam
556 2810 637 2847 impii
655 2809 785 2838 facinoris
804 2819 868 2838 cuin
884 2808 1017 2846 Thyestes
1037 2819 1052 2837 a
1070 2806 1123 2837 diis
1145 2808 1226 2838 ultio-

103 2857 171 2878 nem
189 2848 360 2885 exquireret,
390 2847 532 2886 respondit
547 2847 648 2885 Apollo
671 2847 747 2885 poffe
773 2847 827 2876 alio
842 2846 943 2875 scelere
964 2847 1022 2881 eiu‘s
1039 2846 1147 2876 sceleris
1167 2848 1228 2876 vin-

104 2886 197 2915 dicem
221 2885 312 2929 nasei,
333 2886 353 2915 fi
369 2896 434 2915 cum
451 2884 581 2924 Pelopeia
599 2884 654 2914 filia
677 2885 886 2914 concumberet.
924 2879 990 2920 Quo
1011 2886 1132 2922 peracto,
1145 2890 1227 2914 natus

104 2924 144 2954 est
158 2933 243 2963 puer:
266 2933 314 2961 qui
330 2934 346 2953 a
359 2927 447 2953 matre
463 2932 578 2962 propter
599 2923 799 2952 conscientiam
819 2923 958 2958 abjectus,
980 2921 1110 2952 uberibus
1133 2930 1227 2951 tamen

104 2971 195 2999 caprae
219 2961 357 2997 nutritus,
386 2971 421 2991 ex
444 2962 482 2991 rei
503 2967 606 2991 eventu
629 2961 766 2997 ffigistlius
792 2962 830 2990 est
847 2959 1010 2998 appellatus.
1049 2960 1102 2995 (V.
1125 2960 1225 2992 IElian.

105 2999 168 3029 Var.
181 2999 248 3029 Hist.
265 3009 306 3029 12.
321 3000 378 3036 42.)
397 2999 451 3029 Hic
464 3009 529 3028 cuni
540 2998 710 3034 adolevisset,
723 3000 836 3028 Atreum
857 2998 980 3027 occidit:
1003 2998 1030 3027 δέ
1045 2998 1229 3035 Agamemno-

104 3047 171 3067 nem
191 3038 250 3071 eius
272 3036 362 3067 filium
384 3047 419 3067 ex
452 3037 527 3066 bello
554 3035 677 3073 Trojano
702 3035 865 3066 redeuntem
886 3036 1045 3067 interemit,
1078 3036 1228 3072 adjuvante

105 3074 306 3113 Clyteinnestra
325 3085 428 3111 uxore,
449 3085 510 3113 quae
530 3082 595 3104 cum
619 3075 742 3112 AEgistho
763 3075 900 3104 adulterio
925 3072 1112 3103 consueverat.
1168 3074 1228 3112 Ipse

104 3113 220 3144 tandem
239 3113 375 3151 IEgisthus
395 3111 429 3142 ab
455 3113 551 3143 Oreste
578 3111 797 3150 ,Agamemnonis
818 3111 877 3142 filio
902 3116 1063 3149 peremptus
1083 3111 1139 3147 est,
1180 3122 1230 3141 ne..

106 3159 170 3188 „ceni
190 3151 275 3189 patris
292 3150 450 3181 ulciscente.
491 3151 559 3180 Haec
575 3150 630 3180 late
646 3150 776 3180 describit
788 3150 894 3180 Seneca
907 3150 936 3178 in
950 3149 974 3178 T
977 3149 1061 3186 hyest.
1080 3150 1106 3178 Sc
1124 3149 1228 3180 rursum

104 3189 136 3219 in
145 3192 238 3227 Agam.
251 3188 373 3218 Lastant.
389 3198 499 3226 quoque
513 3189 543 3218 in
553 3188 603 3218 lib.
615 3199 641 3223 4.
661 3188 798 3218 Thebaid.
813 3188 915 3226 Hygin.
927 3187 990 3217 Fab.
1001 3193 1044 3223 84.
1066 3186 1154 3224 seseq.

109 3227 246 3264 ffigisthus
262 3226 379 3262 adulter,
395 3225 553 3256 desidiosus.
577 3226 661 3255 Ovid.
673 3225 708 3255 de
719 3226 798 3256 Rem.
812 3227 903 3255 Amor.
919 3229 980 3254 161.

105 3265 243 3302 AEgistlius
253 3264 449 3302 Thyestiades,
469 3265 534 3302 quia
543 3264 671 3302 Thyestis
682 3263 763 3293 silius.
787 3264 870 3293 Ovid.
893 3273 918 3293 2.
932 3263 967 3292 de
981 3262 1044 3292 Arte
1057 3262 1116 3291 Am.
1182 3297 1185 3300 ι

106 3302 240 3340 AEgistum
252 3302 282 3332 C.
295 3302 428 3332 Caesarem
440 3312 553 3340 gemens
568 3303 594 3332 &
606 3302 834 3339 indignabundus
844 3301 992 3338 Pompeius
1001 3309 1100 3329 vocare
1116 3298 1228 3329 solebat.

125 3340 201 3370 Suet.
209 3340 239 3370 in
252 3340 317 3370 Caes.
332 3350 392 3379 cap.
408 3352 451 3376 50.
492 3340 741 3377 Quemadmodum
748 3341 824 3369 enim
838 3339 975 3376 ffigistlius
987 3347 1052 3367 curn
1071 3336 1233 3380 Clytemne-

125 3378 178 3408 stra
187 3388 274 3408 uxore
284 3379 500 3416 Agamemnonis
517 3378 617 3408 summi
633 3378 791 3407 Graecorum
808 3376 981 3415 imperatoris
1000 3375 1231 3405 consuetudinem

126 3414 225 3445 habuit
238 3416 382 3452 adulterii,
403 3416 439 3445 sic
449 3413 539 3452 Julius
550 3415 637 3446 Cazsar
657 3415 783 3445 Muciam
795 3422 911 3445 uxorem
921 3414 1046 3451 Pompeii
1059 3413 1159 3442 summi
1178 3412 1233 3442 Ro-

126 3461 215 3486 manae
225 3454 331 3484 militiae
347 3455 427 3484 ducis
436 3453 555 3483 absentis
570 3454 706 3483 adulterio
720 3453 852 3493 corrupit.
886 3453 978 3489 Quam
994 3458 1141 3490 propterea
1151 3451 1233 3490 re'pu-

127 3491 369 3530 diavitPompeius
385 3502 391 3521 :
414 3493 529 3530 quanvis
538 3501 573 3521 ex
584 3492 681 3526 caiam
690 3498 744 3521 tres
761 3491 862 3520 libero:
873 3489 1024 3519 sustulisset.

74 3527 107 3561 ΞΕ
115 3539 133 3558 c
142 3540 151 3558 1
160 3539 180 3558 ‘r
190 3540 209 3559 H
218 3540 238 3559 A
246 3541 263 3558 L
272 3540 288 3558 0
298 3540 321 3565 s,
342 3531 404 3559 Avis
422 3530 461 3559 est
469 3530 491 3559 a*
506 3529 545 3559 'u'd
552 3529 735 3565 Aristotelem,
756 3539 815 3567 quae
826 3539 840 3557 a
850 3528 1003 3558 Theodoro
1015 3527 1095 3556 Parus
1106 3527 1233 3558 vertitur.

111 3567 234 3634 {carmos
243 3568 273 3597 in
285 3567 353 3597 Plin.
391 3568 453 3597 Avis
470 3578 485 3597 e
527 3568 642 3597 inimica
656 3567 764 3606 apibus.
788 3566 892 3597 Aristot.
910 3564 946 3595 de
962 3565 1026 3595 Nat.
1037 3564 1155 3594 Animal.
1169 3571 1194 3599 8.
1206 3574 1230 3602 3.

158 3616 182 3641 9.
199 3615 241 3641 14.
263 3607 290 3635 Sc
328 3616 355 3635 0.
601 3631 604 3636 ,

74 3642 274 3678 AEci‘rnus,
295 3616 359 3673 isvis
368 3643 484 3672 minima
497 3665 505 3678 ,
527 3642 638 3672 diffidet
646 3652 712 3672 curri
721 3642 803 3672 asino.
825 3641 895 3671 Plin.
910 3640 960 3670 lib.
978 3650 1020 3669 10.
1035 3650 1096 3678 cap.
1106 3649 1151 3678 742
1173 3640 1234 3678 Spi-

111 3681 185 3714 netis
200 3681 277 3710 enim
289 3681 316 3710 se
332 3681 462 3715 scabendi
482 3680 561 3710 causa
580 3684 716 3716 atterens,
733 3681 817 3710 nidos
836 3680 896 3714 ejus
916 3677 1045 3717 dissipat:
1068 3678 1145 3715 quod
1162 3679 1233 3708 adeo

111 3724 209 3756 pavet,
230 3727 261 3748 ut
271 3728 341 3748 voce
356 3719 474 3748 omnino
484 3719 610 3748 rudentis
624 3718 718 3748 audita
731 3740 739 3753 ,
763 3728 815 3747 ova
831 3717 933 3753 ejiciat,
972 3715 1020 3745 ulli
1034 3715 1082 3753 ipsi
1099 3723 1176 3746 metu
1191 3726 1235 3745 ca-

111 3755 188 3785 dant.
224 3756 309 3793 Igitur
324 3756 459 3786 aduolaris
470 3778 478 3791 ,
499 3755 593 3787 ulcera
605 3757 665 3792 ejus
678 3756 763 3785 rostro
779 3761 901 3785 excavat.
965 3761 981 3783 e
993 3753 1077 3792 paulo
1090 3754 1168 3792 post,
1189 3754 1234 3784 IE-

110 3793 222 3831 githum
238 3803 304 3824 vero
317 3793 496 3825 odit'Ai'ithus
516 3794 663 3823 intantum
679 3817 687 3829 ,
708 3801 740 3823 ut
756 3793 917 3830 sanguinem
927 3801 1024 3821 eorum
1043 3791 1159 3822 credant
1175 3801 1233 3821 non

112 3831 195 3860 eoire.
217 3828 235 3860 i.
258 3841 281 3860 e.
304 3831 477 3861 commisceri
486 3831 636 3870 nonpoise.
650 3832 726 3861 Arist.
739 3831 804 3861 Hist.
816 3831 906 3864 Anim.
924 3840 950 3865 9.
966 3840 989 3859 1.
1007 3828 1113 3860 Eberus
1127 3831 1153 3860 δι
1167 3830 1236 3859 Peu-

112 3877 191 3898 cerus
200 3868 342 3906 AEgithum
352 3871 586 3908 interpretantur,
607 3869 657 3900 nisi
674 3880 707 3900 ea
719 3879 785 3901 vero
796 3868 923 3899 Linaeria
940 3867 1022 3898 rubra
1038 3867 1085 3898 est.
1118 3868 1232 3906 Gybert.

112 3904 263 3944 Longolius
274 3908 393 3938 eandem
403 3908 470 3938 facit
483 3907 625 3939 Curuceae.
1230 3909 1234 3913 ‘

809 2581 895 2618 Quod
914 2581 961 2610 ubi
980 2581 1087 2610 rescivit
1106 2582 1223 2617 Atreus,

1665 128 1964 165 AEGY
2382 139 2423 178 85

1265 208 1445 273 AEg·T'-r'³'1-
1459 207 1544 275 οιὰἠὶπς
1566 210 1720 239 Dioscoridi
1733 233 1740 245 ‚
1772 210 1865 240 Herba
1877 211 1914 240 est
1927 233 1936 246 ‚
1958 221 2018 248 qua:
2038 214 2145 243 notiore
2167 215 2282 245 nomine
2296 217 2432 253 Anagallis

1327 254 1414 275 retnis.
1433 258 1464 282 ku
1476 258 1493 276 u
1507 254 1515 276 3

1267 282 1326 312 Trln
1338 288 1348 310 'i'
1360 294 1374 310 i:
1387 295 1404 311 xi
1416 306 1422 316 .
1445 287 1454 319 [V
1472 286 1588 321 Αἰγῶν]
1610 285 1757 322 Oppidum
1777 285 1886 315 Achaiae
1899 308 1906 319 ,
1929 296 1989 322 qua:
2007 287 2044 315 est
2062 289 2088 316 in
2110 289 2315 326 Peloponneso,
2337 292 2433 326 quoin

1289 319 1474 362 ἢ1οι;<),Ιυκςιη
1493 333 1594 360 acapra
1606 324 1740 351 nutritum
1753 323 1845 352 seruiit
1857 345 1865 357 ‚
1887 323 1962 352 unde
1976 325 2082 361 oppido
2092 336 2204 355 nomen.
2227 328 2312 356 ¹Strui).
2325 327 2372 356 lib.
2387 334 2412 362 8.

1269 356 1395 422 Augila,
1418 368 1454 387 es.
1478 360 1495 388 f.
1518 360 1649 396 [Αἰγλκ]
1671 361 1810 398 Nympha:
1825 361 1954 396 Nomen,
1975 362 2045 391 sniis
2060 373 2093 391 ex
2106 364 2203 393 Neaera
2219 365 2291 394 filiie.
2315 366 2384 403 Virg.
2406 370 2432 396 6.

1329 404 1344 422 c
1359 417 1363 422 .
1375 404 1418 423 21.

1358 468 1362 473 .
1381 432 1457 468 J'Egle
1472 434 1607 463 Naiadum
1628 435 1822 472 pulcherrima.
1866 435 1963 465 Latine
1990 438 2186 467 iiiterirctatur
2205 439 2351 476 Splendor.
2392 441 2435 470 Est

1327 474 1410 510 ctiam
1428 469 1510 511 lama*
1522 481 1633 500 nomen.
1657 473 1726 501 ltem
1743 475 1836 503 Genus
1855 473 1923 503 ludi.
1955 474 2010 503 Sed
2029 476 2053 504 a&
2074 475 2304 512 ’lant-nizrgcmis.
2322 477 2435 507 testibus

1328 505 1492 547 l'aiilaiiiia&
1506 506 1626 537 Cratino.
1667 510 1821 539 Fuitetiam
1836 522 1888 540 tina
1906 511 2091 549 Hesperidum
2110 514 2128 545 „H
2145 514 2187 548 ule
2199 536 2206 547 ,
2228 514 2282 543 filiu
2302 515 2414 552 Hesperi
2426 538 2434 550 ,

1330 551 1519 584 curatrixxuna
1534 555 1598 573 cuin
1613 545 1750 576 sororibus
1765 548 1914 578 lliirtoium
1939 550 1965 577 iri
1983 547 2169 587 Mauritania,
2192 551 2220 579 in
2237 552 2335 588 quibus
2355 562 2435 582 aurea

1329 579 1598 610 malanalcebuntur.
1641 584 1670 612 V.
1696 585 1794 620 lligiii.
1818 588 1955 622 prtioem'io
1977 587 2039 616 fab.

1272 615 1331 645 IEc
1343 627 1358 643 i.
1369 626 1381 644 iz
1392 625 1404 645 s
1419 639 1426 649 ,
1449 628 1489 660 ze...
1502 629 1537 647 m.
1553 619 1671 661 'Nomen
1693 621 1800 651 athleta:
1818 625 1961 656 cuiusdam
1973 625 2077 658 Samii,
2099 626 2145 661 qui
2158 635 2245 662 quum
2264 633 2357 655 mutus
2369 627 2436 656 ell'er.

1310 661 1390 696 antea
1410 656 1435 683 ἃ
1452 660 1583 697 elinguis,
1613 666 1726 693 repente
1746 659 1820 696 loqui
1837 663 1934 699 coepit.
1964 662 2036 692 Gell.
2059 662 2107 691 lib.
2126 674 2149 698 5.
2173 673 2234 701 cap.
2252 674 2276 698 9.
2300 665 2325 693 δι’
2349 664 2433 693 Valet.

1311 691 1487 720 Nax'midib.
1508 703 1530 721 i.
1552 703 1612 730 cap.
1637 699 1662 726 8.
1682 703 1736 723 ext.
1752 708 1777 731 4.

1273 727 1456 770 JEGi.i‹:·1¹1‡.⁴s
1474 751 1481 763 ,
1513 739 1542 758 ze.
1567 741 1602 758 m.
1626 731 1761 774 Apollinis
1781 744 1956 771 cognomen,
1978 747 2033 773 quo
2048 737 2202 768 celebratur
2215 737 2245 766 in
2267 739 2381 776 Anaphe
2396 740 2437 768 in-

1311 765 1376 794 sula.
1418 765 1480 795 Vid.
1501 763 1587 805 Apoll.
1609 769 1707 804 Argon.
1726 769 1773 798 lib.
1797 783 1822 805 4.
1846 782 1870 801 V.
1893 778 1970 809 1716.

1272 803 1332 845 AEo
1343 813 1361 832 o
1371 813 1411 832 cr.
1421 814 1434 832 P
1445 813 1462 832 Η
1475 814 1491 832 Α
1502 815 1519 847 J.
1529 816 1545 833 o
1556 814 1583 847 s,
1607 805 1622 833 i.
1646 815 1681 833 m.
1703 806 1765 835 Avis
1774 809 1810 836 est
1822 808 1893 838 liene
1904 812 2019 839 omnino
2034 822 2139 842 carens.
2178 814 2314 843 Autliores
2329 815 2435 843 Arillot.

1312 839 1360 870 lib.
1377 851 1399 869 1.
1421 841 1455 870 Et
1470 839 1598 871 Plin.lib.
1619 852 1659 871 11.
1685 852 1744 879 cap.
1758 853 1799 881 37.
1823 846 1970 884 Capriceps
1990 851 2111 878 verritur.

1272 878 1504 914 AEcocizssas,
1528 880 1587 909 atis.
1611 889 1638 908 n.
1661 879 1908 915 Foenuiiigriecuiii.
1932 884 1998 913 l’lin.
2013 885 2058 914 lib.
2073 897 2115 921 24.
2134 897 2192 917 tan.
2206 888 2255 917 ult.
2278 889 2438 918 Necsoeno-

1312 924 1401 953 graeco
1422 918 1514 960 nii-rior
1533 917 1703 952 authoritas,
1725 919 1896 960 quod'l'eliii
1921 930 2035 956 vocant,
2057 924 2101 952 alii
2117 920 2257 962 Carphos:
2280 927 2362 961 aliqui
2386 928 2441 956 llu-

1313 963 1388 983 ceras
1405 964 1413 998 ².
1433 955 1782 998 aliiJEgocerais,quoniiini
1801 958 1950 1000 corniculis
1967 958 2058 989 semen
2072 963 2107 990 cll
2122 962 2223 992 limile:
2239 974 2289 992 iios
2305 964 2435 994 Siliciani.

1273 991 1307 1023 ΗΞ
1317 1002 1334 1019 c
1347 1002 1363 1019 o
1373 1002 1389 1020 c
1400 995 1414 1021 i:
1425 999 1466 1036 iro
1476 1003 1502 1028 s,
1526 995 1579 1022 [itis
1598 993 1641 1022 vel
1665 995 1736 1023 ῦῑοε.
1756 1003 1794 1023 ni.
1818 995 1832 1030 [
1845 996 1979 1031 culparem.
1994 996 2008 1030 ]
2021 996 2116 1026 Latine
2129 1000 2228 1030 dicitur
2241 1002 2438 1039 capricornus,

1311 1028 1421 1059 Lucret.
1438 1029 1485 1059 lib.
1506 1042 1528 1064 ς.
1555 1034 1618 1066 614.

1386 1067 1446 1096 Nec
1467 1069 1535 1097 ratio
1554 1068 1616 1097 solis
1639 1068 1754 1106 simplex
1774 1078 1806 1098 ac
1828 1071 1901 1098 reela
1917 1070 2047 1107 patescit,

1386 1105 1453 1141 Quo
1470 1106 1552 1143 paeto
1575 1106 1672 1135 astivis
1691 1116 1706 1134 e
1728 1106 1852 1144 partibus
1876 1107 2046 1143 AEgocerotis

1384 1142 1526 1173 Brumales
1541 1143 1623 1173 adeat
1641 1144 1745 1173 flexus:
1769 1152 1851 1182 atque
1869 1146 1934 1173 inde
1955 1153 2093 1176 revertens
2110 1169 2117 1182 ,

1385 1180 1514 1211 Canceris
1535 1188 1564 1211 ut
1577 1188 1664 1211 metas
1682 1189 1770 1211 vertat
1787 1182 1811 1211 se
1830 1182 1865 1211 ad
1879 1182 2038 1212 solstitiales.
2135 1184 2217 1216 Hunc
2229 1187 2343 1225 Jupiter.
2362 1190 2438 1226 quod

1310 1227 1378 1248 cum
1393 1228 1429 1247 eo
1445 1227 1503 1248 erat
1518 1220 1635 1249 nutritus
1650 1242 1657 1254 ,
1680 1220 1753 1248 inter
1768 1220 1853 1249 lidera
1869 1219 2051 1250 coelestiaelse
2061 1221 2169 1258 voluit,
2192 1232 2222 1253 ut
2229 1235 2337 1263 calnam
2354 1229 2441 1256 nutri-

1312 1266 1383 1285 cem.
1422 1257 1555 1286 Fabulam
1567 1256 1697 1287 describit
1714 1257 1816 1295 llyigin.
1834 1261 1894 1293 196.

1312 1293 1452 1324 Humidus
1464 1296 1621 1332 AEgoceros.
1644 1294 1747 1325 Lucan.
1761 1288 1811 1325 lib.
1827 1306 1852 1331 9.
1872 1305 1934 1331 540.

1273 1330 1558 1368 JEGOLETHROS,
1592 1333 1636 1363 vel
1651 1333 1737 1363 fficio
1750 1343 1945 1368 tari-{Rom
1964 1333 1983 1368 '[
2001 1330 2175 1371 εὐμέλεθςῶ]
2196 1336 2288 1366 Herba
2308 1339 2336 1367 in
2352 1338 2439 1368 Ponto

1312 1369 1375 1399 alba
1390 1391 1397 1404 ,
1419 1380 1454 1399 ex
1479 1372 1558 1407 cujus
1574 1372 1641 1400 flore
1659 1379 1725 1408 apes
1742 1371 1900 1408 decerpunt
1917 1370 2008 1400 mellis
2027 1381 2114 1409 genus
2139 1382 2270 1408 amarum,
2290 1375 2364 1408 Quod
2388 1377 2440 1405 lle-

1313 1407 1513 1445 raclcoticum,
1535 1409 1579 1438 vel
1599 1409 1746 1438 Ponticum
1763 1416 1895 1439 vocatur:
1918 1408 1991 1438 dicta
2011 1419 2026 1438 a
2042 1410 2131 1447 capris
2142 1411 2342 1442 interimendis.
2369 1413 2438 1443 l’lin.

1313 1455 1357 1475 21.
1377 1456 1385 1474 i
1411 1470 1416 1475 .

1273 1455 1472 1519 IEcotios,
1495 1484 1656 1520 [Alyams]
1677 1483 1759 1514 Ulula
1774 1483 1842 1514 Plin.
1859 1494 1902 1513 10.
1913 1487 1939 1513 6.
1962 1484 2068 1514 Aristo't.
2085 1485 2152 1514 Hist.
2164 1486 2213 1514 An.
2233 1497 2258 1522 9.
2275 1496 2314 1524 i7.

1274 1521 1409 1555 IEGON,
1442 1522 1512 1551 onis.
1535 1532 1571 1550 m.
1598 1521 1720 1558 [Α’ίγυν]
1742 1522 1797 1551 Viri
1814 1522 1959 1560 proprium
1977 1544 1985 1556 ,
2020 1523 2065 1559 qui
2086 1523 2234 1553 deficiente
2257 1524 2323 1553 olim
2342 1526 2444 1561 Argivis

1312 1558 1522 1588 Heraclidaruin
1534 1559 1656 1595 fiunilia,
1677 1570 1712 1589 ex
1727 1570 1780 1597 qua
1799 1570 1890 1597 regem
1902 1561 1985 1589 creari
2007 1569 2068 1589 mos
2083 1560 2136 1590 illis
2154 1561 2283 1598 antiquus
2307 1572 2379 1594 erar.
2397 1574 2443 1592 rex

1311 1596 1411 1626 abillis
1431 1605 1538 1627 creatus
1548 1598 1599 1626 est:
1626 1598 1701 1635 quod
1718 1620 1726 1632 ,
1754 1608 1818 1627 cum
1831 1597 2029 1628 sciscitantibus
2049 1596 2104 1627 iliis
2117 1599 2151 1627 de
2162 1609 2224 1637 rege
2243 1601 2362 1629 creando
2376 1602 2444 1631 deus

1312 1633 1494 1672 respondisset
1508 1657 1515 1670 ,
1540 1635 1660 1672 aquilam
1671 1635 1837 1665 ostensuram
1848 1658 1856 1672 ,
1880 1637 1978 1674 paucis
1994 1636 2055 1674 post
2065 1636 2164 1666 diebus
2174 1637 2264 1680 aquila
2277 1637 2356 1675 super
2363 1639 2446 1677 ffigo-

1313 1673 1357 1702 nis
1373 1673 1458 1701 domo
1477 1672 1639 1702 consederit.
1668 1673 1707 1703 Ex
1723 1674 1835 1703 Budaeo.

1312 1709 1421 1747 AEgon,
1442 1712 1512 1740 onis.
1538 1710 1649 1740 Nomen
1663 1710 1776 1749 pastoris
1786 1711 1860 1749 apud
1872 1711 1944 1749 Virg.
1959 1720 1983 1747 3.
2010 1710 2068 1741 Ecl.
2081 1716 2107 1741 2.

1313 1748 1405 1785 AEgon
1418 1748 1536 1786 Lyetius.
1576 1748 1649 1785 Virg.
1668 1760 1692 1783 ς.
1728 1749 1784 1778 Ecl.
1803 1759 1847 1786 72.

1389 1786 1549 1815 Cantabunt
1569 1786 1639 1815 mihi
1652 1786 1810 1822 Damoetas,
1832 1790 1858 1817 ἃ
1868 1786 1980 1824 Lyt‘tius
1993 1787 2092 1825 AEgon.

1334 1823 1479 1853 Cretensis.

1313 1862 1420 1899 AEgon,
1442 1857 1568 1898 [Αἱγὲν]
1589 1860 1699 1898 Caprile
1718 1861 1772 1891 five
1789 1861 1938 1899 Capiarum
1958 1861 2106 1892 stabulum.

1313 1900 1424 1937 AEgoii,
1446 1909 1496 1938 pro
1515 1899 1586 1929 Mari
1610 1900 1702 1939 AEgaeo
1723 1900 1798 1938 apud
1817 1902 1883 1930 Stat.
1909 1911 1933 1936 5.
1954 1900 2045 1930 Theb.
2064 1911 2107 1937 55.

1514 1953 1552 1957 —-
1571 1937 1677 1967 Delove
1702 1937 1811 1967 sonanti
2145 1937 2163 1953 ⁶

1390 1974 1485 2010 Pejor,
1506 1976 1531 2004 Sc
1553 1975 1707 2005 innumeris
1722 1985 1787 2012 quas
1809 1975 1940 2014 spumifer
1958 1975 2039 2005 assilit
2056 1975 2156 2013 AEgon.

2171 1787 2298 1818 Servius:
2319 1788 2442 1826 Lyctius,

1334 2011 1425 2049 AEgon
1436 2035 1443 2047 ,
1469 2022 1542 2042 mare
1553 2013 1670 2049 AEgeum
1681 2035 1689 2048 ,
1711 2014 1787 2050 quod
1804 2012 1904 2043 insulas
1921 2013 2053 2051 plurimas
2066 2014 2165 2047 habet,
2187 1974 2443 2053 dietiiii‘ialiliarllss‘ged

1333 2057 1411 2117 {atre
1433 2048 1542 2080 Thesei.
1581 2050 1666 2080 Ai‘silit
1676 2050 1785 2080 insulas.
1808 2052 1826 2080 i.
1847 2061 1872 2080 e.
1896 2051 2070 2081 Circuni‘luit.
2112 2051 2235 2081 Valerius
2255 2051 2344 2082 Haec.
2354 2053 2402 2083 lib.
2418 2064 2441 2083 1.

1359 2098 1370 2116 r
1390 2098 1435 2118 on.
1449 2092 1483 2118 62
1506 2112 1512 2118 .
2418 2100 2423 2106 ·

1371 2098 1388 2126 g
1476 2099 1513 2147 Ζ
1533 2126 1579 2155 vix
1596 2126 1689 2155 littore
1709 2127 1828 2164 puppim

1390 2163 1528 2193 Solvimus
1548 2174 1554 2193 :
1577 2166 1603 2194 ἃ
1617 2172 1720 2202 quanto
1734 2165 1846 2193 fremitu
1867 2164 1893 2193 se
1922 2163 2028 2194 sustulit
2046 2164 2158 2201 ffi‘gon'!

1278 2201 1312 2232 ΗΞ
1321 2211 1340 2230 G
1348 2211 1365 2230 o
1374 2211 1395 2230 N
1405 2212 1418 2231 ε
1429 2211 1447 2230 N
1460 2212 1471 2231 s
1482 2213 1490 2230 1
1501 2208 1512 2231 s
1525 2224 1532 2237 ,
1559 2202 1638 2231 Porta
1648 2202 1744 2243 Romae
1756 2224 1763 2236 ,
1786 2203 1883 2240 qua2&
1894 2202 2047 2239 Quirinalis
2055 2224 2063 2237 ,
2085 2210 2118 2231 eo
2129 2201 2204 2239 quod
2213 2211 2294 2232 mons
2307 2201 2362 2241 ipse
2371 2202 2443 2240 Qui-

1315 2239 1409 2269 rinalis
1420 2240 1496 2277 prius
1507 2240 1669 2277 ffigonensis
1683 2240 1897 2277 cognominatus
1908 2240 1953 2269 est.
1995 2239 2154 2278 Calepinus.

1277 2277 1519 2325 AEcto'Noiiu's,
1548 2278 1567 2307 i.
1594 2288 1631 2307 m.
1662 2278 1864 2314 [Αὶφονόμῶι]
1890 2277 2040 2315 Caprarum
2066 2278 2182 2313 ductor,
2213 2278 2258 2315 qui
2280 2279 2306 2307 Sc
2325 2278 2442 2316 AEpolus

1286 2340 1293 2348 ,
1316 2320 1426 2345 cicitur.

1277 2353 1311 2385 AE
1320 2363 1339 2382 G
1348 2363 1364 2382 o
1378 2363 1398 2382 N
1408 2362 1453 2382 irc
1462 2359 1506 2384 iio
1515 2362 1536 2381 N
1547 2375 1555 2388 ,
1577 2353 1594 2383 i.
1621 2352 1714 2382 Herba
1728 2353 1766 2382 est
1775 2376 1782 2388 ,
1805 2361 1865 2391 quae
1876 2354 1901 2382 ἃ
1911 2352 2124 2390 Lithospermon
2139 2352 2241 2382 dicitur
2253 2375 2260 2388 ,
2291 2355 2316 2383 δι
2333 2353 2366 2382 ab
2379 2353 2442 2383 aliis

1316 2391 1418 2420 Semen
1427 2390 1581 2420 leoninum.
1622 2391 1662 2420 Ab
1674 2390 1805 2420 omnibus
1816 2398 1872 2420 tam
1884 2390 2002 2420 officinis
2013 2400 2094 2428 quam
2107 2391 2223 2420 medicis
2235 2391 2317 2420 hodie
2327 2391 2440 2420 Milium

1315 2428 1387 2458 Solis
1398 2428 1570 2467 appellatur,
1592 2428 1668 2495 quod
1679 2430 1691 2465 (
1701 2435 1731 2458 ut
1747 2437 1807 2458 reor
1819 2429 1830 2465 )
1844 2428 1937 2457 se‘rnen
1947 2429 2066 2457 candore
2080 2428 2200 2457 solariae
2214 2429 2282 2458 lucis
2294 2428 2440 2467 splendore

1316 2467 1429 2504 fulgeat.
1468 2466 1593 2496 Ruellius
1613 2466 1648 2495 ib.
1660 2476 1684 2495 2.
1699 2476 1759 2504 cap.
1773 2476 1816 2503 70.
1841 2466 1872 2495 V.
1894 2465 1962 2496 Plin.
1977 2476 2020 2503 27.
2043 2477 2084 2495 11.
2105 2467 2131 2496 &
2147 2466 2267 2496 Dioscor.
2285 2476 2306 2503 3.
2322 2473 2382 2501 358.

1278 2505 1311 2536 AE
1321 2515 1340 2534 c
1349 2515 1366 2533 o
1376 2515 1389 2533 P
1399 2515 1419 2533 H
1429 2515 1448 2533 A
1458 2514 1477 2533 G
1486 2511 1502 2533 o
1513 2514 1526 2533 s
1537 2527 1545 2539 ,
1571 2504 1736 2542 Cognomen
1752 2504 1871 2540 Junonis
1887 2504 1962 2542 apud
1987 2503 2213 2534 Lacedaemonios
2221 2526 2229 2540 ,
2251 2505 2326 2542 quod
2341 2505 2379 2534 ibi
2396 2514 2440 2534 ca-

1316 2540 1648 2580 ptaeilliimmolarent'ur.
1672 2541 1736 2571 Cazl.
1750 2542 1924 2579 Aniiq.Le<i.
1936 2541 1984 2571 lib.
2000 2547 2041 2576 18.
2054 2551 2113 2580 cap.
2130 2551 2153 2576 ς.

1278 2580 1312 2611 ΗΞ
1322 2591 1339 2609 c
1348 2581 1388 2609 o‘i>
1397 2589 1418 2609 i-i
1427 2590 1446 2608 ¹r
1456 2590 1476 2608 H
1485 2590 1505 2608 A
1514 2591 1530 2608 1.
1538 2591 1559 2609 M
1568 2590 1584 2609 o
1594 2590 1606 2609 s
1616 2602 1624 2615 ,
1652 2580 1669 2608 i.
1692 2590 1729 2608 m.
1753 2580 1968 2615 [ωἱνφθκλμὸς]
1992 2579 2109 2609 Gemma
2123 2580 2158 2609 lic
2175 2579 2209 2609 ab
2224 2579 2308 2609 oculo
2326 2580 2439 2619 caprino

1320 2618 1526 2655 cognominata.
1548 2613 1675 2647 Plinlib.
1693 2626 1735 2654 37.
1752 2627 1783 2646 ca
1806 2640 1812 2645 .
1829 2628 1869 2646 11.

1278 2657 1312 2688 Pr]
1322 2666 1366 2685 co
1376 2666 1387 2685 s
1397 2678 1404 2691 ,
1436 2657 1450 2692 [
1465 2656 1577 2691 A’i'y'&]
1597 2654 1716 2685 Flumen
1736 2655 1765 2684 in
1782 2653 1951 2684 chersoneso
1968 2654 2111 2690 Thracite,
2133 2655 2275 2692 naufragio
2290 2654 2375 2684 classis
2393 2655 2441 2683 As.

1318 2695 1380 2723 ticae
1390 2693 1503 2731 insigne.
1544 2693 1649 2723 Author
1659 2692 1735 2722 Mela
1745 2692 1794 2722 lib.
1808 2702 1832 2722 2.
1850 2703 1875 2722 2.
1900 2692 2025 2722 Marcell.
2038 2692 2086 2722 lib.
2099 2698 2143 2722 22'.
2167 2691 2363 2722 Chersonesum
2379 2691 2439 2729 pul-

1317 2732 1357 2761 sat
1368 2732 1450 2769 AEgos
1459 2737 1587 2769 potamos
1600 2753 1607 2766 ,
1629 2731 1659 2760 in
1672 2740 1727 2768 quo
1737 2730 1801 2759 loco
1815 2730 1937 2768 lapidem
1949 2730 2073 2759 casurum
2089 2740 2124 2759 ex
2143 2730 2214 2759 coelo
2227 2730 2353 2768 praedixit
2370 2731 2438 2758 Ana-

1318 2777 1441 2807 xagoraS.
1480 2768 1644 2798 Hermolaus
1658 2775 1737 2806 putat
1753 2768 1837 2805 AEgos
1857 2768 2009 2806 genitivum
2023 2768 2076 2798 else
2086 2768 2176 2797 casum
2194 2767 2226 2796 ab
2244 2768 2294 2798 [Ex
2315 2767 2439 2796 nomina-

1317 2809 1376 2838 tivo
1393 2817 1398 2836 :
1420 2807 1559 2844 traditque
1572 2808 1633 2842 eius
1644 2806 1700 2835 loci
1713 2806 1820 2835 accolas
1838 2806 2004 2844 aStep'nano
2013 2806 2230 2844 AEgopotaniitas
2247 2805 2344 2833 vocari.
2369 2804 2437 2833 Plin.

1318 2845 1367 2875 lib.
1381 2855 1406 2874 2.
1420 2855 1480 2882 cap.
1502 2850 1544 2881 58.
1586 2843 1734 2874 Celebrant
1746 2844 1833 2874 Graeci
1847 2845 2035 2882 Anaxagoram
2047 2844 2257 2873 Clazomenium
2267 2865 2274 2877 ,
2296 2841 2441 2879 Olympia-

1319 2884 1362 2913 dis
1384 2882 1587 2920 septuagelimae
1602 2884 1704 2912 octavae
1722 2882 1844 2911 secundo
1856 2891 1929 2910 anno
1939 2881 2092 2919 praedixisse
2102 2904 2109 2917 ‚
2132 2881 2282 2910 coelestium
2298 2879 2440 2909 literarum

1318 2921 1433 2950 scientia
1444 2943 1451 2955 ,
1473 2921 1572 2958 quibus
1583 2920 1681 2950 diebus
1695 2919 1926 2949 i'axumcasurum
1935 2919 2004 2948 esset
2013 2929 2028 2948 e
2041 2919 2106 2948 sole.
2146 2919 2230 2954 idque
2242 2917 2343 2946 lactum
2360 2918 2443 2946 iuter-

1320 2959 1369 2988 diu
1379 2960 1408 2988 in
1422 2958 1548 2987 Thraciae
1586 2964 1641 2987 arte
1653 2958 1688 2987 ad
1699 2958 1781 2995 AEgos
1791 2958 1906 2986 flumen.
1940 2957 1998 2993 Qui
2015 2957 2083 2995 lapis
2094 2958 2175 2986 etiam
2189 2965 2263 2984 nunc
2279 2955 2442 2990 ostenditur,

1320 2997 1514 3034 magnitudine
1528 3006 1560 3025 ve
1584 2996 1649 3026 'culi
1670 2995 1762 3025 colore
1778 2995 1882 3024 adusto.
1923 2995 2004 3032 Apud
2022 2995 2097 3024 hunc
2115 2994 2228 3023 fluvium
2250 2992 2358 3035 classem
2375 2993 2444 3022 Atti-

1320 3042 1383 3064 cam
1397 3034 1547 3063 dcbellavit
1564 3033 1700 3071 Lysander
1708 3033 1934 3063 Lacedaemonius
1944 3054 1952 3066 ,
1974 3033 2086 3061 Athenis
2103 3031 2193 3069 postea
2209 3029 2373 3059 semidirutis
2386 3053 2393 3062 .
2416 3033 2443 3060 Sc

1320 3073 1432 3110 triginta
1449 3072 1587 3109 Tyrannis
1609 3071 1743 3109 impolitis
1760 3093 1767 3106 ,
1792 3078 1823 3100 ut
1836 3070 1995 3100 Plutarchus
2005 3071 2032 3099 in
2052 3071 2110 3105 ejus
2120 3069 2175 3110 vita
2184 3068 2222 3096 est
2231 3067 2337 3096 author.
2382 3067 2444 3110 Ale-

1321 3111 1404 3140 minit
1415 3112 1441 3140 ἃ.
1451 3109 1572 3146 Justinus
1590 3106 1638 3138 lib.
1651 3120 1674 3145 ς.
1688 3109 1817 3147 &Nepos
1832 3111 1857 3137 6.
1876 3118 1898 3137 1.
1908 3119 1934 3144 4.
1976 3108 2093 3144 [Potius
2112 3105 2190 3134 Urbis
2204 3114 2308 3133 nomen
2318 3104 2356 3134 est
2370 3107 2445 3144 Aipe

1323 3150 1440 3183 mwsaol.
1464 3148 1493 3176 V.
1507 3147 1606 3177 Cellar.
1619 3147 1793 3185 Geogr.Ant.
1806 3146 1823 3176 l.
1837 3156 1863 3175 2.
1875 3156 1896 3175 c.
1920 3156 1961 3180 ις.
1973 3146 1992 3182 §.
2005 3155 2046 3181 37⁴.
2070 3143 2150 3173 Hard.
2162 3142 2277 3184 ad-Plin.
2294 3142 2320 3171 d.
2332 3142 2351 3171 l.

1284 3186 1318 3218 AE
1327 3196 1346 3215 c
1356 3196 1373 3215 o
1383 3196 1395 3215 s
1403 3196 1423 3215 T
1432 3195 1453 3215 H
1464 3195 1477 3214 a
1491 3195 1511 3214 N
1521 3192 1534 3214 t
1543 3194 1563 3214 N
1574 3195 1586 3215 s
1598 3195 1611 3214 ε
1620 3195 1632 3214 s
1645 3207 1652 3220 ,
1675 3185 1785 3215 Graeciae
1796 3183 1892 3222 populi
1902 3182 2050 3212 contributi
2058 3179 2272 3217 Megareiiiibus.
2295 3179 2364 3210 Piin.
2377 3180 2395 3210 l.
2416 3192 2444 3217 4.

1322 3225 1384 3262 cap.
1397 3233 1422 3261 7.
1452 3223 1562 3253 Horur'n
1580 3223 1722 3252 civitatem
1733 3223 1872 3252 Pausanias
1887 3228 1967 3250 vocat
1980 3219 2171 3261 AEgostlienen.

1285 3263 1319 3294 ΡΞ
1328 3272 1346 3290 G
1356 3272 1373 3291 o
1382 3272 1394 3291 s
1405 3271 1424 3290 r
1433 3271 1453 3290 i-i
1464 3272 1478 3290 ir.
1487 3271 1507 3290 N
1517 3273 1525 3289 i
1535 3271 1555 3290 A
1567 3283 1575 3296 ,
1595 3261 1786 3297 ἷΑἰῃροθηνίοι]
1810 3260 1911 3289 Civitas
1932 3258 1969 3287 est
1984 3256 2106 3285 Locridis
2116 3277 2123 3290 ,
2145 3265 2227 3298 quam
2246 3256 2371 3285 recenset
2384 3256 2450 3285 Pto-

1324 3299 1437 3329 lemaeus
1460 3299 1488 3328 iri
1506 3299 1692 3336 descriptione
1706 3298 1821 3327 Achaim.
1861 3296 1942 3325 Forte
1962 3294 2058 3322 eadem
2074 3303 2105 3322 ac
2118 3292 2249 3331 superior.

1286 3338 1417 3372 fficna,
1451 3337 1650 3371 JEciiasco,
1680 3336 1915 3366 AEeaiiiONia
1930 3355 1937 3368 ,
1972 3331 2208 3366 fficssiruno,
2239 3330 2448 3367 AEGROTUS‚

1325 3375 1511 3409 AEcaoro,
1532 3372 1785 3404 AEGROTATio.
1826 3371 1856 3400 V.
1887 3379 1994 3398 AEGER.

1287 3413 1442 3448 JEGUSA,
1482 3412 1513 3446 V.
1544 3421 1711 3440 AETHUSA.
2007 3444 2012 3448 Ι

1287 3451 1321 3481 AE
1331 3458 1401 3479 GYC
1412 3460 1432 3479 N
1447 3472 1455 3485 ,
1476 3450 1529 3479 five
1549 3449 1597 3478 EN
1608 3459 1652 3478 ογ
1663 3458 1697 3477 io
1708 3457 1743 3483 N,
1767 3445 1835 3476 Urbs
1849 3445 1900 3473 fuit
1911 3445 1940 3472 in
1960 3442 2066 3478 Sicilia,
2088 3452 2145 3472 non
2166 3453 2266 3481 magna
2277 3466 2285 3479 ,
2305 3442 2353 3473 sed
2369 3443 2450 3474 valde

1325 3483 1431 3517 vetusta
1443 3510 1451 3523 ‚
1470 3490 1495 3517 ἃ
1507 3487 1637 3521 celebris,
1658 3486 1770 3515 dearum
1781 3506 1789 3518 ,
1809 3492 1874 3519 quas
1891 3482 2010 3512 Materas
2023 3488 2125 3510 vocant
2138 3503 2146 3517 ,
2161 3481 2311 3518 religione:
2333 3492 2447 3518 quarum

1325 3525 1466 3563 templum
1482 3536 1496 3554 a
1510 3524 1683 3554 Cretensibus
1702 3523 1740 3551 ibi
1765 3520 1882 3558 politum
1905 3519 1983 3548 fuisse
2008 3519 2117 3554 ferunt,
2155 3519 2202 3548 ubi
2230 3519 2308 3548 hastae
2324 3520 2449 3555 quaedam

1325 3563 1559 3595 ostendebantur,
1582 3564 1608 3592 δε
1627 3571 1661 3590 ex
1682 3570 1733 3589 aare
1751 3558 1881 3587 callides:
1905 3558 1931 3586 ὃς
1951 3557 1993 3585 hae
2010 3557 2125 3593 quidem
2139 3556 2290 3591 metionis,
2312 3557 2366 3585 iliae
2384 3566 2449 3585 vero

1327 3601 1427 3639 Ulyssis
1438 3600 1630 3638 inscriptiones
1643 3597 1798 3630 habebant,
1828 3604 1860 3624 ut
1874 3595 2034 3624 Plutarchus
2051 3595 2081 3623 iri
2096 3594 2230 3623 Marcello
2243 3594 2374 3631 prodidit.

1289 3640 1543 3672 JEGYPTILLA,
1573 3647 1601 3666 ae.
1624 3636 1738 3665 Gemma
1755 3633 1792 3662 est
1804 3654 1812 3668 ‚
1841 3632 1876 3661 de
1904 3642 1957 3670 qua
1975 3631 2043 3662 Plin.
2062 3631 2110 3661 lib.
2135 3642 2176 3669 37.
2192 3641 2250 3669 cap.
2273 3642 2315 3661 10.
2356 3631 2448 3661 Isidor.

1332 3680 1374 3706 16.
1393 3687 1403 3705 1
1412 3687 1436 3706 1.

1290 3716 1324 3746 PF„
1333 3725 1350 3744 G
1359 3724 1379 3743 Y
1388 3724 1400 3742 r
1410 3724 1430 3742 T
1439 3716 1481 3742 ’i‘N
1491 3723 1508 3741 r.
1548 3711 1685 3741 Dicuntur
1705 3708 1850 3745 ffithiopes
1859 3729 1866 3742 ,
1888 3707 1953 3744 quia
1963 3707 2099 3744 IEgyptiis
2114 3706 2175 3735 sunt
2187 3706 2306 3735 finitimi.
2347 3706 2447 3735 Festus.

1290 3753 1351 3784 AEo
1362 3762 1381 3781 ir
1391 3761 1425 3780 Ps
1435 3760 1451 3779 o
1462 3759 1473 3778 s
1485 3771 1492 3784 ,
1513 3748 1559 3777 seu
1579 3749 1611 3778 ffi
1621 3758 1638 3776 c
1649 3756 1711 3775 YPS
1723 3756 1739 3774 u
1749 3756 1777 3779 s,
1800 3746 1817 3774 i.
1841 3755 1877 3774 m.
1901 3743 2069 3781 [rumbo]
2092 3744 2160 3773 Urbs
2179 3745 2213 3772 ad
2230 3745 2317 3782 ripam
2329 3743 2386 3772 lstri
2401 3744 2452 3772 flu-

1329 3790 1367 3819 vii
1379 3789 1426 3817 sita
1437 3810 1444 3821 ,
1465 3795 1569 3815 nomen
1578 3785 1682 3814 habens
1697 3783 1730 3813 ab
1747 3783 1866 3820 AEgypso
1881 3782 1978 3820 Caspio
1991 3782 2145 3811 conditore.
2170 3782 2255 3811 Ovid.
2272 3792 2294 3810 i.
2309 3782 2343 3810 de
2354 3782 2450 3815 Ponto,

1331 3833 1356 3861 8.
1370 3837 1380 3855 i
1390 3836 1412 3854 1.
1433 3827 1459 3855 Sc
1471 3836 1496 3860 4.
1509 3833 1532 3859 7.
1547 3833 1590 3852 21.
1632 3822 1710 3851 Varie
1732 3821 1864 3850 scribitur.
1906 3820 1936 3849 V.
1962 3820 2056 3849 Heius.

1292 3866 1478 3898 AEGYPTA,
1500 3860 1643 3890 Ciceronis
1661 3859 1791 3888 libertus:
1814 3859 1893 3894 cujus
1911 3858 1986 3886 idem
1998 3857 2126 3886 meminit
2147 3860 2187 3885 16.
2199 3856 2271 3886 Fam.
2297 3865 2336 3891 ¹3·
2357 3854 2390 3897 al.
2407 3865 2449 3890 ις.

1329 3902 1448 3939 IEgypta
1465 3899 1500 3928 ad
1509 3908 1554 3929 me
1563 3898 1648 3928 venit.
1688 3897 1723 3928 Et
1737 3903 1761 3932 8.
1775 3898 1827 3927 Att.
1844 3895 1977 3962 Epistplas
1987 3895 2057 3924 mihi
2078 3902 2138 3924 tuas
2156 3895 2274 3932 AEgypta
2285 3892 2415 3960 rJeFddidit.

1971 3941 1983 3969 3
2329 3937 2452 3964 areret,
