2600 4177
435 151 459 183 A
552 149 582 185 U
675 150 698 186 F

23 231 67 260 Λῖγ
78 239 89 257 Ε
102 239 113 256 a
124 237 161 255 {o
171 238 185 256 a
197 250 204 261 ,
233 229 420 264 [ἐπιφῖὠομιῃ
430 252 437 263 ‚
458 231 689 267 ὦπυποπιιὲζφκνᾼ]
709 233 758 261 ἷῖἵί.
793 233 868 263 valli!
882 255 888 263 ς
913 234 1043 265 Adversus
1055 236 1105 266 tibi
1119 261 1125 272 ,
1150 239 1176 268 ἃ

0 970 292 1013 ἰλνιῑιὶεῖιςῑιιε,
313 991 338 1010 e.

3 1126 33 1168 .ῆᾶ

54 265 162 294 ‘aversor
176 274 209 294 te.
249 266 288 294 De
299 267 388 302 primo
406 268 473 297 nihil
488 269 524 297 est
539 269 633 297 dubii:
656 270 806 300 secundum
827 272 907 300 sumit
924 272 1147 309 ligiiifie.rtioiieiii
1163 286 1177 304 a

59 303 130 340 gessii
145 324 151 335 ,
177 304 323 339 quotiesab
334 304 423 341 aliqua
440 316 467 334 re
479 316 559 341 quam
575 307 757 340 detestamur,
779 309 887 338 vultum
898 312 1053 340 avertimus.
1089 312 1178 348 Quin-

61 341 98 369 til.
114 339 160 368 lib.
180 351 219 369 ii.
244 341 371 377 Asper-ius
385 343 458 371 enini
472 343 570 372 eodeni
582 343 689 380 semper
700 346 812 375 vertitur
824 369 831 381 ‚
853 357 906 383 quo
924 349 1011 384 gellus
1022 371 1029 383 ,
1051 352 1179 386 exceptis

59 378 254 413 quaedamnare
264 386 310 406 aur
320 380 489 415 concedere,
518 389 564 410 aut
575 382 678 410 anobis
691 392 832 413 removere
845 386 1001 421 oportebit,
1024 387 1135 415 utidem
1148 387 1177 415 il-

59 412 106 444 lud
116 415 255 443 videamur
265 416 339 444 vultu
352 418 480 452 aversari,
503 429 585 447 manu
598 418 740 456 repellere.
782 420 921 450 Hactenus
933 423 1006 452 Valla
1020 423 1067 453 lib.
1082 435 1105 457 ς.
1118 425 1176 453 Cic.

61 464 86 486 4.
104 452 175 480 Verr.
193 458 250 485 ¹87·
276 454 404 488 Quaerere
417 454 571 493 incepimus
586 458 620 485 de
634 458 795 493 Carpinatio
805 481 811 493 ‚
835 459 960 495 quisnam
974 461 1038 490 esset
1048 462 1069 490 is
1080 461 1179 490 Verru-

59 491 128 523 tius,
151 490 196 525 qui
213 498 271 519 tuni
287 500 368 520 tanta:
382 494 508 529 pecuniae
518 495 654 523 rationem
667 495 785 524 haberet.
813 496 913 526 hierere
928 499 1027 533 honio,
1052 499 1177 534 aversari,

61 527 163 557 rubere.

59 565 172 594 Aversari
183 564 301 600 aliquem
314 588 321 598 ,
344 576 393 603 pro
409 567 539 597 Detestari
553 575 633 605 atque
641 569 792 599 abominari
803 593 810 603 ,
833 572 859 600 «St
874 582 953 609 aquo
967 584 1021 607 prae
1038 574 1104 603 odio
1119 574 1180 604 vul-

77 609 135 631 tum
145 603 300 631 avertimus.
314 603 478 641 Liv.l.8.c.7.
491 606 576 642 Quod
586 607 630 635 uhi
643 608 748 636 audivit
762 618 778 637 c
788 618 833 637 os.
846 611 989 648 esteniplo
1002 611 1088 641 silium
1103 623 1180 642 aver-

77 639 161 673 satus,
186 641 354 669 concionem
364 642 473 672 classico
489 644 615 673 advocari
628 645 706 677 iussit.

58 677 174 708 Aversari
191 688 286 716 preces
297 679 421 715 alicujus.
459 681 516 710 Liv.
531 691 554 717 3.
596 682 711 711 Seclalii
724 683 879 713 aversantur
898 696 1012 723 preces,
1036 694 1084 717 aut
1103 698 1178 718 vere-

78 715 178 744 cundia
191 723 236 744 aut
249 723 332 745 metu.

60 752 173 782 Aversziri
190 753 326 783 honorem
344 777 351 787 ,
371 765 420 792 pro
440 754 588 792 Aspernari.
612 757 695 786 Ovid.
714 767 736 787 1.
754 758 821 788 Fast.
837 770 860 795 ς.

0 778 10 819 3.
27 792 252 857 i'sviziidsii‘rqu(i
289 791 383 822 Partic.
407 793 495 823 Tacit.
510 798 536 823 6.
567 796 634 823 Ann.
653 798 698 824 26.
731 796 871 826 Aversatus
898 796 1053 829 sermonem
1077 800 1175 830 Nerva.

8 840 9 843 ¹
58 829 109 858 Ovi
134 838 177 857 .i.
217 840 229 857 a
257 840 298 863 .ς.

188 882 225 888 —-
235 866 322 896 levem
336 878 391 896 non
403 869 535 898 aversatus
546 870 690 900 honorem.
774 872 807 901 Et
816 873 918 910 passive
928 875 1015 904 Aurel.
1030 875 1097 905 Vicst.
1106 875 1176 913 Epir.

60 908 102 938 28.
124 902 343 934 Cacliinnanteni
351 905 426 935 vultu
440 908 575 937 notaverit
586 909 714 938 aversato.
754 911 771 945 [
781 910 861 940 Forte
871 920 964 941 tamen
977 913 1073 942 Averso
1084 913 1181 951 legen-

59 941 131 970 dum.

361 981 445 1018 Quod
456 991 553 1011 omnes
566 983 677 1013 aversari
688 984 801 1014 debent.
824 985 930 1016 Lucret.
943 987 990 1017 lib.
1001 991 1028 1018 6.
1042 994 1105 1025 389.

147 1017 217 1051 Cur,
241 1019 341 1053 quibus
352 1020 493 1048 incautum
502 1020 587 1049 seclus
600 1022 746 1051 aversabile
760 1025 899 1060 cunque'st
910 1047 918 1060 ,

148 1055 211 1084 Non
224 1055 329 1085 iaciunt
339 1079 346 1088 .
369 1058 417 1086 icti
430 1057 555 1087 flammas
569 1066 598 1088 ut
609 1059 724 1094 fulguris
733 1060 828 1089 halent

149 1092 261 1122 Penus-e
275 1095 378 1131 persixo
389 1117 396 1130 ,
418 1096 557 1125 documen
573 1097 735 1127 mortalibus
746 1099 828 1127 acre?

59 1130 76 1159 i.
89 1139 115 1159 e.
136 1130 313 1161 Horrendum
327 1155 334 1167 ,
353 1133 525 1169 fugiendum.
568 1134 597 1164 V.
620 1135 795 1165 Lambinum.

25 1168 162 1197 Amissa
173 1178 191 1196 T
202 1179 210 1197 1
222 1179 238 1197 o
249 1191 256 1203 ,
278 1171 347 1199 (inis.
370 1170 387 1199 f.
416 1171 634 1208 [inanimam]
663 1173 782 1210 Quintil.
796 1173 844 1202 lib.
857 1180 881 1208 8.
896 1185 955 1213 cap.
968 1185 991 1211 3.
1031 1176 1088 1214 Ego
1103 1185 1178 1206 certe

910 1099 1005 1130 Scelus
1018 1089 1175 1137 aversabile,

13 1225 17 1237 .
58 1205 125 1234 mihi
137 1215 247 1235 cernere
260 1208 363 1237 videor.
384 1218 480 1239 eorum
493 1210 540 1246 qui
549 1210 663 1240 aderant
675 1233 682 1246 ,
701 1212 815 1242 tacitam
825 1212 1023 1244 aversationem
1033 1237 1041 1250 ‚
1063 1225 1095 1244 ac
1104 1215 1179 1244 timi-

59 1243 122 1272 dam
134 1246 337 1274 verecundiam.

26 1278 70 1310 A‘v
82 1290 115 1309 aa
125 1285 188 1310 s‘i‘i‘r
198 1292 214 1310 r<
225 1293 233 1310 ι
246 1293 262 1312 x
273 1305 280 1319 ,
301 1284 361 1313 Teis.
383 1284 402 1313 f.
424 1283 542 1314 Tertull.

25 1319 161 1348 Avizxso
173 1329 197 1353 ιε,
219 1321 282 1350 siris.
305 1331 341 1350 ni.
363 1323 550 1358 [ἀπυςρεωἹὴς]
573 1329 622 1359 ut,
646 1324 897 1363 Aversorpecuniae.
921 1326 979 1356 Cic.
990 1337 1015 1362 7.
1025 1327 1099 1357 Verr.
1115 1337 1175 1371 151.

2 1354 17 1378 *5
61 1356 152 1386 Verres
164 1356 210 1386 ille
226 1367 302 1388 vetus
311 1360 436 1397 proditor
447 1360 573 1391 Consulis
584 1382 591 1395 ,
613 1362 758 1392 translator
769 1364 918 1401 quaesturae,
931 1365 1038 1395 aversor
1050 1375 1177 1403 pecuniae

0 1403 17 1435 >1³

0 1451 7 1465 s>
14 1438 17 1466 l

0 1471 6 1483 U

0 1547 7 1620 ll

0 1637 5 1706 ἐ

0 1714 5 1729 .

0 1808 9 1839 'i

0 1863 13 1914 μ

15 2213 18 2243 f

15 2258 17 2266 .

0 2586 20 2694 ἐξ

14 1538 17 1555 l

12 1578 26 1818 Ξ.
57 1736 136 1770 vina,
155 1737 206 1766 &a
245 1737 273 1766 Si
292 1739 431 1768 aversione
453 1740 548 1769 vinum
568 1742 660 1776 venit,
690 1742 813 1772 custodia
837 1748 944 1772 tantum
963 1744 1113 1781 praestanda
1129 1745 1175 1773 est.

14 1824 17 1840 1

15 1913 17 1926 l

15 1937 17 1948 s

15 2155 17 2177 l

15 2187 17 2199 s

0 2357 10 2390 [v
24 2339 202 2412 Λιῗὲυέἀιιρὲιῗ·
214 2340 321 2414 ξῑῗρεἷειζ
332 2351 451 2410 εῗιῐζίὶῖιᾙ
464 2404 471 2416 ,
500 2382 641 2419 ablatum,
673 2384 803 2422 [ἀφωςέω
814 2406 821 2418 ,
840 2386 983 2423 w‘f'ymgs‘w]
1004 2388 1118 2418 auferre.
1141 2399 1178 2420 ex

5 2439 8 2441 ,
58 2413 97 2442 Ab
114 2417 138 2444 S:
151 2415 218 2445 Fero
231 2417 416 2454 compositum
426 2441 434 2454 ,
456 2420 522 2449 teste
534 2421 591 2450 Cic.
603 2422 631 2450 in
643 2422 720 2452 Orat.
732 2433 796 2458 209.
819 2424 950 2461 significat
960 2426 1081 2456 Tollere.
1116 2427 1174 2457 Cic.

73 1392 185 1424 'ublicre

25 1404 195 1468 Aii'ssssm,
217 1433 285 1462 onis.
309 1434 326 1462 f.
347 1433 513 1471 [dammi]
537 1437 594 1474 lpse
605 1439 747 1468 avertendi
757 1440 842 1469 adius.
871 1439 990 1475 Quintil.
1008 1440 1056 1470 lib.
1070 1451 1096 1476 9.
1121 1441 1177 1470 Sed

57 1469 103 1499 illa
121 1481 230 1508 quoque
245 1480 359 1501 vocatur
379 1474 490 1503 aversio.
542 1475 616 1505 Hinc
631 1476 770 1506 aversione
789 1478 844 1506 emi
870 1478 972 1507 dicitur
995 1479 1072 1515 quod
1087 1484 1127 1522 ut·
1139 1479 1178 1508 est

58 1509 172 1538 emitur:
210 1509 330 1546 ideoque
353 1511 440 1540 statim
466 1512 606 1549 perficitur
631 1516 737 1551 emptio
764 1525 850 1552 quum
871 1523 981 1554 emptor
1002 1526 1054 1545 nec
1073 1515 1178 1560 delibe3

58 1546 136 1575 randi
155 1556 206 1576 nec
226 1547 364 1584 probandi
383 1556 494 1587 tenipus
518 1552 711 1587 postulaverit,
734 1563 824 1590 neque
843 1554 891 1590 ipsi
915 1554 1044 1584 venditor
1057 1555 1123 1598 vitia
1138 1565 1177 1583 rei

57 1584 180 1621 praestare
208 1586 334 1621 cogitur,
366 1588 429 1624 quia
459 1587 613 1618 bonitatem
636 1591 694 1625 ejus
713 1597 760 1619 aut
780 1592 955 1621 vitiositatem
978 1592 1026 1621 suo
1050 1592 1176 1630 periculo

57 1621 173 1660 suscepit
190 1630 299 1660 emptor
318 1627 342 1654 ἃ
362 1625 396 1653 ad
413 1625 439 1654 se
453 1627 558 1656 avertit.
599 1627 716 1657 Modest.
732 1628 750 1657 l.
773 1629 866 1658 officii.
890 1630 924 1658 de
942 1630 1175 1674 contraiis-empt.

58 1659 111 1690 Res
126 1660 263 1689 aversione
282 1669 374 1698 empta
388 1685 395 1697 ,
418 1663 434 1692 si
453 1673 510 1692 non
532 1664 598 1693 dolo
617 1667 769 1696 venditoris
780 1667 883 1696 factum
899 1668 947 1702 sit,
970 1669 1004 1697 ad
1021 1667 1177 1712 periculum

58 1699 191 1735 emptoris
222 1700 379 1736 pertinebit.
412 1701 516 1730 etiamsi
534 1713 576 1732 res
595 1703 729 1740 assignata
743 1714 801 1733 non
818 1705 857 1734 sit.
901 1705 961 1743 Ulp.
976 1706 1005 1734 in
1017 1706 1035 1735 l.
1069 1706 1097 1735 Si
1116 1716 1178 1743 quis

57 1773 126 1803 lbid.
162 1774 232 1803 vino
256 1782 348 1805 autem
364 1786 414 1814 per
430 1778 598 1807 aversionem
615 1780 730 1809 vendito
749 1780 811 1810 finis
831 1781 961 1810 custodiae
981 1782 1019 1810 est
1038 1781 1179 1811 avehendi

57 1808 175 1849 tcmpus.
215 1813 278 1846 Sic,
300 1814 550 1845 Averlionelocaie.
574 1816 694 1847 Florent.
713 1818 742 1846 iri
757 1818 774 1846 l.
790 1819 870 1856 Opus
880 1819 959 1848 locat.
1003 1820 1081 1857 Opus
1101 1820 1178 1856 quod

58 1849 194 1878 aversione
205 1850 327 1880 locatum
335 1852 385 1888 est,
397 1853 488 1882 donec
498 1855 665 1891 approbetur
676 1878 683 1888 ,
706 1856 831 1893 periculo
846 1857 1026 1887 conductoris
1044 1858 1089 1887 est.
1114 1858 1178 1887 Vul-

59 1897 107 1924 gus
120 1887 224 1916 Gallice
235 1889 289 1918 hoc
299 1889 366 1918 dicit
376 1893 402 1917 in
410 1890 530 1924 blmo&
542 1893 624 1919 racha.
664 1893 750 1923 Plaut.
762 1895 791 1923 iri
805 1895 905 1924 Bacch.
919 1907 945 1930 4.
959 1907 985 1930 4.
1010 1895 1178 1925 Conducere

58 1925 195 1955 aversione
206 1926 289 1962 dicit,
305 1927 419 1957 fiducia
429 1928 473 1958 sua
483 1930 657 1960 conducere:
679 1931 744 1960 Mea
755 1932 857 1962 fiducia
878 1933 1009 1970 (inquit)
1030 1943 1101 1971 opus
1112 1943 1180 1962 cori-

886 1971 936 1999 Alii
954 1972 987 2000 ab
1003 1971 1123 2000 Adverto
1140 1972 1180 2001 fa-

407 2004 582 2034 Hotomanus
607 2007 766 2042 conjerftura
787 2018 844 2037 nori
862 2008 952 2038 aliena
972 2009 1005 2038 ab
1022 2010 1114 2038 Averri
1131 2010 1178 2038 de-

59 2039 122 2105 dulci
131 2039 207 2076 posse
218 2040 361 2070 arbitratur
371 2063 379 2077 ,
403 2042 476 2079 quasi
494 2044 524 2072 in
542 2044 594 2073 hac
607 2046 796 2076 conventione
810 2047 904 2076 omnia
915 2057 970 2076 una
986 2046 1063 2077 velut
1073 2047 1178 2077 Everri-

58 2085 91 2106 cu
104 2086 120 2105 o
139 2085 305 2108 everrantur.

59 1963 140 1998 duxi,
163 1965 188 1992 St
203 1973 265 1992 meo
278 1966 400 2002 periculo
421 1976 478 1995 rem
494 1977 567 2004 gero.
600 1968 667 1997 Haec
684 1980 718 1998 ex
732 1969 843 2000 Budaeo.

57 2002 135 2030 ciunt
151 2002 352 2032 Adversionem.

447 2156 474 2191 A
572 2158 605 2193 U
702 2160 727 2195 F

24 2223 157 2254 sturmi
179 2227 268 2263 Aqua,
294 2227 361 2257 olim
378 2228 452 2259 dic'ta
463 2229 532 2264 fuit,
555 2241 615 2268 quae
627 2233 720 2270 postea
730 2233 830 2263 Martia
846 2234 901 2263 dici
920 2237 1026 2275 coepit,
1048 2237 1177 2268 omnium

57 2270 184 2298 aquarum
195 2271 254 2293 toto
267 2265 333 2295 orbe
354 2267 465 2303 (Plinio
475 2268 562 2299 teste)
582 2269 726 2300 clarissima
735 2294 743 2305 ,
764 2272 873 2309 frigoris
889 2272 1107 2313 salubritatisque
1119 2276 1177 2305 lau-

59 2299 93 2329 de
105 2303 201 2330 ceteris
223 2303 342 2339 praelata.
383 2305 477 2335 Oritur
488 2307 529 2373 ἰᾶιο
532 2307 652 2383 ἒέῑιιὲιὲ
652 2309 797 2376 1iJiiAontibus
810 2310 995 2348 Pelignorum.
1037 2313 1067 2343 V.
1097 2313 1177 2351 plura

59 2460 83 2484 3.
99 2452 133 2481 de
154 2453 211 2483 Fin.
229 2465 268 2483 10.
310 2455 531 2488 Commentarios
552 2459 703 2496 quosdam,
736 2461 850 2498 inquam
875 2463 1076 2499 Aristotelicos,
1108 2475 1177 2503 quos

57 2489 101 2519 hic
119 2490 234 2521 sciebam
250 2492 320 2526 esse,
351 2497 414 2524 veni
431 2503 462 2524 ut
479 2496 623 2527 auferrem.
666 2498 731 2528 Ter.
743 2499 820 2528 Adel.
837 2510 863 2529 2.
876 2509 901 2529 2.
916 2511 959 2535 14.
1003 2502 1101 2532 Verum
1125 2512 1177 2540 ego

57 2537 194 2572 nunquam
212 2531 284 2596 qdeo
303 2531 404 2565 astutus
425 2534 487 2569 fui5
503 2535 569 2572 quin
590 2536 722 2573 quicquid
739 2537 845 2575 possem
857 2560 864 2573 ,
885 2538 998 2569 mallem
1011 2540 1116 2571 auferre
1126 2551 1179 2579 po-

57 2571 148 2595 tiusin
182 2578 215 2597 rae
230 2577 309 2598 entia.

58 2602 130 2633 Inter
147 2577 259 2635 Tposieoe
278 2608 303 2636 ἃ
317 2607 426 2638 Auferre
445 2609 483 2638 est
500 2610 647 2641 diversitas.
693 2612 824 2648 Tollere,
844 2613 883 2643 est
897 2613 997 2645 Levare
1014 2617 1040 2646 ἃ
1052 2616 1174 2654 erigere:

76 2642 198 2675 Auferre.
224 2644 354 2674 Levatiim
364 2647 516 2677 transferre.
553 2649 625 2686 Virg.
640 2656 664 2683 8.
686 2650 748 2680 ffiri.
763 2661 827 2687 439.

133 2680 235 2711 Tollite
248 2685 346 2712 cunt‘sa
357 2706 364 2717 ,
386 2684 495 2721 inquit,
517 2694 680 2724 coeptosque
693 2689 797 2718 auferte
812 2689 929 2719 labores.
991 2690 1101 2729 Turpil.
1115 2692 1176 2722 Phi.

73 2716 194 2755 sopatro,
215 2719 304 2749 Simul
315 2722 530 2760 circunspeistat:
554 2725 600 2754 ubi
613 2733 710 2762 praeter
725 2727 752 2756 se
766 2728 909 2757 neminem
921 2728 997 2758 videt
1007 2729 1060 2758 esse
1071 2752 1079 2766 ,
1101 2730 1174 2766 tulit,

76 2755 176 2786 aufert:
198 2767 250 2793 ego
261 2758 331 2787 clani
342 2759 504 2798 consequor.
548 2763 585 2792 Ex
602 2763 705 2793 Nonio,

57 2791 158 2829 Quanti
176 2796 273 2830 vellet,
296 2797 422 2827 auferret.
458 2799 515 2828 Cic.
528 2804 553 2829 6.
576 2801 647 2830 Verr.
669 2801 755 2836 Fore,
782 2802 821 2831 uti
843 2804 918 2839 quod
935 2805 1052 2843 quisque
1073 2805 1173 2845 vellet,

74 2831 128 2861 five
139 2833 204 2862 esset
212 2833 308 2863 venale
320 2857 327 2869 ,
350 2835 402 2865 sive
413 2846 469 2865 non
480 2837 545 2867 esset
554 2860 561 2872 ,
584 2840 679 2875 quanti
692 2840 776 2869 vellet
791 2862 797 2874 ,
820 2842 946 2870 auferret.

2 2871 18 2889 -'
53 2869 351 2902 ‘Auferrectabducere
394 2873 453 2903 Cic.
472 2886 521 2912 pro
533 2876 630 2913 Quint.
646 2883 688 2913 84.
726 2878 812 2915 Quod
825 2879 930 2908 ibidem
949 2882 1022 2909 recte
1036 2882 1174 2911 custodire

75 2917 216 2945 poterunt,
239 2911 265 2938 id
278 2910 383 2940 ibidem
394 2913 568 2943 custodiunt:
594 2916 669 2952 quod
688 2925 746 2944 non
762 2922 910 2953 poterunt,
933 2918 962 2947 id
973 2918 1078 2949 auferre
1092 2921 1175 2950 &ab—

71 2945 172 2979 ducere
184 2946 286 2977 licebit.

56 2981 219 3020 Detrahere,
241 2986 345 3016 auferre
356 2987 495 3018 &tollere
528 2989 586 3019 Cic.
602 2990 630 3019 iri
639 2991 716 3020 Orat.
734 2999 794 3027 109.
815 2991 941 3022 Detrahit
951 2995 1175 3031 praetereaactio-

73 3021 248 3088 {qidlolorem
259 3046 266 3060 ,
288 3026 376 3055 aufert
385 3026 540 3057 humanum
548 3027 655 3058 sensum
666 3028 766 3059 actoris
778 3051 786 3065 ,
808 3030 884 3060 tollit
894 3031 1018 3063 funditus
1029 3032 1174 3063 veritatem

149 3070 201 3089 eni.

57 3096 94 3125 Ab
102 3097 182 3132 janua
192 3099 300 3129 stercus.
324 3100 411 3131 Plaut.
425 3102 492 3132 Asin.
505 3113 530 3132 2.
542 3114 568 3139 4.
583 3109 625 3138 18.

55 3133 93 3164 Ab
102 3134 215 3172 aspecsu.
259 3137 361 3168 Lucan.
375 3140 422 3169 lib.
434 3151 459 3175 9.
475 3145 554 3177 1067.
853 3179 859 3183 ·

33 3185 39 3189 -
55 3172 177 3207 Auferre,
200 3175 254 3204 sine
266 3186 349 3214 praep.
375 3178 469 3208 Foetus
484 3178 615 3209 uberibus
631 3178 725 3220 ablati.
745 3179 814 3209 Plin.
831 3179 879 3210 lib.
893 3186 919 3215 8.
936 3191 996 3220 cap.
1008 3192 1051 3219 55.

53 3208 94 3238 De
102 3213 234 3241 conviviis
243 3214 402 3245 auferuntur
409 3216 484 3245 asoti.
506 3216 563 3246 Cic.
575 3228 600 3246 2.
619 3217 654 3246 de
665 3217 724 3247 Fin.
735 3227 779 3254 23.

30 3276 33 3280 ,
54 3245 194 3287 Dcxaerario
204 3252 359 3287 pecuniam.
391 3254 448 3283 Cic.
464 3264 489 3290 7.
504 3255 558 3284 Att.
570 3265 593 3284 1.

53 3283 74 3313 E
88 3286 242 3325 conspeetu.
268 3289 334 3319 l’lin.
350 3291 396 3321 lib.
409 3302 452 3328 31.
464 3301 524 3330 cap.
539 3302 563 3322 2.
1093 3334 1099 3340 ,

54 3320 200 3362 Exsaliquo
219 3327 329 3363 triginta
349 3330 436 3359 minas
454 3340 502 3367 per
519 3330 665 3360 fallaciam.
706 3330 772 3361 Ter.
788 3330 896 3361 Pliorm.
915 3341 938 3367 ς.
954 3342 979 3368 9.
993 3342 1038 3367 49.
1067 3333 1125 3377 Cic.
1141 3337 1167 3365 6.

21 3386 23 3395 ,
59 3360 143 3391 *Verr.
158 3361 199 3397 ω’.
223 3364 261 3393 Ab
274 3365 328 3395 hoc
339 3388 347 3400 ,
370 3367 447 3397 abaci
461 3368 520 3397 vasa
529 3369 622 3398 onmia
634 3391 641 3403 ,
663 3374 694 3397 ut
703 3369 826 3407 exposita
835 3370 944 3398 fuerant
956 3392 964 3404 ,
979 3370 1100 3413 abstulit.

69 3404 125 3428 nter
135 3403 344 3433 manusauferri.
386 3405 443 3435 Cic.
458 3416 483 3441 7.
507 3407 578 3436 Verr.
594 3416 653 3443 117.
675 3406 769 3443 Itaque
778 3414 838 3436 erat
855 3409 946 3436 exitus
959 3407 1113 3445 ejusmodi,
1139 3416 1170 3440 ut

73 3436 139 3466 alius
158 3439 228 3468 inter
244 3444 506 3473 nianuseconvivio
517 3466 524 3479 ,
546 3451 677 3481 tanquam
693 3445 815 3483 epraelio
834 3446 1002 3480 auferretur,
1030 3446 1098 3477 alius
1112 3454 1171 3478 tari-
1210 3466 1212 3469 >

72 3483 151 3510 quam
163 3476 267 3507 occisiis
277 3480 486 3517 relinqueretur.
508 3483 525 3510 i.
539 3493 563 3512 e.
587 3482 774 3520 Asportaretur
783 3483 900 3512 aliorum
912 3483 1050 3513 manibus.

56 3509 85 3540 In
95 3520 215 3544 ventrem
225 3516 343 3547 abstulit.
367 3518 424 3547 Cic.
437 3529 462 3548 2.
475 3520 510 3549 de
520 3520 596 3549 Orat.
608 3524 671 3553 26z.

54 3547 195 3581 Pervim&
208 3563 311 3583 metum
320 3556 434 3585 auferre.
476 3557 532 3587 Cic.
550 3568 571 3587 i.
590 3557 627 3594 Q
640 3558 700 3588 frat.
716 3568 739 3586 i.
770 3557 949 3595 Cogebantur
959 3558 1064 3597 Syllani
1080 3560 1171 3591 homi.

73 3596 120 3617 nes
132 3598 190 3625 quae
198 3601 245 3628 per
258 3593 313 3621 vini
326 3595 351 3623 ἃ
362 3603 467 3624 metum
477 3595 661 3631 abstulerant,
682 3596 807 3625 reddere.

0 3638 3 3649 ι
53 3615 100 3653 Per
114 3626 235 3661 judicem
246 3651 253 3663 ,
275 3631 312 3659 est
323 3631 430 3667 Judicis
447 3633 613 3662 authoritate
629 3635 654 3663 δε
667 3634 803 3663 sententia
814 3643 872 3663 rem
890 3633 1000 3672 assequi.
1029 3635 1094 3674 Ulp.
1109 3636 1138 3665 in
1149 3635 1168 3667 1.

53 3664 260 3732 iiissff05³¹¹ssi·§5·
279 3668 364 3736 ‘2³⁰3
376 3670 434 3700 ΜΞ·
457 3670 491 3700 n.
515 3671 1017 3739 sss-dffimil}-s‘.¹‘}?‘3{§{105b¹³.s{'.¹.¹.3·
1046 3717 1149 3743 ..terem

72 3711 325 3781 atqiileejiiilidsdtiaiii
340 3709 635 3783 pircidgiaoaffliissssgisi'.
657 3747 675 3777 i.
686 3719 870 3777 eilVicssseni.
908 3747 948 3776 Ex
960 3720 1071 3778 Budgo.
1159 3734 1168 3750 ⁹

28 3781 31 3816 1
53 3774 160 3806 Auferre
170 3789 251 3816 opem
263 3803 270 3816 ,
293 3783 343 3812 Sec.
385 3784 443 3813 Cic.
457 3794 507 3822 pro
521 3785 620 3821 Quint.
631 3795 675 3814 22.
697 3785 729 3814 In
737 3785 822 3814 altera
838 3785 899 3822 spes
910 3785 978 3815 esset
993 3785 1027 3815 ad
1038 3786 1122 3817 talem
1132 3795 1170 3818 ta-

70 3822 133 3843 men
143 3816 228 3846 virum
239 3819 361 3852 judicem
373 3823 520 3856 veniendi,
543 3823 618 3852 unde
639 3832 673 3852 eo
689 3823 751 3861 plus
767 3823 829 3860 opis
844 3823 1056 3866 auferret,·quo
1077 3827 1170 3856 minus

71 3852 197 3882 attulisset
216 3857 315 3891 gratiae.
338 3859 391 3888 i.e.
414 3859 587 3897 Reportaret.
628 3861 714 3891 Etio.
733 3863 786 3890 Att.
803 3864 844 3889 16.
875 3860 1104 3893 Liberalissimum
1122 3864 1171 3894 de-

72 3897 176 3920 cretum
187 3892 354 3925 abstulimus.
396 3897 462 3926 Haec
470 3898 596 3927 Budaeus.
1076 3932 1077 3935 ,

53 3923 174 3962 Auferre.
195 3940 245 3967 pro
255 3931 346 3962 Furari
358 3935 494 3972 &rapere
536 3936 622 3965 Plaut.
635 3935 692 3966 Aul.
707 3948 732 3972 4.
744 3948 770 3971 4.
788 3944 813 3971 7.
836 3935 1122 3976 Quidtibisurripui‘?
1142 3950 1167 3969 Ε.

4 3975 5 3978 ¹
24 4002 26 4005 .
69 3961 154 3994 redde
170 3966 225 3996 huc
241 3968 281 3999 sis.
303 3980 323 4000 s.
345 3973 413 4009 quid
427 3974 466 4003 vis
479 3974 615 4004 reddam?
636 3984 660 4004 a.
680 3975 805 4012 rogitas?
834 3983 856 4004 ε.
879 3973 951 4005 nihil
966 3976 1097 4012 equidem
1116 3977 1169 4009 tibi

101 4001 182 4034 Vei..
205 4004 224 4035 l.

1686 167 1968 207 Aur
2327 194 2397 229 299

1292 238 1398 271 abstuli.
1421 253 1442 272 ii.
1465 250 1492 273 at
1513 243 1582 274 illud
1604 247 1679 284 quod
1693 248 1839 281 abstuleras
1853 274 1860 286 ,
1882 253 1963 281 cedo.
2003 254 2066 284 Ter.
2078 256 2182 295 Eun.4.
2197 268 2219 296 3.
2238 266 2277 295 18.
2310 263 2399 295 Etiam

1293 278 1345 306 'noc
1356 281 1450 309 misera
1461 281 1579 319 suspicor
1590 306 1598 317 ,
1619 285 1723 322 aliquid
1734 287 1819 317 domo
1832 289 1980 319 abeuntem
1993 292 2138 324 abstulisse.

1275 315 1384 356 Aliquid
1398 319 1512 347 domum
1527 321 1610 351 suam.
1655 324 1711 352 Cic.
1725 334 1776 361 pro
1790 326 1866 355 iiosc.
1880 329 1969 357 Amer.
1984 339 2028 363 2³·
2060 331 2150 362 Multa
2171 334 2262 371 palam
2282 336 2399 368 domuin

1293 354 1366 394 suam
1377 356 1534 392 auferebat,
1556 359 1635 395 plura
1647 360 1718 390 clam
1730 363 1764 391 de
1779 365 1872 393 medio
1886 367 2052 396 removebat.

1274 391 1385 433 Auferre
1399 415 1406 425 ,
1428 393 1586 435 lnipetriire.
1628 397 1692 427 Ter.
1705 400 1782 429 Adel.
1798 413 1820 437 5.
1834 408 1860 436 8.
1878 413 1917 436 ¹4⁷
1941 404 2006 433 Sine
2015 412 2042 433 tc
2053 415 2165 436 exorem
2177 428 2185 441 ,
2206 409 2244 437 mi
2259 417 2344 446 pater.
2367 423 2398 442 M.

1293 429 1416 472 insani—s?
1437 434 1520 461 auser.
1532 433 1589 464 Cic.
1601 446 1651 472 pro
1664 437 1761 473 Quint.
1777 448 1819 468 20.
1854 440 1987 476 Quintius
2005 452 2019 471 a
2033 443 2159 481 Scapulis
2171 456 2275 483 paucos
2285 448 2343 477 dies
2354 459 2400 479 au-

1292 466 1352 494 scrt.
1376 477 1392 495 ι,
1407 477 1428 496 c.
1458 468 1597 506 impetrat.
1638 473 1668 502 V.
1692 476 1761 504 infra
1775 476 1957 515 lnipetratum
1972 480 2088 510 auferre.

1275 502 1355 531 Aufer
1368 525 1375 536 ,
1401 514 1451 541 pro
1460 505 1566 536 Desine.
1610 511 1674 540 Hor.
1685 522 1710 541 2.
1723 514 1809 543 Serm.
1821 525 1845 552 7.
1862 526 1906 553 43.
2001 519 2123 549 ——aufcr

1356 541 1402 570 Mc
1416 542 1493 572 vultu
1506 552 1614 576 tcrrcrc.

1275 577 1386 620 Auferre
1398 600 1405 612 ,
1428 590 1478 616 pro
1490 581 1633 620 Decipere.
1675 586 1731 616 Cic.
1743 597 1768 617 2.
1782 588 1854 619 Fam.
1864 600 1888 627 7.
1910 591 1954 621 Ne
1968 598 1995 622 te
2007 592 2133 624 auferant
2144 595 2262 626 aliorum
2273 597 2396 628 consilia.

1294 614 1378 644 Ovid.
1394 616 1428 645 de
1440 617 1518 647 Rem.
1533 622 1623 651 Amor.
1638 632 1699 659 344.
1725 626 1879 657 Auferimur
1887 629 1972 659 cultu.

1275 653 1451 683 Academiam
1461 657 1575 687 auferre.
1617 660 1673 690 Cic.
1691 671 1731 698 1³-
1748 664 1802 693 Att.
1818 675 1859 700 η.
1886 668 2050 697 Commotus
2068 669 2122 698 tuis
2143 669 2246 707 literis,
2268 673 2343 709 quod
2362 673 2397 702 ad

1294 699 1339 718 nic
1354 691 1388 719 de
1402 691 1520 722 Varrone
1532 694 1671 733 scripseras
1684 721 1691 733 ,
1714 707 1800 730 totam
1815 704 1989 734 Academiam
2000 707 2034 735 ab
2044 707 2206 738 hominibus
2222 709 2398 740 nobilissimis

1292 727 1609 802 prbsgpgtsst'tlranssulique
1628 735 1661 763 ad
1681 738 1803 768 nostrum
1823 740 1961 778 sodalem,
1983 745 2009 773 δι
2023 754 2058 773 ex
2073 745 2183 775 duobus
2198 746 2273 776 libris
2290 748 2397 778 contuli

1274 801 1407 839 AEquitati
1424 805 1543 835 multum
1556 808 1643 837 aufert
1659 810 1903 851 frausimpiorum.
1927 818 2046 853 Quintil.
2058 819 2104 848 lib.
2119 830 2159 850 12.
2180 821 2197 850 i.
2210 831 2234 850 e.
2257 822 2358 852 Nocet.

1273 840 1403 870 Amorem
1415 842 1559 880 abaliquo.
1579 882 1584 887 .
1601 845 1658 875 Cic.
1676 859 1716 882 ις.
1731 851 1782 879 Att.
1798 861 1842 888 27.
1865 855 1960 884 Atticae
1972 865 2040 885 meae
2059 857 2143 887 velim
2158 868 2203 888 me
2216 860 2253 888 ita
2264 860 2393 896 excuses,

1293 886 1324 906 ut
1333 887 1446 908 omnem
1455 880 1567 918 eulpam
1578 893 1605 911 iri
1619 891 1648 912 te
1657 888 1836 918 transferens:
1862 893 1886 919 St
1898 894 1922 921 ei
1934 900 2027 922 tamen
2039 895 2185 925 confirmes
2196 919 2204 931 ,
2226 907 2270 926 me
2281 899 2399 929 mininie

1293 922 1385 945 totum
1400 927 1524 947 amorem
1534 920 1568 948 ab
1584 930 1615 949 ea
1626 931 1737 952 mecum
1755 925 1898 965 abstulisse.
1927 930 2051 968 ‘Legitur
2072 933 2102 962 in
2121 935 2276 965 emendatis
2292 937 2399 966 codici-

1292 952 1344 982 bus
1354 976 1362 989 ‚
1385 955 1514 985 Amorem
1522 966 1556 986 eo
1567 968 1678 989 mecum
1687 962 1815 993 attulisse.
1832 973 1837 981 ¹

1273 991 1408 1021 Animam.
1430 993 1477 1022 Sil.
1494 994 1542 1023 lib.
1558 1006 1599 1031 ις.

1273 1029 1404 1059 Animum
1417 1031 1505 1060 aufert
1514 1033 1547 1061 ad
1558 1035 1836 1072 contemplationem.
1859 1040 1928 1070 Plin.
1940 1042 1988 1073 lib.
1999 1054 2024 1079 9.
2038 1055 2098 1083 cap.
2112 1056 2153 1082 17.

1272 1067 1385 1111 Auferre
1395 1069 1530 1113 auditum.
1571 1071 1639 1101 Plin.
1650 1072 1696 1102 lib.
1711 1077 1735 1104 6.
1752 1085 1864 1114 cap.29.
1890 1079 1942 1108 Ubi
1961 1082 2042 1111 Nilus
2057 1086 2232 1122 praecipitans
2245 1084 2271 1114 se
2290 1086 2396 1125 fragore

1292 1106 1418 1135 auditum
1430 1107 1532 1137 accolis
1546 1109 1642 1139 aufert.
1665 1111 1679 1139 i.
1693 1121 1717 1141 e.
1739 1113 1842 1144 Surdos
1857 1116 1922 1146 facit
1932 1119 2048 1149 accolas.

1274 1143 1431 1173 Auriculam
1455 1146 1606 1176 mordicus.
1649 1148 1706 1178 Cic.
1732 1159 1755 1185 3.
1787 1152 1823 1189 Q.
1843 1154 1902 1183 frat.
1916 1167 1942 1190 4.
1983 1157 2012 1185 Si
2030 1167 2094 1187 cuin
2114 1159 2254 1190 IEsernino
2271 1162 2396 1193 Samnite

1293 1180 1454 1211 Pacidianus
1469 1192 1645 1222 comparatus
1656 1188 1960 1226 videretur,auriculam
1971 1194 2079 1225 fortasse
2088 1198 2228 1228 mordicus
2237 1199 2394 1231 abstulisset.

1274 1217 1367 1256 Caput
1379 1219 1470 1250 alicui.
1493 1220 1551 1251 Liv.
1565 1228 1590 1256 8.
1602 1223 1669 1253 Bell.
1683 1225 1749 1256 Pun.

1274 1256 1410 1286 Cavillam
1420 1259 1506 1294 aufer,
1519 1269 1577 1288 non
1589 1271 1641 1299 ego
1652 1273 1728 1293 nunc
1740 1274 1826 1302 nugas
1838 1276 1897 1304 ago.
1925 1269 2132 1307 Plaut.Aul.4.4.
2141 1282 2151 1301 1
2161 1283 2181 1302 1.
2194 1274 2210 1303 i.
2225 1283 2248 1303 e.
2260 1274 2395 1306 Remove.

1273 1293 1340 1323 Dies
1351 1296 1512 1332 quindecim
1522 1298 1681 1329 auferenthi
1692 1301 1760 1332 ludi.
1803 1303 1861 1334 Cic.
1874 1316 1899 1335 2.
1912 1306 1987 1337 Verr.
2002 1318 2045 1343 3¹·
2078 1309 2181 1339 Decem
2191 1312 2250 1341 dies
2263 1312 2324 1342 sunt
2334 1322 2398 1343 {inte

1292 1332 1376 1362 ludos
1387 1334 1498 1364 votivos
1508 1357 1515 1370 ,
1538 1341 1606 1373 quos
1617 1337 1669 1367 Cn.
1682 1340 1830 1378 Pompeius
1840 1343 1960 1374 facturus
1967 1346 2019 1375 est:
2043 1347 2071 1375 hi
2080 1347 2151 1382 ludi,
2164 1349 2223 1379 dies
2235 1350 2397 1387 quindecim

1292 1370 1417 1400 auferent
1431 1394 1438 1407 ,
1460 1372 1562 1403 deinde
1578 1377 1714 1406 continuo
1728 1378 1846 1409 Romani
1863 1380 2076 1421 consequentur.
2118 1385 2157 1415 lta
2174 1397 2261 1425 prope
2276 1398 2318 1417 xi.
2341 1389 2398 1419 die-

1295 1407 1346 1437 bus
1361 1409 1530 1448 interpositis
1543 1433 1551 1447 ,
1572 1419 1632 1442 tum
1651 1415 1791 1453 denique,
1814 1420 1865 1448 Sic.
1888 1421 1906 1449 i.
1920 1430 1944 1450 e.
1974 1422 2006 1451 In
2018 1421 2091 1452 ludis
2109 1425 2225 1454 edendis
2236 1427 2398 1463 quindecim

1291 1446 1352 1475 dies
1362 1448 1569 1480 consumentur.
1619 1451 1700 1482 Conf.
1724 1454 1837 1485 Noctes.

1274 1482 1418 1515 Dolorem.
1440 1486 1535 1516 Tibul.
1553 1497 1574 1523 3.
1590 1492 1615 1518 6.
1632 1499 1656 1524 3.

1272 1520 1439 1552 Doniinium
1448 1524 1541 1555 alicui.
1566 1526 1628 1565 Ulp.
1642 1528 1699 1557 inl.
1722 1529 1750 1559 Si
1762 1532 1822 1568 quis
1834 1531 1951 1564 servum.
1973 1534 2008 1564 D.
2031 1535 2066 1565 de
2075 1536 2166 1567 noxas.
2183 1538 2286 1568 action.

1273 1559 1495 1592 Dubitationein.
1521 1564 1591 1593 Hirt.
1606 1566 1640 1594 de
1653 1566 1719 1596 Bell.
1732 1569 1808 1599 Alex.
1821 1579 1845 1608 7.

1274 1597 1383 1634 Equum
1393 1599 1556 1631 calcaribus.
1577 1603 1624 1632 Sil.
1639 1603 1685 1634 lib.
1704 1616 1745 1635 10.

1273 1635 1432 1666 Fastidium.
1455 1638 1524 1668 Plin.
1540 1639 1587 1669 lib.
1602 1651 1644 1678 ²3·
1661 1652 1721 1681 cap.
1740 1654 1763 1673 1.

1272 1673 1402 1704 Formam
1413 1675 1495 1705 alicui
1505 1687 1570 1707 cum
1582 1681 1705 1710 nomine.
1729 1682 1816 1712 Plaiit.
1828 1684 1926 1722 Amph.
1940 1694 1966 1715 2.
1982 1697 2005 1715 1.
2022 1695 2065 1723 53.

1271 1710 1404 1742 Fruc'tum
1413 1713 1589 1752 voluptatum
1599 1718 1688 1747 aufert
1700 1718 1830 1750 solitudo.
1853 1722 1911 1752 Cic.
1925 1724 1960 1752 de
1972 1724 2083 1754 Amicit.
2097 1730 2142 1761 89.

1272 1748 1403 1780 Gloriam.
1428 1751 1497 1781 Plin.
1511 1752 1558 1782 lib.
1573 1764 1614 1791 13.
1628 1765 1689 1794 cap.
1704 1767 1726 1786 1.
1749 1757 1850 1789 Lucan.
1864 1760 1912 1790 lib.
1927 1771 1949 1795 ³-
1962 1768 2026 1798 278.
2067 1763 2086 1792 i.
2098 1772 2122 1792 e.
2143 1761 2265 1802 Eripere.

1272 1786 1396 1817 Gloriam
1404 1788 1601 1828 sempiternam
1608 1793 1709 1824 secum.
1751 1795 1808 1826 Cic.
1822 1808 1871 1835 pro
1882 1798 1981 1828 Milon.
1997 1804 2041 1835 64.
2063 1801 2128 1830 Non
2142 1801 2332 1833 dubitaturum
2342 1803 2397 1834 for-

1292 1830 1349 1854 tem
1364 1827 1455 1856 virum
1468 1829 1535 1865 quin
1548 1840 1632 1867 quum
1645 1831 1691 1861 suo
1703 1834 1829 1870 periculo
1846 1835 1961 1866 salutem
1977 1838 2097 1876 Reipub.
2118 1840 2264 1876 attulisset,
2285 1842 2396 1872 cederet

1291 1866 1591 1934 unpianimolegibps
1605 1891 1613 1904 ,
1635 1869 1728 1900 secum
1737 1872 1856 1903 aiilerret
1867 1875 1982 1912 gloriam
1993 1875 2197 1914 sempiternam.
2221 1879 2239 1909 i.
2252 1889 2276 1908 e.
2301 1880 2396 1918 Aspor-

1321 1911 1348 1930 re
1383 1912 1502 1932 ecumin
1513 1915 1556 1934 exi
1572 1917 1638 1936 ium.

1273 1937 1357 1968 Haud
1367 1940 1402 1970 sic
1410 1941 1545 1972 auferent.
1568 1944 1632 1975 Ter.
1649 1946 1766 1985 Adelph.
1783 1957 1806 1984 3.
1821 1959 1847 1985 4.
1858 1955 1884 1983 8.
1907 1949 1944 1979 Ni
1955 1951 2058 1981 facient
2068 1962 2128 1990 quae
2140 1952 2202 1983 illos
2220 1964 2330 1993 aequum
2341 1956 2395 1992 cst,

1293 1976 1367 2006 haud
1377 1978 1412 2007 sic
1423 1980 1556 2011 auferent.
1594 1984 1633 2018 [i.
1645 1994 1669 2013 e.
1690 1985 1757 2015 Non
1768 1986 1889 2016 inultum
1901 1988 2035 2018 auferent.
2058 1990 2088 2019 V.
2110 2000 2186 2020 mox.

1272 2013 1463 2053 Impetratuni.
1481 2018 1567 2049 Plaut.
1582 2021 1639 2051 Aul.
1651 2033 1677 2058 4.
1690 2031 1715 2059 7.
1732 2034 1773 2059 15.
1786 2024 1822 2054 Ut
1832 2025 1908 2061 istuc,
1922 2027 1997 2063 quod
2006 2037 2052 2058 me
2061 2038 2134 2064 oras,
2143 2029 2262 2059 efficiam
2273 2030 2335 2067 tibi,
2346 2032 2398 2062 im.

1292 2061 1431 2084 petrarum
1443 2055 1476 2084 ab
1487 2066 1520 2085 eo
1532 2058 1662 2089 auferam.
1690 2061 1744 2090 Sed
1766 2062 1797 2092 V.
1814 2063 1890 2092 Grut.
1906 2070 1965 2093 not.

1271 2089 1396 2121 Inultum
1404 2093 1508 2130 aliquid
1518 2117 1525 2130 ,
1548 2106 1597 2132 pro
1610 2097 1675 2127 Non
1685 2100 1872 2136 puniri..Ter.
1886 2102 1956 2131 And.
1971 2112 1995 2139 3.
2007 2113 2065 2140 5.4.

1272 2128 1383 2164 Judicia
1395 2131 1501 2161 auferre
1513 2142 1527 2161 a
1537 2134 1639 2164 Senatu
1649 2146 1698 2173 per
1707 2138 1891 2174 ignominiam
1903 2141 2171 2180 turpitudinemque.
2213 2143 2271 2173 Cic.
2284 2152 2308 2180 3.
2317 2144 2393 2176 Verr.

1294 2166 1394 2197 Verum
1402 2169 1482 2198 vobis
1494 2171 1584 2201 dicam
1595 2173 1624 2201 id
1633 2174 1708 2209 quod
1720 2175 1855 2211 intellexi,
1866 2177 1994 2212 Judices:
2016 2179 2145 2210 homines
2152 2180 2249 2211 scitote
2258 2181 2312 2212 esse
2319 2184 2398 2219 quos-

1290 2205 1358 2234 dam
1368 2228 1375 2241 ,
1397 2216 1466 2243 quos
1474 2215 1581 2239 tantum
1592 2211 1689 2240 odium
1699 2214 1779 2242 vestri
1792 2215 1899 2244 ordinis
1910 2222 2018 2246 teneat:
2040 2224 2072 2246 ut
2085 2218 2139 2248 hoc
2147 2219 2238 2257 palam
2247 2221 2303 2256 jam
2315 2221 2396 2251 diffl-

1291 2250 1367 2278 tent,
1389 2243 1416 2273 se
1428 2245 1507 2274 istum
1519 2258 1600 2284 quem
1617 2249 1704 2279 sciant
1719 2251 1774 2281 esse
1785 2251 1929 2282 hominem
1940 2255 2173 2292 improbissimum
2183 2279 2191 2293 ,
2208 2257 2263 2287 hoc
2280 2268 2337 2288 uno
2347 2270 2397 2289 no-

1290 2282 1367 2310 mine
1376 2282 1481 2349 apsolvi
1492 2285 1574 2321 velle,
1595 2294 1626 2316 ut
1636 2288 1669 2317 ab
1685 2288 1786 2319 Senatu
1798 2290 1903 2325 judicia
1919 2301 1968 2329 per
1981 2293 2166 2330 ignominiam
2181 2296 2396 2333 turpitudinem-

1291 2328 1345 2356 que
1357 2329 1389 2348 au
1404 2328 1522 2352 orantur.

1271 2356 1396 2394 Jurgium
1408 2359 1514 2390 auferas
1528 2361 1594 2391 hinc
1605 2362 1623 2391 si
1634 2361 1727 2400 sapias.
1754 2364 1839 2395 Plaiit.
1856 2366 1922 2396 Pers.
1936 2378 1958 2401 ς.
1972 2377 1998 2397 2.
2012 2378 2053 2403 ¹9-
2095 2369 2112 2398 i.
2122 2379 2146 2399 e.
2170 2370 2300 2401 Omi'ttas.

1271 2394 1320 2430 Jus
1328 2397 1435 2433 eripere
1445 2404 1527 2435 atque
1536 2400 1741 2431 aiiferrealicui.
1783 2404 1841 2433 Cic.
1857 2415 1878 2433 1.
1890 2405 1963 2434 Verr.
1979 2416 2020 2441 19.
2042 2407 2129 2443 Quod
2140 2409 2169 2436 in
2185 2419 2348 2447 unaquaque
2365 2421 2394 2440 re

1291 2432 1428 2464 beneficio
1436 2436 1553 2467 Senatus
1565 2438 1716 2477 populique
1727 2439 1809 2471 Roni.
1821 2443 1888 2478 juris
1896 2443 1981 2473 habui
1997 2466 2005 2480 ,
2026 2445 2055 2473 id
2065 2445 2134 2474 mihi
2146 2454 2177 2475 tu
2196 2447 2226 2477 C.
2239 2448 2334 2478 Verres
2344 2450 2396 2478 eri·

1289 2472 1372 2509 puisti
1387 2480 1469 2509 atque
1479 2475 1616 2505 abstulisti.

1271 2509 1464 2578 Augerlabhilpc
1474 2511 1618 2551 lacr'yinas,
1633 2515 1771 2553 barathro,
1781 2518 1806 2546 8<
1815 2519 1962 2556 compesce
1970 2521 2104 2557 querelas.
2127 2521 2236 2553 Lucret.
2247 2505 2393 2563 lib.3.967'.

1289 2556 1304 2576 e
1328 2571 1334 2576 .
1375 2558 1417 2577 am
1442 2572 1448 2578 .

1270 2584 1394 2615 Laudem
1403 2597 1438 2616 ex
1451 2587 1542 2624 aliqua
1552 2598 1589 2618 re.
1613 2589 1641 2620 li.
1653 2601 1678 2621 e.
1700 2591 1861 2630 Reportare.
1883 2594 1942 2624 Cic.
1954 2604 1978 2631 3.
1990 2595 2121 2628 Verr-zo.

1269 2622 1368 2653 Lirem.
1392 2624 1477 2655 Plaut.
1490 2625 1562 2655 Rud.
1576 2628 1647 2665 prol.
1658 2639 1703 2659 20.
1990 2669 1992 2671 .

1270 2660 1500 2700 L-umbifragium.
1540 2663 1626 2695 Plaut.
1639 2667 1737 2705 Amph.
1752 2678 1774 2697 1.
1791 2678 1813 2697 1.
1827 2675 1891 2703 298.
1922 2669 2311 2710 Hodielumbifl·agi11mliinc
2321 2676 2394 2706 aufe-

1288 2709 1338 2728 res.
1380 2700 1508 2730 Plautino
1519 2702 1584 2737 joco
1593 2704 1689 2734 fictum
1699 2706 1736 2735 est
1747 2705 1966 2745 Lumbifragium
1977 2731 1985 2742 ,
2007 2710 2111 2744 veluti,
2133 2711 2320 2750 Naufragium.

1268 2736 1405 2767 Mensam.
1446 2739 1533 2769 Plaut.
1551 2741 1725 2779 Amph.2.2.
1739 2753 1800 2782 175.
1832 2745 1875 2775 Te
1891 2746 2043 2777 dormitare
2061 2749 2171 2784 aiebas,
2194 2751 2287 2781 mensa
2302 2752 2391 2782 ablata

1289 2775 1341 2811 est,
1364 2776 1490 2806 cubitum
1501 2778 1693 2811 hincabinius.

1269 2812 1372 2843 Metus.
1395 2814 1468 2852 Virg.
1483 2825 1525 2845 12.
1539 2816 1601 2846 AEn.
1613 2823 1675 2855 31⁶·

1268 2851 1373 2881 Noctes
1384 2854 1410 2882 ἃ
1419 2853 1479 2882 dies
1489 2853 1550 2883 alic.
1573 2856 1658 2886 Ovid.
1667 2857 1704 2887 de
1712 2857 1791 2888 Rem.
1805 2858 1895 2890 Amor.
1911 2867 1973 2897 538.

1267 2889 1381 2956 hlognen
1403 2891 1509 2921 auferre
1533 2892 1609 2929 aliis,
1630 2896 1780 2934 &fulgore
1798 2897 1932 2928 claritatis
1948 2899 2078 2930 tenebras
2094 2901 2240 2933 obducere.
2268 2903 2388 2941 Quintil.

1299 2938 1306 2955 1
1329 2951 1334 2956 .
1355 2938 1397 2958 10.
2260 2966 2266 2968 ,

1268 2965 1372 3003 Nugas.
1413 2966 1499 2996 Plaut.
1512 2967 1597 2999 Truc.
1608 2981 1633 3005 4.
1643 2981 1669 3006 4.
1680 2975 1706 3004 8.
1729 2971 1807 3009 Quid
1816 2974 1905 3011 agitur
1912 2974 2041 3013 voluptas
2055 2986 2116 3006 mea
2126 2978 2140 3005 ‘3
2170 2988 2198 3006 D.
2221 2987 2279 3007 non
2290 2979 2389 3018 volup.

1287 3010 1327 3032 tas
1338 3025 1345 3038 ,
1368 3005 1444 3034 aufer
1453 3015 1558 3043 nugas:
1581 3007 1651 3037 nihil
1662 3018 1714 3046 ego
1724 3019 1800 3040 nunc
1812 3012 1847 3040 de
1856 3012 1920 3042 istac
1927 3023 1955 3042 re
1964 3023 2025 3051 ago.
2043 3015 2060 3043 i.
2073 3025 2096 3044 e.
2120 3014 2227 3044 Desine.

1266 3040 1382 3071 Oblivio
1393 3042 1464 3072 illud
1475 3044 1594 3075 abstulit.
1617 3046 1723 3076 Sallust.
1746 3048 1781 3078 de
1792 3048 1930 3088 Rep.ord.
1947 3061 1970 3080 1.
1980 3063 2007 3087 4.
2022 3062 2044 3081 1.
2056 3053 2096 3082 An
2108 3052 2163 3087 illa,
2176 3062 2236 3090 quae
2245 3053 2329 3091 paulo
2340 3065 2388 3085 an.

1286 3086 1313 3107 te
1323 3079 1378 3108 hoc
1388 3079 1496 3110 bellum
1508 3083 1536 3111 in
1545 3083 1765 3123 Cn7Pompeium
1774 3108 1781 3120 ,
1799 3088 2002 3126 victoriamque
2011 3090 2150 3126 Syllanam
2159 3090 2386 3130 increpabantur,

1283 3116 1390 3146 oblivio
1401 3118 1544 3149 abstulstY
1554 3122 1571 3150 i.
1585 3131 1610 3150 e.
1629 3122 1741 3153 Penitus
1749 3124 1829 3155 obliti
1841 3126 1922 3156 estis?
1943 3127 1999 3156 Sed
2010 3128 2057 3157 alii
2067 3128 2150 3157 codd.
2162 3128 2321 3167 Intercepit.

1268 3154 1355 3192 Opes.
1379 3156 1521 3187 Ovid.20.
1543 3158 1626 3196 Epist.
1640 3165 1701 3196 146.

1266 3191 1418 3223 Pecuniam
1434 3205 1468 3224 ex
1485 3196 1588 3226 edicto.
1629 3198 1687 3228 Cic.
1699 3201 1725 3228 6.
1743 3200 1796 3231 Att.
1819 3200 1891 3231 Illud
1910 3202 2023 3238 quidem
2031 3202 2162 3232 fatebitur
2173 3204 2319 3241 Scaptius,
2340 3216 2388 3236 me

1285 3231 1454 3298 {jusffdicentc
1463 3255 1470 3269 ,
1491 3233 1541 3263 fibi
1554 3245 1669 3266 omnem
1680 3239 1830 3275 pecuniam
1841 3249 1876 3268 ex
1887 3239 1981 3268 editio
1990 3249 2054 3269 meo
2068 3241 2212 3270 auferendi
2222 3243 2387 3280 potestatem

1299 3279 1325 3297 ui
1348 3278 1372 3299 e.

1264 3305 1398 3343 Pignora,
1426 3307 1463 3338 est
1487 3311 1564 3348 quod
1590 3320 1666 3342 minc
1691 3312 1809 3344 dicimus
1831 3313 1998 3352 Captionem
2022 3314 2169 3346 bonorum.
2218 3317 2278 3348 Cic.
2296 3328 2320 3356 3.
2350 3321 2386 3350 de

1284 3345 1361 3374 Orat.
1374 3357 1401 3382 4.
1442 3347 1498 3377 Hic
1507 3358 1593 3385 quum
1604 3350 1748 3381 homini&
1761 3352 1918 3381 vehementi
1931 3354 1956 3381 ἃ
1967 3352 2066 3381 diserto
2078 3355 2104 3383 δι
2119 3354 2149 3383 in
2159 3355 2257 3392 primis
2272 3357 2337 3387 forti
2350 3360 2386 3388 ad

1280 3383 1458 3414 resistendum
1469 3385 1597 3424 Philippo
1609 3409 1616 3423 ,
1639 3389 1711 3425 quasi
1725 3390 1855 3426 quasdam
1867 3390 2014 3419 verborum
2031 3391 2105 3420 faces
2128 3393 2303 3430 admovisset,
2326 3407 2385 3426 non

1280 3421 1346 3450 tulit
1361 3422 1429 3458 ille,
1451 3425 1480 3490 (Ξ
1495 3433 1612 3491 {naviter
1632 3427 1730 3456 exarsit
1750 3427 1968 3465 pignoribusque
1988 3427 2104 3462 ablatis,
2126 3429 2250 3461 Crassum
2266 3433 2386 3464 >instituit

1281 3468 1420 3490 coercere.
1482 3472 1500 3491 u
1523 3485 1529 3491 .

1262 3496 1482 3528 Pollicitationes
1490 3499 1574 3530 aufer.
1595 3500 1658 3530 Ter.
1670 3501 1779 3531 Phorm.
1793 3511 1816 3537 ς.
1830 3504 1854 3530 6.
1871 3510 1913 3538 17.

1261 3534 1417 3566 Praemium.
1457 3537 1545 3577 Plaug
1559 3538 1654 3568 Pseud.
1666 3550 1691 3575 4.
1705 3548 1730 3576 7.
1745 3548 1806 3576 127.
1846 3548 1868 3569 s,
1899 3539 1940 3570 De
1957 3540 2092 3579 improbis
2113 3543 2179 3573 viris
2199 3545 2297 3576 auferri
2316 3558 2384 3586 prae-

1282 3574 1406 3604 mium&
1419 3575 1541 3612 praedam
1552 3576 1641 3605 decet.

1261 3609 1434 3648 Responsum
1443 3612 1476 3641 ab
1488 3613 1591 3649 aliquo.
1632 3613 1689 3642 Cic.
1706 3623 1728 3642 r.
1743 3614 1777 3642 de
1793 3613 1870 3644 Orat.
1884 3623 1948 3651 239.
1972 3615 2107 3653 Equidem
2119 3619 2173 3649 hoc
2188 3619 2259 3659 saepe
2269 3623 2380 3660 audivi,

1280 3649 1417 3679 accessisse
1430 3651 1465 3679 ad
1477 3650 1598 3679 Crassum
1614 3651 1776 3680 consulendi
1787 3652 1865 3681 causa
1875 3653 2015 3689 quendam
2030 3656 2197 3687 rusticanum
2209 3667 2215 3687 z
2237 3661 2282 3697 qui
2295 3671 2382 3697 quum

1281 3686 1404 3722 CJaffum
1413 3686 1576 3723 seduxisset,
1597 3696 1678 3725 atque
1687 3690 1722 3717 ad
1732 3698 1796 3718 euin
1806 3689 1938 3719 retulisset
1949 3713 1956 3725 ,
1977 3691 2193 3733 responsumque
2199 3696 2233 3725 ab
2241 3707 2275 3726 eo
2284 3708 2380 3729 verum

1281 3726 1369 3761 magis
1383 3735 1466 3762 quam
1484 3725 1519 3754 ad
1535 3724 1609 3754 suam
1625 3735 1683 3755 rem
1695 3728 1941 3757 accommodatum
1956 3729 2118 3767 abstulisset,
2147 3742 2179 3763 ut
2195 3744 2259 3765 eum
2279 3737 2381 3767 tristem

1282 3763 1368 3792 Galba
1381 3762 1467 3797 vidit,
1486 3765 1536 3792 ἃς.

1262 3798 1415 3837 Relliquias
1427 3801 1491 3829 vitae
1500 3800 1632 3829 membris
1640 3810 1677 3829 ex
1689 3801 1819 3831 omnibus
1829 3803 1925 3834 aufert.
1947 3804 2054 3835 Lucret.
2067 3810 2092 3836 6.
2106 3810 2168 3844 825.

1263 3838 1298 3868 Se
1307 3838 1421 3867 auferre.
1441 3838 1458 3865 i.
1479 3847 1502 3866 e.
1532 3837 1629 3877 Abire.
1643 3838 1807 3869 Planesifin.
1820 3850 1845 3871 2.
1857 3853 1883 3877 4.
1896 3846 1939 3878 63.
1976 3845 2095 3874 Auserte
2106 3846 2241 3883 domuin,
2263 3849 2381 3881 ascende

1282 3875 1358 3904 hinc.
1399 3875 1463 3904 Ter.
1473 3875 1580 3904 Phorm.
1594 3885 1618 3911 3.
1633 3885 1656 3910 3.
1667 3880 1712 3905 26.
1744 3878 1827 3908 Aufer
1835 3886 1862 3908 te
1871 3879 1945 3910 hinc.
1968 3881 2040 3919 Virg.
2050 3893 2076 3918 4.
2094 3883 2156 3913 AEn.
2167 3891 2228 3921 389.

1393 3928 1430 3932 —
1438 3911 1520 3948 seque
1529 3922 1563 3941 ex
1576 3913 1663 3943 oculis
1673 3917 1808 3946 avertit&
1817 3917 1913 3947 aufert.

1264 3950 1430 4019 Somfnum&
1451 3950 1520 3980 Cels.
1532 3950 1581 3981 lib.
1593 3961 1617 3981 ι.
1634 3961 1694 3990 cap.
1707 3963 1733 3990 9.
1763 3953 1844 3983 Calor
1859 3957 2075 3988 concoftionem
2089 3959 2232 3998 prohibet.
2254 3960 2382 3992 somnum

1282 3997 1317 4018 au
1331 3994 1387 4025 ert,
1432 3996 1456 4019 c.

1776 4027 1795 4059 Ρ
1801 4039 1821 4068 Ρ
1844 4039 1861 4061 2
2264 4036 2384 4078 >Somnos
