2667 4145
231 96 278 124 22
691 82 718 115 A
813 78 842 113 C
936 76 964 109 A

272 166 399 202 liberos,'
418 166 506 199 ferro,
526 162 660 197 flammis,
682 163 708 191 ἃ
722 160 799 189 omni
819 167 917 196 genere
935 154 1030 185 mortis
1048 149 1232 194 crudelissime
1250 148 1386 178 interfice..

272 212 334 234 rent
344 227 351 238 ,
372 214 406 233 ne
419 204 445 231 111
459 202 540 231 hostis
550 201 677 229 venirent
686 199 857 237 potestatem.
884 195 939 223 Liv.
953 191 1054 221 Decad.
1068 188 1162 230 4,.111).ι
1174 198 1196 216 1.
1213 196 1254 221 31.
1273 196 1313 223 17.

234 243 368 275 Abydena
378 241 463 270 illatio
473 262 481 273 ,
501 238 544 267 vel
557 238 689 269 Abvdena
698 235 824 268 bellaria,
847 231 970 262 Proverb.
997 228 1027 270 V.
1044 227 1142 268 Eralm.
1157 235 1185 253 in
1197 224 1279 261 Adag.

235 277 362 310 Abi-deni
378 282 447 307 tama
464 278 576 305 fuerunt
591 270 685 313 parum
704 273 823 302 secunda
835 293 842 304 ,
872 266 947 305 quod
963 267 1049 307 essent
1063 263 1238 301 lycophantae
1249 285 1256 297 ,
1286 262 1385 291 molles

274 314 299 347 (Sc
312 315 483 346 eil'oeniinati.
518 313 626 342 Pausan.
644 314 669 341 8(
681 311 756 341 Suid.
798 309 827 336 V.
845 305 927 344 paulo
940 310 1003 332 ante
1018 311 1047 330 in
1066 310 1309 344 Anrnocomffl.

235 355 302 384 Am
316 365 357 382 LA
378 349 520 382 nonnullis
530 361 578 387 per
590 348 750 378 metathesin
762 343 964 382 Alybadieitui:
990 338 1076 382 Strab.
1093 337 1140 367 lib.
1156 348 1179 382 ³:
1220 375 1225 381 α

235 392 356 422 ABYLA
368 413 375 425 ,
405 389 550 426 Dionysius
565 388 626 417 Afer
640 388 669 415 in
682 386 730 414 lib.
751 385 785 412 dc
805 383 863 411 Situ
881 379 948 409 orb.
966 375 1086 406 mediam
1107 383 1239 413 corripuit
1256 375 1310 417 hoc
1327 385 1386 404 ver-

270 429 319 458 sn:
359 430 492 463 [Σπηλαων
519 425 593 453 dtu?
613 426 690 453 ‚tam
709 422 765 457 μίαν
794 421 832 447 τ’ἦς
856 415 878 444 δ’
899 415 1048 450 -ίπεγερθε,]
1088 415 1129 444 Ι)6
1148 414 1233 451 Abyla
1259 414 1294 442 lic
1313 412 1381 441 Plin.

271 468 301 495 in
320 466 368 495 lib.
386 475 409 501 3.
430 464 585 502 prooemio:
619 461 744 490 Proxima
763 464 855 486 autem
875 453 1001 483 faucibus
1019 453 1147 490 utrinque
1166 451 1284 489 impoliti
1306 460 1386 479 mon-

271 511 330 538 tes,
359 509 489 532 coercent
509 500 629 529 claustra.
674 496 758 533 Abyla
773 494 868 523 Africae
880 515 887 527 ,
917 493 1032 528 Europae
1044 490 1146 528 Calpe,
1174 490 1299 518 laborum
1318 488 1385 517 Her-

270 542 340 571 culis
363 547 450 569 inette.
500 539 590 574 Quam
613 534 777 601 offusam
797 531 934 567 indigenae
955 529 1099 558 columnas
1121 529 1180 563 ejus
1199 528 1243 555 dei
1264 532 1383 554 vocant:

270 579 442 614 creduntque
462 575 589 614 perl'oll'as
610 583 642 601 cix
693 571 718 599 sa
737 577 817 599 antea
836 567 968 598 admisisse
988 567 1072 595 maria
1084 588 1092 601 ,
1127 567 1152 594 S<
1171 575 1262 594 rerum
1281 572 1384 592 naturze

268 615 382 646 mutasse
394 615 501 643 faciem.
531 613 663 647 Pompon.
678 608 746 638 Mel.
763 607 810 636 lib.
826 617 847 636 1.
865 616 924 643 cap.
940 617 963 639 ς.
985 615 1012 642 p.
1028 614 1089 639 335.
1112 603 1232 632 Gronov.
1264 601 1383 636 Deinde,

267 655 368 691 inquit,
384 653 420 681 611
431 661 510 680 mons
521 649 648 687 priealtus
658 669 666 680 ,
686 647 711 675 61
724 655 807 682 quem
818 654 853 673 ex
864 643 975 673 adverso
987 642 1116 680 Hispania
1127 639 1237 674 attollit,
1249 640 1382 675 objectus.

267 692 344 721 hunc
362 689 494 727 Abylam,
526 687 604 715 illum
624 684 729 721 Calpen
748 689 868 717 vocant,
907 681 1051 710 columnas
1072 678 1199 708 Herculis
1226 685 1382 713 utrumque.

267 729 351 758 Addit
372 728 443 756 fama
462 722 582 753 nominis
606 722 728 751 fabulam
746 743 754 755 ,
793 720 943 753 Herculem
962 718 1051 761 ipsum
1070 718 1180 753 junctos
1201 716 1269 744 olim
1288 724 1386 753 perpe-

268 772 317 795 tuo
338 767 400 799 iugo
429 761 563 792 diremisse
584 760 669 789 colles
686 782 694 795 ,
730 766 812 796 atque
833 758 870 786 ita
890 757 1031 786 cxclulum
1047 762 1128 784 antea
1146 753 1219 782 mole
1245 753 1384 781 montium

270 795 432 834 0663111101,
453 800 487 828 30
503 809 563 836 quae
576 808 651 827 nunc
666 798 801 831 inundat,
823 795 976 825 admill‘um.
1000 793 1086 823 Strab.
1106 792 1153 821 lib.
1170 801 1192 828 3.
1207 792 1242 820 dc
1253 789 1383 820 Column.

266 840 394 870 Herculis
413 838 498 866 varias
520 837 640 865 referens
659 836 806 873 opiniones
820 856 828 868 ,
860 833 951 870 Aliqui
968 854 976 866 ,
1011 832 1049 860 ait
1067 853 1074 865 ,
1114 829 1258 858 columnas
1279 827 1385 865 Calpen

267 880 293 908 ἃ
314 876 461 914 Abylycem
482 875 588 911 opinati
608 874 686 908 sunt,
717 880 842 902 montem
859 881 893 900 ex
914 871 1001 899 Africa
1020 867 1259 906 procumbentem.
1300 865 1384 908 Paulo

265 916 343 953 post:
385 914 419 942 At
438 913 550 950 quidam
572 909 615 941 alii
638 911 781 940 columnas
801 909 856 938 dici
878 908 936 937 illas
954 909 1049 941 aiunt,
1082 915 1142 942 quae
1162 906 1232 933 intra
1257 903 1385 932 Herculis

266 953 354 982 redem
371 952 399 980 in
419 951 541 980 Gadibus
555 950 678 979 existant.
722 949 792 978 Sunt
811 954 904 976 autem
923 955 957 974 ex
973 955 1042 980 iere,
1071 943 1230 972 cubitorum
1247 943 1329 975 octo,
1355 941 1384 969 in

266 991 365 1027 quibus
382 988 559 1018 construendi
577 987 674 1025 templi
694 987 818 1023 sumptus
835 984 979 1020 inscriptus
997 984 1043 1011 est.
1083 981 1124 1010 Ad
1139 990 1204 1017 quas
1222 989 1308 1016 quum
1324 988 1385 1015 per-

261 1029 377 1057 veniant
398 1027 443 1063 qui
460 1027 665 1063 navigationem
684 1024 865 1057 absolverint,
894 1020 1007 1051 Herculi
1023 1020 1095 1048 sacra
1113 1019 1231 1048 ferentes
1249 1039 1257 1052 ,
1289 1027 1304 1045 a
1321 1017 1383 1046 Deo

264 1066 291 1095 se
307 1066 393 1101 juvari
409 1064 596 1098 instruuntur,
626 1063 671 1091 hic
685 1063 765 1091 maris
783 1064 808 1090 ἃ
828 1068 904 1089 terrre
917 1059 1001 1087 finem
1018 1057 1080 1086 effe.
1118 1056 1201 1098 Hunc
1216 1054 1385 1097 verisimilio-

263 1114 323 1132 rem
339 1103 393 1132 effe
410 1102 582 1137 sermonem,
610 1101 693 1129 etiam
708 1099 867 1129 Posidonius
887 1096 1039 1126 arbitratur.
1082 1094 1149 1124 Haec
1164 1093 1212 1122 1116
1229 1093 1325 1122 Avien.
1337 1092 1385 1121 Pe-

263 1141 375 1179 riegesi,
396 1150 421 1169 v,
442 1150 495 1168 111.

343 1178 441 1208 Maura
452 1177 491 1206 Ab
506 1177 538 1206 'la
547 1199 555 1212 ,
577 1178 602 1206 8(
616 1175 694 1204 dorso
706 1172 844 1211 consurgit
854 1172 961 1202 iberica
971 1170 1066 1209 Calpe.

225 1217 350 1248 Annii
369 1216 460 1254 Syriae.
502 1213 518 1244 s.
540 1224 659 1243 Asinii.

225 1255 441 1288 ABYRTACE,
475 1248 645 1288 [ἀζυςπέκη]
678 1250 759 1288 Apud
780 1249 882 1279 Mediae
907 1246 1027 1285 populos
1050 1251 1108 1274 erat
1133 1244 1219 1274 edulii
1242 1253 1329 1282 genus
1350 1253 1386 1272 6)(

267 1302 367 1330 porro,
388 1291 534 1325 cardamo,
556 1287 639 1324 allio,
668 1289 756 1326 granis
773 1286 837 1316 mali
854 1287 968 1323 punici,
990 1284 1096 1321 sinapi,
1118 1283 1232 1320 aliisque
1244 1280 1386 1311 nonnullis

263 1330 356 1397 ffibug]
373 1329 541 1358 confectum.
587 1327 676 1364 Etym.
705 1326 819 1355 Author.
846 1323 983 1353 Plutarch.
1011 1320 1135 1360 Sympos.
1154 1332 1180 1356 4.
1207 1331 1230 1350 1.
1264 1320 1294 1349 V.
1319 1318 1384 1348 Cael.

310 1378 327 1396 o
351 1368 356 1373 '
378 1390 384 1396 .
401 1378 410 1395 1
437 1389 443 1395 .
479 1371 504 1395 6.

226 1377 520 1437 AssYiz›r{cci‘p‹i21,
542 1399 763 1438 [ἀξυςῶιυπωὶ]
789 1400 944 1434 Dicuntur,
972 1398 1019 1436 qui
1033 1396 1171 1433 ejusmodi
1190 1395 1328 1424 esculenta
1340 1404 1387 1433 pa-

265 1449 335 1472 rant.
366 1442 431 1471 Cael.
445 1441 564 1477 Rhodig.
582 1440 628 1469 lib.
641 1449 684 1476 27.
702 1449 761 1477 cap.
774 1448 817 1474 23.

227 1481 386 1512 Asrssus
397 1502 404 1515 ,
425 1480 452 1509 si.
475 1479 492 1507 f.
525 1477 687 1514 [bissvw32]
712 1478 788 1514 Aqua
805 1481 902 1513 patens
918 1475 949 1503 in
965 1471 1128 1503 immensam
1148 1470 1383 1508 profunditatem:

266 1518 328 1547 Hoc
339 1518 394 1552 est,
418 1518 490 1554 Qiae
509 1516 628 1545 fundum
647 1525 705 1543 non
726 1514 816 1544 habet.
856 1512 1106 1543 Eccleliasticorum
1125 1509 1182 1538 fere
1201 1508 1256 1543 est,
1285 1508 1332 1545 qui
1350 1507 1386 1537 ad

264 1556 358 1585 sedem
374 1555 525 1584 inferorum
546 1553 721 1582 transferunt.
762 1552 807 1581 Sic
828 1551 858 1579 in
874 1550 909 1580 N.
929 1550 963 1580 T.
986 1548 1116 1579 prudent.
1137 1546 1259 1577 Hamart.
1275 1556 1300 1575 v.
1318 1551 1384 1583 835.

265 1594 301 1622 de
313 1594 411 1623 Anima
424 1593 544 1630 peccatis
564 1590 686 1629 polluta:

353 1631 527 1661 Mersandam
543 1629 653 1667 penitus
671 1633 757 1665 puteo
771 1626 902 1656 ferventis
917 1624 1016 1663 Abyssi.

227 1669 373 1705 Aiszo‘ia,
391 1667 491 1707 Populi
502 1666 610 1697 suntad
620 1666 766 1707 Oceanum
776 1664 947 1702 Scythicum.
978 1662 1047 1692 Plin.
1063 1661 1111 1691 lib.
1124 1664 1150 1690 6.
1171 1669 1231 1699 cap.
1248 1667 1290 1696 13.

724 1742 753 1777 A
846 1740 876 1775 C

226 1823 291 1859 Ac,
316 1822 478 1859 conjunctio
496 1820 535 1850 est
552 1818 708 1858 copulativa
736 1814 827 1854 [καὶ]
856 1824 906 1855 pro
920 1816 970 1853 Et,
998 1815 1052 1845 five
1063 1815 1161 1852 Atque.
1192 1814 1257 1844 Ter.
1271 1812 1342 1842 And.
1358 1820 1382 1842 1.

269 1871 293 1890 1.
311 1870 357 1898 47.
404 1877 441 1881 ——
451 1860 552 1888 Pudice
563 1860 664 1893 vitam,
686 1866 767 1895 parce
779 1866 811 1885 ac
826 1855 930 1884 duriter

343 1898 463 1935 Agebat,
484 1896 545 1925 lana
562 1907 593 1925 ac
607 1896 662 1925 tela
671 1896 775 1924 victum
792 1894 946 1930 quaeritans.

263 1936 303 1966 Ac
313 1957 321 1971 ,
342 1946 392 1974 pro
402 1936 444 1964 his
457 1935 562 1963 duabus
575 1933 715 1972 particulis
736 1931 860 1968 (idque)
880 1931 924 1959 vel
943 1930 989 1965 (&
1001 1928 1145 1966 quidem.)
1166 1927 1230 1956 Ter.
1243 1926 1343 1956 Heaut.
1354 1935 1381 1961 4.

285 1984 310 2009 5.
328 1984 370 2010 15.
411 1972 520 2002 Faciam
536 1972 600 2000 boni
615 1971 666 2000 tibi
676 1970 778 2007 aliquid
791 1979 841 2006 pro
853 1968 917 1997 istac
928 1978 973 2002 re,
994 1977 1025 1996 ac
1038 1966 1146 1995 lubens.
1175 1965 1254 1994 Idem
1270 1964 1340 1993 Eun.
1358 1974 1382 1998 5.

284 2020 310 2047 3.
326 2015 351 2040 6.
390 2010 494 2040 Amabo
507 2010 573 2047 quid
589 2010 648 2039 ait?
671 2007 848 2045 cognoscitne
859 2008 873 2035 ἴ)
902 2006 932 2035 C.
953 2015 985 2035 ac
996 2004 1164 2033 memoriter.

263 2049 321 2084 Ac,
343 2049 441 2079 Etiam.
476 2048 533 2076 Cic.
554 2057 604 2085 pro
624 2047 741 2076 Muraen.
782 2045 820 2074 Ac
840 2044 875 2073 06
892 2044 984 2073 officio
1002 2041 1168 2071 defensionis
1186 2050 1255 2069 meae
1267 2061 1275 2074 ‚
1305 2047 1337 2066 ac
1349 2038 1385 2067 06

280 2087 389 2154 13111006
406 2085 587 2153 ἒ66013110013
604 2092 675 2121 tuae,
702 2082 810 2113 fortasse
830 2082 915 2111 etiam
933 2081 986 2111 alia
1003 2081 1033 2109 in
1050 2086 1127 2118 parte
1141 2078 1273 2108 orationis
1291 2075 1387 2105 dicen-

306 2134 352 2154 um
366 2134 403 2153 no
425 2134 446 2153 is
463 2130 522 2153 erit.

263 2163 302 2193 Ac
321 2163 430 2201 potius,
456 2161 601 2198 Loquendi
619 2170 705 2197 genus
723 2168 772 2197 per
787 2158 997 2188 correffionem.
1035 2155 1116 2197 Idem
1127 2154 1203 2192 quod
1217 2152 1269 2181 Vel
1280 2152 1384 2194 potius,

281 2200 343 2230 Imo
355 2201 457 2238 potius.
487 2199 544 2228 Cic.
562 2198 671 2228 Lentul.
689 2198 736 2227 lib.
753 2208 776 2226 1.
793 2208 820 2233 4.
859 2197 917 2234 Ego
933 2195 1011 2224 omni
1029 2194 1138 2229 officio,
1169 2201 1201 2221 ac
1216 2191 1310 2230 potius
1327 2199 1387 2228 pie-

281 2245 338 2267 tate
351 2247 414 2275 erga
426 2244 472 2271 te,
493 2239 544 2266 &c.
576 2237 621 2265 Gr.
643 2237 733 2269 (φίλων
752 2230 787 2261 A‘.

263 2277 303 2308 Ac
316 2285 391 2310 non,
413 2285 462 2313 pro
475 2275 543 2304 Nec.
573 2274 637 2303 Ter.
649 2273 726 2302 Adel.
741 2282 764 2309 3.
780 2281 804 2310 3,
821 2280 864 2309 39.

344 2333 356 2338 -
365 2314 491 2343 Nimium
504 2313 574 2341 inter
589 2321 638 2341 vos
649 2311 764 2345 Demea,

340 2351 378 2381 Ac
391 2360 448 2379 non
464 2349 527 2387 quia
543 2349 608 2378 ades
623 2349 740 2387 praesens
758 2347 831 2377 dico.
910 2345 968 2375 Cic.
989 2353 1040 2382 pro
1061 2343 1154 2373 Domo
1169 2341 1231 2376 sua,
1263 2341 1304 2371 Sit
1321 2339 1385 2369 sane

283 2389 339 2419 hoc
360 2389 396 2418 de
414 2388 512 2417 nostris
530 2387 634 2416 aedibus
646 2409 654 2421 ,
685 2396 716 2416 ac
737 2395 794 2414 non
815 2386 850 2414 de
868 2383 987 2422 publicis
1004 2381 1124 2420 templis.
1164 2380 1258 2410 Unum
1271 2378 1385 2408 ostende

282 2427 399 2456 verbum
409 2425 620 2455 consecrationis
633 2425 661 2453 in
671 2423 728 2462 ipsa
740 2431 788 2452 tua
805 2423 882 2460 lege,
910 2421 929 2451 si
941 2420 987 2450 illa
998 2419 1044 2449 lex
1059 2420 1115 2454 611,
1136 2428 1167 2447 ac
1182 2428 1241 2447 non
1257 2426 1313 2446 vox
1330 2416 1386 2445 sce-

282 2463 347 2493 leris
360 2466 386 2494 8(
397 2463 565 2492 crudelitatis
579 2468 642 2491 tuae.

265 2502 321 2536 Ae.
344 2502 371 2531 in
383 2501 522 2540 principio
532 2500 743 2533 sententiarum,
759 2497 941 2528 continuandi
951 2497 1008 2526 vim
1018 2494 1116 2529 habet,
1132 2503 1181 2530 pro
1195 2493 1301 2521 Autem.
1324 2490 1384 2520 Cic.

281 2539 423 2607 11111Ἧὲ16
434 2539 511 2568 Orat.
523 2538 552 2566 in
564 2547 682 2575 prooem.
719 2540 757 2566 Ac
768 2537 858 2574 primo
869 2535 982 2572 quidem
993 2534 1078 2563 totius
1089 2532 1202 2561 rationis
1216 2531 1312 2568 ignari,
1331 2530 1384 2559 διο.

307 2588 330 2606 11·
351 2599 356 2606 .
406 2587 432 2606 n.
450 2587 472 2605 1.
489 2586 499 2605 1
524 2581 549 2610 8.

332 2587 383 2644 gAc
398 2585 520 2652 primuni
536 2613 616 2642 filicis
633 2611 779 2641 scintillam
796 2611 911 2640 excudit
926 2609 1050 2639 Achates.

265 2653 321 2687 Ac.
352 2662 402 2690 pro
422 2652 525 2680 Contra
541 2660 643 2687 quam,
673 2649 740 2678 teste
761 2649 861 2678 Donat.
884 2648 948 2677 Ter.
971 2647 1040 2676 And.
1065 2657 1089 2684 5.
1112 2655 1135 2674 1.
1156 2654 1200 2674 22.
1240 2643 1275 2673 Et
1291 2642 1385 2672 nescio

285 2690 352 2726 quid
364 2690 414 2718 tibi
425 2689 483 2718 sum
498 2688 600 2718 oblitus
611 2687 695 2716 hodie
704 2709 711 2723 ,
731 2696 762 2715 ac
775 2686 851 2715 volui
861 2708 868 2720 ,
890 2686 991 2715 dicere.

265 2728 319 2763 Ac,
337 2738 388 2766 pro
398 2728 507 2764 Quam,
525 2732 572 2755 aut
582 2735 633 2763 pro
643 2725 696 2760 Ut,
715 2724 771 2753 fere
784 2724 826 2753 his
837 2723 1006 2752 dictionibus
1020 2720 1203 2759 postponitur,
1224 2728 1317 2756 reque.
1337 2717 1386 2746 ali-

285 2772 342 2800 ter,
364 2765 452 2800 alius,
478 2771 592 2797 contra,
619 2763 713 2798 juxta,
734 2772 799 2799 par,
821 2761 954 2798 perinde,
975 2760 1068 2795 secus,
1096 2758 1227 2787 similis&
1242 2756 1382 2786 similibus.

284 2802 326 2832 De
338 2803 437 2840 quibus
448 2801 576 2840 exempla
587 2802 615 2829 in
628 2799 738 2837 singulis
749 2809 846 2828 eorum
857 2799 990 2827 invenies.

265 2841 304 2870 Ac
319 2840 337 2869 11
347 2863 356 2875 ,
376 2841 490 2878 ponitur
502 2850 552 2877 pro
567 2838 650 2875 Quasi
661 2860 668 2873 ,
689 2837 804 2874 perinde
818 2836 889 2872 quasi
899 2858 907 2871 ,
929 2838 954 2866 ἃ
966 2842 1096 2871 tanquam
1110 2833 1138 2862 si.

266 2878 349 2913 Juxta
357 2888 389 2908 ac
401 2878 433 2912 11,
458 2878 523 2907 Non
533 2877 610 2906 secus
622 2885 653 2904 ac
670 2875 706 2910 si,
730 2875 796 2904 Non
810 2875 888 2904 aliter
901 2884 932 2903 ac
948 2873 966 2902 11
978 2895 985 2909 ,
1013 2879 1157 2911 ponuntur
1168 2880 1218 2908 pro
1230 2870 1298 2899 Non
1308 2869 1385 2898 secus

285 2926 367 2952 quam
378 2939 385 2951 ,
412 2916 477 2945 Non
491 2915 570 2944 aliter
583 2923 674 2952 quain.

247 2980 251 2988 ,
267 2953 305 2983 Ac
315 2976 322 2988 ‚
343 2954 372 2983 in
383 2953 584 2990 compositione
594 2974 602 2987 ,
627 2951 740 2989 ponitur
754 2960 803 2988 pro
815 2949 855 2978 Ad
868 2971 875 2984 ,
896 2949 1050 2977 mutatione
1060 2958 1075 2976 6
1086 2946 1172 2976 litera:
1184 2947 1213 2975 in
1226 2945 1243 2974 (1
1255 2955 1261 2974 ;
1288 2945 1325 2974 Ut
1336 2946 1387 2974 Ac-

286 2991 373 3027 cedo,
395 2991 520 3029 accipio,
541 2989 655 3019 accolo:
680 2989 752 3025 Qua:
768 2994 861 3017 tamen
874 2987 979 3023 antiqui
996 2996 1044 3023 per
1059 2986 1077 3013 d
1092 2984 1246 3013 scribebant
1259 2983 1383 3018 Adcedo,

285 3029 413 3066 adcipio,
441 3029 557 3063 adcolo,
578 3029 604 3057 Sc
619 3026 722 3055 similia.
762 3025 826 3054 Non
839 3024 877 3053 611
894 3024 976 3061 igitur
992 3034 1026 3053 ex
1044 3023 1244 3058 conjunctione
1255 3043 1262 3056 ,
1286 3020 1334 3050 sed
1350 3031 1385 3050 ex

287 3074 415 3103 corrupta
426 3067 617 3104 praepolitione
629 3074 691 3094 com
715 3064 792 3092 olitio
809 3062 955 3096 eiusmodi.

272 3105 308 3132 Ac
326 3105 407 3132 etiam
418 3127 426 3138 ,
453 3105 488 3133 Ac
500 3114 610 3141 quoque
627 3112 676 3140 per
711 3100 881 3130 leonasmum
900 3100 955 3128 dici
966 3099 1103 3128 videntur.
1130 3098 1245 3126 Sueton.
1262 3095 1327 3125 Caes.
1339 3099 1383 3125 26.

287 3141 337 3171 Per
348 3142 452 3178 equites
466 3142 607 3171 Romanos
623 3150 655 3170 ac
666 3140 749 3169 etiam
766 3148 814 3176 per
827 3138 981 3167 Senatores.
1009 3136 1082 3165 conf.
1096 3135 1162 3164 ibid.
1182 3144 1241 3172 cap.
1257 3144 1298 3168 55.
1319 3135 1385 3163 &in

289 3179 355 3213 Aug.
376 3189 435 3216 cap.
453 3190 493 3215 19.
521 3179 589 3208 Cels.
606 3189 631 3208 2.
654 3181 680 3207 6.
720 3178 758 3206 Ac
775 3176 935 3213 sanguinem
953 3184 1063 3212 quoque
1081 3174 1111 3203 in
1127 3172 1214 3203 Febre
1233 3171 1386 3208 vomuiss‘e,

287 3214 445 3254 pestiferum
457 3217 502 3247 est.
525 3217 599 3247 conf.
612 3226 638 3246 2.
654 3225 686 3252 3:
710 3226 733 3251 5.
748 3218 799 3244 26:
825 3223 850 3251 7.
869 3219 910 3247 18.

671 3292 700 3327 A
789 3291 820 3325 C
914 3289 942 3323 A

233 3363 305 3392 ΛΟΛ
315 3383 323 3397 s
354 3359 432 3397 [55⁹⁶
442 3381 450 3393 ι
464 3362 526 3405 'five
545 3360 619 3398 Α’κη]
648 3363 744 3392 civitas
758 3362 923 3391 Phoenicum
933 3383 941 3396 ,
969 3369 1030 3398 quse
1044 3359 1137 3398 postea
1150 3358 1297 3389 Ptolemais
1314 3359 1387 3389 dieta

271 3400 317 3442 611.
348 3399 434 3428 Strab.
452 3399 498 3428 lib.
516 3403 556 3428 16.
603 3400 671 3430 Plin.
693 3407 785 3429 autem
805 3400 906 3429 dicitur
924 3399 996 3433 Ace,
1027 3408 1086 3434 qua*
1107 3398 1248 3435 quondam
1276 3397 1387 3426 colonia

271 3437 331 3465 fuit.
364 3436 459 3465 Claud.
473 3437 537 3465 (ῥα-11
551 3436 598 3465 lib.
615 3449 637 3473 5.
654 3448 713 3475 cap.
730 3449 770 3474 19.
808 3438 901 3467 Accho
915 3436 1003 3465 Sacris
1019 3435 1116 3464 Literis
1129 3435 1219 3470 judie.
1237 3444 1258 3463 1.
1273 3444 1314 3471 31.
1337 3434 1388 3463 Bo-

271 3474 356 3503 chart.
376 3484 435 3512 cap.
452 3484 477 3517 2.
518 3474 661 3504 Palaestina:
672 3497 680 3509 ,
707 3476 783 3504 Acon
800 3474 846 3504 seu
862 3473 1008 3504 [leonensis
1024 3474 1139 3507 civitas,
1166 3472 1271 3507 J.ieobo
1286 3483 1301 3501 a
1318 3472 1385 3501 Vitr.

271 3521 330 3548 cap.
351 3521 395 3547 25.
428 3512 494 3541 Hist.
511 3512 617 3540 Oricnt.
639 3514 750 3548 Aceon,
780 3513 814 3541 ad
828 3523 911 3550 quern
929 3511 1024 3541 locum
1044 3511 1075 3539 V.
1099 3520 1158 3547 01116
1174 3517 1251 3538 notat
1266 3511 1294 3538 in
1312 3509 1384 3538 Edit.

271 3548 358 3577 Duae.
380 3551 524 3592 An..1597.
554 3549 636 3578 Andr.
650 3550 754 3585 llojus,
775 3561 801 3587 p.
815 3556 878 3586 461.
910 3549 1050 3583 Fullerus,
1072 3548 1118 3577 lib.
1133 3560 1159 3583 4.
1184 3547 1298 3576 Miscell.
1312 3548 1385 3576 Sacr.

276 3596 316 3621 ις.
345 3586 457 3629 docebit
475 3586 545 3614 male
562 3588 643 3622 quatri
656 3597 671 3615 a
689 3588 828 3624 Stephano
843 3587 970 3617 vocabuli
984 3586 1120 3621 originem
1139 3586 1169 3614 in
1184 3584 1276 3621 lingua
1288 3594 1386 3621 graeca,

271 3623 383 3664 explodi
403 3631 494 3652 autem
516 3623 616 3652 debere
636 3634 753 3659 vocem,
781 3635 840 3661 quie
854 3627 885 3655 lit
903 3624 977 3663 apud
991 3622 1044 3660 jos.
1061 3624 1128 3660 ὶξοκὴ.
1157 3622 1231 3651 conf.
1249 3624 1274 3652 8(
1292 3628 1388 3651 notata

270 3661 348 3690 Boin)
362 3662 397 3689 ad
412 3662 512 3698 Nepot.
530 3661 635 3690 Data-m.
653 3672 711 3698 cap.
727 3673 749 3696 ς.
766 3672 787 3690 1.

234 3699 255 3728 A
264 3708 279 3727 (;
289 3709 306 3726 Α
316 3709 329 3725 ii
340 3708 352 3725 s
362 3720 370 3731 ,
391 3697 522 3742 [διφέὲη]
536 3698 634 3737 7111003
646 3699 683 3727 611
694 3700 721 3726 iii
737 3699 836 3728 linibus
847 3701 955 3737 AEgvpti
968 3699 1125 3729 Ptolemaeo.

234 3738 280 3766 Ac
290 3746 306 3763 A
316 3746 368 3763 Eis
378 3757 386 3769 ,
409 3736 422 3770 Ι,
435 3736 548 3777 A'wssn]
576 3736 678 3765 Civitas
691 3736 767 3764 estin
779 3736 928 3773 Cyrenaica
942 3738 1065 3775 Aplirica·
1079 3737 1198 3773 regione.
1223 3734 1339 3764 Ptolem.

234 3775 253 3803 A
263 3783 279 3801 c
289 3777 301 3801 Λ’
313 3783 326 3800 11
336 3782 352 3799 0
363 3794 370 3806 ,
392 3772 496 3813 Animal
512 3772 629 3801 multum
640 3773 733 3802 valens
750 3774 774 3800 vi
787 3775 894 3803 medica
905 3797 912 3809 ,
934 3776 960 3803 in
973 3775 1083 3803 desertis
1096 3773 1206 3803 Arabiie.
1234 3772 1328 3810 Calep.

234 3812 331 3852 AcAc
341 3820 356 3837 Λ
367 3820 381 3837 ι.
392 3821 396 3836 i
407 3820 418 3836 s
430 3831 437 3843 ,
458 3812 626 3851 [quenula]
649 3811 739 3839 seim-n
749 3811 787 3838 cll
802 3812 906 3840 fruticis
920 3813 946 3839 in
959 3814 1077 3849 ffigipm
1090 3811 1224 3840 nascentis
1235 3833 1242 3845 ‚
1264 3810 1387 3839 similitu-

271 3848 365 3876 dinem
383 3856 446 3888 cuni
467 3849 555 3875 lructu
577 3847 726 3876 Tamaricis
745 3848 883 3877 obtinens.
928 3844 1039 3877 Nomen
1060 3850 1150 3877 liutici
1169 3859 1184 3877 a
1201 3848 1324 3886 uvmpha
1340 3848 1386 3876 da-

271 3892 330 3913 tum
348 3884 511 3913 crediderim
526 3885 679 3913 Acacallide
693 3907 700 3919 ,
732 3894 792 3922 qua·
810 3888 842 3916 ab
862 3885 989 3923 Apolline
1011 3886 1160 3923 coniprell'a
1175 3881 1343 3924 Phylaciden
1359 3887 1385 3915 &

1835 67 1862 101 A
1959 65 1988 100 C
2085 64 2115 102 A

1473 147 1659 184 Phylandrum
1669 148 1787 177 ediderit
1797 148 1825 176 in
1836 148 1916 177 Creta
1927 157 1934 176 ι
1960 146 2094 175 miraculo
2105 146 2138 176 ab
2151 145 2250 183 Elyriis
2261 143 2372 182 populis
2383 143 2517 177 conficto,
2537 151 2589 171 nu-

1472 187 1551 214 tritos
1561 196 1575 214 a
1587 195 1667 223 capra
1678 195 1725 214 eos
1735 185 1820 214 fuisse.
1850 185 1935 221 Cujus
1948 192 2161 213 monumentum
2173 184 2201 212 in
2213 182 2346 220 Apollinis
2357 190 2466 218 quoque
2477 179 2591 217 Delphi-

1475 224 1501 252 ci
1512 223 1643 256 delubro,
1662 230 1692 251 ut
1704 224 1802 251 author
1813 223 1850 252 est
1861 223 1968 252 Pausan.
1981 223 2009 250 in
2023 222 2102 251 Phoc.
2119 221 2324 250 monstrabatur.
2347 217 2494 256 Appollon.
2506 223 2590 254 poeta

1474 262 1502 289 in
1511 262 1657 297 Argonaut.
1680 260 1863 289 Acacallidem
1875 261 1978 289 Minois
1988 260 2057 296 regis
2067 260 2149 288 filiam
2160 259 2193 288 ab
2204 258 2330 296 Apolline
2343 257 2456 293 quidem
2466 255 2591 284 vitiatam

1474 298 1595 333 cecinit,
1636 297 1682 326 sed
1700 308 1760 334 quae
1780 299 1808 326 iu
1828 298 1944 327 Africam
1967 297 2085 334 relegata
2102 320 2110 331 ,
2142 297 2230 325 filium
2249 295 2368 324 ediderit
2394 293 2509 322 nomine
2528 293 2591 320 Am-

1473 336 1631 373 phithoon,
1660 335 1706 371 qui
1727 337 1753 364 Sc
1769 336 1895 364 Garamas
1915 345 2024 372 quoque
2038 342 2201 369 vocaretur,
2230 332 2392 362 Nasamonis
2407 332 2433 360 8(
2452 329 2590 367 Caphauri

1474 380 1567 410 pater,
1589 382 1623 402 ex
1637 372 1760 410 nympha
1770 373 1928 402 Tritonide.
1955 372 2045 401 Diosc.
2064 384 2085 401 1.
2108 378 2168 405 118.

1437 410 1458 439 Α
1467 421 1483 439 6
1492 423 1509 439 Α
1519 421 1535 439 6
1543 421 1556 439 ε
1565 421 1593 439 Si
1604 421 1621 438 o
1630 421 1649 438 Μ
1660 432 1667 445 ,
1691 411 1817 441 Α’νωιν-ηὶπον
1834 411 1974 447 Stephano
1985 432 1992 444 ,
2014 410 2083 439 Urbs
2100 409 2220 438 Arcadiae
2230 430 2238 443 ,
2259 407 2295 436 sic
2306 406 2380 436 dicta
2393 405 2426 435 ab
2438 405 2527 435 Aeaco
2538 404 2589 443 Ly.

1475 449 1568 477 caonis
1584 448 1640 476 1-1110
1651 469 1658 482 ,
1679 454 1711 476 ut
1724 449 1806 477 tradit
1818 448 1927 477 Pauliin.
1946 447 1993 476 lib.
2009 454 2034 481 8.

1437 484 1457 514 A
1467 496 1482 514 6
1492 496 1577 514 acm
1588 507 1595 519 ,
1619 484 1760 520 [amoma]
1784 486 1876 515 Genus
1887 485 1970 523 spina>
1984 485 2039 519 est,
2060 485 2126 513 teste
2138 483 2206 513 Plin.
2222 482 2269 512 lib.
2282 493 2326 518 24.
2345 492 2404 520 cap.
2421 490 2462 510 12.
2503 479 2592 515 Cujus

1474 523 1565 551 semen
1579 521 1718 564 lenticulae
1732 523 1770 552 est
1781 523 1882 558 simile,
1904 523 2011 551 minore
2022 529 2130 551 tantum
2149 525 2175 551 ὅ(
2190 530 2273 557 grano
2286 522 2312 549 8(
2328 518 2464 548 folliculo.
2502 517 2546 546 Est
2561 518 2590 547 Sc

1474 560 1570 589 succus
1584 570 1598 589 6
1612 560 1688 602 lpina
1700 559 1745 589 illa
1758 561 1897 599 exprelliis
1906 583 1914 595 ,
1944 561 2022 595 cujus
2035 558 2230 588 medicinalem
2242 557 2320 587 usum
2330 557 2399 586 Plin.
2416 555 2529 586 tradidit
2541 564 2587 590 24.

1477 608 1518 627 12.
1550 599 1686 636 conseo.
1710 602 1751 626 16.
1779 601 1805 628 ἃ
1822 609 1865 635 30.
1883 607 1908 635 7.
1938 598 2009 627 Item
2029 597 2153 626 Scribon.
2173 596 2249 633 Larg.
2269 605 2314 631 41.
2332 601 2376 631 85.
2398 596 2448 624 &c.
2478 593 2587 622 Petron.

1474 646 1533 673 cap.
1547 645 1590 671 23.
1628 636 1758 664 Sudantis
1770 638 1868 665 acaciae
1880 635 1948 670 rivi,
1976 635 2023 664 ubi
2034 635 2068 664 ad
2082 634 2230 663 fricandam
2245 634 2345 662 faciem
2359 632 2510 661 adhibitam
2524 629 2587 665 effe,

1474 674 1577 702 docent
1592 672 1767 714 interpretes.
1810 675 1893 703 Nunc
1909 674 2030 702 acaciam
2048 682 2083 701 ex
2101 671 2218 709 sylvestri
2234 681 2325 708 pruno
2344 669 2450 707 colligit
2468 667 2592 697 officina-

1473 721 1534 740 rum
1548 711 1658 740 delidia.
1688 710 1779 740 Ruell.
1818 711 2039 749 Pharmacopola:
2057 716 2157 739 vocant
2172 709 2295 738 Accacie.

1435 748 1592 783 Acncm,
1614 758 1651 782 ae,
1672 749 1808 784 [munifi
1829 750 1879 784 ou]
1899 749 2077 782 Innocentia,
2096 747 2270 784 simplicitas,
2291 746 2399 774 animus
2409 744 2442 773 ab
2452 743 2529 773 omni
2538 749 2593 772 ter·

1473 796 1534 815 rore
1545 786 1614 815 liber
1624 807 1631 820 ,
1649 786 1677 813 in
1689 796 1743 823 quo
1753 787 1931 815 Democritus
1942 786 2121 824 philosophus
2134 785 2272 814 summum
2281 783 2387 812 bonum
2396 781 2587 811 constituebat.

1474 824 1531 853 Cic.
1545 825 1579 852 de
1594 823 1652 852 Fin.
1669 834 1692 858 5.
1708 829 1752 860 87.
1791 824 1823 853 10
1836 825 1911 853 enim
1926 824 1971 853 ille
1986 824 2123 853 summum
2138 824 2260 857 bonum,
2289 821 2467 858 Euthymiam
2481 821 2507 849 St
2519 818 2590 856 saepe

1472 863 1598 891 Acaciam
1609 860 1738 898 appellat.
1775 861 1807 891 Id
1821 864 1876 896 est,
1898 863 2027 891 Animum
2039 868 2141 891 terrore
2156 861 2282 890 liberum.

1434 900 1507 929 Aes
1516 910 1532 928 6
1541 911 1549 927 1
1558 909 1612 933 us,
1643 895 1809 934 [A'maim&-]
1836 900 1989 929 Patriarcha
2006 900 2059 928 fuit
2074 896 2395 935 Constantinopolitanus
2406 918 2414 931 ,
2440 895 2480 924 vir
2498 893 2592 932 impri-,

1471 938 1523 966 mis
1537 938 1598 975 pius
1609 959 1617 972 ,
1647 938 1673 966 Sc
1688 936 1774 965 Leoni
1790 937 1951 975 Imperatori
1970 937 2140 975 gratillimus.
2182 936 2273 964 Vitam
2293 935 2352 967 eius
2367 933 2398 962 V.
2418 933 2493 970 apud
2510 928 2598 961 Suid.'

1471 976 1534 1005 Fuit
1547 981 1678 1012 praeterea
1696 975 1809 1004 Aeacius
1819 997 1826 1010 ,
1853 976 1958 1005 Rlietor
1974 975 2102 1013 inlignis,
2124 975 2171 1013 qui
2184 973 2291 1003 Libanii
2305 975 2331 1002 ὁ(
2341 971 2445 1007 Juliani
2458 971 2591 1007 tempori-

1471 1013 1522 1043 bus
1532 1013 1641 1047 floruit,
1660 1012 1727 1041 teste
1738 1013 1838 1042 eodem
1850 1014 1926 1043 Suid.

1434 1052 1456 1081 Α
1464 1061 1480 1080 C
1488 1062 1506 1080 Α
1515 1060 1531 1080 C
1539 1061 1558 1080 U
1567 1060 1578 1079 S
1588 1072 1596 1085 ³
1615 1060 1631 1079 ἃ
1639 1072 1647 1085 ⁴)
1668 1060 1724 1079 um·
1756 1050 1909 1086 [ἅκκκΘυ]
1939 1051 2024 1080 Purus
2035 1073 2043 1086 ,
2070 1050 2186 1088 simplex
2197 1072 2204 1085 ‚
2230 1055 2341 1087 apertus
2351 1070 2359 1083 ,
2380 1057 2439 1076 nori
2455 1045 2588 1076 versutus.

1471 1088 1617 1126 Dionysius
1629 1088 1666 1130 ad
1672 1087 1870 1126 Damophilum
1879 1089 1999 1118 scribens
2009 1111 2016 1123 ,
2034 1088 2154 1118 ostendit
2163 1097 2259 1117 acacos
2269 1086 2322 1115 elle
2332 1108 2340 1119 ,
2361 1084 2460 1122 quibus
2472 1084 2593 1114 aliorum.

1470 1137 1562 1156 mores
1576 1136 1634 1155 non
1650 1127 1713 1154 lunt
1729 1126 1908 1155 formidololi.
1949 1126 1989 1156 Ex
2003 1126 2050 1155 suo
2065 1127 2141 1155 enim
2159 1127 2252 1154 animo
2263 1147 2271 1160 ,
2298 1124 2421 1153 alienum
2435 1122 2591 1152 existimant

1471 1166 1611 1194 animum:
1636 1170 1667 1192 ut
1679 1163 1714 1193 116
1724 1174 1821 1193 aeacus
1831 1187 1838 1200 ,
1860 1165 1974 1193 minime
1986 1163 2136 1193 malitiosus
2147 1186 2154 1199 ,
2175 1171 2222 1192 aut
2233 1161 2401 1200 suspiciosus.

1434 1203 1648 1236 ACADEMiA,
1675 1198 1825 1237 [mahir-cm
1842 1204 1868 1232 ἃ
1882 1199 2041 1237 &nothi-cdx]
2068 1202 2137 1232 verti
2153 1201 2241 1239 potest
2258 1200 2408 1229 Lavacrum
2419 1221 2426 1234 ,
2453 1203 2501 1227 aut
2519 1196 2592 1226 Civi-

1472 1248 1521 1270 tas.
1558 1240 1667 1269 Dicitur
1684 1240 1767 1268 etiam
1782 1240 1959 1277 Gymnasium
1974 1239 2087 1269 Athenis
2097 1262 2105 1275 ,
2150 1240 2194 1268 uia
2206 1248 2293 1276 prope
2310 1238 2448 1267 lavacrum
2459 1235 2590 1274 politum,

1471 1279 1587 1321 authore
1607 1277 1822 1319 Hesych2Diog.
1844 1277 1929 1307 Lae'rt.
1944 1284 2054 1307 tamen:
2077 1279 2106 1306 in
2146 1278 2183 1306 ita
2200 1276 2306 1306 Platon.
2325 1275 2352 1305 S.
2366 1285 2392 1312 7.
2432 1273 2591 1306 Academia,

1471 1318 1581 1354 inquit,
1610 1315 1786 1352 Gymnalium
1808 1316 1845 1345 est
1866 1317 1896 1344 in
1916 1315 2072 1344 suburbano
2096 1314 2292 1348 nemorosum,
2322 1324 2338 1342 a
2362 1312 2484 1350 quodam
2505 1311 2592 1340 heroe

1471 1355 1610 1384 Academo
1620 1353 1734 1382 nomine
1745 1353 1923 1391 appellatum.
1961 1353 2048 1390 quue
2062 1363 2096 1382 ex
2109 1352 2245 1391 Eupolide
2263 1353 2289 1381 &
2302 1351 2423 1381 Timone
2435 1349 2589 1378 confirmat.

1471 1394 1560 1460 ἓιπῖει
1577 1401 1626 1429 per
1645 1401 1661 1420 6
1681 1397 1765 1420 tenue
1783 1391 1862 1421 scribi
1882 1391 1993 1421 solitum
2009 1391 2157 1422 Ecademia
2174 1390 2242 1421 ibid.
2268 1389 2360 1420 docet.
2399 1388 2467 1418 Hor.
2491 1386 2539 1416 lib.
2561 1396 2589 1417 2.

1493 1432 1532 1469 pil
1547 1453 1552 1459 .
1565 1439 1591 1459 2.
1605 1440 1651 1465 45.

1550 1468 1639 1504 Atque
1651 1468 1723 1497 inter
1736 1467 1821 1506 sylvas
1834 1469 1983 1503 Academi,
1997 1500 1999 1503 .
2013 1477 2133 1505 quaerere
2148 1476 2252 1496 verum.
2320 1464 2362 1494 Ibi
2382 1462 2483 1493 Schola
2501 1462 2593 1491 Plato-

1471 1507 1533 1549 nis,
1560 1505 1688 1535 studendi
1701 1506 1767 1542 usu,
1795 1508 1821 1536 8(
1839 1506 2037 1544 discipulorum
2051 1506 2223 1542 frequentia,
2252 1512 2416 1539 morumque
2430 1500 2592 1530 celebritate

1470 1544 1581 1581 inlignis
1592 1544 1652 1572 fuit.
1681 1544 1737 1573 Ser.
1749 1543 1852 1582 Sulpic.
1867 1544 1886 1574 1.
1899 1556 1925 1580 4.
1942 1545 1978 1573 ad
1987 1544 2060 1573 Fam.
2074 1543 2094 1572 E
2118 1566 2123 1572 .
2139 1553 2181 1572 12.
2214 1541 2274 1571 Nos
2294 1541 2322 1569 in
2337 1538 2505 1569 nobilillimo
2517 1537 2593 1567 orbis

1470 1589 1604 1625 terrarum
1624 1582 1769 1618 Gymnalio
1783 1582 1937 1611 Academia:
1954 1581 2049 1611 locum
2063 1582 2097 1609 de
2111 1581 2224 1618 egimus.
2256 1579 2314 1608 Cic.
2329 1579 2363 1607 de
2376 1578 2452 1607 Orat.
2487 1576 2594 1605 Acade·

1471 1629 1535 1649 mire
1546 1619 1586 1648 illi
1597 1630 1628 1649 ac
1639 1620 1737 1657 Lycaeo
1747 1642 1754 1655 ‚
1776 1626 1856 1649 tuum
1867 1620 1920 1649 hoc
1930 1619 2118 1648 suburbanum
2129 1617 2300 1656 gymnasium
2312 1623 2462 1653 antepono.

1472 1657 1554 1687 Unde
1571 1658 1728 1687 Academici
1745 1657 1911 1696 philosophi.
1942 1658 1999 1687 Cic.
2016 1657 2063 1686 lib.
2080 1667 2102 1685 1.
2118 1656 2201 1685 Acad.
2238 1654 2282 1685 Illi
2299 1662 2393 1683 autem
2406 1653 2452 1690 qui
2469 1651 2595 1681 Platonis

1490 1696 1615 1725 instituto
1632 1696 1662 1724 in
1679 1696 1843 1731 Academia,
1870 1696 1946 1732 quod
1957 1696 1995 1724 est
2011 1695 2127 1724 alterum
2144 1694 2314 1731 gymnalium
2325 1714 2332 1727 ,
2360 1699 2450 1720 coetus
2466 1696 2544 1719 erant
2563 1691 2592 1719 Sc

1489 1734 1628 1763 sermones
1643 1733 1742 1763 habere
1753 1733 1842 1768 soliti,
1869 1743 1903 1762 ex
1918 1733 1974 1762 loci
1989 1732 2126 1762 vocabulo
2142 1741 2246 1761 nomen
2262 1730 2426 1759 habuerunt.
2464 1728 2543 1757 Plura
2560 1728 2592 1756 in

1489 1772 1661 1801 Academicis
1671 1794 1679 1807 ,
1705 1773 1731 1801 Sc
1742 1772 1772 1800 in
1784 1771 1901 1809 princip.
1918 1770 1965 1800 lib.
1981 1782 2003 1806 5.
2022 1771 2056 1799 de
2068 1770 2127 1799 Fin.
2164 1769 2341 1799 Academiam
2356 1777 2416 1804 quae
2428 1766 2503 1796 arida
2515 1766 2593 1803 prius

1489 1810 1594 1845 fuerat,
1617 1809 1775 1844 &inculta,
1806 1808 1906 1838 Cimon
1925 1809 2057 1846 irriguum
2076 1808 2171 1837 lucum
2189 1806 2300 1838 effecit,
2328 1805 2374 1835 sua
2388 1814 2472 1842 opera
2506 1803 2592 1832 1111111-

1490 1848 1542 1877 mis
1558 1848 1641 1877 alveis
1656 1847 1787 1876 umbrosis
1809 1857 1843 1876 ue
1858 1847 2057 1876 deambulacris
2069 1845 2248 1874 elaboratum.
2279 1843 2415 1872 Plutarch.
2432 1843 2461 1870 in
2496 1842 2533 1870 ita
2546 1841 2592 1870 Ci-

1489 1887 1590 1915 monis.
1627 1885 1681 1914 Hic
1697 1885 1775 1914 locus
1803 1894 1837 1914 ex
1854 1885 1944 1914 stadiis
1961 1894 1977 1913 a
1993 1883 2096 1922 Dipylo
2108 1889 2187 1921 porta
2197 1881 2273 1912 urbis
2287 1880 2495 1911 Atheniensium
2513 1878 2593 1908 dista-

1490 1923 1555 1959 bat,
1576 1929 1607 1952 ut
1617 1924 1729 1952 testatur
1742 1923 1799 1952 Cic.
1813 1922 1861 1952 lib.
1876 1933 1899 1958 5.
1916 1923 1950 1951 de
1961 1922 2020 1952 Fin.
2037 1922 2067 1951 C.
2083 1930 2106 1951 1.

1472 1962 1635 1996 Academia,
1663 1961 1728 1990 villa
1745 1961 1798 1990 fuit
1816 1960 1957 1990 Ciceronis
1968 1982 1975 1995 ‚
2006 1960 2039 1989 ab
2060 1960 2167 1989 Averno
2184 1957 2247 1987 lacu
2264 1956 2394 1987 Puteolos
2409 1955 2598 1985 tendentibus

1491 1999 1564 2028 litori
1581 1999 1706 2037 imposita
1716 2021 1724 2033 ,
1744 1998 1881 2027 celebrata
1895 1998 2006 2036 porticu
2022 1999 2048 2027 Sc
2064 2006 2195 2031 nemore,
2222 2005 2305 2033 quam
2318 1995 2473 2024 nominavit
2488 1994 2592 2023 Acade-

1491 2038 1576 2066 niiam
1592 2037 1625 2066 ab
1642 2036 1772 2074 exemplo
1790 2036 1975 2070 Athenarum,
1997 2035 2155 2072 compositis
2165 2033 2355 2062 voluminibus
2365 2032 2491 2066 eiusdem
2502 2031 2595 2060 nomi-

1489 2076 1533 2105 nis
1542 2098 1550 2111 ,
1564 2076 1593 2104 in
1603 2085 1656 2112 qua
1668 2077 1694 2105 &
1705 2081 1919 2104 monumentum
1931 2073 1978 2102 sibi
1988 2074 2189 2102 instauraverat.
2211 2071 2278 2101 Haec
2289 2070 2358 2100 Plin.
2371 2069 2419 2100 lib.
2433 2079 2475 2107 31.
2489 2079 2550 2107 cap.
2563 2079 2591 2099 2..

1491 2113 1624 2143 Meminit
1636 2113 1718 2149 hujus
1734 2113 1887 2151 Academiae
1900 2111 1953 2140 suae
1969 2111 2026 2141 Cic.
2040 2112 2094 2140 Att.
2110 2110 2158 2139 lib.
2173 2120 2195 2138 1.
2211 2119 2235 2147 3.

1471 2152 1636 2186 Academia,
1673 2161 1723 2189 per
1747 2150 1947 2187 metonymiam
1965 2149 2079 2185 subjecti
2096 2171 2104 2183 ,
2141 2157 2191 2186 pro
2218 2146 2394 2184 Philosophia
2417 2145 2592 2175 Academica.

1490 2189 1638 2219 Academia
1656 2188 1783 2218 volatica.
1817 2187 1874 2217 Cic.
1894 2188 1947 2216 Att.
1971 2187 2018 2216 lib.
2039 2196 2079 2220 13.
2097 2196 2142 2222 25.
2190 2185 2215 2214 O
2240 2184 2417 2214 Academiam
2443 2182 2593 2212 volaticam

1491 2229 1518 2257 ὃ(
1529 2227 1568 2256 sui
1584 2226 1716 2262 similem,
1737 2226 1822 2255 modo
1837 2225 1891 2254 huc
1902 2248 1910 2260 .,
1931 2225 2017 2253 modo
2035 2224 2117 2258 illuc,
2137 2225 2188 2253 Sec.
2227 2222 2316 2251 Vocat
2328 2221 2503 2251 Academiam
2519 2220 2593 2249 vola·

1490 2266 1575 2294 ticam
1585 2287 1593 2299 ,
1620 2265 1696 2301 quod
1709 2264 1938 2294 Academicorum
1953 2263 2014 2292 31161
2037 2263 2088 2291 ites
2106 2261 2193 2290 effent
2209 2261 2260 2290 viae
2275 2262 2300 2289 Sc
2315 2260 2435 2288 rationes
2445 2281 2453 2294 ,
2479 2264 2511 2287 ut
2525 2267 2593 2287 mox

1492 2304 1600 2332 dicetur
1618 2303 1646 2331 in
1663 2302 1842 2331 Academicis.
1873 2301 1951 2331 Idem
1969 2301 2004 2329 ad
2018 2273 2097 2331 kPam.
2114 2310 2140 2335 9.
2163 2304 2188 2334 8.
2229 2298 2308 2329 Nosti
2325 2298 2401 2327 enim
2418 2296 2543 2334 profecto
2560 2305 2597 2325 09

1491 2340 1565 2370 illius
1581 2340 1804 2370 adolescentioris
1821 2339 1983 2369 Academiae.

1472 2379 1626 2410 Academiae
1636 2378 1728 2415 spatia.
1759 2377 1815 2406 Cic.
1831 2377 1861 2407 111
1872 2377 1949 2406 Orat.
1960 2386 1986 2405 2.
2011 2385 2053 2413 57.
2091 2374 2149 2412 Ego
2166 2380 2259 2403 autem
2273 2374 2360 2402 fateor
2371 2382 2415 2402 me
2433 2373 2591 2410 Oratorem,

1492 2417 1512 2446 s1
1532 2417 1617 2445 modo
1632 2416 1679 2444 1101
1691 2438 1698 2451 ,
1725 2421 1772 2445 aut
1788 2415 1871 2444 etiam
1889 2415 2048 2451 quicunque
2064 2412 2113 2441 sim
2124 2435 2132 2448 ,
2163 2422 2222 2441 non
2240 2421 2275 2441 ex
2292 2411 2445 2440 Rhetorum
2463 2411 2592 2447 officinis,

1491 2455 1539 2484 sed
1555 2464 1589 2483 ex
1609 2454 1762 2483 Academiae
1780 2452 1872 2491 spatiis
1889 2451 2015 2482 extitisse.
2062 2450 2111 2480 Illa
2130 2450 2205 2479 enim
2220 2449 2283 2478 sunt
2303 2449 2440 2479 curricula
2458 2449 2594 2486 multipli-

1490 2494 1565 2523 cium
1576 2491 1933 2529 variorumquesermonum
1942 2512 1950 2525 ,
1972 2491 2001 2518 10
2013 2489 2112 2527 quibus
2124 2488 2243 2517 Platonis
2256 2487 2377 2525 primum
2393 2486 2456 2516 sunt
2466 2486 2594 2525 impress'a

1490 2530 1608 2567 vestigia.
1652 2530 1692 2559 Ex
1707 2529 1860 2558 Academiae
1877 2527 1986 2566 spatiis,
2014 2527 2043 2556 id
2061 2526 2116 2562 est,
2145 2535 2180 2555 ex
2195 2525 2316 2555 Platonis
2333 2524 2524 2563 philosophia,
2544 2525 2593 2564 qui

1491 2569 1596 2606 primus
1610 2569 1638 2597 in
1656 2567 1803 2597 Academia
1819 2566 1922 2595 docuit.
2300 2565 2303 2567 ’

1472 2607 1618 2637 Academia
1634 2605 1817 2644 penultimam
1832 2604 1925 2632 variat.
1956 2603 2014 2632 Cic.
2032 2602 2079 2631 lib.
2095 2612 2116 2631 1.
2138 2602 2173 2630 de
2189 2600 2282 2630 Divin.
2294 2609 2339 2630 22.

1552 2644 1638 2681 Inque
1650 2643 1796 2673 Academia
1808 2641 1954 2670 umbrifera
1964 2664 1971 2676 ,
1993 2640 2138 2677 nitidoque
2151 2639 2250 2676 Lycaeo

1551 2682 1695 2711 Fuderunt
1711 2681 1794 2710 claras
1811 2679 1936 2708 foecundi
1951 2678 2070 2716 pectoris
2086 2684 2178 2708 artes.v

1470 2719 1583 2750 Laurea.
1606 2719 1662 2749 Cic.
1677 2719 1791 2748 libertus
1802 2717 1876 2754 apud
1887 2716 1955 2745 Plin.
1971 2715 2018 2745 lib.
2032 2725 2075 2752 31.
2093 2725 2153 2752 cap.
2166 2724 2191 2743 2.

1552 2759 1637 2794 Atque
1650 2757 1803 2786 Academiae
1815 2754 1980 2785 celebratam
1992 2754 2105 2782 nomine
2117 2752 2218 2782 villam.
2280 2750 2423 2782 Claudian.
2446 2751 2476 2780 in
2489 2750 2589 2789 Paneg.

1490 2795 1526 2824 de
1538 2795 1636 2825 Manlii
1651 2794 1794 2825 Theodori
1809 2792 1969 2827 consulatu,
1992 2801 2035 2827 34.

1551 2833 1582 2862 ln
1596 2833 1704 2862 Latium
1716 2832 1810 2870 spretis
1823 2830 1970 2861 Academia
1983 2830 2081 2868 migrat
2098 2829 2220 2860 Athenis.
2311 2828 2408 2860 Sidon.
2430 2827 2460 2856 in
2477 2826 2591 2866 epithal.

1489 2870 1603 2900 Polemii
1616 2871 1705 2901 Carm.
1721 2882 1761 2906 15.
1777 2881 1801 2899 v.
1815 2879 1858 2899 20.

1551 2909 1654 2939 Obviet
1669 2912 1694 2940 Sc
1710 2918 1867 2947 quanquam
1883 2908 1949 2937 totis
1966 2906 2113 2936 Academia
2128 2905 2215 2934 seclis.

1436 2946 1700 2983 Acnnsiiicus,
1728 2947 1832 2982 Adjett.
1864 2941 2060 2981 [ἀκαῶημικός]
2099 2944 2156 2975 Cic.
2179 2943 2225 2971 lib.
2247 2951 2272 2971 2.
2297 2941 2331 2970 de
2352 2941 2412 2970 Fin.
2430 2949 2475 2977 43.
2520 2940 2593 2969 Nam

1473 2995 1538 3014 cum
1558 2986 1730 3016 Academicis
1749 2985 1854 3013 incerta
1876 2983 1988 3013 luctatio
2015 2982 2052 3010 611
2067 3004 2074 3016 ,
2111 2981 2157 3018 qui
2183 2979 2253 3009 nihil
2277 2979 2430 3012 affirmant,
2468 2979 2494 3007 (ἦ
2519 2977 2593 3015 quasi

1474 3023 1615 3060 desperata
1634 3024 1793 3060 cognitione
1812 3022 1896 3055 certi,
1926 3021 1956 3048 id
1975 3020 2048 3056 sequi
2067 3019 2166 3048 volunt
2185 3018 2372 3055 quodcunque
2391 3015 2535 3045 verilimile
2554 3016 2595 3044 vi-

1473 3060 1578 3090 deatur.
1610 3062 1688 3090 Idem
1706 3061 1752 3089 lib.
1766 3069 1789 3095 3.
1811 3059 1934 3087 chrat.
1975 3057 2084 3094 Reliqui
2104 3057 2165 3086 sunt
2184 3055 2356 3092 Peripatetici
2376 3055 2401 3083 ἃ
2416 3053 2591 3082 Academici:

1473 3108 1630 3136 quanquam
1651 3098 1878 3128 Academicorum
1899 3105 2001 3124 nomen
2026 3095 2063 3124 611
2084 3105 2190 3128 ouum,
2218 3093 2360 3122 seutentiae
2378 3093 2448 3120 duae.
2491 3091 2593 3120 Acade-

1474 3137 1539 3165 mici
1554 3144 1660 3165 veteres
1678 3138 1703 3166 8(
1721 3136 1783 3164 novi
1803 3135 1922 3162 fuerunt.
1968 3133 2073 3161 Veteris
2095 3132 2248 3161 Academiae
2272 3130 2400 3167 Princeps
2420 3128 2475 3166 ipse
2498 3128 2590 3164 Plato,

1474 3183 1553 3203 11ονιὲ
1565 3174 1710 3209 Arcelilas,
1738 3179 1769 3202 ut
1789 3172 1845 3201 Cic.
1868 3171 1948 3200 Acad.
1968 3171 2068 3206 Qua‘st.
2087 3181 2106 3199 1.
2122 3182 2148 3205 4.
2167 3172 2191 3199 ἃ
2208 3179 2246 3197 12.
2269 3169 2361 3197 docet.
2384 3167 2457 3196 cons.
2470 3166 2593 3195 eundem

1475 3212 1510 3240 de
1527 3212 1603 3241 Orat.
1622 3222 1645 3247 3.
1671 3218 1711 3245 18.
1754 3209 1869 3239 Novasse
1891 3216 1983 3237 autem
2004 3208 2156 3237 institutum
2175 3206 2320 3235 videbatur
2339 3204 2486 3238 Arcelilas,
2516 3202 2593 3240 quod

1474 3250 1544 3278 nihil
1567 3248 1767 3287 comprehendi
1787 3249 1812 3277 δ(
1836 3247 1930 3276 doceri
1956 3246 1990 3274 de
2011 3256 2147 3282 quaquam
2172 3255 2200 3273 re
2225 3244 2300 3282 poll'e
2316 3265 2324 3277 ,
2356 3243 2514 3277 incertaque
2537 3241 2592 3269 elle

1475 3288 1569 3316 onmia
1579 3287 1774 3325 pronunciaret
1784 3308 1791 3319 ,
1812 3285 1889 3321 quod
1900 3284 2041 3312 Socratem
2059 3284 2141 3312 ctiam
2154 3293 2185 3311 ac
2196 3282 2337 3311 Platonem
2351 3280 2491 3318 principes
2504 3279 2591 3313 seetae,

1475 3325 1621 3363 dil'putalle
1646 3326 1673 3353 in
1700 3330 1842 3359 utramque
1863 3329 1968 3359 partem
1994 3331 2034 3351 res
2054 3343 2061 3353 ,
2101 3331 2158 3349 000
2186 3319 2326 3349 affirmasse
2352 3317 2591 3346 animadverteret.

1476 3363 1568 3399 Quam
1589 3362 1624 3391 ob
1646 3362 1752 3391 6110111111
1774 3362 1799 3390 ἃ
1821 3360 1918 3388 Cicero
1939 3359 2007 3387 nihil
2030 3358 2193 3388 discriminis
2219 3367 2310 3386 revera
2330 3356 2402 3384 inter
2423 3361 2546 3383 veterem
2566 3356 2593 3383 ὁὶ

1475 3410 1576 3429 novam
1602 3400 1777 3429 Academiam
1796 3397 1849 3427 ell'c
1876 3397 2055 3426 existimabar.
2106 3396 2159 3425 Sed
2187 3402 2280 3424 tanen
2305 3393 2379 3422 aliud
2404 3392 2441 3421 611
2464 3392 2593 3420 sustinere

1473 3438 1666 3471 affertionem,
1694 3437 1769 3466 aliud
1789 3434 1857 3464 nihil
1875 3435 1991 3463 omnino
2008 3433 2083 3464 all'eri
2102 3433 2194 3471 poll'e,
2216 3433 2339 3462 statuere.
2384 3430 2448 3459 Huc
2465 3430 2591 3463 accedit,

1475 3476 1551 3511 quod
1573 3476 1673 3504 Sextus
1699 3474 1800 3511 Empir.
1832 3472 1959 3510 l'yrrlion.
1990 3472 2112 3509 llypotli.
2142 3482 2161 3500 1.
2190 3480 2232 3504 33.
2265 3469 2387 3498 observa
2403 3490 2411 3502 ,
2451 3467 2593 3496 l'lritonem

1473 3514 1588 3548 quidem
1603 3523 1666 3541 eum
1686 3511 1834 3541 exercendi
1853 3510 1930 3538 eausa
1950 3509 2087 3546 disputat,
2110 3509 2241 3538 affirmare
2259 3506 2347 3540 niln'l',
2379 3513 2509 3534 eaetcrum
2527 3514 2593 3533 cum

1472 3549 1543 3578 serio
1561 3551 1616 3585 agit
1634 3560 1709 3583 rem,
1737 3550 1885 3578 decernere
1904 3548 2020 3575 omnino
2037 3558 2068 3575 ac
2089 3548 2221 3576 statuere:
2256 3554 2286 3574 ut
2303 3553 2366 3573 cuin
2387 3545 2421 3572 de
2440 3543 2527 3576 10613,
2557 3543 2592 3571 (16

1474 3587 1667 3622 Providentia,
1696 3588 1731 3616 de
1748 3587 1807 3615 Vita
1822 3595 1887 3614 cum
1904 3585 2004 3613 virtute
2022 3586 2171 3618 coniuncta
2189 3584 2316 3620 disputat.
2354 3581 2415 3616 ,Iam
2435 3590 2468 3609 60
2485 3581 2513 3608 in
2529 3580 2592 3608 1060

1474 3626 1573 3654 Sextus
1593 3625 1681 3654 multo
1702 3625 1793 3662 plures
1811 3623 1980 3655 Academia‘,
2012 3632 2093 3658 quam
2109 3623 2179 3650 duos
2196 3622 2294 3655 ¹aradus
2312 3617 2464 3657 percenset.
2506 3617 2592 3653 Quod

1475 3664 1501 3692 S<
1515 3663 1621 3691 fortallc
1639 3664 1737 3692 Cicero
1753 3663 1853 3690 lecerat
1871 3661 1898 3688 iri
1918 3660 1947 3688 iis
1962 3660 2041 3688 Acad.
2060 3660 2159 3696 Quarst.
2177 3659 2279 3693 Libris,
2301 3666 2369 3694 quos
2384 3664 2493 3693 tempus
2507 3655 2593 3684 hausit

1474 3706 1556 3737 atque
1569 3700 1705 3737 absorplit.
1744 3700 1815 3729 Nam
1828 3699 1856 3726 in
1870 3698 2033 3733 fragmento
2053 3698 2150 3734 prioris
2166 3697 2246 3729 libri,
2274 3704 2362 3731 eoque
2380 3701 2522 3726 extremo,
2544 3702 2593 3720 no-

1474 3747 1536 3766 vam
1558 3738 1734 3766 Academiam
1755 3745 1841 3773 usquc
1858 3735 1892 3764 ad
1908 3735 2078 3763 Carneadem
2096 3734 2256 3771 perductam
2274 3732 2374 3762 sei-ibit.
2416 3731 2501 3767 Quod
2517 3731 2591 3758 idem

1473 3776 1677 3812 propemodum
1694 3776 1749 3808 611,
1781 3784 1811 3802 ae
1829 3773 1845 3801 11
1866 3772 1991 3807 dixisset,
2024 3772 2193 3800 Carneadem
2213 3771 2300 3800 rursus
2323 3779 2422 3797 novam
2440 3770 2464 3798 Lx*
2484 3768 2592 3796 tertiam

1473 3812 1592 3849 aliquam
1610 3812 1769 3846 inllituill'e,
1798 3811 1872 3847 quod
1892 3810 1996 3838 ibidem
2015 3810 2113 3838 Sextus
2132 3809 2224 3846 prodit
2241 3818 2246 3837 :
2283 3808 2340 3843 Qii
2355 3806 2440 3840 alios,
2470 3808 2495 3835 r&
2516 3815 2593 3842 quar-

1471 3856 1530 3879 tam
1549 3860 1580 3878 ac
1599 3851 1723 3886 quintam
1745 3848 1910 3877 coiillituill'e
1930 3855 2137 3876 commemorat.
2174 3847 2252 3881 Dion.
2270 3846 2356 3874 Lacrt.
2396 3844 2521 3872 Veterem
2537 3852 2593 3871 me-

1473 3888 1547 3917 diam
1558 3898 1589 3917 ac
1600 3897 1701 3917 novam
1712 3886 1888 3916 Acadcmizun
1899 3885 1972 3919 facit,
1990 3885 2127 3922 hujusque¹
2139 3887 2280 3913 auctorem
2292 3881 2477 3916 Carneadem,
2493 3880 2591 3909 media}

2527 3927 2592 3946 vero
