2604 4222
158 123 228 163 360
583 113 608 148 B
704 111 739 146 O
838 106 873 142 N

201 199 248 230 Uti
264 198 390 237 perverse
400 197 516 227 deorum
525 194 673 225 beneficio,
715 191 773 220 Cic.
788 199 812 226 3.
835 188 870 217 de
882 187 945 217 Nat.
959 185 1041 214 Deor.
1055 192 1100 220 70.
1121 182 1199 211 Idem
1211 190 1236 211 2.
1259 190 1325 211 con-

220 245 261 267 tra
274 236 347 267 Rull.
363 241 407 265 60.
430 235 568 265 Beneficio
579 233 629 261 isto
642 231 710 267 legis
723 250 731 263 ‚
750 227 921 264 benignitate
934 220 1115 253 Decemvirali
1129 219 1302 248 nihilutitur.

201 276 375 306 Beneficium
388 275 415 303 in
426 275 485 309 jure
495 272 569 301 civili
578 280 628 308 pro
639 267 783 303 Privilegio
797 265 851 293 sere
860 263 997 291 dicimus:
1019 261 1071 288 hoc
1081 260 1119 287 est
1127 268 1177 295 pro
1188 258 1247 292 jure
1257 267 1325 294 prae-

223 314 309 351 cipuo
322 312 486 349 quodcertae
499 306 714 346 alicuipersonae
727 326 734 337 ,
759 303 802 332 vel
814 302 885 330 retati
897 322 905 335 ,
928 298 970 328 vel
989 297 1083 331 sexui,
1104 295 1147 324 vel
1165 295 1323 323 conditioni

243 351 334 388 roprie
347 350 510 379 attributum
526 347 572 376 est.
613 343 751 374 Personae:
774 347 805 368 ut
823 340 852 367 in
869 337 887 366 l.
903 346 927 372 3.
948 335 1009 372 Dig.
1030 335 1064 362 de
1086 333 1193 362 constit.
1206 333 1324 369 princip.

220 362 391 419 beneficium
412 384 583 424 imperatoris
597 404 605 416 ‚
626 380 702 418 quod
718 389 732 407 a
751 378 846 406 divina
859 375 966 403 scilicet
980 374 1039 408 eius
1057 370 1231 407 indulgentia
1244 370 1325 407 proti-

223 426 334 456 ciscitur
346 447 354 461 ‚
376 434 457 461 quam
468 421 623 460 plenissime
635 415 808 454 interpretari
824 412 968 441 debemus.
990 410 1075 440 ffitati
1086 431 1094 444 ,
1116 415 1145 437 ut
1155 407 1324 437 beneficium

223 463 401 494 restitutionis
415 462 443 490 in
455 462 594 496 integrum
607 479 615 492 ‚
637 455 711 493 quod
722 451 876 482 minoribus
890 459 907 478 x
917 459 935 478 x
944 459 960 477 v
977 449 1056 476 annis
1066 446 1242 476 conceditur.
1278 446 1325 474 Se-

223 502 290 535 xui,
312 509 342 529 ut
360 510 380 529 s.
399 509 425 528 c.
446 496 581 527 Velleiani
603 492 790 523 beneficium,
811 487 889 525 quod
908 485 1072 516 mulieribus
1085 507 1092 519 ,
1115 494 1174 520 quae
1192 493 1243 521 pro
1264 482 1324 511 aliis

226 536 446 569 intercesserint,
470 536 559 564 datur.
600 532 688 561 Certae
709 527 887 561 conditioni,
907 531 939 553 ut
959 523 1128 552 benet-icium
1145 521 1267 559 epistolae
1289 521 1325 549 D-

225 576 337 606 Adriani
350 597 357 608 .
378 574 453 610 quod
465 569 667 606 fidejussoribus
679 567 759 595 datur
770 587 778 600 ⁷
801 572 830 593 ut
843 563 862 592 si
877 572 948 592 unus
960 562 989 590 in
1001 561 1120 590 solidum
1131 560 1324 592 conveniatur,

226 613 316 643 desua
328 612 399 641 virili
416 618 491 649 parte
502 608 632 645 excipiat.
655 605 672 634 l.
690 606 770 633 inter.
785 604 810 631 84
825 601 843 630 l.
859 600 982 637 sequent.
1005 599 1038 628 D.
1057 599 1091 627 de
1108 596 1223 633 fidejuss.
1254 596 1325 625 Item

225 651 392 680 beneficium
403 671 409 682 .
435 658 470 677 ne
482 649 527 683 qui
539 645 623 684 pluris
633 652 715 680 quam
725 642 814 670 facere
824 638 926 677 pofflnt
937 660 945 672 ,
966 637 1151 666 damnentur:
1174 635 1209 663 de
1225 633 1326 671 quibus

226 689 290 718 vide
301 689 329 716 in
342 688 359 716 l.
381 688 451 716 Sunt
461 685 542 722 qui&
559 683 654 711 multis
666 678 851 716 sequentibus.
873 676 907 705 D.
924 676 960 704 de
973 685 1001 704 re
1017 675 1100 707 iudic.
1135 673 1206 703 Item
1224 672 1326 701 beneti-

227 727 300 755 cium
313 724 440 754 cessionis
453 745 460 757 ‚
483 729 514 751 ut
526 723 558 750 iis
568 721 615 757 qui
628 727 729 754 magno
742 725 793 745 aere
801 714 895 743 alieno
907 713 1026 751 opprelli
1038 734 1046 747 a
1059 712 1192 741 solvendo
1203 720 1259 738 non
1268 710 1326 738 fue-

224 765 281 793 rint
292 785 299 797 ,
321 763 400 791 bonis
411 772 424 790 a
449 760 485 789 ud
496 759 680 796 magistratum
691 754 789 784 cedere
800 752 890 781 liceat.
911 750 929 780 l.
943 761 966 780 1-
985 750 1015 779 C.
1038 750 1095 786 Qui
1106 749 1170 777 bon.
1184 748 1245 777 ced.
1257 746 1324 784 poll'.

206 801 378 831 Beneficium
391 821 399 833 ‚
442 798 540 835 argitio
559 796 650 832 aliqua
661 803 697 822 ex
716 792 810 822 fer-ario
822 813 830 825 ,
851 800 912 828 quae
933 788 1041 818 civibus
1064 788 1144 816 Rom.
1168 786 1325 818 duntaxat,

226 848 342 873 quorum
357 837 465 873 egregia
483 844 566 872 opera
578 834 607 861 in
622 831 696 861 bello
712 828 860 862 extitiffet,
885 827 1132 856 commendatione
1151 823 1328 861 imperatoris

225 874 428 905 Tribunivesui
440 872 622 902 deserebatur.
664 869 721 898 Cic.
734 877 783 905 pro
796 866 874 895 Ascli.
892 875 934 894 11.
956 864 1165 894 Testamentum
1180 862 1249 897 saepe
1260 860 1328 889 fecit

225 914 324 943 nostris
335 912 442 949 legibus
453 933 461 946 ,
483 912 508 940 Sc
524 910 594 938 adiit
610 907 783 937 haereditates
795 905 898 934 civium
914 902 1123 935 Romanorum,
1145 901 1171 929 Sc
1184 900 1213 927 in
1226 897 1328 927 beneti-

226 952 277 981 ciis
289 951 323 979 ad
335 951 460 979 aerarium
470 948 577 977 delatus
587 946 625 975 est
636 955 651 974 a
662 944 690 974 L.
703 943 819 973 Lucullo
828 942 946 970 Praetore
957 941 982 970 &
994 938 1122 968 Consule.
1161 937 1203 966 De
1221 937 1264 965 liis
1282 936 1328 964 be-

225 988 332 1018 neficiis
348 986 571 1024 interpretandus
590 983 628 1012 est
639 1005 647 1018 ‚
670 981 823 1012 Hotomani
837 979 944 1014 judicio
955 999 963 1012 ‚
984 977 1041 1006 Cic.
1056 977 1134 1005 locus
1147 985 1171 1010 5.
1195 974 1270 1004 Fam.
1283 983 1328 1002 20.

227 1027 314 1063 Quod
325 1026 419 1055 scribis
430 1025 464 1053 de
481 1022 623 1053 beneficiis
636 1043 643 1055 ,
666 1020 733 1049 scito
744 1029 758 1047 a
772 1028 816 1047 me
833 1019 858 1046 δ’(
870 1016 996 1045 tribunos
1010 1014 1069 1043 mil.
1084 1017 1108 1043 ἃ
1120 1012 1281 1050 praefectos,
1301 1013 1327 1039 ὃς

227 1063 443 1094 contubernales
463 1062 598 1092 duntaxat
611 1068 688 1088 meos
710 1057 818 1086 delatos
839 1053 891 1084 effe
904 1075 911 1089 2
929 1055 981 1083 ἃς.
1025 1052 1102 1081 Plura
1119 1051 1202 1084 huius
1219 1049 1329 1086 generis

227 1101 357 1139 exempla
366 1107 446 1129 notat
460 1099 565 1137 Lipsius
576 1098 610 1126 ad
623 1107 648 1131 4.
663 1096 730 1124 Hist.
748 1094 836 1123 Tacit.
845 1101 905 1129 cap.
918 1097 963 1126 48.
985 1090 1063 1126 [Sed
1072 1089 1187 1118 erratvir
1198 1096 1327 1124 magnus,

226 1149 312 1176 quum
323 1139 436 1169 eosdem
447 1137 501 1166 eise
512 1141 591 1174 putat
600 1134 646 1172 qui
665 1131 837 1163 Beneficiarii
854 1135 991 1159 vocentur
1003 1149 1010 1162 ‚
1032 1127 1076 1157 vel
1095 1126 1227 1155 Beneficii
1244 1125 1329 1154 alicu-

225 1178 269 1214 jus
282 1199 290 1213 ,
314 1178 339 1207 &
354 1177 410 1213 Qui
423 1177 451 1204 in
469 1174 612 1204 beneficiis
628 1171 662 1200 ad
681 1171 804 1199 ararium
818 1167 1021 1196 deferebantur.
1064 1165 1105 1193 llli
1125 1164 1217 1193 enim.
1239 1169 1269 1192 ut
1287 1161 1329 1191 l'u-

226 1225 276 1254 pra
294 1214 510 1245 demonstratum
521 1212 558 1241 est
570 1233 578 1246 ,
598 1219 656 1239 non
670 1208 715 1238 alii
727 1206 938 1241 intelliguntur,
959 1213 1041 1241 quam
1053 1203 1099 1240 qui
1109 1202 1153 1231 vel
1164 1201 1264 1239 abipso
1278 1200 1329 1228 im-

226 1260 366 1291 peratore,
388 1251 432 1281 vel
445 1251 558 1288 Legato⁷
577 1248 623 1278 'vel
634 1246 745 1276 tribuno
757 1245 887 1280 denique,
900 1241 944 1270 vel
957 1241 1205 1270 commendatione
1214 1240 1276 1274 ejus
1287 1247 1331 1266 or-

226 1291 305 1320 dines
324 1291 552 1327 impetraverant:
583 1286 621 1315 Hi
643 1284 756 1321 quinam
773 1280 892 1318 intelligi
914 1279 1034 1308 debeant
1045 1301 1052 1311 .
1074 1287 1132 1306 non
1153 1277 1214 1306 sutis
1231 1277 1326 1313 liquet.

226 1329 349 1358 Gronov.
363 1327 409 1357 lib.
424 1336 447 1363 3.
461 1327 496 1355 de
511 1325 570 1355 Pec.
584 1323 645 1352 Vet.
657 1331 682 1351 c.
701 1330 741 1357 ¹7·
782 1319 873 1356 Negat
882 1316 1105 1346 emolumentum
1117 1317 1145 1344 in
1156 1325 1189 1344 ea
1199 1325 1226 1344 re
1237 1313 1327 1347 suilie,

225 1376 280 1396 nec
295 1366 343 1395 nisi
355 1365 470 1395 honoris
490 1362 568 1393 causa
580 1361 605 1391 S.
621 1361 648 1390 P.
662 1360 697 1396 Q
710 1359 740 1388 R.
761 1356 975 1386 commendatos
986 1365 1000 1383 a
1015 1353 1219 1390 magistratibus
1234 1353 1280 1389 qui
1291 1353 1329 1380 ita

227 1405 420 1437 deferrentur3
442 1411 494 1439 qua
508 1402 537 1430 in
548 1398 684 1430 sententia
701 1402 764 1425 ante
782 1394 872 1433 ipsum
884 1394 910 1423 P.
922 1392 1065 1422 Manutius
1078 1392 1137 1419 suit.
1181 1390 1282 1421 Verum
1299 1389 1329 1417 id

224 1442 337 1509 planius
349 1441 497 1479 probatum
508 1438 617 1469 vellem.
658 1438 699 1465 An
710 1435 774 1463 ideo
790 1433 831 1462 Ad
843 1431 969 1461 aerarium
987 1429 1185 1459 deserebantur
1197 1452 1206 1464 ,
1228 1435 1259 1459 ut
1280 1437 1331 1465 pu-

245 1480 298 1509 lice
309 1479 422 1517 praemia
430 1478 592 1515 acciperent
599 1475 614 1503 ἰ)

206 1517 347 1548 Beneficio
365 1516 481 1552 alicujus
494 1537 501 1549 ,
523 1523 573 1552 pro
593 1511 687 1549 Opera
711 1509 837 1544 alicujus.
866 1506 980 1544 Ulpian.
995 1504 1014 1534 l.
1036 1504 1077 1534 Ex
1091 1504 1194 1533 damni.
1216 1504 1237 1539 ξ.
1254 1513 1277 1532 1.
1294 1502 1328 1532 D.

226 1557 263 1585 de
273 1556 364 1585 damn.
378 1554 472 1583 infect.
496 1551 675 1587 Consequens
691 1548 728 1577 est
740 1548 846 1581 dicere,
866 1545 1064 1574 detrimentum
1082 1542 1145 1576 hoc,
1158 1542 1232 1579 quod
1247 1541 1331 1569 bene-

223 1593 290 1623 ficio
301 1594 360 1628 ejus
372 1591 518 1628 contingit,
540 1589 637 1619 sarcire
648 1596 712 1616 eum
724 1585 835 1614 debere.
858 1583 887 1612 id
898 1583 935 1612 est
946 1581 1036 1618 Culpa
1045 1582 1113 1616 ejus.
1138 1580 1216 1609 idern
1225 1579 1242 1607 l.
1255 1588 1331 1607 com-

225 1632 315 1661 muni.
338 1631 359 1668 §.
373 1636 398 1664 8.
413 1629 445 1659 D.
469 1626 612 1657 communi
624 1624 710 1654 divid.
752 1623 826 1659 Quia
840 1621 900 1650 haec
910 1630 973 1658 pars
986 1619 1123 1648 beneficio
1139 1618 1250 1647 alterius
1264 1626 1329 1645 ven-

226 1668 441 1698 ditoriacceffit.
471 1666 547 1696 idem
563 1664 580 1694 l.
599 1665 670 1692 'nter
685 1670 792 1690 omnes.
816 1660 849 1689 D.
869 1659 905 1688 de
920 1659 985 1687 furt.
1012 1656 1156 1693 Competit
1170 1656 1247 1684 enim
1258 1654 1331 1683 attio

226 1717 285 1736 nori
296 1707 362 1736 ideo
373 1728 380 1741 ‚
402 1705 465 1742 quia
477 1713 553 1733 nunc
565 1701 653 1736 abest,
672 1699 719 1729 sed
729 1699 792 1736 quia
803 1706 945 1734 nunquam
957 1694 1095 1724 beneficio
1105 1694 1172 1722 furis
1184 1692 1312 1722 abfuerit.

205 1745 274 1776 Meo
283 1744 421 1774 beneficio
434 1765 442 1777 ,
464 1744 481 1771 i.
495 1752 520 1771 e.
543 1741 656 1778 Propter
667 1747 719 1767 me.
763 1737 823 1766 Cic.
838 1744 880 1772 13.
896 1735 972 1764 Fam.
984 1736 1028 1770 ⁴36.
1062 1733 1156 1769 Quem
1167 1731 1254 1760 Caesar
1266 1739 1331 1759 meo

226 1782 365 1812 beneficio
378 1782 407 1810 in
421 1777 648 1810 Novocomen'ses
660 1775 762 1805 retulit.

206 1821 305 1888 Hiltatis
319 1819 479 1857 longissimae
488 1816 635 1846 beneficio.
673 1812 793 1850 Quintil.
807 1811 889 1847 lib.3.
901 1819 961 1848 cap.
979 1819 1002 1838 1.
1024 1808 1060 1838 de
1070 1807 1172 1846 Gorgia
1190 1806 1331 1836 Leontino

238 1869 254 1888 o
276 1868 352 1888 uens.

206 1869 315 1934 Ingiinii
327 1895 464 1926 beneficio
477 1893 642 1931 praestantes.
665 1889 785 1927 Quintil.
801 1887 852 1917 lib.
863 1896 888 1916 2.
902 1896 964 1924 cap,
980 1895 1022 1914 ir.

205 1935 346 1966 Memoria
357 1934 495 1963 beneficii.
534 1932 592 1960 Cic.
606 1939 657 1968 pro
668 1929 760 1959 Plane.
775 1936 801 1957 2.
824 1926 878 1956 Cui
889 1934 947 1954 non
957 1924 1017 1953 sum
1038 1922 1183 1952 obstrietus
1198 1919 1334 1950 memoria

226 1972 355 2002 beneficii
366 1972 541 2009 sempiterna.

207 2011 316 2040 Tabula
325 2009 462 2039 beneficii.
506 2007 565 2037 Cic.
580 2016 606 2036 2.
626 2004 746 2042 Philipp.
760 2011 803 2039 91.
837 2001 938 2038 Nequa
951 1999 1011 2038 post
1022 1999 1090 2028 Idus
1108 1997 1222 2027 Martias
1233 1996 1335 2025 immu-

226 2049 321 2078 nitatis
331 2047 443 2083 tat-mla,
466 2053 535 2075 neve
548 2043 710 2081 cujusquam
721 2040 850 2071 beneficii
867 2039 1005 2077 figeretur.
1053 2036 1084 2065 V.
1107 2036 1214 2065 Abram.
1234 2040 1293 2064 not.

209 2086 274 2116 Tuo
286 2085 424 2116 beneficio
436 2107 444 2120 ,
465 2085 482 2113 i.
501 2092 526 2113 e.
549 2083 610 2112 Tua
619 2090 712 2119 opera.
735 2080 794 2109 Cic.
809 2088 850 2107 io.
862 2077 974 2112 Fam.4.
1289 2076 1292 2079 ”

209 2125 344 2162 Indignus
359 2146 367 2159 ‚
388 2129 435 2152 aut
448 2123 535 2151 vietus
546 2120 693 2150 beneficio.
735 2118 793 2147 Cic.
810 2126 860 2154 pro
872 2115 964 2145 Plane.
986 2112 1064 2144 Niliil
1084 2121 1167 2151 porro
1180 2116 1237 2140 tam
1253 2109 1335 2138 inhu-

226 2172 357 2197 manum.
377 2168 432 2190 tam
446 2161 587 2193 immane,
618 2164 675 2188 tam
696 2156 803 2190 ferum,
833 2163 917 2190 quam
933 2152 1109 2188 committere
1126 2156 1156 2179 ut
1174 2147 1311 2178 beneficio
1323 2169 1333 2183 ,

229 2210 287 2231 non
301 2201 392 2229 dicam
404 2199 534 2234 indignus
544 2218 551 2229 .
577 2196 623 2225 sed
638 2196 726 2224 victus
742 2193 795 2223 esse
805 2193 925 2222 videare.

210 2238 309 2268 Gratus
319 2240 344 2268 Sc
355 2246 461 2266 memor
470 2234 606 2264 beneficii.
647 2233 706 2262 Cic.
719 2241 745 2261 2.
759 2231 795 2260 de
806 2230 877 2267 Lege
890 2230 949 2266 Agr.
959 2236 1004 2257 21.
1027 2228 1115 2264 Atque
1135 2225 1156 2254 ii
1175 2230 1206 2254 ut
1222 2224 1337 2262 gratiae

230 2285 369 2306 memores
379 2272 569 2304 beneficiiesse
583 2271 731 2300 videantur
744 2292 752 2304 .,
773 2267 878 2305 aliquid
887 2267 930 2301 se,
949 2267 1001 2296 ἃς.

210 2313 383 2345 Immortalia
393 2311 538 2341 beneficia.
579 2309 638 2338 Cic.
650 2319 675 2343 4.
695 2308 769 2338 Fam.
788 2317 830 2342 14.
851 2304 961 2341 Quibus
982 2303 1058 2332 enim
1069 2311 1119 2340 pro
1135 2301 1204 2330 meis
1221 2300 1336 2329 immor-

231 2353 331 2382 talibus
340 2350 482 2380 beneficiis
495 2370 502 2384 ‚
523 2346 680 2377 charissima
689 2355 751 2374 mea
759 2344 829 2374 salus
839 2345 864 2373 Sc
874 2352 943 2371 nieae
953 2339 1137 2370 fortunaeess‘e
1146 2339 1261 2372 debent,
1281 2339 1332 2367 &c.

176 2394 197 2424 B
206 2403 220 2422 iz
229 2401 248 2420 N
259 2401 273 2419 F.
283 2401 296 2419 a
307 2401 315 2418 1
325 2399 358 2418 ci
369 2399 430 2418 Ain
439 2397 457 2416 u
468 2397 479 2416 s
491 2408 499 2421 ,
523 2396 538 2414 a
549 2407 557 2421 ‚
576 2394 634 2414 um.
657 2384 717 2417 Adj.
739 2389 783 2416 ut,
805 2382 859 2411 Res
869 2379 1052 2410 beneficiaria.
1077 2377 1141 2407 Sen.
1154 2376 1236 2414 Epist.
1251 2385 1295 2411 90.

175 2431 197 2464 Β
208 2441 222 2460 iz
231 2439 250 2458 Ν
260 2438 274 2457 a
284 2439 297 2457 F
307 2439 316 2456 1
325 2437 343 2456 c
352 2438 361 2455 1
372 2436 391 2455 A
400 2436 415 2454 a
425 2434 460 2454 iu
472 2435 483 2454 s
492 2446 501 2461 ‚
519 2424 539 2453 i.
562 2432 600 2452 m.
622 2417 855 2458 [hemmae]
877 2418 935 2455 Qui
947 2416 1115 2446 beneficium
1127 2415 1246 2452 accepit.
1259 2412 1336 2442 Valla

212 2466 261 2499 lib.
279 2475 302 2495 1.
323 2474 383 2502 cap.
399 2467 424 2493 6.
1310 2486 1311 2490 Ἰ

212 2503 415 2536 Beneficiarius.
456 2500 546 2530 Festus
560 2521 568 2535 ,
588 2496 762 2527 Beneficiarii
774 2495 939 2524 dicebantur
951 2491 1057 2522 Milites
1069 2491 1115 2529 qui
1132 2490 1267 2520 vacabant
1277 2499 1337 2519 mu-

236 2542 308 2571 neris
318 2539 464 2570 beneficio.
504 2537 526 2567 E
544 2535 702 2569 contrario,
722 2532 871 2564 Manis-,ces
889 2530 1077 2564 vocabantur,
1099 2529 1155 2566 Qui
1179 2537 1236 2556 non
1257 2538 1337 2557 vaca-

232 2580 309 2614 bant,
318 2578 366 2608 sed
376 2587 477 2606 munus
488 2574 607 2612 Reipub.
616 2572 763 2603 faciebant.
781 2570 962 2606 AliterVeget.
975 2568 1150 2605 lib.2.cap.7.
1163 2565 1336 2595 Beneficiarii

233 2618 267 2647 ab
288 2626 322 2647 eo
339 2615 487 2654 appellati,
508 2612 585 2650 quod
605 2616 806 2650 promoventur
826 2605 963 2637 beneficio
983 2606 1184 2635 Tribunorum.
1225 2603 1290 2633 Caes.
1311 2613 1334 2633 i.

234 2654 302 2685 Bell.
317 2653 397 2683 Civil.
410 2662 454 2688 75.
478 2651 598 2681 Petreius
618 2658 684 2678 vero
701 2657 759 2677 nori
779 2646 878 2675 deserit
893 2645 948 2674 sese
960 2666 968 2679 ‚
987 2650 1076 2673 armat
1094 2642 1247 2672 familiam:
1269 2651 1335 2671 cum

234 2694 286 2723 hac
298 2693 325 2722 &
335 2691 463 2721 Praetoria
473 2689 587 2718 cohorte
599 2686 773 2716 Cetratorum
785 2706 793 2719 ‚
814 2684 992 2720 Barbarisque
1008 2681 1148 2718 equitibus
1157 2680 1253 2717 paucis
1263 2701 1270 2713 ,
1288 2679 1337 2708 be-

236 2730 384 2761 neficiariis
398 2728 451 2757 suis
461 2749 469 2761 ,
491 2735 560 2764 quos
568 2725 621 2754 suae
631 2724 762 2754 custodiae
773 2721 852 2751 causa
863 2721 964 2750 habere
977 2719 1166 2749 consueverat.
1179 2718 1254 2747 conf.
1267 2716 1332 2746 Caes.

236 2779 261 2806 3.
273 2767 342 2798 Bell.
352 2765 432 2796 Civil.
444 2770 489 2799 88.
512 2764 580 2793 Pliri.
595 2772 637 2792 10.
646 2761 730 2800 Epist.
745 2769 788 2797 32.
799 2761 825 2790 ἃ
836 2759 942 2789 Gruter.
952 2757 1080 2795 inscript.
1089 2767 1116 2795 p.
1132 2767 1174 2793 5¹·
1191 2766 1219 2785 n.
1231 2766 1259 2792 4.
1271 2755 1337 2784 Vul-

237 2816 287 2844 gus
297 2828 305 2841 ‚
330 2803 434 2842 Vaffalos
448 2808 539 2832 vocat.

238 2844 309 2874 Vide
320 2844 350 2872 in
369 2848 614 2871 nutricium.
636 2837 671 2867 H.
686 2837 724 2867 St.

182 2886 447 2916 ΒεΝΕΜειὶῐῑοκ,
468 2878 734 2910 nummarius,
754 2873 1034 2903 Bswummws.
1056 2870 1088 2900 V.
1114 2878 1269 2904 naason,
1282 2869 1335 2899 ecc.

182 2924 504 2954 BauizPLAciTuM,
524 2915 794 2946 ΒΕΝεευΑουε,
815 2911 1060 2940 BBNRVALENS
1077 2930 1086 2944 ‚
1106 2907 1338 2937 Bannvntcn.

222 2960 627 2991 V.1’1.Acizo‚siJAnt0‚
649 2960 790 2982 VAtizo.
812 2957 915 2977 VOLO.

185 2999 206 3029 B
217 3007 259 3027 im
269 3006 309 3025 av
319 2997 336 3025 ὅ
346 3004 384 3023 tiz
393 3003 415 3022 Ν
423 3003 435 3022 s
445 3015 452 3028 ,
480 2990 607 3028 [ἒννοῶν]
628 2989 724 3018 Partic.
746 2997 761 3017 a
780 2987 854 3016 Bene
863 2985 928 3014 volo
944 3006 952 3019 ‚
972 2983 1049 3022 quod
1060 2983 1143 3012 unica
1152 2990 1223 3011 voce
1231 2989 1288 3010 non
1299 2981 1341 3010 di-

222 3036 311 3069 citur3
333 3032 390 3069 Qui
401 3031 474 3061 bene
483 3029 542 3059 vult
550 3027 632 3057 alicui
643 3048 651 3059 .
671 3026 701 3054 id
716 3026 754 3054 est
766 3025 880 3054 amicus.
898 3022 986 3052 Plaut.
1006 3022 1094 3051 mere.
1109 3031 1134 3057 4.
1150 3030 1175 3055 ς.
1192 3018 1301 3058 suppos.
1310 3028 1337 3049 2.

224 3082 269 3109 23.
292 3071 357 3101 Non
367 3069 426 3099 sum
438 3067 551 3097 molesta
564 3088 571 3101 ‚
594 3064 642 3094 sed
650 3062 829 3093 benevolens.

222 3110 336 3141 Amicus
347 3107 468 3137 advenio
477 3104 596 3134 multum
606 3101 787 3132 benevolens.
810 3098 897 3128 Plaut.
909 3097 997 3127 Merc.
1016 3108 1039 3133 5.
1055 3105 1080 3125 2.
1098 3097 1145 3131 46.

224 3146 426 3179 Benevolentes
437 3144 484 3173 dii.
508 3142 593 3172 Plau't.
615 3139 677 3170 Mil.
692 3150 717 3175 4.
729 3144 755 3172 8.
767 3147 813 3174 4¹-

224 3186 311 3223 Spero
320 3185 415 3213 la‘tum
428 3179 690 3212 &benevolentem
713 3176 784 3206 Gell.
796 3185 838 3210 ις.
854 3183 880 3211 7.

224 3223 382 3259 Aliquando
394 3219 558 3250 substantive
568 3216 680 3255 ponitur
691 3224 742 3253 pro
759 3213 864 3244 Amic0.
903 3209 990 3240 plaut.
1003 3208 1068 3238 Ci'st.
1082 3218 1108 3238 2.
1119 3217 1144 3244 3.
1156 3216 1202 3244 42.
1229 3206 1305 3237 nlaec
1315 3206 1343 3236 se

244 3261 383 3298 quandam
399 3258 489 3287 aiebat
504 3255 651 3286 mulierem
670 3252 746 3282 suam
762 3248 979 3281 benevolentem
995 3247 1145 3276 convenire
1158 3246 1243 3275 etiam
1254 3245 1340 3283 prius.

245 3298 320 3328 conf.
341 3297 421 3327 ldem
440 3295 518 3325 Trin.
534 3304 556 3323 1.
573 3303 599 3322 2.
612 3302 638 3329 7.

190 3336 262 3368 ΒΕΝ
274 3338 337 3364 avo
348 3346 363 3363 i.
373 3345 389 3363 u
401 3343 412 3363 s
423 3355 431 3368 ,
453 3343 467 3363 a
478 3355 486 3368 ,
506 3341 564 3362 um.
586 3324 725 3366 [iuvet-(939,
744 3324 839 3356 εὓνοΘή
858 3322 943 3357 siim]
966 3321 1054 3351 Idem.
1077 3320 1143 3350 Ter.
1156 3320 1225 3350 Hec.
1240 3328 1343 3357 5.1.35.

227 3372 347 3404 Facilem
361 3371 587 3407 benevolumque
597 3368 691 3404 lingua
698 3373 744 3395 tua
753 3366 808 3400 jam
819 3362 869 3393 tibi
879 3370 924 3390 me
937 3359 1068 3389 reddidit.

227 3411 381 3441 Benevolus
393 3419 455 3447 erga
465 3408 594 3445 aliquem.
615 3405 701 3435 Plaut.
713 3403 793 3440 Capt.
806 3411 831 3430 2.
847 3410 873 3429 2.
894 3408 956 3428 100.

226 3447 381 3478 Benevolus
393 3447 508 3477 domino
516 3445 616 3475 servus.
656 3442 714 3472 Cic.
727 3450 777 3479 pro
789 3438 970 3481 Clpent.176.
992 3434 1038 3464 Sic
1052 3442 1079 3463 2.
1104 3432 1139 3462 de
1149 3432 1259 3462 invent.
1281 3435 1343 3461 161.

248 3485 341 3515 Patriae
351 3484 490 3513 benevoli.

228 3521 382 3554 Benevolus
393 3523 510 3551 animus.
551 3519 611 3549 Cic.
624 3528 650 3547 2.
663 3517 738 3546 Verr.
751 3524 797 3552 23.
817 3514 882 3544 Sive
893 3508 1032 3542 benevolo
1051 3508 1146 3538 animo
1160 3516 1224 3543 me,
1246 3513 1277 3537 ut
1287 3516 1345 3536 nu-

250 3569 373 3598 gnopere
385 3569 508 3588 caverem
519 3580 527 3593 ,
548 3555 744 3595 praemonebat.

227 3598 340 3634 ,Iudices
349 3597 500 3626 benevolos
511 3595 628 3625 efficere.
663 3594 721 3622 Cic.
734 3602 758 3620 2.
775 3590 811 3620 de
820 3590 898 3620 Orat.
911 3590 973 3624 322.
995 3585 1035 3615 Ex
1045 3584 1077 3613 iis
1087 3588 1181 3612 autem
1193 3581 1347 3620 apudquos

248 3641 358 3672 agetur,
380 3636 405 3664 ἃ
415 3633 582 3666 benevolos.
602 3632 729 3668 beneque
738 3629 925 3659 existimantes
936 3624 1095 3654 efficiamus.
1251 3657 1257 3662 -

229 3673 330 3704 Facere
341 3671 508 3700 benevolum
518 3670 683 3700 auditorem.
723 3667 781 3696 Cic.
799 3676 821 3695 i.
834 3666 869 3694 de
878 3664 985 3694 invent.
1001 3671 1043 3691 io.
1071 3657 1160 3696 Quod
1177 3662 1305 3692 eveniet,
1326 3656 1346 3686 si

250 3720 312 3740 eum
323 3709 490 3738 benevolum
504 3731 511 3742 ‚
532 3713 669 3736 attentum
680 3728 688 3741 ,
710 3704 835 3734 docilem
844 3702 951 3732 fecerit.

230 3746 382 3778 Benivolus
394 3768 402 3780 .
422 3748 504 3775 etiam
514 3741 873 3782 scriptuminvenitur&sic
882 3738 962 3769 scribi
972 3737 1032 3766 vult
1046 3735 1076 3765 Li
1100 3734 1158 3763 sius.

229 3783 444 3816 Benevolentior
454 3806 461 3817 ‚
480 3792 603 3819 compar.
618 3791 633 3810 a
647 3780 821 3814 Benevolus,
843 3778 897 3807 sive
907 3776 941 3806 ab
951 3775 1065 3811 antiquo
1096 3769 1247 3802 enevolens
1258 3791 1265 3803 ,
1290 3778 1345 3806 quo

247 3823 357 3852 Plautus
370 3821 525 3850 identidem
545 3820 646 3853 utitur,
667 3824 698 3848 ut
716 3816 799 3855 paulo
816 3822 881 3846 ante
894 3813 1064 3844 ostendimus
1083 3810 1131 3840 suo
1150 3809 1222 3838 loco.
1247 3807 1305 3836 Cic.
1320 3816 1343 3843 3.

248 3860 324 3890 Fam.
349 3867 390 3888 12.
410 3866 479 3887 extr.
501 3856 717 3886 Benevolentior
734 3854 785 3883 tibi
805 3863 888 3891 quain
908 3852 1034 3885 fueram,
1063 3846 1152 3878 nihilo
1175 3845 1235 3875 suni
1250 3844 1347 3874 faetus.

247 3898 326 3928 Idem
337 3895 400 3925 alibi
413 3917 420 3930 ‚
441 3895 513 3925 Nam
526 3893 737 3923 benevolentior
747 3901 829 3928 quam
840 3891 948 3926 semper
956 3889 996 3917 fui
1008 3909 1016 3922 ‚
1037 3886 1092 3916 ess'e
1103 3894 1160 3914 non
1171 3882 1289 3922 possum.

227 3932 483 3967 Benevolentissimi
493 3932 586 3962 officio
596 3930 683 3967 fungi.
724 3930 783 3959 Cic.
801 3939 825 3965 ς.
845 3928 922 3958 Fam.
940 3929 981 3956 16.
1019 3924 1072 3954 His
1089 3932 1141 3960 ego
1159 3921 1245 3952 literis
1260 3919 1348 3958 siquid

1376 294 1593 327 BENEVOLE‚
1615 291 1767 328 [iuventas]
1789 293 1856 322 Adv.
1880 293 1937 322 Cic.
1956 303 1980 321 i.
2003 293 2038 322 de
2060 293 2118 322 Pin.
2133 302 2176 325 ³4·

1377 557 1397 587 B
1406 567 1420 586 E
1431 568 1447 585 λ]
1457 567 1470 585 F.
1482 567 1496 585 V
1508 566 1524 585 O
1534 568 1550 584 ῐ,
1559 566 1572 584 E
1583 565 1603 585 N
1612 565 1630 584 T
1640 566 1648 584 1
1658 565 1677 584 A
1691 577 1698 589 ‚
1720 565 1751 583 Ξ.
1773 555 1789 584 fi
1815 555 1916 591 [εὔνοια
1925 577 1932 590 ,
1949 553 2110 592 ’wyvmpoew‘vn
2119 578 2126 590 ‚
2147 554 2329 593 φιλοφξοσῦνκ]
2350 558 2441 592 Amor,
2461 559 2528 595 quafi

1391 2455 1611 2486 Eumenes,

1432 179 1607 224 profeciffern
1619 202 1626 213 ,
1651 180 1838 223 existimabam
1850 180 2005 222 optandum
2019 180 2151 222 quiddam
2164 190 2209 209 me
2225 178 2279 209 esse
2301 179 2449 212 assecutum
2461 192 2473 214 :,
2489 183 2525 216 fin
2543 145 2547 220 i

1429 217 1699 285 giiiighigiffnTent'
1721 219 1812 246 otiicio
1835 224 1931 246 tamen
1954 219 2007 248 elle
2028 220 2156 247 lun‘Ctum
2177 217 2427 248 benevolentissimi
2448 227 2523 260 atque
2543 224 2549 280 ’ἰ
2568 258 2571 263 .
2588 227 2604 283 ἐξ.

1414 341 1477 360 cii-n
1491 331 1650 360 memoriter
1692 338 1703 358 t
1799 331 1804 336 ‘
2049 331 2054 336 '
2208 293 2287 330 QUOS
2307 300 2336 322 tu
2361 294 2443 338 ptwio
2465 303 2524 328 ante
2544 283 2604 337 iiiii

1439 350 1457 375 η.
1498 370 1502 374 ¹
1663 352 1670 363 ,
1707 340 1751 359 um
1767 338 1851 359 etiam
1863 340 1925 372 erga
1939 340 1989 359 rios
2001 340 2091 359 amice
2104 332 2127 360 &
2141 331 2276 360 benevole
2290 331 2431 367 collegisti.
2545 341 2547 346 ’
2589 338 2595 343 ”

1414 369 1548 440 ξὲάεὲζῐξ
1561 367 1785 434 ,Ζξεηενοῐεᾳυο
1795 368 1892 406 praesto
1905 368 1961 397 effe
1973 368 2055 397 alicui
2069 368 2261 398 molestissimis
2272 368 2451 406 temporibus.
2470 370 2522 403 Cic.
2545 383 2551 403 :2
2572 370 2577 374 ⁴

1415 444 1515 474 Facere
1526 443 1630 479 aliquid
1641 440 1786 485 benevole.
1828 442 1886 472 Cic.
1903 443 1939 472 de
1949 443 2059 473 Amicit.
2074 453 2118 478 90.
2150 443 2184 472 Et
2194 443 2253 473 haec
2264 444 2427 481 accipienda
2436 446 2516 478 amice
2545 407 2563 467 i

1434 491 1519 519 quum
1534 481 1671 510 benevole
1682 482 1761 508 nunt.
2518 469 2526 484 ’
2563 485 2566 491 ·

1417 518 1680 549 Benevolentiffime
1692 539 1699 551 ,
1720 517 1828 554 August.
1842 517 1877 546 ad
1888 517 2003 547 Hieron.
2020 517 2101 555 Epist.
2115 524 2159 551 28.
2175 519 2201 548 ἃ
2211 518 2293 557 Epist.
2306 522 2351 555 64.
2363 518 2399 547 ad
2409 518 2495 550 Aurei.

1416 596 1491 624 Bona
1513 594 1648 622 voluntas.
1693 593 1750 621 Cic.
1771 603 1792 621 i.
1819 593 1892 622 Fam.
1907 603 1933 627 9.

1517 635 1520 637 .
1599 632 1604 637 ¹
1769 631 1774 636 ι
1799 630 1806 635 ,
1979 593 2056 629 Quid
2081 594 2155 623 enirn
2177 595 2269 623 dicam
2292 594 2511 626 benevolentiam
2551 602 2553 608 '
2569 599 2577 618 -“

1417 642 1502 675 quum
1517 630 1688 674 illudipsum
1702 631 1888 667 gravnlimum
1910 632 1935 659 ἃ
1958 630 2154 661 sanctissimum
2176 641 2282 661 nomen
2302 632 2413 670 pietatis
2449 619 2533 667 levius
2577 632 2579 659 Ῐ

1417 671 1487 699 milii
1502 671 1608 698 meritis
1620 678 1683 705 erga
1694 669 1805 697 metuis
1819 668 1872 697 effe
1882 668 2009 697 videatur
2020 670 2033 697 ἰ)
2397 690 2399 692 .
2424 654 2432 668 ’
2572 668 2577 671 ”

1418 707 1567 750 Aequirere
1581 706 1817 735 benevolentiam.
1841 705 1960 742 Quintil.
1983 706 2031 735 lib.
2046 715 2070 743 3.
2096 716 2156 744 cap.
2170 711 2196 741 8.

1418 746 1520 774 Admiit
1540 754 1614 773 mors
1637 743 1872 787 benevolentiam.
1914 743 1973 772 Cic.
1986 754 2036 781 pro
2048 745 2124 774 Sext.
2140 747 2165 773 6.
2200 743 2311 774 Ademit
2330 743 2430 773 Albino
2449 744 2528 778 soceri
2579 746 2581 753 ⁴

1435 792 1541 826 nomen
1552 792 1626 810 iners
1637 783 1720 824 tiliae,
1743 781 1790 810 sed
1812 781 1977 811 charitatem
2000 781 2073 811 illius
2095 781 2306 812 necessitudinis
2327 784 2354 812 ἃ
2371 782 2530 814 benevolen.

1436 828 1503 849 tiam
1518 830 1576 848 non
1593 821 1706 848 ademit.
2034 817 2037 821 ’

1419 859 1580 901 Adjungere
1592 858 1640 886 sibi
1653 855 1877 886 benevolentiam
1890 856 2049 887 hominum.
2089 856 2121 886 In
2143 866 2163 885 A
2173 867 2192 886 D
2201 867 2215 892 J
2224 866 2271 887 uN
2280 867 2299 887 G
2308 867 2335 887 o.

1419 896 1534 925 Allicere
1547 893 1772 924 benevolentiam
1785 895 1911 929 alicujus.
1952 894 1985 924 In
2012 905 2031 923 A
2040 906 2057 923 L
2066 905 2082 923 1.
2091 905 2101 923 1
2111 904 2144 924 ei
2155 904 2182 924 o.
2554 916 2556 918 ψ

1419 934 1536 977 Allicere
1547 932 1821 976 adbenevolentiam
1836 933 1955 961 animos.
1993 932 2051 962 Cic.
2066 942 2092 962 2.
2117 932 2175 962 Off.
2187 937 2233 968 48.
2265 932 2432 970 Praecipiunt
2441 938 2496 965 uto
2508 944 2532 970 Q
2554 926 2555 930 Ἰ

1438 979 1517 1000 tione
1530 972 1648 1007 benigna
1660 970 1849 999 multitudinis
1862 970 1972 999 animos
1984 971 2019 999 ad
2032 970 2257 1000 benevolentiam
2269 970 2400 1000 alliciant.
2525 971 2528 974 ’

1420 1009 1537 1045 Captare
1550 1007 1787 1038 benevolentiam.
1828 1008 1859 1037 Iri
1881 1018 1898 1036 c
1909 1017 1949 1036 Ax>
1960 1018 2003 1037 io.

1421 1047 1560 1083 Colligere
1572 1045 1808 1075 benevolentiam.
1848 1045 1880 1075 In
1901 1055 1918 1074 c
1928 1056 1945 1074 o
1956 1057 1971 1074 L
1980 1057 1996 1074 L
2006 1056 2015 1074 i
2026 1055 2044 1074 o
2053 1056 2080 1075 o.

1421 1084 1578 1122 Compleffti
1591 1083 1788 1112 benevolentia
1799 1082 1929 1120 aliquem.
1969 1083 2002 1113 In
2022 1093 2039 1112 c
2048 1093 2065 1112 o
2075 1093 2119 1112 MP
2130 1094 2146 1112 L
2156 1093 2172 1112 ι
2180 1092 2197 1112 e
2207 1092 2227 1112 T
2237 1093 2254 1113 o
2262 1092 2290 1114 R.

1421 1122 1581 1152 Conciliare
1596 1120 1830 1151 benevolentiam.
1873 1120 1906 1150 In
1930 1130 1972 1150 co
1982 1131 2002 1150 N
2013 1131 2030 1150 e
2039 1132 2048 1150 1
2060 1132 2075 1150 L
2084 1132 2094 1149 1
2103 1131 2130 1151 o.

1420 1160 1577 1190 Conciliare
1587 1160 1697 1202 animos
1708 1160 1741 1187 ad
1754 1158 1988 1189 benevolentiam.
2029 1159 2086 1188 Cic.
2102 1168 2128 1189 2.
2154 1159 2189 1188 de
2212 1158 2289 1189 Orat.
2308 1164 2369 1193 182.
2401 1158 2478 1190 Valet
2487 1160 2534 1200 igi.

1439 1204 1484 1227 tur
1495 1197 1614 1242 multum
1627 1198 1662 1226 ad
1673 1197 1843 1240 vincendum
1860 1219 1867 1231 ‚
1890 1198 1942 1226 ἃς.
1964 1197 2127 1234 animosque
2138 1206 2236 1226 eorum
2249 1219 2257 1232 ‚
2279 1197 2354 1235 apud
2365 1207 2433 1234 quos
2443 1198 2531 1236 agitur
2558 1187 2563 1194 .

1442 1236 1586 1279 conciliari
1598 1240 1803 1272 quammaxime
1816 1234 1852 1264 ad
1866 1234 2093 1264 benevolentiam
2107 1257 2115 1271 ‚
2136 1244 2201 1264 cum
2214 1244 2277 1272 erga
2291 1241 2429 1265 oratorem
2479 1221 2534 1268 tuni
2563 1243 2566 1247 ’

1441 1284 1504 1311 erga
1516 1273 1595 1302 illum
1609 1282 1659 1310 pro
1677 1282 1732 1309 quo
1746 1273 1822 1301 dicet
1835 1280 1936 1302 orator.
2439 1257 2448 1272 ⁹
2558 1265 2559 1271 ¹

1422 1311 1579 1341 Consectari
1591 1310 1819 1340 benevolentiam
1832 1310 1988 1347 largitione.
2028 1311 2061 1341 In
2084 1320 2102 1340 c
2111 1321 2128 1340 o
2138 1320 2159 1340 N
2167 1320 2179 1340 s
2189 1320 2204 1340 Ε
2212 1319 2230 1340 c
2238 1318 2258 1338 T
2268 1320 2286 1339 o
2294 1320 2319 1340 rt.
2536 1335 2539 1337 .

1421 1349 1605 1392 Consentiens
1615 1349 1650 1378 ad
1665 1347 1889 1377 benevolentiam
1903 1358 1966 1385 erga
1977 1358 2028 1377 nos
2039 1371 2048 1383 ‚
2073 1349 2218 1380 exercitus
2243 1347 2302 1378 Cio.
2316 1359 2341 1383 ς.
2356 1349 2409 1378 Att.
2427 1353 2468 1382 18.
2480 1348 2534 1382 Paro
2560 1344 2565 1374 ἶ

1440 1398 1476 1417 νο
1486 1395 1609 1416 exereitu
1624 1408 1632 1422 ‚
1653 1386 1701 1415 sed
1714 1393 1745 1415 ut
1757 1386 1834 1423 spero
1846 1407 1854 1421 ,
1875 1387 1910 1415 ad
1923 1386 2148 1416 benevolentiam
2163 1396 2226 1424 erga
2238 1395 2290 1415 nos
2304 1385 2500 1417 consentiente.

1422 1424 1753 1470 conservare'susceptam
1765 1423 2000 1454 benevolentiam.
2027 1425 2086 1454 Cic.
2104 1434 2128 1461 3.
2144 1424 2218 1454 Fam.
2232 1433 2257 1460 7.
2283 1424 2349 1453 Haec
2367 1424 2401 1453 ad
2415 1429 2442 1453 te
2452 1420 2537 1463 scripsi

1440 1463 1600 1506 liberalius)
1615 1462 1706 1506 'fretus
1720 1461 1890 1491 conscientia
1904 1462 1988 1491 officii
2000 1463 2042 1492 tui
2056 1485 2064 1497 ‚
2096 1462 2349 1500 benevolentiaque
2370 1471 2453 1499 quam
2465 1472 2480 1492 a
2490 1471 2533 1495 me
2560 1453 2561 1456 Ἴ

1442 1508 1521 1531 certo
1535 1502 1640 1536 Judlclo
1652 1499 1805 1537 susceptam
1818 1522 1826 1535 ‚
1847 1501 1939 1537 quoad
1953 1507 1982 1529 tu
1994 1500 2069 1529 voles
2082 1523 2089 1536 ,
2111 1499 2290 1530 conservabo.
2501 1494 2504 1498 ’
2522 1519 2523 1522 =

1424 1539 1580 1582 Deportare
1603 1537 1825 1567 benevolentiam
1850 1539 2001 1575 provinciae
2030 1548 2064 1567 ex
2084 1548 2125 1568 ea.
2167 1538 2225 1567 Cic.
2241 1541 2267 1568 6.
2296 1538 2349 1567 Att.
2366 1547 2389 1566 1.
2424 1536 2453 1566 Si
2473 1535 2538 1568 nihil

1438 1577 1515 1644 agzqd
1525 1578 1564 1621 'de
1573 1576 1628 1643 isac
1640 1576 1785 1614 provincia
1798 1597 1806 1611 ‚
1828 1575 1876 1605 nisi
1899 1576 1974 1605 illius
1998 1576 2225 1606 benevolentiam
2239 1574 2423 1613 deportaffem
2435 1596 2443 1611 ,
2471 1574 2534 1607 mibi

1440 1627 1449 1644 l
1495 1623 1545 1644 atis
1556 1625 1570 1644 e
1595 1625 1618 1643 e.
2506 1611 2512 1625 ¹
2524 1608 2528 1614 ’

1422 1653 1548 1691 Experiri
1561 1652 1647 1682 fidem
1660 1653 1686 1681 Sc
1699 1650 1923 1681 benevolentiam
1937 1652 2053 1688 alicujus
2067 1661 2127 1689 erga
2139 1652 2174 1682 se.
2197 1651 2255 1682 Cic.
2273 1661 2297 1681 i.
2321 1650 2396 1680 Fam.
2413 1661 2438 1686 ς.
2508 1664 2510 1666 -

1422 1691 1531 1721 Habere
1541 1689 1764 1720 benevolentiam
1778 1699 1841 1727 erga
1852 1689 1982 1727 aliquem.
2024 1690 2082 1720 Cic.
2099 1700 2120 1719 1.
2146 1689 2204 1720 Off.
2219 1699 2264 1727 47.
2289 1691 2315 1719 δι
2337 1689 2374 1719 de
2396 1688 2422 1718 O
2445 1693 2464 1717 t.
2478 1682 2535 1725 gen.v

1442 1730 1519 1773 Orat.
1539 1739 1580 1764 ¹9-
1613 1729 1699 1765 Atque
1713 1729 1749 1756 ita
1760 1727 1953 1765 praedicaretur
1967 1750 1974 1763 ‚
1995 1738 2059 1758 eum
2073 1729 2170 1758 donari
2188 1727 2297 1758 virtutis
2310 1737 2375 1766 ergo
2385 1749 2393 1764 ‚
2446 1734 2539 1757 enevn-

1440 1768 1589 1804 lentiaeque
1602 1776 1685 1803 quam
1697 1776 1760 1802 erga
1773 1765 1911 1803 populum
1927 1766 2120 1797 Atheniensem
2133 1766 2256 1796 haberet.
2483 1776 2491 1780 ·

1422 1806 1531 1835 Navare
1545 1804 1778 1834 benevolentiam.
1814 1804 1846 1833 ln
1875 1813 1895 1832 N
1904 1813 1923 1832 A
1934 1814 1950 1833 v
1960 1814 1986 1833 0.

1423 1843 1577 1881 Perspicere
1587 1841 1812 1871 benevolentiam
1827 1841 1943 1877 alicujus
1957 1851 2019 1879 erga
2032 1841 2065 1871 se.
2090 1842 2151 1872 Cic.
2171 1851 2195 1872 1.
2220 1841 2297 1871 Fam.
2310 1849 2336 1878 7.

1423 1882 1517 1911 Petere
1531 1879 1756 1910 benevolentiam
1769 1879 1880 1915 judicis.
1902 1879 2022 1916 Quintil.
2038 1879 2086 1910 lib.
2101 1891 2126 1916 4.
2143 1890 2204 1918 cap.
2222 1889 2248 1909 1.
2536 1895 2538 1898 v

1422 1920 1548 1963 Praestare
1558 1916 1783 1947 benevolentiam
1794 1917 1956 1955 singularem
1968 1918 2061 1947 alicui.
2102 1919 2197 1954 Cic.4.
2212 1917 2288 1947 Fam.
2302 1926 2343 1946 11.
2365 1915 2472 1947 Tamen
2483 1914 2534 1946 hoe
2588 1915 2589 1918 ’

1441 1958 1511 2000 mihi
1524 1957 1613 1985 multo
1626 1956 1778 1991 jucundius
1790 1956 1827 1984 est
1841 1958 1865 1984 ἃ
1879 1956 1981 1992 gratius
1992 1978 1999 1992 ‚
2021 1956 2098 1993 quod
2111 1978 2119 1990 ,
2134 1958 2185 1986 ἃς.
2207 1962 2234 1985 te
2258 1953 2466 1992 cupidissimum
2475 1947 2535 1990 md,
2566 1966 2567 1972 ¹

1442 1995 1662 2038 l1ngularemquc
1676 1994 1745 2022 inihi
1759 1993 1983 2023 benevolentiam
1997 1993 2146 2032 praestitiss‘e
2157 1994 2285 2031 cognovi.

1422 2033 1524 2064 Facere
1535 2032 1640 2070 aliquid
1653 2031 1855 2061 benevolentiae
1871 2032 1966 2069 gratia.
2009 2032 2067 2061 Cic.
2083 2041 2109 2060 2.
2126 2031 2184 2062 Off.
2200 2041 2245 2061 21.
2268 2031 2450 2067 Quaecunque
2462 2029 2538 2067 igitur
2566 2019 2569 2052 l

2524 1872 2549 1888 z-

1443 2072 1573 2101 homines
1586 2071 1694 2114 homini
1707 2070 1835 2113 tribuunt
1847 2091 1855 2105 ,
1876 2070 1911 2099 ad
1924 2079 1989 2099 eum
2003 2069 2164 2108 augendum
2177 2075 2259 2107 atque
2272 2068 2484 2103 honestandurn,
2497 2070 2539 2097 aut
2566 2059 2569 2095 i
2583 2049 2602 2102 fl

1443 2109 1647 2153 benevolentiae
1659 2113 1743 2145 gratia
1759 2108 1874 2136 faeiunt.
2566 2099 2570 2128 l

1424 2147 1527 2191 Fidelis
1539 2145 1742 2176 benevolentia.
1782 2146 1839 2175 Cic.
1855 2155 1881 2174 2.
1907 2144 1963 2175 Off.
1982 2154 2026 2181 23.
2060 2144 2152 2175 Malus
2168 2145 2244 2174 enim
2258 2144 2295 2174 est
2309 2143 2399 2173 custos
2410 2141 2539 2172 diutumi„
2567 2130 2570 2195 f

1442 2192 1506 2215 tatis
1521 2191 1611 2214 metus
1626 2194 1632 2214 :
1654 2190 1805 2227 contraque
1817 2183 2012 2213 benevolentia
2024 2183 2113 2213 fidelis
2126 2205 2133 2219 ‚
2156 2183 2201 2213 vel
2211 2183 2246 2212 ad
2256 2174 2482 2221 perpetuitatem.

1426 2224 1521 2262 Impar
1532 2221 1737 2252 benevolentia.
1777 2222 1810 2251 ln
1831 2232 1840 2249 i
1848 2233 1870 2250 M
1879 2231 1893 2250 Ρ
1902 2232 1921 2250 A
1931 2231 1956 2250 R.

1426 2263 1555 2292 Munitus
1566 2259 1769 2290 benevolentia.
1789 2259 1886 2297 Nepos
1903 2269 1944 2288 10.
1962 2270 1985 2294 5.
2001 2270 2028 2295 4.

1425 2300 1601 2337 Sempiterna
1613 2297 1808 2342 benevolentia
1821 2297 1912 2327 colere
1923 2297 2085 2326 memoriam
2098 2296 2226 2326 beneficii
2245 2295 2372 2331 alicujus.
2414 2293 2471 2324 Cic.
2485 2292 2540 2323 Post
2568 2287 2571 2324 i

1445 2340 1502 2367 red.
1518 2337 1553 2381 ad
1567 2337 1646 2373 Quir.
1661 2346 1706 2380 ‚²4·
1741 2335 1919 2373 Quapropter
1938 2335 2102 2365 memoriam
2122 2335 2201 2364 vestri
2221 2333 2350 2364 beneficii
2364 2331 2453 2362 colam
2464 2332 2541 2362 bene·
2568 2356 2571 2367 A

1446 2376 1568 2405 volentia
1581 2375 1755 2412 sempiterna.
2567 2371 2571 2378 ³

1428 2414 1578 2452 Singularis
1593 2411 1796 2455 benevolentia.
1831 2411 1863 2440 V.
1886 2410 2017 2441 Praestare.
2570 2434 2572 2439 ,

1634 2451 1757 2487 [χςηςσς.
1773 2450 1864 2477 {onorat
1879 2471 1887 2485 ,
1910 2446 2085 2483 ihdvssen&]
2107 2448 2167 2482 Adj.
2201 2445 2333 2476 Liberalis
2344 2467 2353 2481 ,
2385 2443 2541 2479 beneficus,
2570 2441 2572 2451 ⁸

1430 2491 1562 2533 clemens.
1584 2488 1676 2518 Festus
1689 2498 1696 2522 3
1722 2487 1861 2524 Benignus
1873 2487 1985 2524 proprie
2000 2487 2100 2515 dicitur
2114 2486 2138 2515 ls
2152 2486 2198 2522 qui
2212 2485 2291 2514 bonis
2303 2486 2329 2514 Sc
2342 2483 2432 2521 dignis
2443 2480 2542 2520 aliquid
2570 2484 2573 2500 ³

1429 2529 1561 2571 largitur:
1583 2527 1621 2556 est
1634 2532 1725 2554 autem
1738 2525 1921 2562 compositum
1936 2534 1969 2554 ex
1981 2524 2059 2554 Bono
2074 2525 2099 2553 ἃ
2113 2523 2270 2559 Gignendo.
2293 2522 2360 2552 Haec
2373 2521 2429 2551 ille.
2462 2519 2541 2557 [qd.
2571 2524 2573 2537 '¹

1429 2567 1589 2603 Bonigenus
1603 2586 1610 2598 .
1621 2570 1663 2607 ‚ut
1679 2562 1817 2606 malignus
1831 2573 1881 2600 pro
1895 2562 2052 2600 Maligenus
2064 2584 2072 2597 ,
2093 2572 2107 2590 a
2119 2561 2211 2591 Malus
2224 2582 2232 2595 ‚
2255 2560 2288 2589 ab
2305 2560 2406 2589 Omnis
2420 2581 2427 2594 ‚
2450 2556 2543 2589 Onini-.
2571 2558 2574 2591 Ξ

1430 2613 1518 2642 genus
1529 2625 1537 2638 ‚
1557 2602 1691 2633 aPrimus
1704 2601 1874 2638 Primigenus
1888 2603 1939 2630 Sec.
1982 2601 2053 2629 Nam
2067 2599 2131 2629 talia
2153 2599 2267 2628 nomina
2287 2598 2422 2634 adjective
2437 2605 2485 2634 per
2496 2595 2542 2625 tria
2562 2609 2563 2612 ¹

1430 2651 1530 2680 genera
1540 2647 1645 2670 veteres
1658 2638 1811 2668 efferebant
1825 2661 1832 2673 .
1853 2638 1960 2667 tametsi
1981 2639 2010 2666 in
2034 2636 2177 2667 nonnullis
2190 2646 2246 2666 una
2258 2636 2362 2665 servata
2375 2635 2405 2664 sit
2418 2634 2543 2664 termina·
2572 2645 2573 2666 i

1429 2681 1469 2710 tio
1486 2680 1514 2708 in
1528 2689 1542 2708 a
1553 2701 1561 2713 ‚
1582 2684 1613 2707 ut
1624 2677 1784 2714 Alienigena
1795 2699 1802 2710 ,
1826 2676 1959 2713 indigena
1975 2677 2027 2705 &a
2300 2670 2302 2673 ’

1429 2718 1545 2754 Benigni
1558 2717 1584 2746 ἃ
1595 2716 1679 2745 Grati.
1720 2715 1776 2744 Cic,
1793 2714 1868 2744 Brut.
1885 2724 1926 2749 ις.
1958 2714 2012 2743 Sed
2025 2712 2116 2742 nescio
2131 2711 2275 2749 quomodo
2291 2710 2399 2745 facilius
2410 2709 2438 2738 in
2450 2709 2543 2741 timore
2578 2739 2579 2742 Ἴ

1452 2755 1565 2791 benigni
1580 2776 1587 2789 ‚
1608 2763 1689 2790 quam
1703 2753 1731 2781 in
1741 2752 1857 2782 victoria
1870 2753 1937 2789 grati
1948 2751 2110 2789 reperimur.
2578 2755 2580 2774 ῑ

1429 2792 1611 2824 Beneficus&
1626 2791 1770 2827 benignus.
1811 2790 1869 2819 Cic.
1885 2799 1910 2819 2.
1935 2790 1970 2818 de
1993 2790 2055 2818 Nat.
2072 2788 2154 2817 Deor.
2171 2795 2231 2822 123.
2268 2785 2304 2814 Ut
2323 2786 2399 2814 enim
2419 2783 2542 2813 omittam
2572 2789 2575 2812 1

1448 2832 1505 2873 vim
1520 2832 1683 2860 &naturam
1696 2829 1812 2857 deorum
1824 2850 1831 2862 ‚
1853 2837 1888 2856 ne
1911 2827 2040 2856 homines
2062 2826 2178 2863 quidem
2196 2823 2331 2859 censetis,
2353 2823 2402 2852 nili
2415 2820 2544 2858 imbecilli
2566 2842 2567 2846 .

1450 2870 1538 2898 client
1550 2889 1559 2903 ‚
1582 2867 1689 2895 futuros
1701 2865 1839 2895 beneficos
1853 2867 1879 2895 ἃ
1891 2865 2025 2902 benignos
2037 2863 2116 2894 fuiss'e
2125 2864 2139 2891 ἰ)
2536 2875 2539 2879 -
2574 2858 2582 2890 li

1432 2907 1573 2943 Benignus
1584 2905 1675 2933 alicui.
1701 2904 1785 2933 Plaut.
1797 2903 1875 2932 Trin.
1893 2912 1917 2938 3.
1932 2912 1955 2938 3.
1970 2912 2012 2931 12.
2574 2893 2583 2908 ”

1431 2945 1573 2981 Benignus
1586 2943 1615 2971 in
1627 2942 1757 2979 aliquem.
1779 2941 1843 2971 Ter.
1858 2941 1925 2970 Hec.
1936 2950 1958 2978 3.
1975 2951 1998 2976 ς.
2011 2949 2056 2970 22.

1433 2984 1502 3020 Ager
1516 2981 1661 3018 benignus.
1684 2979 1767 3009 Ovid.
1784 2989 1806 3008 i.
1823 2980 1913 3008 Amor.
1933 2989 1975 3008 10.
1993 2981 2036 3014 56.

1432 3020 1525 3057 Dapes
1536 3019 1672 3055 benignae.
1704 3017 1736 3046 V.
1759 3027 1777 3045 n
1787 3027 1806 3046 A
1815 3027 1829 3044 P
1838 3026 1859 3045 s.

1433 3058 1502 3088 Dies
1515 3056 1660 3093 benignus.
1681 3055 1747 3084 Stat.
1765 3065 1789 3089 ς.
1809 3053 1877 3084 Silv.
1894 3064 1917 3083 1.
1933 3059 1994 3087 108.

1434 3096 1507 3126 Divi.
1528 3095 1596 3124 Hor.
1615 3105 1640 3128 4.
1660 3093 1751 3122 Carni.
1767 3102 1792 3121 2.
1811 3097 1852 3129 38.

1432 3134 1508 3164 Nox.
1530 3133 1598 3162 Stat.
1611 3141 1654 3162 io.
1669 3130 1760 3160 Theb.
1776 3139 1839 3160 220.
1858 3154 1863 3155 γ

1515 3170 1611 3200 Noctis
1622 3179 1684 3198 aves
1696 3168 1801 3205 sequor.

1434 3208 1558 3239 Numen.
1579 3207 1647 3237 Hor.
1661 3218 1686 3241 ⁴·
1708 3206 1801 3235 Carni.
1816 3216 1841 3241 4.
1856 3213 1900 3241 74.

1434 3247 1541 3277 Oratio.
1583 3245 1641 3274 Cic.
1655 3253 1680 3273 2.
1705 3243 1761 3273 Off.
1775 3248 1819 3278 48.
1842 3241 2029 3278 Praecipiunt,
2050 3245 2082 3270 ut
2092 3240 2217 3269 oratione
2232 3238 2351 3276 benigna
2364 3234 2544 3266 multitudinis

1454 3285 1564 3314 animos
1576 3283 1610 3312 ad
1623 3281 1847 3311 benevolentiam
1858 3279 1990 3309 alliciant.
2446 3271 2452 3277 ¹

1436 3322 1545 3356 Praeda,
1566 3330 1617 3358 pro
1631 3320 1740 3356 Magna.
1770 3318 1854 3348 Ovid.
1873 3328 1896 3348 t.
1910 3316 1976 3346 Fast.
1994 3324 2056 3353 174..

1438 3360 1554 3394 Sermo,
1575 3358 1730 3394 Ju'cundus.
1752 3356 1819 3386 Hor.
1834 3365 1857 3385 1.
1871 3354 1954 3393 Epist.
1972 3363 1995 3388 ς.
2012 3363 2054 3382 ii.

1514 3396 1641 3427 AEstivam
1650 3395 1780 3424 sermone
1791 3394 1912 3429 benigno
1926 3392 2040 3420 tendere
2054 3391 2174 3419 noctem.

1434 3434 1547 3465 Tellus:
1571 3434 1587 3462 i.
1603 3444 1625 3462 e.
1646 3433 1739 3462 Fcrax.
1779 3431 1846 3461 Plin.
1858 3430 1892 3459 de
1906 3430 2044 3466 ffigypto‚
2067 3428 2150 3457 Nulla
2164 3427 2201 3456 est
2212 3426 2359 3464 benignior
2371 3425 2468 3460 tellus,
2487 3421 2544 3454 nul-

1454 3472 1497 3501 lus
1508 3482 1571 3509 ager
1583 3471 1715 3506 feracior,
1736 3470 1754 3499 i.
1768 3479 1792 3499 e.
1817 3469 1887 3505 Qure
1901 3467 1962 3504 plus
1974 3467 2077 3495 fruetus
2091 3466 2196 3494 reddat.

1435 3510 1597 3547 Temperies
1608 3509 1708 3538 mentis
1721 3507 1848 3543 benigna.
1871 3504 1968 3534 Claud.
1984 3503 2103 3542 Epithal.
2117 3502 2218 3532 Pallad.
2232 3505 2277 3538 64.

1435 3548 1522 3578 Terra
1537 3569 1545 3581 .
1565 3546 1701 3583 frugifera.
1723 3544 1819 3574 Tibul.
1839 3553 1863 3579 3.
1878 3545 1937 3577 3.6.

1516 3585 1549 3614 Et
1562 3594 1674 3621 magnas
1687 3582 1783 3612 messes
1794 3590 1864 3611 terra
1877 3580 1997 3616 benigna
2011 3579 2095 3608 daret.

1435 3623 1517 3653 Teste
1531 3622 1578 3651 sub
1591 3622 1711 3659 benigno
1724 3621 1824 3649 vivere.
1845 3617 1942 3647 Claud.
1958 3626 1983 3646 2.
1997 3617 2025 3645 in
2036 3627 2077 3655 pr.
2091 3614 2171 3646 Cons.
2184 3614 2244 3646 Stil.
2260 3623 2322 3650 124.

1436 3661 1513 3690 Vena
1524 3661 1638 3697 ingenii.
1661 3659 1728 3688 Hor.
1740 3667 1765 3687 2.
1781 3657 1871 3686 Carm.
1888 3660 1927 3689 ¹8-
1945 3664 1970 3691 7.

1436 3698 1533 3727 Verba.
1556 3698 1677 3734 Propert.
1698 3707 1720 3725 i.
1738 3706 1778 3724 io.
1794 3704 1839 3729 24.
1860 3692 1939 3722 Ideni
1955 3700 1978 3727 3.
1997 3700 2038 3727 ¹3·
2052 3699 2096 3727 42.
2601 3704 2604 3707 -

1436 3735 1521 3764 Vultu
1530 3744 1562 3764 ac
1572 3734 1698 3763 sermone
1710 3733 1840 3769 benigno.
1882 3730 1938 3759 Liv.
1952 3735 1978 3763 8.
1997 3728 2064 3757 Bell.
2080 3728 2145 3758 Pun.
2160 3730 2204 3757 26.
2226 3725 2264 3755 Ut
2276 3736 2325 3764 per
2335 3726 2451 3756 idoneos
2462 3721 2544 3754 homi·
2584 3715 2604 3750 ll

1455 3782 1505 3816 nes
1516 3794 1529 3815 ,-
1545 3773 1667 3809 benigno
1677 3771 1755 3801 vultu
1766 3780 1797 3800 ac
1809 3769 1936 3799 sermone
1945 3768 1975 3796 in
1986 3766 2137 3804 hospitium
2146 3765 2275 3795 invitatos
2285 3786 2292 3799 ,
2314 3764 2471 3802 sopitosque
2480 3761 2541 3791 vino

1455 3817 1603 3839 vineiient.

1438 3847 1551 3876 Vultum
1562 3847 1648 3877 servat
1657 3847 1766 3876 fortuna
1778 3844 1842 3873 beni
1864 3851 1939 3872 num.
1961 3840 2028 3870 Hor.
2046 3850 2068 3871 1.
2082 3840 2166 3878 Epist.
2183 3848 2224 3868 ir.
2237 3848 2282 3868 2ο.

1439 3885 1578 3926 Benignus
1590 3885 1646 3913 vini
1658 3884 1745 3913 somni
1765 3892 1808 3912 ue.
1877 3890 1915 3909 or.
1928 3888 1953 3907 2.
1966 3878 2052 3908 Serm.
2067 3887 2091 3916 3.
2107 3888 2131 3915 3.
2152 3878 2171 3907 i.
2187 3887 2211 3907 e.
2234 3875 2336 3915 Largus
2349 3875 2406 3906 vini
2418 3871 2547 3908 &somni.

1458 3924 1513 3953 {ive
1526 3922 1595 3952 Vino
1607 3924 1633 3953 Sc
1644 3923 1740 3952 somno
1765 3929 1827 3957 arge
1841 3917 1999 3955 indulgens.

1945 3128 2131 3158 ——iterum
2144 3135 2212 3157 ecce
2221 3125 2348 3163 benignae

2165 3367 2202 3373 —
2212 3352 2326 3389 impune
2336 3350 2434 3380 licebit

2596 3675 2604 3687 Ἰ
2596 3557 2604 3629 .‹.—
2592 3406 2604 3539 .——=·0-·-'

2424 3948 2547 3986 Compar.
2580 3923 2584 3969 l
