2604 4222
177 166 244 205 385
586 156 627 190 -C
723 153 761 188 ΗΞ
856 151 885 184 C

233 246 323 269 autem
336 240 450 269 fiuc'turn
463 238 571 268 Nonius
591 235 666 264 idem
680 235 893 270 interpretatur,
916 228 1036 259 Occulte
1055 226 1156 256 malum
1167 247 1175 259 ,
1200 225 1334 253 latentem

235 278 395 307 &tacitum
432 275 609 306 Graminatici
630 272 717 302 Graeci
731 271 855 300 Fluctum
874 269 929 296 sine
945 274 1029 295 vento
1052 272 1144 293 ortum
1157 285 1163 295 ,
1190 272 1242 291 nec
1262 270 1335 290 mur-

237 324 390 344 murantem
408 315 614 347 sonantemque.
656 310 746 338 Livius
766 307 880 344 quidem
903 303 1057 340 intelligere
1078 302 1188 344 videtur
1209 299 1335 341 fluctum

239 362 322 382 vento
341 353 452 384 mente,
481 358 528 379 aut
549 359 604 377 non
626 349 761 383 strepente
783 345 856 372 excit
875 349 934 371 tum
946 364 967 384 ,θ
982 349 1068 377 quum
1087 338 1191 375 scripsit
1204 359 1219 380 ³.
1234 337 1335 378 Partim

240 392 329 419 ventis
340 390 498 419 reflantibus
508 387 603 423 szepius
616 385 731 413 relatum
744 384 772 411 in
783 382 827 410 litt
920 387 999 407 artim
1020 386 1094 406 caeco
1112 376 1198 405 fluctu
1211 376 1336 417 Jac‘tatio-

242 438 307 457 nem
323 427 461 465 nuvispati
475 435 530 454 non
539 422 675 461 potuisse:
699 430 750 449 nec
761 418 839 448 aliter
849 417 960 446 Sisenna
969 415 1058 444 sentit.
1100 415 1135 443 Ac
1154 413 1248 455 Caecus
1268 412 1337 454 dici-

243 474 286 495 tur
295 465 394 494 fluctus.
407 487 414 499 ,
435 464 519 498 Cujus
535 471 591 490 non
605 459 719 488 sentitur
733 466 785 486 nec
796 462 909 493 apparet
921 453 998 483 causa
1011 475 1019 487 ,
1037 459 1068 481 ut
1079 460 1164 488 quum
1174 459 1249 479 venti
1260 459 1337 493 quie-

242 504 328 532 scunt.
368 503 436 538 Quae
445 501 520 530 enim
532 505 628 536 praeter
646 504 760 525 ventum
776 493 925 529 excogitari
943 490 1032 529 potest
1049 491 1131 519 maris
1146 489 1289 532 frementis
1310 488 1337 516 ἃ

243 541 401 570 Ηυέὶυῑιηεὶς
420 537 520 568 causa?
541 545 596 572 quo
618 532 808 565 liorrescente,
831 533 856 559 ἃ
878 539 940 559 aere
961 530 1058 566 quieto
1073 549 1081 561 ,
1109 535 1207 556 merito
1226 525 1337 555 Mutius

244 587 332 607 caecus
344 578 453 605 dicitur.
497 574 525 603 ld
544 579 635 602 autem
654 570 807 608 plerunque
824 568 853 597 ‘rit
866 576 930 596 ante
948 574 1046 595 ventos
1065 571 1193 599 coortos,
1216 563 1290 593 unde
1311 563 1338 591 Sc

244 616 314 652 Virg.
333 625 354 643 i.
371 614 467 650 Georg
480 615 541 647 356.
564 608 665 645 scripsit
678 608 707 636 in
721 606 903 645 prognosticis
914 605 1007 639 venti,

319 652 455 688 Principio
468 649 557 678 ventis
568 645 759 682 surgentibus,
782 651 829 673 aut
838 643 907 673 freta
942 643 1002 671 onti

318 689 456 726 Incipient
467 687 565 721 agitata
574 683 726 713 tumescere
736 704 743 717 ,
760 683 812 712 &Q
934 679 1064 709 urnebus.
1095 716 1100 720 .

226 728 316 757 Fores.
337 727 408 762 Virg.
419 735 445 754 2.
466 724 528 753 AEn.
546 731 604 757 15³·
624 722 641 750 i.
654 731 679 750 e.
700 721 765 750 Non
779 718 910 748 omnibus
920 725 1003 748 notae.
1025 717 1145 746 Servus.

225 765 353 795 Fortuna.
376 764 432 792 Cic.
451 762 485 790 tle
501 760 609 790 Amicit.
629 769 670 794 54.

225 801 308 832 Foffae
322 811 409 830 czecae.
431 801 447 829 i.
460 809 484 828 e.
506 799 572 828 Non
583 802 718 834 patentes.
741 794 820 832 Apud
834 792 970 823 Columel.
984 791 1032 822 Iib.
1045 801 1071 821 2.
1087 800 1147 828 cap.
1161 799 1186 820 2.

224 840 310 868 Furor
321 848 416 867 caecus.
441 838 507 866 Hor.
521 836 608 873 Epod.
623 845 648 871 7.
665 843 706 869 13.
729 834 747 862 i.
761 843 785 862 e.
808 832 963 861 Excaecans.
1003 869 1008 873 .
1053 867 1059 873 .
1129 867 1133 871 Ι

225 877 349 906 Historias
364 885 450 904 caecae.
472 875 488 903 i.
502 884 526 902 e.
549 873 679 902 Obscurae
692 873 716 901 Sc
727 870 810 908 vulgo
822 870 932 907 ignotae.
956 868 1080 898 Ovid.1n
1094 866 1156 896 Ibin
1167 887 1175 901 ,
1194 875 1235 901 55.

225 913 359 944 Homines
370 913 503 951 cupidine
512 911 588 940 caeci.
610 910 717 939 Lucret.
734 908 782 937 lib.
797 919 822 942 4.
841 912 920 942 1146.
1139 941 1145 946 ·

226 952 296 980 letus
308 960 405 980 caecus.
446 949 504 979 Liv.
521 960 546 984 4.
562 947 627 977 Bell.
644 947 755 977 Maced.
779 946 815 975 Ut
824 955 881 974 non
893 943 977 973 modo
990 943 1025 973 ad
1039 951 1126 971 caecos
1138 942 1227 982 it‘tus,
1248 937 1338 969 sedne

242 989 275 1017 ad
289 989 465 1017 inferendum
479 987 592 1023 quidem
604 996 639 1014 ex
649 985 807 1023 propinquo
819 982 906 1011 telum
919 982 976 1010 Ioci
989 981 1136 1017 quicquam
1153 979 1227 1008 esset.

223 1025 312 1064 Ignes.
335 1026 405 1063 Virg.
417 1036 443 1060 4.
460 1026 521 1055 ffin.
536 1034 600 1059 209.
728 1039 763 1042 —
777 1021 899 1056 caecique
912 1020 942 1048 in
953 1019 1074 1048 nubibus
1084 1018 1162 1055 ignes

314 1063 479 1093 Terrificant
492 1062 608 1091 animos.
628 1062 645 1089 i.
656 1069 680 1088 e.
704 1059 834 1095 Quorum
847 1059 926 1095 origo
942 1066 1000 1085 non
1012 1063 1134 1094 apparet.
1174 1052 1292 1084 Servius.

222 1101 330 1130 Invidia
341 1111 412 1131 caeca
427 1103 451 1130 Sc
465 1101 511 1129 ira.
535 1100 591 1128 Liv.
605 1105 630 1131 8.
646 1097 713 1126 Bell.
732 1097 839 1126 Maced.

222 1139 275 1168 Iter
289 1149 391 1168 caecum
404 1139 539 1175 explorat.
562 1137 646 1166 Ovid.
664 1145 705 1164 10.
720 1135 788 1164 Met.
806 1137 871 1169 45⁶·

221 1176 345 1206 Limites.
367 1177 450 1205 Ovid.
468 1186 509 1211 14.
527 1175 596 1204 Met.
612 1183 674 1211 371.
790 1188 826 1192 —-
840 1170 973 1207 caecisque
985 1173 1117 1208 vagantur

313 1214 460 1244 Liniitibus
473 1214 598 1242 comites.
693 1210 711 1240 i.
729 1220 754 1239 e.
776 1209 931 1239 Nebulofis.

219 1251 330 1282 Liturae.
353 1252 436 1282 Ovid.
452 1262 493 1280 11.
511 1251 593 1288 Epist.
610 1259 631 1278 1.

300 1290 327 1319 Si
341 1300 394 1327 qua
405 1295 497 1319 tamen
509 1289 588 1317 caecis
599 1286 729 1316 errabunt
742 1284 842 1323 scripta
855 1282 953 1312 lituris.

217 1328 310 1363 Loca,
331 1338 381 1366 pro
392 1327 464 1357 Sede
474 1327 589 1356 inferna.
622 1325 742 1362 Propert.
758 1322 805 1352 lib.
819 1332 842 1351 1.
861 1332 902 1355 19-
914 1326 939 1354 8.
983 1357 989 1363 ·

219 1364 291 1405 Lupi
307 1366 380 1395 caeci.
403 1365 474 1402 Virg.
487 1374 512 1393 2.
524 1364 660 1399 AEn.357.
776 1360 907 1393 —inde,
930 1357 990 1395 lupi
1001 1366 1054 1400 ceu

312 1404 447 1441 Raptores
462 1409 518 1431 atra
530 1402 559 1430 in
572 1400 674 1429 nebula
685 1421 694 1435 ,
715 1408 784 1436 quos
798 1397 925 1435 improba
935 1401 1038 1438 ven-tris
1277 1430 1283 1436 .

311 1441 409 1478 Exegit
421 1450 508 1470 caecos
519 1439 617 1468 rabies.
711 1437 806 1466 Caecos
817 1458 825 1471 ,
844 1437 871 1465 h.
889 1444 914 1463 e.
936 1433 1046 1476 Quibus
1063 1431 1097 1460 ad
1110 1429 1263 1474 explendas
1276 1427 1338 1459 insi-

238 1479 299 1509 dias
311 1489 366 1508 nox
377 1479 422 1508 seu
435 1478 555 1508 tenebra:
568 1476 629 1505 sunt
639 1475 703 1504 luce
716 1475 837 1512 aptiores
852 1484 859 1504 ;
880 1478 929 1502 aut
951 1472 1009 1508 Qui
1023 1480 1052 1499 in
1066 1479 1146 1499 caeeis
1164 1468 1277 1498 latebris
1291 1468 1337 1498 ab·

240 1517 339 1547 scondi
355 1516 451 1546 solent.
480 1515 604 1544 Donatus
614 1514 643 1542 in
655 1513 748 1550 Virgil.

217 1555 307 1585 Manu
320 1564 392 1585 caeca
405 1554 459 1583 tela
469 1553 588 1582 mittere.
610 1551 712 1581 Lucan.
723 1550 772 1579 lib.
788 1558 811 1584 3.
825 1556 889 1585 722.

216 1592 305 1623 Manu
317 1602 389 1622 caeca
397 1592 495 1630 spargit
507 1600 629 1620 munera.
650 1589 713 1618 Sen.
728 1589 756 1617 iri
769 1585 884 1624 Hippol.
898 1595 924 1621 9.
945 1584 988 1628 De
1001 1583 1131 1627 Fortuna.

216 1630 303 1661 Mars.
324 1631 397 1668 Virg.
410 1639 436 1659 2.
451 1629 512 1659 IEn.
527 1637 589 1664 335.
610 1628 629 1658 i.
642 1636 666 1657 e.
689 1626 866 1657 Nocturnum
876 1622 1010 1662 praelium.
1031 1622 1151 1652 Servius.

216 1668 310 1698 Mens.
332 1667 418 1698 Ovid.
429 1678 455 1703 4.
471 1666 539 1696 Met.
556 1676 617 1702 501.

215 1706 322 1736 Metus.
345 1706 428 1736 Ovid.
442 1715 467 1734 2.
482 1704 549 1735 Fast.
561 1709 625 1737 822.

408 1760 444 1764 —-
456 1744 482 1773 Sc
496 1751 569 1772 caeco
584 1741 707 1777 flentque
720 1744 877 1777 paventque
888 1741 972 1766 metu.

215 1780 350 1816 Morbus,
372 1780 530 1815 Obscurus,
552 1781 578 1809 ἃ
591 1778 705 1816 cognitu
716 1776 847 1807 difficilis.
882 1773 1021 1804 Columel.
1037 1771 1085 1802 lib.
1102 1781 1126 1802 1.
1138 1779 1201 1809 cap.
1215 1779 1240 1808 ς.

215 1819 312 1849 Motus
327 1819 391 1848 caeci
401 1819 515 1848 orientis
526 1817 621 1847 Austri.
646 1816 712 1845 Hor.
728 1824 752 1851 3.
766 1815 857 1844 Carm.
872 1821 917 1850 27.
931 1821 977 1842 21.

214 1857 341 1894 Mugitus
352 1862 430 1886 terrae
440 1865 538 1885 caecus.
560 1855 624 1884 Sen.
636 1854 740 1884 Troad.
755 1861 817 1890 171.

215 1894 352 1925 Murmur.
374 1895 446 1932 Virg.
462 1904 503 1923 12.
516 1894 576 1923 AEn.
592 1902 656 1929 591.
772 1906 810 1912 —
819 1896 879 1920 tum
891 1895 1032 1917 murmure
1042 1895 1118 1916 caeco

312 1932 389 1962 Intus
402 1932 464 1961 saxa
473 1932 580 1961 sonant.

213 1970 287 2000 Nox.
329 1970 385 1999 Cic.
400 1980 450 2008 pro
464 1969 565 1999 Milon.
583 1978 626 2003 51.
648 1967 747 2004 Neque
758 1974 831 1995 caeca
842 1974 899 1993 nox
910 1962 1069 1993 ostendisset
1085 1959 1234 1991 Milonem.

212 2007 363 2038 Parietibus
374 2008 455 2036 caecis
467 2014 575 2036 textum
586 2006 638 2035 iter
649 2004 819 2042 Labyrinthi.
846 2002 955 2045 Virg.-5.
972 2001 1034 2031 ΖΕΗ.
1052 2005 1113 2043 ς89..
1146 1998 1173 2027 h.
1190 2008 1213 2027 e.
1236 1994 1335 2026 Nullas

232 2046 365 2075 habentes
380 2045 518 2075 fenestras.
559 2044 671 2079 [Immo
681 2042 777 2072 Caecos
788 2063 796 2077 ‚
815 2039 978 2077 ambagibus
989 2037 1121 2082 intelligit
1133 2041 1276 2065 caecantes.

212 2083 344 2114 Pavorem
355 2092 459 2113 caecum
472 2105 480 2119 ,
512 2082 602 2112 Tacit.
618 2091 642 2112 1.
655 2080 722 2111 Hist.
737 2085 782 2115 82.
796 2088 822 2110 2.
855 2078 908 2108 Cui
920 2086 975 2107 nec
983 2083 1053 2106 ratio
1062 2097 1071 2111 ,
1091 2084 1146 2105 nec
1157 2074 1257 2104 modus
1268 2081 1335 2102 con-

231 2122 299 2157 stat,
314 2121 392 2151 dixit.

212 2158 337 2189 Pavores.
357 2158 445 2188 Valet.
458 2167 484 2195 7.
501 2158 600 2195 Argon.
616 2164 677 2194 147.

212 2197 335 2227 Pefftora.
356 2196 466 2226 Lucret.
482 2195 530 2225 lib.
542 2205 568 2224 2.
583 2205 626 2230 ¹4-

212 2235 348 2264 Pericula.
370 2234 491 2272 Propert.
503 2233 551 2262 lib.
563 2242 589 2262 2.
604 2241 650 2268 27.
666 2235 691 2261 6.

210 2273 298 2310 Plagae
310 2294 318 2306 ,
341 2272 410 2309 Quae
426 2271 532 2300 sensum
541 2270 660 2308 fugiunt.
684 2268 791 2298 Lucret.
808 2265 857 2296 lib.
873 2275 899 2295 2.
917 2270 980 2299 128.

304 2310 395 2340 Multa
405 2308 512 2339 videbis
523 2309 599 2337 enim
612 2307 702 2345 plagis
717 2306 758 2335 ibi
769 2305 875 2344 percita
889 2303 978 2334 caecis.

212 2348 315 2385 Pugna.
338 2347 426 2377 Valet.
443 2357 467 2382 ς.
481 2348 581 2383 Argon.
593 2349 656 2382 663.

212 2386 312 2416 Pulvis.
333 2385 404 2423 Virg.
419 2394 459 2414 12.
478 2384 541 2414 AEn.
553 2394 618 2419 444.
986 2415 992 2421 .

404 2438 442 2443 —-
452 2428 512 2451 tum
525 2431 601 2451 caeco
614 2419 732 2458 pulvere
743 2427 858 2455 campus
951 2414 1092 2445 Miscetur.

211 2462 323 2492 Ramus.
349 2459 418 2490 Plin.
429 2459 479 2489 lib.
494 2463 537 2488 16.
553 2469 614 2497 cap.
631 2467 674 2495 30.
695 2457 713 2486 i.
725 2465 749 2485 e.
773 2456 829 2492 Qui
841 2453 932 2485 oculis
945 2475 954 2490 ,
973 2452 1020 2483 seu
1034 2451 1152 2490 gemmis
1165 2454 1260 2485 caret,
1280 2457 1334 2479 nec

231 2499 374 2537 germinat.
416 2498 446 2527 V.
466 2507 484 2526 o
495 2506 513 2526 c
521 2507 540 2526 u
548 2508 564 2525 r.
575 2507 593 2525 u
603 2506 624 2526 s.
646 2495 721 2525 cons.
739 2504 756 2523 c
766 2505 789 2522 Ε
800 2503 817 2522 c
827 2503 854 2523 o.

210 2536 310 2571 Ratio,
330 2536 464 2574 ignorata.
491 2534 601 2565 Lucret.
614 2533 663 2563 lib.
679 2544 703 2570 5.
722 2542 802 2574 1004.

290 2574 419 2612 Improba
429 2573 531 2610 navigii
540 2573 610 2602 ratio
624 2578 685 2602 tum
696 2579 769 2601 caeca
778 2568 896 2605 jacebat.
914 2605 920 2611 ,

212 2613 265 2643 Res
276 2622 355 2643 caecae
369 2613 395 2642 &
413 2611 448 2641 ab
467 2611 591 2649 aspecstus
601 2610 709 2646 judicio
723 2613 848 2638 remotae.
888 2605 948 2635 Cic.
961 2612 987 2634 2.
1009 2603 1045 2632 de
1056 2602 1132 2631 Orat.
1145 2610 1207 2646 357.
1241 2600 1278 2630 Ut
1290 2610 1333 2645 res

229 2661 314 2681 caecas
324 2672 333 2685 ,
355 2652 381 2685 ἃ
392 2649 426 2679 ab
439 2648 564 2687 aspertus
574 2648 681 2684 judicio
692 2652 812 2676 remotas
826 2643 1002 2674 confirmatio
1016 2641 1144 2684 quaedam
1155 2642 1181 2669 ἃ
1192 2649 1283 2677 imago
1294 2647 1332 2668 ita

230 2694 351 2723 notaret,
373 2694 403 2717 ut
412 2697 444 2717 ea
454 2709 463 2723 ,
485 2696 545 2724 quae
559 2686 710 2724 cogitando
724 2682 876 2721 coinpledti
887 2682 934 2712 vix
946 2679 1095 2719 possemus,
1116 2677 1256 2708 intuendo
1267 2687 1333 2714 qua-

230 2727 247 2756 si
257 2734 424 2756 teneremus.

211 2765 290 2794 Saxa.
313 2764 384 2801 Virg.
403 2773 427 2798 5.
444 2762 505 2793 AEn.
520 2765 582 2798 164.
603 2761 621 2790 i.
636 2770 661 2790 e.
681 2758 817 2789 Latentia.

210 2803 307 2833 Scelus
318 2811 424 2831 caecum
437 2807 569 2837 retegere.
592 2798 665 2835 Virg.
680 2809 703 2827 1.
725 2797 786 2827 AEn.
804 2797 866 2831 360.

322 2848 529 2875 —caecumque
541 2839 643 2866 domus
655 2835 743 2865 scelus
754 2842 839 2863 omne
850 2831 959 2862 retexit.
986 2831 1004 2860 i.
1019 2840 1044 2860 e.
1065 2829 1235 2867 Ignoratum.

209 2878 308 2908 Sonus.
331 2877 394 2907 Sen.
408 2878 438 2906 in
451 2875 555 2906 Troad.
572 2883 633 2911 172.
655 2873 710 2904 Sed
724 2881 787 2902 eam
800 2871 953 2900 lestionem
967 2868 1065 2905 rejecit
1077 2868 1199 2897 Gronov.
1225 2876 1252 2904 q.
1264 2865 1297 2899 V.

209 2917 282 2946 Sors.
304 2915 370 2945 Hor.
381 2924 406 2943 2.
420 2914 506 2944 Serm.
519 2923 542 2947 3.
555 2917 618 2947 269.
688 2946 690 2948 ¹

335 2967 373 2974 -—-
385 2953 411 2981 &
421 2961 493 2982 caeca
509 2950 645 2980 fluitantia
655 2947 742 2984 sorte,
762 2945 870 2976 laboret

209 2990 330 3029 Spicula.
353 2989 464 3027 Virg.4.
480 2989 656 3026 Georg.237.
709 3023 715 3029 ¹

379 3042 417 3048 —-
429 3029 456 3057 δι
468 3025 572 3065 spicula
581 3034 654 3055 caeca
666 3022 837 3061 relinquunt.

227 3066 322 3096 latere.
344 3065 463 3095 Servius.

207 3104 351 3134 Stimulus.
372 3103 481 3132 Lucret.
496 3101 546 3131 lib.
561 3110 585 3137 3.
599 3105 663 3135 887.
966 3132 973 3138 ι
1016 3133 1022 3138 ἱ

207 3142 341 3179 Suspicio.
381 3141 438 3170 Cic.
451 3144 477 3170 6.
492 3140 567 3169 Fam.
582 3148 608 3175 7.
629 3137 663 3167 In
682 3136 735 3166 hac
748 3135 831 3173 igitur
851 3134 991 3164 calumnia
1002 3133 1130 3168 timoriS,
1152 3133 1178 3162 ὁὶ
1190 3140 1270 3162 caecae
1285 3130 1328 3161 su-

225 3179 357 3217 spicionis
370 3185 514 3208 tormento
526 3197 535 3208 ‚
550 3179 601 3207 ἃς.
625 3176 644 3206 i.
660 3184 685 3204 e.
706 3173 814 3204 Dubiae.

206 3217 307 3247 Tabes.
328 3217 413 3246 Ovid.
426 3227 450 3252 9.
465 3216 533 3246 Met.
552 3225 613 3252 174.
653 3213 673 3242 i.
687 3222 712 3242 e.
734 3209 864 3241 Occulta.

209 3255 304 3284 Tecta.
326 3255 411 3284 Ovid.
425 3260 450 3287 8.
470 3253 541 3284 Met.
554 3258 615 3289 158.
908 3283 915 3290 ,
1090 3282 1096 3288 .

285 3292 492 3330 Multiplicique
502 3292 589 3321 domo
602 3289 683 3320 caecis
693 3286 837 3317 includere
850 3285 939 3314 tediis.
983 3282 1016 3312 V.
1037 3282 1169 3311 Parietes.

206 3328 340 3367 Tempus.
382 3329 440 3359 Cic.
456 3340 499 3360 12.
518 3330 594 3360 Fam.
606 3338 651 3365 25·
672 3326 736 3356 Fuit
756 3324 833 3354 enim
848 3322 919 3352 illud
932 3320 1074 3359 quoddam
1091 3328 1197 3349 caecum
1215 3324 1326 3357 tempus

227 3367 370 3397 servitutis.

207 3404 351 3434 Tenebrae.
374 3405 479 3435 Lucret.
493 3404 542 3434 lib.
556 3413 581 3440 3.
593 3409 640 3441 87.

206 3441 312 3471 Timor.
341 3442 423 3472 Ovid.
440 3454 462 3472 1.
476 3445 567 3472 Amor.
580 3453 606 3478 4.
620 3451 665 3478 42.

206 3478 291 3508 Vada.
312 3479 384 3516 Virg.
401 3489 422 3508 1.
438 3481 498 3510 AEn.
514 3490 575 3515 540.

225 3553 242 3582 S
285 3516 317 3546 In
341 3517 410 3546 vada
429 3527 501 3547 caeca
521 3518 594 3547 tulit.

245 3563 304 3582 axa.

205 3590 313 3620 Vallum
326 3601 429 3621 caccum
439 3592 560 3627 dicitur,
580 3591 613 3621 ln
634 3600 689 3628 quo
711 3587 843 3628 praeacuti
867 3585 925 3624 pali
947 3590 1025 3614 terrae
1050 3581 1143 3616 affixi,
1163 3579 1255 3610 herbis
1277 3580 1322 3610 vel

224 3628 370 3658 frondibus
384 3630 559 3659 occuluntur.
580 3628 681 3658 Festus.

203 3665 348 3695 Venenum
359 3675 471 3696 caecum.
495 3665 601 3696 Lucret.
614 3665 663 3695 lib.
680 3669 706 3694 6.
719 3671 781 3700 822.
1040 3696 1044 3701 Ι

203 3703 319 3740 Vettigia
328 3713 415 3737 caeca,
436 3703 562 3733 Latentia
574 3726 581 3738 ,
602 3713 661 3740 quae
682 3713 740 3732 non
757 3700 869 3740 poss'unt
884 3697 992 3740 videri3
1013 3695 1123 3740 .V¹¹'g·.⁶·
1140 3692 1202 3723 AEn.
1217 3701 1259 3728 3ο.
1284 3693 1320 3722 de

222 3740 390 3806 Lagyrintho
400 3742 425 3770 8<
439 3741 551 3770 Daeda'lo
562 3763 570 3776 ,
667 3739 747 3770 Caeca
760 3748 858 3776 regens
871 3737 918 3766 filo
929 3736 1048 3772 vestigia.
1087 3743 1106 3762 1.
1121 3741 1146 3761 e.
1168 3731 1276 3761 Incerta
1287 3740 1320 3760 ac

222 3780 259 3808 du
283 3779 314 3806 ia.

202 3816 252 3845 via
262 3825 343 3844 caeca.
365 3815 450 3844 Ovid.
464 3825 489 3844 2.
503 3816 593 3844 Amor.
609 3824 651 3843 ιι.
665 3818 707 3844 16.

202 3854 290 3883 Undae
303 3861 390 3881 caecae.
431 3852 501 3889 Virg.
518 3863 542 3889 3.
559 3853 621 3883 AEn.
631 3862 696 3882 200.
718 3853 735 3881 i.
749 3861 774 3880 e.
798 3851 929 3886 Incertae,
951 3848 1015 3887 quia
1034 3846 1120 3876 sidera
1132 3854 1191 3875 non
1204 3852 1318 3882 appare-

220 3891 295 3920 bant.
317 3891 435 3918 Servius.

198 3929 305 3959 Vulnus
315 3937 430 3956 caecum.
452 3926 524 3962 Virg.
542 3936 583 3955 10.
598 3926 659 3956 AEn.
671 3935 735 3962 733.

311 3980 348 3986 ——
358 3974 410 3994 nec
419 3965 489 3999 jacta
498 3973 604 3993 caecum
614 3965 678 3993 dare
695 3963 808 4000 cuspide
820 3962 927 3992 vulnus.

949 2943 1080 2974 Reddere
1092 2947 1175 2972 certa.

919 3020 937 3049 i.
951 3028 977 3049 e.
1006 3018 1102 3049 Brevia
1114 3038 1126 3054 ,-
1143 3027 1204 3056 quae
1216 3016 1329 3055 possunt

670 3493 708 3498 -
721 3473 864 3505 nimbosus
875 3472 966 3502 Orion

709 3515 728 3544 i.
744 3523 769 3543 e.
804 3511 974 3548 Incognita,
995 3506 1118 3536 latentia.
1139 3505 1259 3536 Servius.
1290 3504 1323 3535 V.

1039 3960 1060 3988 A
1070 3963 1146 3995 tergo
1158 3954 1215 3987 scil.

1810 139 1838 173 C
1935 139 1973 174 JE
2069 140 2101 173 D

1420 220 1541 256 Apparet
1551 228 1644 251 θεῖος
1680 218 1747 247 srov
1766 219 1859 254 rbjalis
1869 220 1906 250 est
1918 219 1972 248 loci
1983 220 2032 250 tio.
2065 220 2097 250 V.
2119 220 2191 250 Chii.
2203 221 2228 250 ἃ
2239 219 2313 258 apu'l
2324 218 2334 247 I
2345 218 2382 248 iv.
2396 227 2438 257 32.
2453 221 2478 249 &
2489 228 2532 257 34.

1441 259 1559 294 Apparet
1574 256 1602 284 id
1615 256 1728 293 quidem
1744 267 1826 286 caeCO.

1422 295 1533 323 Clarum
1545 294 1605 322 satis
1617 294 1654 322 est
1663 295 1741 323 caecis
1751 317 1758 328 ,
1784 302 1814 323 tit
1822 295 1900 323 aiunt
1910 316 1918 330 ,
1939 294 2010 324 dixit
2021 294 2140 331 Quintil.
2154 304 2194 324 12.
2209 304 2234 331 7.
2247 305 2274 332 p.
2290 304 2370 330 1075.

1422 332 1533 361 Caecum
1543 331 1704 360 crudelitate
1714 332 1785 361 ferri.
1828 332 1887 361 Cic.
1901 342 1950 370 pro
1965 332 2075 362 Cluent.
2092 343 2151 370 199.
2184 333 2218 362 At
2235 342 2293 370 quae
2308 331 2416 360 niater‘?
2447 331 2535 368 Quam

1443 380 1544 399 caecam
1556 369 1719 399 crudelitate
1729 371 1754 399 ἃ
1766 370 1867 399 scelere
1878 370 1940 399 ferri
1951 371 2061 399 videtis.

1424 408 1537 473 Qssleffln
1551 417 1603 473 6me
1616 429 1624 443 ,
1647 409 1673 436 ὁὶ
1696 408 1868 445 praecipitem
1880 408 1943 437 ferri
1960 407 2095 437 confiteor
2108 408 2138 436 in
2157 407 2235 437 causa
2247 429 2255 443 ,
2276 406 2313 442 si,
2331 407 2384 436 Sec.
2416 405 2474 436 Cic.
2487 416 2536 444 pro

1446 450 1461 473 ι’
1476 454 1534 473 auc,
1570 467 1575 473 .

1424 482 1533 548 Hypsea
1545 483 1651 511 caecior.
1688 481 1755 512 Hor.
1771 492 1794 512 1.
1809 482 1895 512 Serm.
1905 492 1983 518 ²·91-
2004 482 2113 520 Hypsea
2123 487 2248 512 matrona
2260 482 2312 512 fuit
2326 480 2430 510 vitiosis
2439 480 2542 512 oculis.

1447 529 1453 548 l
1468 529 1544 549 oron.

1428 558 1538 588 Caecum
1551 579 1558 591 ,
1571 562 1678 586 veteres
1689 567 1738 595 pro
1750 557 1909 595 improvido
1920 557 2059 587 dixerunt.
2084 557 2168 586 Varro
2182 557 2217 586 de
2227 557 2275 586 vit.
2286 556 2353 594 Pop.
2366 556 2448 585 Rom.
2461 555 2537 591 lib.4.

1447 597 1545 631 Neque
1554 595 1582 623 id
1594 596 1659 624 caeci
1670 595 1795 624 consules
1805 595 1930 624 fecissent
1939 617 1946 629 ,
1969 605 2027 632 quae
2039 595 2170 624 mandata
2181 604 2281 625 arcana
2297 594 2332 624 T.
2350 593 2448 632 Ampio
2462 593 2539 624 sedis-

1446 633 1524 668 sent,
1545 639 1592 662 aut
1605 632 1693 661 dividi
1705 641 1818 662 centuni
1838 643 1895 662 GN.
1915 633 2058 669 Magnum.
2081 632 2191 662 Nonius
2208 642 2248 662 12.
2266 642 2311 668 29.
2594 650 2595 665 ;

1392 672 1446 701 CAE
1458 680 1537 705 cus,
1558 671 1576 699 i.
1594 679 1631 699 ni.
1655 671 1789 706 [πφλὶς]
1811 671 1891 700 Caeco
1905 670 2006 700 reluxit
2018 671 2087 700 dies.
2107 671 2125 699 i.
2139 680 2163 699 e.
2184 670 2279 700 eaecus
2299 669 2385 699 visum
2401 678 2541 708 recupera·
2594 692 2595 697 ,

1429 710 1476 737 vit.
1501 708 1589 737 Tacit.
1602 719 1628 743 4.
1641 708 1708 737 Hist.
1722 714 1765 742 8¹·
1788 708 1861 738 conf.
1876 708 1942 737 Hor.
1958 718 1980 737 1.
1993 708 2075 746 Epist.
2091 716 2132 745 17.
2142 718 2168 743 4.

1392 747 1414 776 C
1425 757 1448 775 Ξ
1457 756 1474 775 c
1483 755 1554 774 ULU
1564 755 1576 774 s
1586 767 1594 781 ,
1615 756 1631 775 a
1643 767 1651 780 ‚
1673 755 1730 775 um.
1753 746 1851 775 dimin.
1873 746 1930 782 Qui
1941 756 2037 783 parum
2048 746 2133 775 videt.
2156 745 2240 776 Plaut.
2251 745 2320 775 Pers.
2333 754 2359 775 2.
2377 755 2404 780 4.
2422 754 2465 774 11.
2482 744 2543 776 Tua

1430 783 1543 821 quidem
1555 805 1563 818 ‚
1584 782 1702 817 caecule,
1717 783 1818 813 causa?
1839 783 1962 820 Quidam
1973 783 2080 813 Cucule
2091 783 2190 821 legunt
2200 782 2338 813 hocloco.
2378 782 2422 813 De
2431 781 2540 813 Caeculo

1430 820 1547 851 Vulcani
1555 821 1613 850 filio
1633 821 1664 850 V.
1687 820 1774 859 supra.

1392 858 1446 889 ΟΕ
1454 868 1470 887 c
1479 861 1490 887 ῑ
1500 868 1519 887 T
1529 868 1546 887 A
1555 868 1568 888 s
1578 880 1586 894 ,
1607 859 1669 888 atis.
1691 860 1706 894 [
1717 860 1831 890 πιφλότης
1842 881 1850 893 ,
1865 856 1981 893 ἀζλεψίσι
1994 877 2000 888 .
2016 855 2120 894 ἀιρφσὶοι
2129 878 2137 890 .
2159 857 2284 895 πήρωσις]
2304 857 2453 888 Facultatis
2473 857 2542 889 visus

1432 896 1550 939 orbitas-2
1574 898 1600 926 δι
1613 897 1650 925 est
1660 897 1770 934 proprie
1781 897 1904 934 corporis
1918 908 1926 932 ;
1947 897 1983 926 ad
1993 897 2118 927 animum
2132 906 2196 926 vero
2208 896 2278 935 saepe
2291 896 2459 926 transfertur.
2481 895 2540 926 Cic.

1432 945 1456 968 ς.
1467 934 1503 963 de
1511 933 1569 977 Fui.
1580 939 1624 969 84.
1647 934 1754 963 Bonum
1764 935 1915 964 incolumis
1924 935 2012 964 acies:
2035 934 2132 964 misera
2144 935 2261 964 caecitas.
2588 952 2591 968 ,

1428 972 1567 1002 Libidinis
1576 972 1692 1001 eaecitas.
1729 972 1787 1002 Cic.
1799 973 1834 1002 de
1847 972 1938 1011 Arusp.
1952 972 2032 1011 Resp.
2048 978 2090 1009 38.
2113 972 2155 1002 An
2165 972 2217 1002 tibi
2227 971 2343 1002 luminis
2351 970 2457 1001 obeffet
2467 970 2542 1001 caeci.
2589 983 2591 986 ·

1450 1017 1511 1044 tas,
1533 1010 1595 1047 plus
1608 1019 1690 1047 quam
1701 1009 1846 1040 libidinis?
2188 1038 2190 1041 .
2586 1005 2590 1044 1

1432 1048 1537 1077 Mentis
1547 1048 1664 1077 caecitas.
1703 1047 1762 1077 Cic.
1777 1058 1828 1086 pro
1841 1048 1934 1078 Domo
1949 1058 2010 1084 105.
2031 1048 2116 1078 Poena
2124 1047 2217 1078 omnis
2231 1047 2378 1078 oculorum
2388 1069 2397 1083 ,
2418 1047 2455 1077 ad
2469 1047 2544 1078 caeci·
2586 1047 2589 1085 j

1450 1092 1536 1115 tatem
1546 1086 1648 1115 mentis
1657 1085 1695 1114 est
1703 1086 1842 1116 conversa.
2586 1091 2587 1103 ¹

1433 1123 1593 1152 Caecitatem
1606 1123 1716 1153 inferre.
1757 1124 1788 1153 V.
1810 1135 1819 1153 1
1827 1133 1848 1153 N
1856 1134 1892 1153 1²13
1900 1134 1917 1153 R
1927 1134 1954 1154 o.

1431 1161 1578 1191 Horribilis
1588 1162 1705 1190 caecitas.
1746 1161 1804 1191 Cic.
1817 1173 1841 1198 5.
1857 1161 1939 1192 Tusc.
1956 1171 2017 1191 111.
2047 1160 2170 1191 Primum
2190 1161 2330 1192 horribilis
2348 1160 2398 1191 ista
2418 1161 2542 1198 caecitas,

1453 1199 1551 1236 quibus
1563 1199 1676 1228 tandem
1685 1206 1759 1228 caret
1770 1200 1958 1237 voluptatibus
1969 1201 1982 1228 ἶ)
2584 1211 2586 1234 l

1392 1235 1416 1266 C
1424 1247 1447 1280 re
1457 1247 1474 1266 c
1484 1247 1494 1265 1
1503 1246 1523 1265 T
1535 1247 1604 1266 opo
1614 1259 1623 1272 ,
1643 1237 1708 1266 Inis.
1729 1238 1747 1266 f.
1769 1237 1856 1267 ldem.
1878 1237 1960 1267 Gloss.
1978 1236 2024 1266 Gr.
2035 1236 2094 1266 Lat.
2116 1235 2250 1273 ἀζλεψίκ,
2271 1236 2424 1267 Caecitudo.
2453 1234 2543 1267 Festus
2581 1238 2585 1270 ,’

1433 1285 1463 1304 m
1473 1274 1673 1342 {Nusciciosuffi
1695 1276 1730 1304 At
1745 1274 1774 1305 P.
1789 1275 1902 1314 Opilius
1923 1274 2050 1306 Aurelius
2059 1296 2067 1311 ,
2088 1275 2272 1306 Nusciciones
2291 1275 2346 1306 effe
2368 1274 2544 1304 caecitudines
2581 1275 2586 1309 ι’

1432 1323 1469 1342 no
1501 1323 1590 1342 urnas.
2582 1316 2583 1322 ¹

1392 1348 1449 1380 ΕΝ.
1460 1352 1640 1385 eminus,
1662 1360 1697 1384 a,
1718 1359 1775 1380 um.
1795 1350 1855 1387 Adj.
1877 1350 2063 1387 [τυφλογνιὶς]
2081 1350 2165 1381 Illum
2179 1350 2313 1389 fignificat
2329 1350 2378 1388 qui
2392 1358 2482 1381 caecus
2501 1350 2547 1381 naa
2580 1359 2585 1383 i
2600 1372 2604 1382 .

1432 1396 1477 1419 tus
1496 1389 1542 1418 est.
1564 1388 1672 1418 Lucret.
1683 1388 1732 1417 lib.
1744 1398 1771 1417 2.
1783 1398 1847 1425 740.
2580 1392 2585 1413 θ

1485 1427 1558 1456 Nam
1573 1436 1659 1463 quum
1670 1426 1817 1464 caecigeni,
1839 1426 1903 1456 solis
1914 1427 1961 1464 qui
1971 1426 2078 1456 lumina
2086 1435 2232 1464 nunquam

1489 1464 1626 1502 Aspexere
1635 1486 1643 1499 ,
1664 1471 1758 1493 tamen
1770 1464 1938 1502 cognoscant
1949 1474 2065 1502 corpora
2077 1466 2152 1494 tastu
2161 1486 2170 1501 ,

1486 1502 1527 1532 Ex
1539 1503 1655 1532 ineunte
1668 1512 1726 1531 aevo
1738 1502 1816 1531 nullo
1823 1504 1965 1532 contincta
1976 1502 2079 1532 colore.

1391 1539 1415 1570 C
1426 1551 1449 1570 is:
1457 1550 1474 1570 c
1484 1551 1493 1569 1
1504 1550 1522 1569 o
1530 1550 1545 1569 iz
1554 1550 1574 1569 N
1583 1551 1602 1569 A
1613 1562 1620 1576 ,
1638 1550 1669 1569 ae.
1691 1549 1715 1569 c.
1737 1539 1825 1570 Idem.
1846 1539 1930 1570 Gloss'.
1942 1540 1988 1570 Gr.
2002 1540 2059 1569 Lat.
2072 1539 2210 1575 τυφλογνῆς
2220 1560 2227 1570 .
2248 1538 2403 1576 Caecigena.

1390 1578 1446 1608 Cffl
1455 1588 1472 1607 c
1482 1588 1499 1607 o
1508 1600 1516 1614 ‚
1538 1580 1654 1614 [τυφλόω
1666 1600 1674 1611 ,
1693 1578 1793 1614 πηςάω]
1814 1581 1869 1607 are.
1891 1577 2058 1608 Luminibus
2066 1578 2184 1616 privare.
2205 1579 2307 1608 Auctor
2323 1578 2359 1606 de
2368 1575 2438 1606 Viris
2449 1574 2542 1606 Illustr.
2576 1594 2598 1619 μ

1430 1626 1452 1645 c.
1467 1626 1509 1653 34.
1533 1616 1647 1645 Potitios
1661 1615 1788 1645 Herculis
1795 1614 1951 1645 sacerdotes
1960 1617 2050 1654 pretio
2060 1615 2184 1654 corrupit
2194 1638 2202 1652 ,
2222 1622 2254 1646 ut
2269 1616 2342 1645 sacra
2350 1613 2487 1645 Herculea
2495 1613 2542 1644 ser·
2574 1614 2604 1655 32⁸:

1430 1664 1479 1684 vos
1491 1654 1619 1692 publicos
1633 1654 1800 1683 edocerent:
1822 1653 1899 1684 unde
1913 1661 2029 1684 caecatus
2039 1654 2085 1683 est.
2576 1668 2578 1677 v

1428 1691 1539 1721 Caecare
1549 1693 1668 1726 animos,
1688 1701 1737 1729 per
1747 1690 1967 1722 translationem.
2008 1691 2067 1721 Cic.
2080 1702 2106 1727 4.
2120 1691 2240 1731 Philipp.
2253 1701 2279 1726 9.
2300 1690 2356 1721 Sed
2368 1689 2430 1729 spes
2439 1689 2542 1728 rapien-
2571 1688 2580 1727 ξ
2598 1705 2604 1722 i

1450 1731 1479 1759 di
1487 1737 1570 1767 atque
1580 1729 1721 1767 praedandi
1731 1735 1815 1758 caecat
1825 1730 1933 1759 animos
1945 1739 2051 1759 eorum.
2073 1728 2185 1768 Legitur
2198 1731 2225 1760 δι
2235 1729 2373 1760 Occaecat.
2499 1737 2502 1739 ’
2574 1727 2604 1751 1¹⁸·

1429 1767 1540 1797 Caecare
1553 1772 1662 1797 mentes
1672 1767 1826 1805 largitione.
1847 1766 1905 1797 Cic.
1919 1777 1969 1804 pro
1979 1767 2053 1797 Sext.
2067 1776 2128 1803 139.
2572 1746 2580 1811 J
2602 1774 2604 1781 ¹

1429 1806 1533 1835 Caecari
1546 1805 1701 1841 erroribus,
1723 1811 1771 1835 aut
1779 1805 1943 1842 cupiditate.
1966 1805 2025 1835 Cic.
2037 1816 2062 1841 ς.
2077 1805 2160 1835 Tuse.
2174 1814 2218 1843 39.
2578 1820 2579 1824 =
2599 1802 2604 1834 .'

1429 1843 1537 1873 Caecata
1546 1843 1688 1873 celeritate
1698 1843 1795 1872 oratio.
1817 1842 1875 1872 Cic.
1886 1843 1922 1872 de
1932 1842 2004 1873 Clar.
2017 1843 2094 1873 Orat.
2109 1846 2173 1881 264.
2195 1843 2250 1874 Ms.
2271 1842 2369 1872 Citata.
2570 1835 2577 1870 .Ϊ
2599 1838 2604 1878 l

1428 1881 1480 1911 Pro
1493 1881 1645 1912 Obscurare
1653 1881 1742 1910 utitur
1753 1881 1873 1910 Avienus
1883 1881 1985 1919 Perieg.
1997 1891 2022 1911 v.
2036 1891 2098 1917 500.
2573 1892 2575 1894 ’

1583 1934 1621 1940 -
1631 1918 1717 1948 denso
1727 1924 1864 1948 caecantur
1875 1919 1966 1956 stipite
1974 1919 2055 1948 silvae.
2573 1915 2575 1946 ¹.
2598 1917 2604 1957 l

1428 1956 1624 1995 Metaphorice
1635 1956 1772 1986 Palladius
1789 1959 1842 1986 i.6.
1865 1956 1885 1986 F
1887 1957 2005 1986 offorem
2015 1957 2033 1986 si
2042 1962 2154 1995 apertus
2161 1956 2224 1987 vitis
2234 1956 2332 1986 oculus
2340 1953 2452 1989 viderit,
2462 1962 2541 1984 caeca-
2567 1955 2575 1992 ξ
2593 1962 2604 1987 ¹

1448 1995 1522 2024 bitur
1534 1994 1594 2032 spes
1606 2003 1707 2032 magna
1726 1995 1821 2032 [puto
1832 1994 1964 2032 Magnae]
1984 1995 2149 2025 vindemiae:
2172 1996 2199 2025 ἃ
2214 1994 2279 2024 ideo
2299 1994 2367 2023 dum
2380 1992 2419 2022 est
2439 1990 2540 2022 clausus
2560 2000 2588 2018 w*

1446 2033 1578 2062 fodietur.
1602 2032 1677 2062 conf.
1693 2032 1797 2062 Ramus
1809 2042 1908 2063 caecus.
1932 2032 1981 2062 s.l.
2567 2027 2573 2036 ‘¹

1389 2069 1413 2100 C
1423 2081 1446 2099 ιε
1455 2080 1472 2100 c
1482 2081 1499 2100 υ
1509 2082 1525 2099 L
1535 2080 1555 2099 T
1564 2080 1581 2099 o
1591 2093 1599 2105 ,
1621 2069 1821 2106 [περιζλέπτυ]
1841 2074 1895 2100 are.
1927 2070 2015 2100 Caecis
2025 2070 2185 2108 proximum
2195 2069 2249 2099 effe
2259 2069 2318 2098 acie
2329 2066 2443 2098 obtusa:
2464 2072 2494 2096 ut
2505 2065 2541 2096 ait
2560 2068 2572 2148 ζ,

2561 2241 2568 2252 Ιι

2596 583 2598 611 l

1426 2109 1529 2139 Festus
1569 2108 1648 2138 Idem
1665 2107 1722 2137 alio
1743 2107 1808 2137 loco
1827 2108 1915 2143 dicit,
1945 2108 2115 2144 Caecultare,
2145 2107 2184 2137 est
2208 2107 2303 2137 Caecos
2324 2106 2434 2136 imitari.
2458 2104 2539 2134 Plaut.

1427 2147 1583 2184 Fragment.
1594 2155 1620 2175 2.
1634 2151 1659 2180 8.
1688 2146 1830 2184 Numnam
1841 2147 1909 2175 mihi
1929 2146 2005 2176 oculi
2018 2145 2182 2176 caecultant:
2204 2145 2285 2175 Estne
2305 2144 2352 2174 hic
2372 2143 2464 2173 noster
2478 2142 2541 2172 Her-

1427 2185 1485 2214 mio
1496 2186 1509 2213 ⁶?
1549 2185 1563 2220 [
1576 2184 1690 2213 Videtur
1699 2185 1874 2213 contractum
1888 2194 1921 2213 ex
1932 2184 2083 2220 Caeculito,
2105 2183 2181 2221 quod
2193 2193 2208 2213 a
2219 2182 2393 2212 Diminutivo
2408 2180 2539 2216 Caeculuffi

1428 2222 1474 2253 vel
1484 2232 1498 2251 a
1509 2223 1594 2251 verbo
1604 2221 1720 2251 fortassis
1731 2221 1852 2251 Caeculio
1863 2244 1871 2257 ,
1890 2232 1941 2260 pro
1957 2232 2013 2258 quo
2027 2222 2150 2251 Caecutio
2161 2221 2296 2250 exhibent
2305 2219 2490 2249 Grammatici.

1427 2260 1509 2298 Apud
1520 2260 1631 2289 Livium
1640 2260 1724 2289 etiam
1734 2259 1834 2296 legitur
1844 2269 1888 2296 27.
1900 2269 1924 2294 3.
1948 2261 2022 2290 Inter
2032 2259 2132 2289 multas
2143 2258 2308 2296 magnasque
2319 2268 2361 2287 res
2372 2280 2380 2293 ,
2399 2266 2459 2294 quae
2468 2263 2539 2286 nunc
2555 2257 2568 2297 ιζ

1447 2298 1575 2329 secundae
1586 2320 1594 2333 ,
1615 2307 1691 2327 nunc
1702 2296 1830 2332 adversae,
1850 2297 2033 2328 caecultabant
2043 2298 2227 2335 cogitationes
2236 2296 2392 2326 hominum.
2413 2295 2445 2325 In
2454 2301 2539 2324 emen-
2564 2326 2565 2330 Ἰ

1445 2337 1516 2366 datis
1526 2335 1610 2365 codd.
1633 2334 1828 2372 Occupabant.
2457 2356 2463 2363 .
2559 2333 2566 2366 i}

1389 2374 1414 2405 C
1422 2386 1446 2404 ΑΞ.
1455 2385 1473 2404 e
1485 2385 1502 2403 u
1512 2383 1549 2402 τι
1557 2383 1574 2402 0
1586 2395 1593 2408 ,
1615 2371 1785 2409 [ἁμζλνώθω
1795 2395 1803 2408 ,
1825 2371 1971 2408 πφλόῆω]
1993 2375 2044 2402 Tre.
2066 2373 2180 2411 proprie
2189 2371 2320 2410 fignificat
2331 2371 2428 2401 Parum
2438 2369 2537 2400 videte:
2554 2373 2560 2410 ξ
2577 2384 2579 2386 ·

1426 2415 1453 2443 6<
1464 2412 1650 2442 Caecutientes
1663 2411 1794 2439 dicuntur
1806 2432 1814 2446 ,
1838 2411 1911 2447 quasi
1921 2411 2073 2440 Semicaeci.
2095 2410 2195 2446 Varro,
2219 2410 2317 2439 Utrum
2328 2409 2402 2439 oculi
2414 2407 2481 2438 mihi
2492 2415 2537 2446 cai-
2553 2416 2559 2441 i

1426 2452 1537 2481 curiunt
1546 2472 1554 2486 ,
1574 2459 1611 2478 an
1620 2458 1671 2487 ego
1679 2449 1737 2478 vidi
1749 2448 1839 2479 servos
1847 2449 1877 2477 in
1886 2449 1967 2478 armis
1979 2454 2076 2479 contra
2086 2448 2217 2478 dominos
2226 2449 2240 2477 ‘2
2259 2448 2300 2478 Ex
2315 2447 2422 2483 Nonio,
2440 2455 2467 2476 2.
2480 2451 2536 2483 133.
2554 2450 2569 2506 ζ

2555 2508 2561 2522 ‹=

1832 2536 1862 2571 C
1951 2536 1990 2572 AE
2083 2537 2117 2570 D

1389 2633 1533 2669 canus,
1567 2633 1600 2664 V.
1624 2643 1739 2665 effluo.

1388 2674 1411 2704 C
1421 2683 1444 2701 εἰ
1453 2673 1491 2702 nr
1501 2681 1518 2701 c
1527 2682 1545 2701 u
1555 2681 1566 2701 s
1575 2694 1583 2707 ,
1605 2672 1622 2701 i.
1641 2681 1678 2700 m.
1700 2672 1747 2701 Vir
1757 2671 1903 2702 ditissimus
1913 2693 1921 2708 ,
1943 2673 2022 2708 cuius
2032 2670 2161 2701 meminit
2173 2669 2247 2708 Virg.
2257 2680 2283 2707 9.
2296 2669 2358 2702 AEn.
2372 2672 2434 2707 362.

1518 2710 1650 2747 Euryalus
1660 2710 1787 2747 phaleras
1800 2710 1962 2739 Rhamnetis
1972 2732 1980 2744 ,
2000 2711 2115 2739 &aurea
2128 2708 2210 2738 bullis

1520 2747 1637 2784 Cingula
1647 2768 1655 2781 ,
1683 2748 1793 2778 Tiburti
1803 2747 1922 2778 Remulo
1937 2747 2083 2777 ditissimus
2093 2746 2160 2776 olim

1519 2786 1590 2822 Quae
1600 2785 1686 2815 mittit
1695 2787 1768 2815 donzi
1779 2785 1900 2824 hospitio
1909 2807 1917 2821 ,
1939 2795 2024 2823 quum
2035 2786 2164 2822 jungeret
2177 2783 2272 2813 absens
2597 2793 2604 2822 ᾗ

1519 2823 1662 2852 Caedicus:
1685 2824 1732 2852 ille
1743 2823 1790 2853 suo
1799 2824 1922 2853 moriens
1938 2824 1986 2852 dat
2000 2823 2100 2852 habere
2123 2822 2230 2859 nepoti.
2332 2819 2386 2849 Ubi
2409 2819 2532 2854 Servius,
2552 2817 2577 2849 Ἰῑῒ
2596 2841 2602 2853 .

1427 2861 1555 2891 Caedicus
1564 2861 1677 2898 quidam
1688 2861 1799 2891 Tiburti
1808 2860 2027 2897 Remu10,quum
2035 2870 2100 2890 eum
2109 2858 2157 2889 sibi
2166 2859 2261 2889 absens
2270 2857 2391 2897 hospitio
2399 2858 2482 2888 vellet
2492 2856 2534 2886 ad·
2551 2857 2576 2894 [i
2590 2866 2604 2900 ’.Ι

1426 2900 1541 2936 jungere
1552 2922 1560 2934 ,
1582 2899 1654 2928 misit
1662 2899 1788 2937 phaleras
1799 2901 1824 2929 ἃ
1834 2899 1944 2936 cingula
1956 2898 2037 2928 bullis
2047 2900 2135 2927 aureis
2148 2920 2156 2933 ,
2177 2898 2232 2927 hoc
2250 2898 2287 2926 est
2301 2897 2384 2926 clavis
2402 2895 2530 2934 insignita.
2550 2923 2551 2927 ,

1426 2937 1561 2967 Remulus
1578 2937 1700 2967 moriens
1710 2938 1808 2974 nepoti
1822 2937 1870 2966 suo
1884 2937 2046 2974 cognomini
2058 2936 2117 2965 haec
2130 2934 2243 2972 reliquit
2253 2956 2261 2970 ‚
2283 2935 2330 2972 qui
2346 2933 2438 2972 postea
2451 2933 2533 2962 vietus
2549 2934 2551 2950 ¹¹

1427 2985 1442 3005 a
1455 2975 1565 3004 Rutulis
1576 2975 1630 3009 est,
1655 2976 1681 3005 ἂ
1694 2975 1817 3004 occisus:
1839 2975 1900 3013 post
1912 2975 1989 3010 cujus
2003 2980 2122 3003 mortem
2137 2973 2212 3011 apud
2229 2973 2393 3002 Ramnetem
2406 2969 2531 3001 Rutulum
2548 2970 2564 3006 ,’,
2599 3003 2601 3007 ,

1426 3013 1460 3043 ab
1470 3012 1589 3051 Euryalo
1598 3018 1707 3050 reperta
1717 3013 1779 3042 sunt
1788 3013 1846 3042 haec
1854 3022 1976 3041 munera.
1992 3012 2080 3047 Hujus
2092 3011 2223 3040 meminit
2236 3012 2262 3040 δι
2273 3010 2343 3047 Virg.
2359 3019 2401 3038 ιο.
2409 3009 2528 3050 ῘΕιι.74·ζ.
2561 3018 2575 3037 τ.
2596 3008 2604 3038 Τ

1389 3051 1443 3081 Cla
1453 3061 1471 3080 n
1481 3061 1489 3079 1
1500 3060 1517 3080 c
1527 3062 1536 3079 1
1546 3060 1603 3086 us,
1624 3051 1736 3080 Nomen
1748 3056 1822 3088 gent.
1842 3050 1894 3080 Ro.
1918 3049 2047 3083 Caedicii,
2068 3055 2100 3078 ut
2113 3048 2220 3085 Judicis
2235 3047 2393 3078 severiffimi
2414 3045 2531 3076 meminit

1426 3090 1524 3126 Juven.
1543 3098 1583 3125 13.
1598 3088 1653 3118 Sat.
1667 3097 1727 3126 197.
1749 3088 1797 3118 ubi
1810 3088 1902 3118 Schol.
1918 3094 1972 3118 vet.
1994 3087 2121 3117 Aulicum
2141 3088 2168 3117 &
2184 3086 2306 3116 Neronis
2322 3083 2530 3115 crudelissimum

1425 3126 1571 3157 satellitem
1581 3125 1719 3164 perhibet.
1742 3126 1904 3156 Facundum
1915 3131 1997 3156 vocat
2008 3132 2101 3154 tamen
2111 3124 2263 3160 Juvenalis,
2285 3125 2310 3154 &
2321 3128 2353 3152 ut
2362 3122 2486 3159 Judieem
2494 3120 2531 3150 in-
2567 3135 2569 3137 ·
2589 3143 2595 3150 .

1426 3166 1506 3195 ducit
1514 3164 1603 3194 rursus
1614 3164 1669 3194 Sat.
1685 3167 1726 3193 16.
1737 3175 1782 3199 45.
2545 3168 2547 3173 “
2576 3166 2583 3197 3

1426 3204 1462 3240 Q.
1479 3203 1617 3232 Caedicius
1628 3202 1711 3231 etiam
1721 3201 1863 3231 Tribunus
1881 3201 2002 3230 militum
2020 3199 2180 3229 fortissimus
2193 3199 2262 3234 fuit,
2285 3198 2364 3235 cujus
2383 3197 2487 3232 audax,
2503 3193 2530 3224 fi·
2554 3203 2583 3229 ,sl

1445 3242 1512 3270 dum
1520 3247 1602 3277 atque
1613 3240 1760 3278 providum
1770 3239 1914 3269 consilium
1925 3261 1932 3273 ,
1954 3238 2151 3275 egregiumque
2161 3237 2265 3266 fastum
2285 3236 2313 3265 V.
2324 3235 2399 3273 apud
2411 3233 2527 3270 Gella-7·
2556 3230 2582 3271 ιὲ

1390 3279 1473 3310 Citio
1484 3287 1536 3308 ici
1548 3288 1587 3307 us
1598 3300 1606 3312 ,
1627 3287 1660 3312 a,
1682 3287 1740 3307 um.
1761 3277 1821 3313 Adi.
1844 3283 1875 3306 ut
1890 3298 1898 3311 ,
1920 3276 2048 3305 Caediciae
2062 3276 2193 3310 tabernae,
2209 3286 2224 3304 a
2242 3275 2351 3304 domini
2369 3273 2480 3303 nomine
2489 3278 2530 3310 vo·
2556 3275 2581 3331 Ὗ

1426 3323 1493 3346 catae
1503 3338 1511 3352 ,
1533 3316 1579 3353 qui
1588 3325 1633 3345 eas
1645 3316 1674 3344 in
1687 3315 1730 3344 via
1742 3315 1829 3352 Appia
1845 3314 1976 3344 extruxit.
2016 3313 2046 3343 V.
2070 3313 2137 3343 Fest.

1387 3356 1500 3385 cffino
1513 3375 1521 3388 ,
1542 3354 1649 3387 cecidi,
1670 3352 1768 3382 caesum
1782 3374 1791 3388 ,
1812 3350 1932 3388 [›(9'⁹r7m,
1951 3347 2032 3386 δέρω]
2053 3352 2108 3380 ere.
2130 3350 2242 3388 proprie
2261 3348 2392 3386 significat
2411 3343 2530 3384 Flagella-
2562 3337 2582 3415 j

1424 3403 1463 3422 re.
1503 3391 1567 3421 Ter.
1571 3391 1649 3458 SAnd.
1665 3400 1688 3420 1.
1701 3399 1727 3419 2.
1738 3396 1782 3424 28.
1805 3389 1971 3419 Verberibus
1982 3388 2081 3419 caesum
2091 3394 2119 3418 te
2133 3389 2162 3417 in
2181 3387 2326 3426 pistrinum
2337 3387 2413 3417 Dave
2427 3383 2526 3414 dedam·
2562 3394 2581 3424 χ

1440 3439 1519 3460 uven.
1534 3438 1558 3464 3.
1590 3435 1625 3458 at.
1637 3438 1653 3457 2
1676 3434 1700 3462 8.
2575 3426 2596 3458 '.,

1421 3431 1436 3467 J
1514 3467 1613 3534 {brius
1625 3437 1794 3504 ac⁷petulans
1804 3486 1812 3500 ,
1833 3464 1880 3501 qui
1895 3463 2004 3494 nullum
2012 3464 2084 3493 forte
2092 3463 2216 3499 cecidit,
2582 3451 2604 3508 ἓξ

1541 3510 1569 3534 at
1599 3513 1684 3533 oenas.

1422 3543 1500 3573 Caedi
1512 3514 1662 3579 discipulos
1673 3541 1798 3570 deforme
1818 3549 1851 3569 ac
1873 3539 1969 3568 servile
1984 3539 2039 3575 est,
2060 3547 2218 3577 quanquam
2236 3538 2267 3568 id
2280 3543 2423 3576 receptum
2439 3533 2482 3570 iit,
2500 3479 2536 3593 &l

1441 3581 1610 3618 Chrysippus
1620 3589 1676 3608 non
1687 3576 1835 3616 improbet.
1858 3576 1978 3614 Quintil.
1990 3577 2038 3607 lib.
2051 3586 2074 3606 1.
2086 3586 2146 3614 cap.
2159 3585 2184 3612 3.

1420 3618 1548 3657 Flagellis
1559 3617 1674 3646 caedere.
1696 3616 1762 3645 Hor.
1777 3624 1800 3644 1.
1813 3614 1900 3644 Serm.
1914 3624 1939 3644 2.
1951 3623 1997 3651 42-

1546 3656 1586 3684 Ad
1596 3662 1715 3683 mortem
1725 3652 1816 3682 caesus.

1418 3693 1496 3723 Loris
1510 3693 1626 3722 caedere.
1650 3692 1707 3721 Cic.
1722 3697 1746 3724 8.
1760 3688 1879 3727 Philipp.
1892 3698 1937 3725 ²4·
2569 3706 2591 3729 t?

1419 3731 1505 3768 Virgis
1515 3731 1621 3760 caedere
1630 3729 1752 3766 aliquem
1760 3728 1794 3757 ad
1806 3736 1915 3756 necem.
1946 3727 2004 3756 Cic.
2017 3737 2041 3761 ς.
2054 3726 2129 3756 Verr.
2143 3729 2187 3762 69.
2204 3725 2290 3754 Plaut.
2303 3723 2397 3754 Pseud.
2409 3731 2432 3751 1.
2447 3729 2468 3757 ς.
2477 3721 2516 3754 98-
2528 3726 2530 3747 ἕ
2563 3719 2601 3756 225,ss

2191 3612 2282 3642 —ille
2292 3610 2407 3650 flagellis
2530 3620 2533 3645 ς
2570 3618 2602 3663 sti,

1417 3769 1546 3802 Caedere,
1569 3768 1722 3797 Percutere.
1744 3772 1792 3800 ut,
1812 3764 2054 3802 Caederealiquem
2066 3763 2198 3794 calcibus.
2220 3762 2305 3792 Plaut.
2321 3753 2529 3803 Poen.3.3-71·l
2563 3757 2599 3807 {ffl'

1416 3805 1495 3835 Ense.
1516 3806 1600 3835 Ovid.
1615 3815 1637 3841 3.
1655 3805 1691 3834 de
1702 3805 1779 3834 Porit.
1791 3812 1816 3832 2.
1829 3807 1871 3836 58·
2526 3822 2527 3826 ,
2567 3793 2603 3835 Ιπ,ῒῶ

1510 3844 1622 3872 Advena
1635 3843 1758 3879 virgineo
1768 3839 1850 3870 caesus
1864 3846 1895 3869 ut
1908 3839 1971 3869 ense
1983 3839 2072 3870 cadat.
2526 3831 2527 3867 l
2564 3831 2599 3886 (ζῶ.

1415 3881 1506 3910 Ferro.
1529 3880 1635 3909 Lucret.
1651 3880 1698 3909 lib.
1710 3885 1736 3909 6.
1750 3887 1811 3915 3ι3.
2526 3877 2527 3889 ³
2565 3867 2604 3913 ιιζῗῶ

1414 3917 1521 3947 Ferula.
1546 3918 1613 3947 Hor.
1627 3928 1649 3947 1.
1663 3918 1749 3947 Serm.
1763 3925 1787 3951 3.
1803 3924 1864 3944 120.
2316 3917 2320 3920 “
2525 3902 2526 3923 ¹
2562 3911 2597 3962 4¹²}

1414 3955 1553 3985 Frondem
1563 3956 1679 3985 caedere.
1702 3955 1771 3984 Cato
1782 3962 1806 3983 c.
1821 3963 1845 3989 ς.
1858 3958 1928 3982 extr.
1942 3951 1974 3981 R.
1988 3951 2022 3981 R.
2043 3950 2182 3982 Frondem
2193 3947 2381 3989 populneam‚
2393 3934 2525 4019 ulmgglgkl
2565 3963 2567 3969 ν
2583 3969 2599 4003 70
