2604 4222
209 170 277 212 368
663 168 686 200 B
782 166 811 202 R
916 164 940 197 F

252 248 331 278 Vada
341 248 443 278 brevia.
467 249 530 279 Sen.
543 247 623 278 Herc.
640 248 693 277 sur.
713 256 774 283 572.
1092 281 1096 286 ,

333 287 384 315 llas
396 288 485 324 inopis
498 287 576 315 undat
591 286 681 315 brevia
692 284 885 314 comminuunt
894 282 971 311 vada.
1053 279 1118 309 Scil.
1140 288 1231 309 naves.

252 323 444 361 Deprehensus
456 325 529 353 haefit
539 324 659 361 Syrtium
672 322 798 351 brevibus
809 321 892 349 vadis.
918 319 986 361 Vim·
1003 329 1027 351 ς.
1045 318 1103 347 ffin.
1117 327 1180 346 22¹.
1258 352 1264 360 1
1327 353 1333 359 1

214 360 235 390 Β
246 372 261 390 R
272 372 281 388 r
294 372 353 390 vro
366 384 373 395 ,
396 359 533 398 [iamiam
544 383 552 395 ‚
570 358 705 395 συντέμνω]
726 362 779 388 are.
802 357 921 394 Quintil.
935 357 980 385 hb.
997 369 1017 384 ι.
1030 365 1090 392 cap.
1102 366 1126 389 9.
1150 355 1211 390 Qua
1224 355 1249 383 ἃ
1260 362 1363 382 brevia-

251 410 280 428 re
293 400 426 436 qurcdam,
439 402 465 429 &
475 408 607 428 exornare
617 397 688 426 salvo
699 398 781 426 modo
794 403 883 433 poetae
894 394 969 423 sensu
979 392 1361 434 permittitunlllanilst3461.

332 437 370 466 Ex
383 437 428 466 illa
440 437 556 466 totidem
568 445 615 473 per
626 441 715 473 partes
726 434 760 463 fic
771 433 935 462 breviantur.
1018 430 1092 460 conf.
1108 430 1229 460 Lactant.
1248 430 1321 466 hpit.
1337 433 1362 461 8.

253 476 279 503 6.
303 473 361 503 Vet.
380 474 463 504 Closs.
478 474 603 509 nyxu'w,
621 473 723 501 brevio.

253 511 321 540 Bud.
337 512 420 541 etiarn
431 521 465 540 ex
478 511 596 541 Varrone
607 511 660 539 hoc
671 509 804 538 Breviare.
826 507 862 536 H.
875 505 913 536 St.
1245 542 1250 547 .

215 548 311 580 Barzv
323 560 332 577 1
344 559 448 585 A'rus,
480 559 511 584 a,
548 558 603 577 um.
640 554 688 582 ut,
725 546 858 576 Breviatis
882 544 1012 582 gradibus
1033 543 1190 574 ascendere.
1224 541 1320 572 Sidon.
1337 549 1364 572 2.

253 586 273 615 E
297 596 341 615 .2.

213 623 235 653 B
247 634 262 652 a
273 597 311 652 iz'v
322 635 330 652 1
342 633 360 652 A
370 633 388 652 T
397 633 431 652 ro
443 645 450 658 ‚
479 624 550 652 finis.
572 622 590 650 f.
614 621 751 659 Augustin.
764 620 847 658 Epist.
860 625 904 654 8ο.
916 620 951 649 ad
959 618 1070 657 Hesych

214 660 259 690 BR
270 671 307 689 ev
318 672 325 689 ι
335 665 351 689 ii
364 671 431 690 roa
444 683 451 696 ,
473 662 536 690 oris.
557 669 593 689 m.
618 660 644 688 P.
662 659 739 688 Oros.
754 659 821 688 Hist.
834 659 897 687 adv.
915 658 1009 696 pagan.
1024 667 1048 686 1.
1061 662 1087 691 8.
1179 693 1185 700 ⁴
1346 691 1352 697 Ι

213 698 235 728 Β
244 708 258 726 R
268 708 281 726 Ε
292 709 307 726 ν
319 710 327 726 1
337 708 354 727 A
364 709 378 727 a
390 710 398 726 1
411 709 427 727 u
438 708 457 726 Μ
467 720 474 732 ,
496 699 513 726 i.
532 707 558 726 n.
582 697 727 733 [immol]
748 697 829 734 Opus
838 696 989 726 concisum.
1030 695 1125 724 Graece
1134 693 1265 731 Epitome
1274 692 1365 735 foem1=

251 736 320 765 nino
334 745 440 772 genere.
473 736 547 764 Suet.
560 736 624 772 Aug.
636 745 697 772 cap.
712 745 772 764 101.
807 734 884 763 Fecit
902 735 927 764 ἃ
948 733 1113 763 breviarium
1130 733 1217 761 totius
1236 731 1363 773 impetu,

251 781 384 810 quantum
394 772 513 802 militum
522 772 570 802 sub
580 772 770 810 signisubique
779 771 863 805 esset.
884 779 1018 809 quantum
1040 770 1166 809 pecuniae
1185 770 1213 798 in
1235 777 1328 797 aerario
1338 768 1365 796 δι

251 811 320 840 fiscis
331 814 355 840 S<
366 810 572 847 veciigaliorum
589 810 711 840 residuis.
733 810 808 840 conf.
828 810 907 840 Idem
920 809 998 847 Vesp.
1012 819 1072 846 cap.
1089 818 1134 838 21.
1147 807 1225 836 Galb.
1243 815 1303 848 cap.
1319 814 1360 834 12.

251 849 289 878 ait
301 870 309 882 ,
331 848 446 877 Galbam
456 849 596 877 ordinario
611 848 724 885 quidem
734 848 913 885 dispensatori
922 847 1085 876 breviarium
1096 846 1235 875 rationum
1247 845 1365 873 onerem

251 887 289 918 ti.
310 886 483 924 paropsidem
501 885 649 923 leguminis
668 885 826 924 porrexisse.
856 886 901 915 Sic
923 885 991 914 Plin.
1003 883 1051 913 lib.
1068 889 1109 918 ¹8·
1130 893 1190 920 cap.
1205 886 1249 911 26.
1274 881 1365 918 Utpa-

250 924 316 952 riter
337 924 469 962 (inquit)
491 924 576 954 totius
593 923 707 954 culturae
724 923 889 954 breviarium
907 923 1048 960 quoddam
1069 928 1222 959 peragatur.
1262 919 1312 962 Pro
1329 928 1363 947 eo

250 962 358 998 aceepit
387 961 442 990 uod
454 961 537 1000 vulgo
552 963 710 989 Eordoi-enum
720 962 849 991 dicimus.
871 961 937 990 Haec
945 970 980 989 ex
992 959 1104 989 Budaeo.
1140 958 1169 987 V.
1190 958 1260 987 Plin.
1273 957 1323 997 lib.
1337 966 1362 991 7.

250 1008 311 1036 cap.
323 1003 365 1029 26.
402 999 493 1028 oecler.
511 999 545 1029 ad
555 999 644 1029 Tacit.
662 1009 685 1028 1.
700 1001 768 1030 Ann.
782 1009 823 1028 11.
838 1009 865 1037 p.
875 1002 937 1033 236.
948 998 1063 1035 Rupert.
1076 996 1111 1026 ad
1123 995 1195 1034 FLor.
1207 1006 1233 1034 p.
1253 1005 1313 1038 ¹¹4:
1325 994 1362 1031 sq.

251 1037 328 1066 Olim
340 1059 348 1072 ,
370 1043 400 1066 ut
409 1037 446 1065 ait
454 1037 560 1066 Seneca
574 1037 654 1075 Epist.
668 1046 707 1073 39.
720 1047 761 1075 pr.
784 1036 936 1066 vocabatur
951 1035 1146 1071 Summarium.
1185 1034 1215 1063 V.
1238 1032 1362 1063 Borrrch.

251 1074 343 1111 Cogit.
357 1085 383 1111 p.
396 1084 438 1109 52.
472 1075 546 1104 conf.
561 1075 624 1104 Lex.
640 1074 728 1104 Pitisc.
1324 1107 1340 1113 ..

248 1112 322 1142 Elias
332 1112 446 1142 Vinctus
456 1113 618 1150 praefatione
627 1112 655 1141 in
666 1112 793 1142 Solinum
806 1122 812 1141 :
838 1112 971 1147 Antiquus
988 1110 1095 1150 codex„
1116 1109 1195 1144 cujus
1207 1108 1261 1137 fide
1271 1107 1341 1136 Livn
1353 1128 1362 1141 ,

270 1149 381 1217 floris}
392 1150 516 1217 ESutropii
528 1151 659 1180 breviaria
666 1160 757 1180 rerum
766 1150 847 1179 Rom.
859 1148 1033 1178 restituimus.
1078 1146 1143 1176 Vide
1162 1157 1197 1175 an
1212 1147 1248 1175 ita
1262 1155 1363 1174 vocen-

270 1194 322 1216 tur.
375 1210 381 1216 .
423 1194 441 1216 t.

269 1225 312 1260 jus
333 1225 362 1254 V.
374 1226 403 1254 in
415 1235 479 1255 eum
489 1228 628 1255 audiorem
639 1227 713 1264 praef.
734 1231 765 1254 ut
776 1228 802 1255 δι
814 1224 1018 1261 quaeCellarius
1028 1224 1063 1252 de
1075 1222 1182 1252 eadem.

212 1261 234 1294 Β
243 1271 260 1291 R
270 1273 284 1291 a
293 1272 308 1291 v
318 1273 327 1291 1
337 1273 356 1292 A
365 1273 381 1291 R
390 1273 398 1291 1
407 1273 425 1292 u
435 1272 457 1298 s,
471 1273 495 1300 a,
510 1274 566 1293 um.
582 1264 643 1299 Adj.
656 1270 695 1298 ut,
706 1263 848 1292 Breviariae
858 1263 988 1296 rationes,
1001 1262 1072 1298 Quae
1081 1261 1109 1289 in
1120 1260 1204 1290 breve
1216 1259 1364 1289 contracrae

248 1299 320 1330 sunt.
362 1300 448 1330 Scaev.
464 1300 482 1330 l.
500 1300 548 1330 ult.
567 1301 600 1331 D.
619 1302 653 1330 de
664 1301 755 1339 pecul.
771 1300 852 1337 legat.
866 1306 890 1334 8.
903 1303 947 1329 26.
974 1300 1016 1328 An
1027 1297 1139 1337 peculio
1150 1296 1315 1340 praelegato,
1337 1297 1364 1325 δε

249 1344 362 1368 centurn
374 1339 448 1367 aurei
460 1361 468 1374 ,
490 1340 516 1369 δε
528 1339 611 1369 usurae
623 1348 721 1368 eorum
732 1338 868 1367 debentur
878 1360 886 1373 ,
907 1347 994 1375 quum
1012 1335 1166 1374 rationibus
1185 1335 1326 1364 breviatus
1338 1335 1364 1363 δι

248 1376 349 1406 sortem
361 1377 387 1406 &
397 1375 489 1406 usuras
500 1377 664 1415 complexus
675 1377 714 1405 Iit.
754 1376 864 1414 Ulpian.
879 1377 908 1405 in
924 1376 943 1405 l.
959 1384 983 1411 3.
998 1375 1019 1412 §.
1031 1378 1061 1404 '6.
1073 1374 1115 1403 tit.
1128 1373 1183 1410 seq.
1206 1372 1363 1411 Logarium.

248 1414 369 1451 opinor,
389 1413 444 1443 hoc
459 1414 588 1452 appellat.
612 1415 761 1444 Hotoman.

210 1450 233 1481 Β
242 1461 257 1480 R
269 1461 280 1479 a
288 1461 305 1480 v
315 1462 324 1480 1
333 1461 377 1481 cu
385 1462 402 1480 L
410 1461 429 1481 υ
437 1463 458 1481 Μ
467 1474 476 1488 ,
496 1453 514 1482 i.
536 1462 564 1482 n.
587 1452 708 1482 Libellus
720 1452 818 1481 brevis.
845 1449 972 1480 Budaeus.

211 1488 232 1518 B
240 1499 257 1518 a
265 1490 281 1518 ἔ
289 1490 318 1518 vi
328 1499 344 1519 c
352 1491 371 1518 ῠ
380 1500 396 1518 r.
407 1499 425 1518 υ
433 1499 445 1519 s
454 1511 462 1525 ,
482 1499 498 1519 a
506 1512 514 1526 ,
532 1500 589 1519 um.
611 1490 708 1519 dimin.
730 1496 780 1526 ut,
801 1489 894 1518 Homo
902 1487 1072 1518 breviculus.
1094 1486 1181 1517 Plaut.
1195 1485 1284 1516 Mete.
1298 1493 1323 1522 3.
1334 1494 1361 1521 4.

252 1537 295 1563 54.
317 1527 480 1557 Grabatulus
491 1527 654 1558 breviculus.
677 1529 697 1557 A
720 1527 757 1557 ul.
772 1537 794 1556 1.
808 1526 898 1556 Miles.
911 1537 939 1564 p.
956 1535 1016 1562 ¹07-

211 1563 521 1602 Enaesimus,
541 1566 559 1596 i.
574 1575 612 1595 m.
634 1565 690 1602 Qui
722 1565 874 1602 revegerit.
897 1563 980 1594 Gioff.
993 1563 1086 1593 Isidor.
1152 1599 1158 1605 Ι
1218 1599 1224 1604 .
1268 1598 1274 1604 ·
1347 1597 1353 1603 ·

211 1602 234 1633 Β
242 1613 257 1631 a
268 1612 281 1631 1².
290 1612 307 1632 v
316 1614 325 1631 1
334 1614 350 1631 1.
359 1605 376 1632 6
385 1613 432 1639 Qu
441 1613 485 1632 EN
493 1613 506 1632 s
517 1626 526 1639 ,
547 1604 628 1634 entis.
649 1604 745 1633 Partic.
764 1603 983 1639 [ζυχυλὴῶ]
1005 1602 1062 1638 Qui
1077 1608 1175 1638 paucls
1190 1598 1296 1636 aliquid
1304 1597 1365 1641 serr-

249 1640 306 1675 bit.
320 1647 367 1670 aut
374 1641 451 1671 dicit.
474 1640 561 1678 Cic.7.
574 1642 675 1672 Att.20.
692 1641 936 1678 Breviloquentem
945 1641 1001 1676 jam
1014 1649 1059 1668 me
1069 1645 1179 1675 tempus
1189 1637 1280 1675 ipsum
1288 1636 1363 1680 saort.

211 1677 233 1709 B
243 1687 306 1708 Rev
316 1689 325 1707 1
334 1689 350 1707 L
358 1688 375 1707 o
385 1689 431 1714 Qu
440 1689 454 1708 11
463 1688 484 1708 Ν
492 1688 511 1708 T
520 1690 530 1707 1
541 1689 561 1708 A
573 1701 581 1713 .
603 1689 634 1710 az.
665 1679 684 1708 f.
716 1675 922 1715 [ngxvmu'oe]
951 1678 1029 1707 Idem
1052 1677 1128 1714 quod
1145 1675 1362 1712 Breviloqurum.

249 1716 308 1745 Cic.
319 1716 354 1745 de
365 1715 472 1755 Repub.
492 1714 746 1755 BreviIOquentiam
754 1717 785 1746 in
796 1715 1011 1746 dicendocolat.
1033 1715 1073 1745 Ex
1086 1713 1156 1744 Gell.
1168 1712 1216 1742 lib.
1232 1722 1272 1743 12.
1283 1722 1309 1741 2.

210 1753 497 1790 Bam-iremus.
518 1765 550 1790 a,
571 1764 628 1785 um.
659 1754 705 1785 vel
719 1755 999 1790 Bnrwnomns,
1021 1763 1046 1783 e.
1075 1752 1258 1787 ςρφχνλόγίῷυ.
1278 1747 1363 1779 Gloff.

248 1791 472 1821 amboLabbaei:
493 1793 560 1822 item
573 1793 618 1822 Gr.
632 1791 690 1823 Lat.
707 1793 742 1823 H.
754 1793 851 1831 Steph.
864 1801 967 1830 p.413.
984 1801 1019 1828 ex
1030 1790 1160 1829 Apollon.
1180 1788 1259 1819 Stob.
1275 1788 1363 1818 Serm.

250 1839 263 1858 1
271 1839 281 1864 ³
288 1839 311 1865 3.
334 1828 566 1865 ἔξωχυλψίπιτῶ»
575 1831 693 1869 profert.

208 1866 416 1902 sumtus,
436 1868 497 1897 atis.
519 1868 538 1898 f.
562 1869 725 1905 [Gertz-ira,
746 1867 891 1905 συνπμίοι]
905 1867 964 1897 Cic.
978 1876 1003 1903 3.
1022 1867 1098 1897 Verr.
1114 1874 1176 1902 103.
1208 1863 1301 1894 Multa
1318 1873 1366 1893 au-

248 1911 306 1934 tem
320 1912 433 1943 propter
448 1906 583 1935 rationem
593 1906 734 1936 brevitatis
750 1916 782 1936 ac
801 1907 935 1945 temporis
947 1904 1182 1944 praetermittenda
1199 1902 1363 1932 existimem.

247 1942 327 1973 Idem
335 1944 364 1971 in
372 1943 446 1973 Brut.
461 1954 502 1979 50.
523 1943 644 1974 Brevitas
657 1952 749 1974 autem
761 1966 769 1980 ‚
790 1943 850 1974 laus
870 1944 909 1974 est
927 1945 957 1973 in
975 1944 1067 1982 aliqua
1084 1948 1163 1980 parte
1182 1940 1315 1976 dicendi,
1335 1940 1365 1969 in

246 1980 374 2010 universa
383 1981 542 2018 eloquentia
552 1982 664 2012 laudem
676 1993 734 2012 non
745 1981 838 2012 habet.
1316 2015 1321 2021 ⁸

248 2019 583 2050 Contra&io&brevitas.
624 2020 682 2050 Cic.
693 2021 722 2050 in
735 2020 812 2050 Orat.
831 2029 893 2057 193.
931 2020 1007 2057 Quia
1022 2017 1179 2049 contractio
1200 2017 1227 2047 St.
1246 2016 1366 2046 brewtas

266 2057 430 2094 dignitatern
440 2067 497 2086 non
505 2058 601 2088 habet.

247 2093 371 2124 Imitatio
382 2095 531 2125 brevitatis.
572 2095 631 2126 Cic.
646 2105 669 2125 1.
691 2096 727 2125 de
742 2095 850 2126 Invent.
867 2101 913 2130 28.
943 2095 982 2125 Ac
1002 2094 1106 2124 multos
1120 2092 1239 2123 imitatio
1259 2091 1365 2130 decipit

267 2132 407 2162 brevitatis
418 2155 427 2165 .
447 2140 478 2162 ut
488 2143 573 2171 quum
585 2133 611 2163 se
622 2134 716 2163 breves
730 2141 829 2172 putent
841 2134 895 2163 effe
904 2156 912 2170 ,
939 2132 1089 2170 longiffimi
1101 2132 1162 2161 sint.

247 2168 355 2200 Habilis
365 2170 508 2200 brevitate.
532 2172 615 2201 Ovid.
627 2182 654 2201 2.
669 2174 761 2201 Amor.
774 2183 801 2208 4.
816 2181 858 2210 35.

341 2209 408 2238 Haec
419 2208 517 2238 habilis
529 2210 661 2239 brevitate
672 2209 718 2239 sua
730 2210 776 2239 est.
858 2208 1011 2244 Brevitate,
1026 2207 1078 2237 *Ob
1087 2207 1260 2236 brevitatem.

248 2244 374 2275 Ambitus
393 2246 526 2283 brevitas,
548 2247 742 2285 &Longitudo
752 2246 889 2282 ambitus,
909 2246 1054 2276 contraria.
1078 2245 1136 2275 Cic.
1156 2245 1185 2274 in
1194 2244 1270 2274 Orat.
1285 2252 1347 2278 199.

246 2282 359 2313 Arboris
369 2284 496 2314 brevitas.
537 2285 606 2314 Plin.
621 2286 667 2314 lib.
683 2295 725 2314 12.
743 2295 804 2323 cap.
818 2295 844 2314 2.
866 2285 995 2321 Namque
1007 2282 1253 2321 &chamaeplatani
1264 2290 1366 2310 vocan-

265 2327 310 2350 tur
322 2323 425 2351 coaCtae
438 2322 579 2352 brevitatis
591 2345 598 2357 ,
619 2323 749 2360 quoniam
761 2322 888 2352 arborum
899 2323 984 2351 etiam
993 2322 1106 2351 abortus
1117 2320 1284 2350 invenimus.
1316 2356 1321 2361 ⁴

246 2358 310 2390 Diei
324 2359 459 2396 brevitas,
481 2362 506 2390 ἃ
523 2361 671 2398 longitudo
694 2361 791 2390 noctis.
833 2360 891 2390 Cic.
904 2369 928 2397 7.
946 2360 1020 2388 Verr.
1032 2364 1077 2389 26.
1113 2359 1153 2388 lta
1171 2358 1227 2388 diei
1245 2357 1366 2386 brevrtas

266 2398 404 2427 conviviis
414 2419 421 2432 ‚
443 2399 533 2428 noctis
544 2398 691 2436 longitudo
702 2399 798 2438 stupris
810 2400 834 2429 &
845 2398 957 2436 flagitiis
966 2397 1155 2427 obterebatur.

246 2434 331 2465 Horae
342 2435 468 2466 brevitas.
490 2436 537 2466 Sil.
550 2436 597 2465 lib.
613 2445 636 2472 3.
658 2446 719 2472 141.

247 2473 352 2504 Pedum
361 2473 495 2510 brevitas,
516 2476 542 2504 ἃ
554 2474 704 2505 Proceritas
713 2475 857 2504 contraria.
898 2473 957 2503 Cic.
969 2473 998 2503 in
1011 2472 1088 2503 Orat.
1098 2481 1163 2502 211.
1184 2470 1233 2500 ubi
1251 2469 1287 2499 de
1307 2469 1366 2499 Nu-

267 2521 345 2540 mero
358 2513 487 2541 oratorio.

247 2548 297 2579 Pili
309 2548 433 2579 brevitas.
474 2549 543 2579 Plin.
559 2549 607 2578 lib.
619 2554 644 2584 8.
655 2559 715 2587 cap.
733 2560 776 2585 ςς.
806 2549 925 2579 Necnon
935 2550 961 2579 &
970 2548 1057 2578 vestes
1066 2547 1196 2585 leporino
1208 2545 1266 2584 pilo
1275 2545 1367 2588 facere

267 2587 468 2654 teptgtprggffl
488 2589 563 2617 tactu
576 2597 632 2616 non
644 2588 763 2626 perinde
774 2587 855 2617 molli
874 2593 905 2616 ut
922 2587 952 2616 in
965 2593 1031 2616 cute
1041 2608 1050 2622 ,
1070 2592 1184 2624 propter
1195 2584 1367 2614 brevitatem

288 2635 295 2653 1
309 2635 317 2653 1
350 2635 356 2653 1
371 2636 383 2654 a
405 2635 412 2653 1
435 2634 472 2654 as.

247 2634 398 2729 leniporki’s
409 2662 535 2692 brevitas.
575 2662 633 2693 Cic.
648 2673 672 2693 1.
689 2664 742 2693 Att.
760 2669 803 2697 18.
824 2662 960 2692 Brevitate
974 2661 1109 2699 temporis
1118 2667 1175 2690 tam
1185 2668 1275 2699 pauca
1285 2667 1367 2696 coge-

264 2710 306 2729 rer
332 2711 369 2730 cri
391 2710 444 2730 ere.

246 2738 368 2768 Brevitas
380 2739 408 2767 in
418 2737 561 2768 sententia.
602 2738 698 2775 Cic-3.
712 2738 747 2767 de
758 2737 853 2775 Legib.
866 2748 910 2774 40.
934 2738 1007 2767 Nam
1021 2736 1141 2766 brevitas
1155 2744 1215 2765 non
1222 2735 1309 2766 modo
1317 2733 1367 2763 Se·

264 2776 387 2812 natoris,
405 2775 457 2812 sed
468 2776 553 2806 etiam
565 2777 681 2806 oratoris
696 2784 795 2814 magna
805 2776 864 2805 laus
878 2776 916 2805 est
926 2776 955 2804 in
970 2775 1113 2804 sententia.
1309 2810 1315 2815 ·

246 2813 388 2850 judicium
406 2813 574 2843 brevitatum
591 2815 620 2843 in
640 2813 721 2844 sonis.
762 2814 819 2843 Cic.
833 2815 862 2842 in
875 2814 952 2844 Orat.
967 2822 1028 2849 173.
1070 2812 1104 2842 Et
1120 2817 1214 2841 tamen
1239 2818 1367 2839 omnium

265 2851 475 2889 longitudinum
489 2853 514 2881 δι
528 2851 693 2882 brevitatum
710 2853 740 2881 in
758 2851 833 2881 sonis
845 2873 853 2886 ,
874 2852 942 2881 licut
961 2857 1103 2881 acutarum
1124 2850 1303 2887 graviumque
1320 2857 1368 2877 vo-

266 2899 331 2919 cum
342 2912 350 2923 ,
372 2889 509 2925 judicium
521 2889 576 2927 ipsa
591 2896 685 2920 natura
694 2890 723 2919 in
735 2889 955 2919 auribusnostris
966 2888 1123 2918 collocavit.

245 2928 358 2957 Acutior
368 2927 489 2957 brevitas
502 2935 584 2964 atque
594 2928 717 2958 velocior
732 2928 760 2957 in
771 2927 937 2957 urbanitate.
963 2925 1089 2963 Quintil-
1103 2925 1150 2954 lib.
1163 2927 1190 2954 6.
1210 2932 1307 2968 §ap-3·

247 2965 363 2995 concisa
375 2966 501 2995 brevitas.
525 2965 583 2995 Cic.
597 2975 620 3003 3.
631 2966 666 2996 de
675 2965 753 2997 Orat.
763 2975 828 2996 202.
850 2965 883 2995 Et
892 2965 1021 2995 distincte
1027 2963 1136 2994 concisa
1146 2962 1275 2997 brevltas,
1291 2963 1344 2991 Sec.

246 3003 329 3032 Nuda
342 3004 367 3033 &
380 3004 516 3032 inornata.
557 3003 587 3032 V.
609 3015 618 3032 ι
628 3014 649 3033 N
658 3014 676 3033 o
685 3014 702 3033 R
710 3013 732 3033 N
740 3013 759 3033 A
768 3013 788 3033 T
797 3014 815 3033 u
823 3013 844 3032 S.

246 3040 310 3070 Non
322 3042 448 3071 inornata
456 3041 573 3071 brevitas
581 3042 635 3072 eise
644 3042 746 3078 debet,
758 3041 863 3078 alioqui
874 3041 905 3070 fit
913 3040 1036 3069 indocta.
1054 3038 1174 3076 Quintil.
1185 3037 1362 3080 lib.4.cap.3.

246 3077 314 3108 Pura
326 3078 478 3109 &illustris
519 3078 576 3108 Cic.
589 3080 618 3109 in
630 3080 704 3110 Brut.
716 3089 780 3115 292.
803 3078 883 3109 Nihil
891 3079 968 3108 enim
978 3078 1054 3107 estin
1066 3077 1176 3106 historia
1188 3098 1197 3112 ,
1220 3085 1289 3113 pura
1298 3076 1324 3104 δι
1333 3073 1366 3103 11-

264 3116 339 3145 lustri
352 3116 486 3147 brevitate
495 3117 614 3147 dulcius.
655 3118 698 3148 De
707 3118 818 3148 Caesaris
830 3116 1036 3146 commentariis
1055 3115 1194 3152 loquitur,
1215 3115 1244 3143 in
1263 3112 1364 3157 quibus

265 3154 421 3187 huiusmodi
436 3156 552 3185 brevitas
562 3156 746 3193 cognoscitur.
786 3155 908 3185 Brevitas
919 3162 984 3184 vero
995 3153 1044 3183 nisi
1052 3153 1087 3182 sit
1096 3152 1210 3182 illustris
1219 3174 1228 3188 ‚
1251 3151 1283 3181 fit
1293 3150 1365 3181 illud

265 3190 331 3221 Hor.
343 3193 406 3222 Arte
418 3192 491 3223 Poet.
504 3203 549 3228 25.

437 3245 511 3252 ——
523 3231 614 3261 brevis
626 3230 680 3261 effe
692 3231 789 3261 laboro
797 3252 806 3266 ‚

327 3266 466 3297 Obscurus
477 3268 522 3298 fio.

248 3302 369 3333 Brevitas
378 3305 537 3336 Sallustiana
546 3307 660 3336 vitanda
672 3306 719 3336 est.
741 3304 861 3343 Quintil.
877 3303 925 3333 lib.
935 3314 962 3340 4.
976 3313 1036 3341 cap.
1049 3312 1074 3332 2.

249 3340 390 3371 Brevitatis
399 3343 477 3374 causa
487 3366 494 3377 ,
515 3344 618 3374 familia
628 3344 754 3374 contenti
764 3344 867 3374 erimus
876 3352 939 3372 una.
961 3341 1020 3371 Cic.
1033 3350 1060 3370 2.
1072 3339 1131 3371 Off.

250 3377 383 3444 Bgevitate
405 3382 430 3410 δι
449 3380 589 3412 celeritate
612 3382 778 3420 syllabarum
807 3380 889 3412 verba
913 3379 1066 3418 proclivius
1087 3379 1226 3408 labuntur.
1260 3376 1318 3407 Cic.
1335 3376 1365 3406 in

297 3422 344 3445 rat.
365 3427 373 3445 1
402 3427 423 3446 1.

247 3427 534 3496 Brevitate9sententiae
546 3466 603 3486 non
616 3457 680 3487 satis
691 3463 801 3496 apertae.
843 3455 903 3486 Cic.
917 3456 946 3484 in
958 3454 1033 3484 Brut.
1045 3455 1090 3483 66.
1122 3453 1196 3483 Nam
1213 3458 1244 3481 ut
1265 3452 1365 3481 horum

267 3491 381 3534 concisis
398 3492 556 3534 sententiis.
577 3495 718 3525 interdum
741 3497 825 3525 etiam
844 3503 902 3524 non
920 3493 982 3523 satis
1001 3493 1122 3530 apertis,
1145 3499 1211 3520 cum
1232 3490 1365 3519 brevitate

267 3534 326 3556 tum
340 3538 427 3558 nimro
440 3532 566 3560 acumine
578 3554 586 3566 ,
599 3534 651 3562 ἃς.

250 3564 387 3608 Conse-qui
398 3576 460 3596 cum
472 3568 613 3599 brevitate.
652 3569 710 3599 Cic.
722 3579 748 3600 2.
763 3570 798 3599 de
808 3569 904 3608 Legib.
920 3572 964 3603 18.
992 3567 1064 3598 Eum
1076 3575 1182 3596 morem
1200 3565 1285 3602 igitur
1300 3574 1365 3594 cum

269 3601 400 3645 brevitate
421 3605 458 3640 (si
469 3608 609 3643 potuero)
629 3607 787 3645 consequar.
1146 3617 1148 3619 ’

248 3636 369 3669 Brewtas
384 3650 433 3678 pro
447 3641 587 3673 Parvitate.
627 3645 693 3674 Caes.
707 3655 732 3674 2.
753 3644 820 3674 Bell.
832 3643 902 3674 Gall.
916 3653 960 3680 30.
990 3642 1075 3673 Gallis
1097 3651 1152 3679 prae
1171 3650 1214 3669 ma
1235 3638 1366 3669 nitudine

267 3685 416 3713 corporum
423 3678 532 3709 suorum
545 3681 661 3711 brevitas
672 3683 761 3712 nostra
770 3683 926 3712 contemtui
940 3681 987 3712 est.
1022 3679 1098 3710 conf.
1117 3678 1214 3721 Claud.
1248 3678 1303 3715 pig.
1316 3686 1361 3707 20.

267 3715 294 3743 δι
307 3713 407 3744 Pallad.
425 3716 460 3745 de
470 3717 540 3746 Infit.
555 3728 581 3761 v.
594 3728 654 3756 157-

213 3748 234 3780 B
243 3758 258 3778 R
269 3753 353 3794 uvir
363 3761 377 3780 a
387 3761 403 3780 R
414 3774 421 3786 ,
444 3754 509 3782 Adv.
532 3756 581 3789 [ca
599 3756 712 3792 ὲπιπμῆ,
727 3752 864 3793 συντέμω]
886 3756 964 3786 Idem
977 3755 1052 3794 quod
1064 3754 1153 3785 Brevi.
1176 3752 1235 3783 Cic.
1245 3752 1281 3781 de
1294 3752 1366 3781 Ami-

250 3794 298 3817 cit.
312 3792 338 3817 6.
358 3786 451 3832 Itaque
462 3791 547 3820 multa
557 3791 591 3820 ab
601 3802 635 3821 eo
649 3795 801 3830 prudenter
821 3795 958 3832 disputata
968 3816 977 3830 ,
993 3793 1082 3823 multa
1102 3793 1186 3823 etiam
1205 3790 1323 3821 breviter
1338 3791 1364 3819 &c

249 3826 399 3855 commode
411 3827 483 3856 dicta
494 3849 502 3862 ,
523 3831 663 3859 memoriae
676 3831 848 3860 mandabam.

249 3862 331 3893 affari
343 3862 463 3892 breviter
472 3865 598 3902 aliquem.
622 3867 692 3904 Virg.
705 3879 731 3903 4.
744 3868 804 3897 ffin.
817 3873 880 3902 632.

328 3900 403 3930 Turn
416 3900 532 3930 breviter
543 3903 645 3932 Barcen
662 3907 797 3934 nutricem
808 3906 889 3935 affata
899 3905 1008 3936 Sichaei.

249 3938 389 3981 Attingere
399 3937 503 3981 aliquid
514 3939 611 3969 cursim
624 3943 649 3970 &
659 3941 786 3971 breviter.
808 3942 876 3972 Plin.
888 3943 936 3973 lib.
953 3954 977 3973 1.
997 3942 1079 3980 Epist.
1091 3953 1135 3974 20.

248 3976 350 4006 Audire
362 3974 489 4006 breviter.
514 3976 585 4013 Virg.
596 3987 623 4008 2.
639 3979 699 4011 AEn.
712 3989 753 4008 11.

483 1188 638 1226 [Eutropio
649 1188 721 1217 hanc
737 1187 945 1224 inscriptionem
959 1196 994 1216 ex
1011 1184 1062 1215 Ms.
1078 1185 1203 1214 vindicat
1212 1183 1303 1213 Vinet.
1317 1193 1364 1213 cu-

1885 159 1907 193 B
2004 159 2034 195 R
2131 162 2146 196 1

1540 238 1594 268 Sed
1607 238 1623 267 s1
1638 245 1728 269 tantus
1739 250 1815 269 amor
1828 240 1902 270 casus
1911 242 2077 279 cognoscere
2088 242 2194 271 nostros
2204 263 2213 277 ,

1544 276 1575 305 Et
1587 276 1704 306 breviter
1714 278 1803 309 'sna-ie
1815 279 1969 316 supremum
1981 280 2075 308 audire
2088 279 2221 309 laborem.

1450 313 1606 351 Complecti
1618 315 1720 351 aliquid
1730 316 1846 345 breviter
1857 316 2024 346 &absolute
2049 318 2123 346 Auci.
2135 318 2169 346 ad
2181 317 2282 347 Heren.
2300 316 2348 346 li'o.
2364 326 2386 346 1.
2403 321 2443 351 18.

1449 351 1609 381 Describere
1619 353 1721 388 aliquid
1733 353 1851 382 breviter
1863 354 2082 391 summatimque.
2106 355 2154 384 Cic
2173 356 2201 383 in
2213 355 2289 385 Orat.
2307 365 2348 388 ςο.

1452 389 1550 432 Dicere
1560 392 1584 418 &r
1595 400 1737 427 exponere
1749 391 1875 420 breviter.
1917 392 1973 420 Cic.
1988 404 2013 427 4.
2030 392 2102 430 Verr.
2132 393 2206 422 Dicit
2222 403 2293 422 unus
2313 393 2338 422 ἃ
2353 392 2420 421 alter
2430 392 2550 426 breviter-¹.

1472 427 1503 455 ht
1515 428 1598 464 paulo
1610 428 1686 464 post,
1710 428 1852 465 Exponam
1867 429 1946 459 vobis
1955 429 2148 466 breviterquid
2158 430 2324 459 hominissit.
2347 430 2380 459 Et
2392 439 2414 459 1.
2433 432 2467 459 de
2480 432 2551 463 Orat.
2580 457 2582 461 .

1473 474 1533 501 107.
1555 465 1654 501 Neque
1665 466 1797 502 gravabor
1806 466 1927 496 breviter
1937 477 2000 496 meo
2016 477 2093 500 vmore
2111 468 2179 505 quid
2198 477 2306 505 quaque
2322 467 2358 497 de
2375 477 2404 497 re
2423 466 2553 507 sentiam,
2577 476 2578 484 ¹

1473 503 1574 531 dicere.
1596 503 1671 532 conf.
1693 504 1763 540 Nep.
1779 514 1824 540 ας.
1841 510 1881 538 18.
1896 509 1921 534 6.

1450 540 1550 569 Dicere
1560 540 1664 577 aliquid
1675 540 1794 571 breviter
1805 544 1831 571 ἃ
1841 543 1869 571 in
1881 541 2040 572 transcursu.
2068 541 2136 572 Plin.
2150 542 2198 573 lib.
2212 552 2237 580 3.
2252 552 2313 580 cap.
2328 553 2352 579 5.

1451 577 1512 607 Fari
1523 577 1651 607 breviter.
1673 578 1745 616 Virg.
1758 584 1783 609 6.
1800 581 1861 610 AEn.
1875 589 1938 612 ³21.
2576 583 2577 592 ³

1453 615 1582 653 Compar.
1604 616 1726 646 Brevius.
1749 617 1806 647 Cic.
1821 630 1847 653 4.
1860 617 1920 647 Fin.
1935 627 1978 647 10.
2009 616 2095 653 Quod
2112 626 2164 655 ego
2181 617 2306 656 pluribus
2325 616 2415 647 verbis
2426 639 2435 654 ‚
2453 617 2558 656 illibre,

1472 655 1542 683 vius.
1562 653 1637 683 cons.
1659 653 1736 683 Idem
1750 664 1772 690 3.
1795 655 1867 685 Fam.
1885 661 1911 689 8.

1452 692 1507 730 Spe
1518 692 1625 720 brevius
1635 713 1643 726 ,
1665 692 1753 721 Citius
1763 702 1844 729 quam
1857 699 1976 730 putaras.
1998 692 2084 722 Ovid.
2096 691 2175 723 Rern.
2185 693 2277 723 Amor.
2291 698 2357 729 804.
2575 704 2577 720 i

1532 730 1586 767 Spe
1597 728 1707 759 brevius
1718 731 1830 760 monitis
1841 731 1989 768 expediere
2007 731 2085 759 meis.
2575 721 2577 743 i

1451 767 1559 834 Sgperl.
1573 767 1750 840 JBrpyiffime.
1773 768 1966 805 [Cgoexu‘mm]
1994 767 2055 798 Cic.
2067 777 2092 804 7.
2111 767 2184 797 Verr.
2197 777 2239 806 13.
2269 768 2392 799 Tantum
2407 767 2557 805 brevissime
2573 770 2577 803 ἐ

1492 815 1553 839 1CO,
1591 815 1607 834 u
1630 814 1695 834 lces.
2574 827 2576 832 =

1450 842 1601 910 Usgrpatur
1610 843 1635 872 &
1647 843 1682 872 de
1690 850 1826 881 ternpore.
1848 849 1896 878 ut,
1916 843 2021 873 Iratum
2035 843 2153 873 breviter
2162 843 2242 880 vites,
2255 843 2402 875 inimicum
2413 845 2469 876 diu.
2482 845 2555 880 Publ.
2573 842 2576 881 J'

1508 890 1581 918 yrus.
2574 890 2575 894 ¹

1414 915 1575 953 Burrum,
1595 917 1686 954 [Ptol.
1708 919 1817 954 ngeuvo'c]
1840 918 1929 948 Plinio
1945 918 2018 947 inter
2040 918 2152 956 Alpinas
2173 925 2270 957 gentes
2289 927 2477 951 numerantur.
2515 902 2577 954 Sici
2599 938 2604 944 ·

1452 957 1528 986 enim
1537 965 1572 985 ex
1582 954 1760 993 inscriptione
1770 956 1888 994 trophaei
1898 956 2008 994 Alpium
2019 956 2068 986 lib.
2083 965 2105 990 ζ.
2119 966 2177 994 cap.
2190 967 2234 987 20.
2257 957 2361 988 Gentes
2374 958 2476 996 Alpinae
2485 960 2558 992 devi-
2571 966 2577 994 ξ
2589 962 2604 995 „l

1452 996 1520 1028 ctae,
1542 993 1741 1031 Triumpilini,
1762 994 1879 1023 Camoni
1892 1017 1900 1029 ,
1917 994 2057 1030 Venostes,
2080 994 2267 1030 Vennonetes,
2288 996 2378 1032 Isarci,
2390 997 2498 1033 Breuni,
2507 1000 2577 1030 &ml
2599 1024 2604 1036 ⁴

1450 1032 1568 1062 Veloces
1583 1031 1693 1061 Breuni.
1730 1032 1797 1061 Hor.
1810 1043 1835 1067 4.
1858 1032 1948 1061 Carm.
1965 1042 2007 1067 14.
2023 1042 2066 1062 11.
2098 1032 2153 1061 Ubi
2174 1033 2208 1062 al.
2230 1033 2343 1063 Brenni.
2383 1034 2459 1064 Sunt<
2487 1037 2557 1068 ui'&
2595 1050 2604 1071 t

1470 1070 1568 1100 Brenci
1579 1092 1586 1105 ,
1600 1070 1718 1099 Breones
1728 1069 1771 1098 vel
1782 1069 1896 1099 Briones
1907 1068 2035 1099 efferunt.
2076 1069 2185 1100 Dicitur
2195 1071 2286 1103 adhuc
2298 1071 2341 1101 val
2352 1075 2457 1108 Bregna,
2494 1083 2556 1106 erm.
2572 1085 2573 1108 1
2593 1089 2604 1107 1

1470 1108 1587 1144 Palenser
1601 1108 1657 1134 thal
1666 1129 1674 1142 ‚
1693 1107 1759 1137 teste
1768 1108 1880 1137 Schudo
1893 1107 1928 1137 de
1939 1107 2025 1137 Prisca
2034 1107 2246 1145 AlpinaRhaetia
2282 1132 2287 1138 .
2299 1119 2344 1146 97.
2360 1110 2408 1147 qui
2418 1117 2560 1149 negarem-
2572 1106 2577 1130 ¹³
2587 1120 2604 1144 -1

1471 1147 1536 1176 dem
1547 1144 1600 1185 effe
1613 1144 1737 1175 Breunos
1747 1145 1889 1176 Ptolemaei
1900 1155 1932 1175 ac
1943 1145 2042 1182 Plinii,
2062 1146 2139 1184 quod
2147 1145 2237 1176 asserit
2249 1119 2335 1177 iiard.
2574 1159 2575 1162 ¹
2595 1152 2600 1160 '

1874 1210 1898 1243 Β
1993 1210 2023 1245 R
2119 1210 2135 1245 I
2529 1207 2577 1250 '„

1412 1259 1480 1289 Bur
1492 1266 1528 1293 A,
1561 1256 1593 1286 V.
1615 1255 1686 1286 infra
1702 1256 1732 1285 in
1755 1266 1958 1287 ΜΒΝΒΒΜΛ.

1414 1297 1435 1328 Β
1445 1297 1480 1325 1ιῖ
1490 1297 1507 1323 A
1518 1306 1533 1325 r.
1541 1305 1556 1324 s
1565 1305 1582 1324 u
1594 1304 1615 1330 s,
1631 1293 1726 1332 trisyll.
1739 1295 1893 1331 [amem]
1905 1294 1996 1332 Gigas,
2008 1294 2075 1325 Caeli
2086 1294 2216 1326 &Terrae
2229 1295 2303 1325 filius
2314 1295 2377 1331 fuit,
2387 1295 2442 1326 alio
2450 1298 2558 1331 nomine
2570 1305 2577 1322 Γ
2587 1309 2604 1333 η

1450 1334 1563 1369 ffigaeon
1573 1333 1760 1370 dictus,quem
1770 1333 1935 1370 perpulchre
1944 1334 1986 1363 his
1997 1333 2115 1363 verfibus
2127 1334 2557 1374 depinxitVirg.10.AEn.565.&c.
2569 1342 2576 1367 <1
2588 1347 2604 1376 ,ἶ

1531 1371 1644 1408 AEgaeon
1654 1369 1758 1406 qualis,
1779 1379 1892 1400 centum
1907 1371 1952 1400 cui
1964 1371 2074 1400 brachia
2082 1372 2198 1407 dicunt,
2572 1377 2577 1405 ἒ
2598 1399 2599 1405 .

1532 1408 1722 1444 Centenasque
1733 1417 1830 1438 manus
1843 1418 1849 1438 ε
1871 1409 2069 1449 quinquaginta
2080 1409 2172 1439 oribus
2184 1410 2278 1448 ignem

1530 1445 1743 1483 Pectoribusque
1758 1446 1862 1476 arsisse:
1882 1446 1959 1482 Jovis
1970 1457 2055 1484 quum
2069 1447 2187 1477 fulmina
2197 1455 2296 1477 contra
2570 1463 2576 1486 »ς
2599 1470 2604 1476 .

1530 1484 1589 1515 Tot
1599 1483 1708 1522 paribus
1719 1484 1850 1522 streperet
1860 1484 1982 1522 clypeis,
2005 1492 2046 1514 tot
2056 1485 2199 1523 stringeret
2208 1485 2295 1516 enses.
2405 1499 2414 1510 ι
2570 1485 2576 1519 '3
2590 1496 2604 1525 'A

1449 1523 1698 1560 centumgeminus
1710 1521 1843 1552 Briareus.
1867 1522 1937 1560 Virg.
1950 1526 1976 1552 6.
1988 1523 2050 1553 ffin.
2064 1529 2128 1559 287.
2570 1523 2604 1578 j

1543 1561 1577 1590 Et
1590 1561 1832 1597 centumgeminus
1847 1560 1989 1597 Briareus,
2010 1564 2045 1591 ¹ac
2057 1559 2149 1591 bellua
2156 1559 2261 1591 Lernae.
2571 1557 2576 1596 ι’

1450 1599 1545 1629 Vastus
1555 1598 1687 1628 Briareus.
1709 1598 1774 1628 Sen.
1788 1597 1877 1628 OEth.
1890 1608 1917 1628 2.

1412 1638 1434 1669 B
1443 1640 1503 1668 11ῑῆ
1512 1647 1529 1666 a
1538 1640 1555 1666 ἓ
1564 1647 1573 1665 1
1582 1646 1599 1665 u
1608 1646 1639 1679 s,
1660 1645 1676 1665 a
1685 1658 1693 1671 ,
1706 1645 1763 1665 um.
1783 1636 1842 1672 Adj.
1860 1636 1982 1673 quinque
1991 1635 2084 1674 syllab.
2097 1636 2195 1667 Claud.
2205 1637 2240 1668 de
2250 1636 2333 1675 Rape
2344 1636 2553 1676 Proserp.3.188.
2562 1624 2592 1673 tis

1530 1674 1652 1713 Appeti1t
1661 1680 1774 1703 centum
1782 1673 1902 1703 Briareia
1913 1674 1993 1703 turba
2008 1675 2124 1704 lacertis.
2571 1674 2583 1696 Γ

1412 1713 1433 1745 Β
1442 1724 1457 1743 a
1467 1725 1476 1742 1
1488 1723 1507 1742 A
1515 1722 1526 1742 s
1538 1734 1547 1748 ,
1570 1712 1639 1741 adis.
1663 1711 1732 1741 Urbs
1742 1711 1780 1741 est
1789 1712 1891 1741 Pisidiae
1901 1713 2022 1750 regionis
2031 1713 2061 1741 in
2072 1713 2129 1742 Asia
2140 1734 2149 1749 ‚

1449 1753 1559 1789 tiquum
1566 1750 1732 1788 ‘scriptorem
1740 1750 1836 1779 testem
1844 1750 1943 1781 citans.
2192 1788 2194 1790 r
2568 1764 2576 1811 ἦ

1410 1791 1432 1821 Β
1441 1801 1458 1820 R
1468 1801 1477 1819 1
1486 1798 1504 1818 G
1514 1799 1534 1818 A
1543 1798 1564 1817 N
1572 1798 1592 1817 T
1602 1798 1617 1817 13
1625 1797 1652 1823 s,
1664 1798 1721 1817 um.
1743 1788 1781 1825 pl.
1803 1785 1966 1824 [δείραντες]
1987 1787 2084 1826 Populi
2095 1788 2124 1817 in
2135 1787 2353 1827 septentrionali
2362 1794 2439 1827 parte
2449 1787 2553 1828 Angliae.
2560 1803 2579 1825 -ιμ

1449 1828 1549 1864 Juven.
1566 1836 1609 1863 14.
1624 1826 1679 1855 Sat.
1693 1830 1754 1861 196.
1768 1825 1859 1855 Tacit.
1876 1835 1918 1855 12.
1934 1827 2002 1855 Ann.
2015 1836 2057 1863 32.
2073 1827 2099 1856 ἃ
2111 1826 2171 1856 Vita
2182 1828 2269 1864 Agric.
2283 1836 2343 1864 cap.
2359 1836 2401 1863 17.
2568 1842 2577 1868 ,1
2590 1835 2591 1838 ’

1412 1866 1434 1897 Β
1445 1877 1461 1895 a
1469 1877 1479 1895 r
1488 1875 1506 1894 G
1513 1875 1533 1894 A
1542 1874 1562 1894 N
1572 1869 1615 1894 '1:⁴13
1624 1873 1647 1900 s,
1659 1863 1810 1893 Vermiculi
1821 1864 1869 1901 qui
1880 1863 1945 1894 cilia
1954 1873 2029 1894 arare
2038 1865 2065 1894 &
2076 1863 2234 1894 exulcerare
2246 1864 2342 1894 solent.
2361 1863 2476 1895 Marcel.
2483 1858 2583 1919 Empti}

1414 1942 1435 1973 B
1445 1908 1566 1971 :sige-N
1574 1946 1595 1969 'r
1603 1949 1652 1983 ¹:⁴³³
1661 1949 1691 1968 ae.
1702 1938 1721 1968 f.
1734 1938 1778 1968 vel
1789 1938 1809 1968 B
1819 1949 1836 1968 11
1846 1950 1856 1968 1
1867 1949 1886 1968 G
1897 1947 1915 1967 A
1926 1948 1949 1968 N
1958 1948 1977 1968 T
1986 1950 2022 1969 ru
2030 1951 2068 1975 Μ,
2085 1940 2145 1983 i.·n.
2166 1935 2334 1977 [Βμγένπυ]
2355 1939 2490 1978 oppidum
2499 1926 2582 1978 vindi*

1448 1979 1604 2009 delicorum
1611 1983 1689 2014 Juxta
1697 1977 1826 2007 Rhenum
1837 1999 1846 2013 ,
1866 1977 1901 2012 ad
1910 1977 2003 2007 lacum
2015 1979 2172 2008 Acronrum.
2209 1979 2239 2008 V.
2259 1979 2346 2008 Strab.
2360 1979 2410 2008 lib.
2421 1990 2448 2015 4.
2468 1980 2493 2010 ἃ
2503 1978 2578 2024 pist-12²

1447 2017 1515 2085 &md
1527 2017 1661 2046 Ammian.
1674 2025 1716 2053 ις.
1729 2026 1754 2051 4.
1769 2015 1914 2045 Panciroll.
1927 2016 1993 2046 Not.
2006 2015 2077 2055 Imp.
2088 2016 2187 2046 Occid.
2198 2022 2307 2055 cap.82.
2329 2016 2423 2047 Hodie
2432 2021 2585 2058 Bregma-..13

1477 2065 1495 2084 n
1517 2065 1532 2085 e
1541 2077 1551 2090 ,
2565 2066 2571 2091 ,1

1410 2094 1431 2124 E
1442 2104 1474 2122 ar
1483 2103 1501 2122 c—
1510 2104 1528 2122 a
1537 2102 1558 2122 N
1568 2101 1588 2121 T
1596 2103 1605 2120 1
1615 2103 1625 2121 1
1634 2113 1643 2127 ‚
1665 2091 1788 2128 eJusdem
1799 2091 1824 2121 O
1847 2091 1906 2129 pidi
1916 2091 2025 2121 incolae.
2048 2092 2137 2122 Strab.
2149 2103 2177 2131 p.
2191 2101 2252 2128 142.
2270 2093 2297 2122 ἀ
2564 2101 2582 2124 i.

1411 2132 1432 2162 B
1442 2142 1458 2160 a
1469 2142 1478 2160 1
1489 2141 1507 2159 c
1517 2141 1536 2159 A
1545 2140 1565 2159 N
1576 2140 1596 2159 T
1607 2140 1617 2159 1
1627 2139 1648 2159 Ν
1657 2139 1694 2173 ⁰.⁵
1706 2129 1793 2173 Lacus
1809 2101 1921 2160 Rliiaetiae
1929 2152 1938 2166 ,
1958 2131 2031 2160 inter
2044 2130 2125 2168 Alpes
2133 2152 2142 2165 ‚
2163 2131 2210 2168 qui
2219 2130 2347 2160 mustelas
2357 2131 2470 2160 marinis
2479 2137 2579 2166 κων-φ’.

1450 2169 1489 2198 las
1498 2173 1619 2206 generat.
1642 2167 1711 2197 Phn:
1724 2167 1773 2197 lib.
1785 2177 1810 2202 9.
1824 2176 1885 2205 cap.
1899 2177 1940 2204 17.
2072 2178 2082 2193 κ
2570 2202 2571 2206 ¹

1412 2207 1433 2237 B
1444 2216 1460 2236 R
1471 2218 1480 2235 1
1490 2216 1508 2235 G
1517 2216 1536 2235 A
1546 2216 1566 2235 Ν
1577 2215 1596 2235 ‘r
1605 2217 1615 2234 1
1625 2215 1672 2234 um
1683 2228 1691 2241 ,
1713 2201 1897 2242 [Bwa'umr]
1916 2203 1970 2236 His
1986 2206 2054 2236 aniae
2063 2206 2178 2236 civitas:
2199 2205 2283 2243 vulgo
2298 2206 2385 2235 hodie
2396 2204 2554 2242 Compolleua,

1451 2244 1588 2282 oppidum
1595 2243 1680 2273 sancii
1688 2242 1786 2279 Jacobi
1800 2251 1924 2274 vocatur.
1964 2215 2114 2274 {tolemaeo
2129 2244 2251 2274 Flavium
2268 2244 2438 2282 Brigantium
2453 2243 2554 2274 dicitur.
2568 2259 2580 2294 ,L

2171 1712 2268 1743 Strabo
2278 1735 2287 1748 ‚
2308 1712 2556 1744 Artemidoruman-
2563 1697 2581 1763 *l

1450 2282 1531 2312 Est&
1540 2282 1709 2319 Brigantium
1721 2303 1729 2316 ,
1750 2280 1976 2311 Cenomanorum
1984 2281 2047 2311 urbs
2058 2282 2205 2312 Ptolemaeo
2217 2304 2225 2315 ,
2246 2281 2330 2320 vulgo
2341 2284 2466 2319 Brianfom
2511 2291 2513 2293 ¹
2579 2305 2582 2312 ,

1413 2321 1434 2351 Β
1444 2331 1461 2349 R
1472 2331 1481 2349 1
1491 2330 1509 2349 c
1518 2330 1528 2349 1
1539 2330 1559 2348 A
1567 2329 1586 2348 Ν
1596 2330 1605 2347 1
1615 2341 1622 2355 ,
1645 2319 1743 2357 Populi
1756 2319 1826 2348 inter
1835 2318 1946 2363 {Ilpinas
1956 2326 2062 2357 gentes,
2075 2320 2164 2350 Plinio
2175 2326 2356 2350 numerantur
2366 2329 2475 2359 capan-
2484 2298 2581 2360 lib.3.{i'

1452 2358 1536 2388 Hard.
1549 2363 1628 2396 putat
1637 2357 1752 2387 eosdem
1761 2367 1794 2386 ac
1804 2356 1957 2395 Brigantios
1968 2358 2162 2395 Delphinatus.
2489 2381 2491 2383 ι

1414 2397 1435 2427 Β
1444 2406 1460 2425 R
1470 2407 1479 2425 1
1490 2407 1505 2425 1.
1515 2405 1530 2424 13
1538 2405 1550 2425 s
1559 2405 1571 2425 s
1581 2405 1600 2424 u
1609 2405 1621 2424 s
1631 2417 1639 2431 ,
1660 2395 1800 2432 AEgialeus
1810 2394 1901 2425 dictus
1914 2418 1921 2432 ,
1944 2396 2039 2425 Atticae
2047 2406 2127 2426 mons
2137 2396 2183 2426 est.
2199 2396 2302 2425 Auc'tor
2312 2394 2381 2425 Plin.
2392 2394 2552 2438 lib.4.cap.7.

1414 2435 1434 2464 B
1445 2443 1461 2463 R
1470 2445 1479 2478 ¹.
1489 2443 1557 2501 111ξῖ
1565 2444 1584 2462 υ
1590 2443 1632 2500 lhib'
1652 2432 1737 2463 mons
1747 2433 1784 2462 est
1792 2434 1888 2463 Atticae
1897 2434 2020 2472 regionis
2031 2444 2120 2472 prope
2138 2434 2271 2464 Tharnen
2282 2443 2290 2463 ε
2313 2432 2452 2472 utriusque
2470 2441 2553 2462 memi-

1451 2478 1494 2501 nit
1541 2481 1579 2500 in.
1631 2493 1638 2500 .
1654 2481 1696 2500 11.
1716 2480 1747 2500 ca
1770 2479 1836 2505 .3.

1413 2511 1433 2540 Β
1444 2520 1459 2538 a
1468 2514 1481 2539 ῑ
1491 2521 1511 2538 Μ
1521 2519 1538 2538 o
1550 2531 1559 2544 ,
1580 2509 1620 2539 us.
1640 2509 1660 2538 f.
1683 2480 1827 2545 [scaevus
1836 2508 1930 2539 Unum
1946 2508 1984 2538 est
1995 2517 2032 2539 ex
2044 2508 2163 2539 Hecates
2171 2531 2180 2545 ,
2199 2509 2254 2539 five
2270 2508 2436 2547 Proserpinae
2448 2506 2548 2537 nomini

1453 2548 1502 2577 bus
1514 2569 1521 2582 ‚
1544 2544 1589 2573 xm*
1606 2547 1638 2573 rr}
1656 2545 1754 2581 Cap-<iv
1765 2568 1773 2581 ,
1796 2548 1850 2576 hoc
1860 2547 2078 2576 estaTerrendo
2089 2547 2247 2585 impositum
2258 2568 2266 2582 ,
2288 2556 2321 2576 eo
2341 2546 2417 2583 quod
2433 2547 2573 2586 nocturnas

1452 2584 1676 2614 terriculamenta
1686 2584 1720 2613 ab
1729 2594 1761 2613 ea
1772 2585 1886 2614 immitti
1897 2584 2081 2615 credebantur
2091 2607 2099 2620 ,
2120 2591 2151 2622 ut
2163 2595 2198 2615 ex
2214 2584 2355 2623 Apollonii
2370 2582 2545 2622 interpretibu
2570 2589 2578 2614 2

1451 2623 1594 2653 annotavit
1608 2622 1672 2651 Cael.
1684 2622 1803 2661 Rhodig.
1822 2622 1872 2652 lib.
1886 2632 1926 2652 11.
1950 2633 2010 2661 cap.
2026 2626 2067 2652 16.
2092 2623 2212 2661 Propert.
2225 2632 2252 2654 2.
2264 2632 2290 2653 2.
2306 2626 2351 2658 64.
2563 2619 2574 2633 ¹'

1532 2660 1674 2690 Mercurio
1688 2660 1797 2690 'sanctus
1807 2660 1892 2690 fertur
1907 2660 2056 2690 Boebeidos
2067 2661 2149 2690 undis
2560 2661 2566 2689 J

1572 2697 1732 2736 Virgincum
1745 2697 1835 2728 Brimo
1847 2698 2030 2737 composuisse
2043 2698 2123 2728 latus.
2217 2698 2264 2728 sed
2276 2698 2349 2728 varia
2358 2697 2396 2727 est
2408 2696 2499 2727 leetio.
2526 2693 2574 2750 VI}

1450 2746 1568 2765 soessr
1580 2746 1601 2765 s.
1623 2736 1696 2765 conf.
1708 2736 1774 2765 Stat.
1788 2746 1812 2766 2.
1829 2736 1897 2766 Silv.
1913 2745 1936 2773 3.
1950 2742 1993 2773 38.
2007 2736 2116 2774 Micyll.
2138 2736 2174 2766 ad
2194 2736 2306 2766 Boccat.
2334 2735 2445 2766 Geneal.
2457 2744 2485 2773 p.
2499 2740 2565 2783 2734

1451 2773 1544 2805 Schol.
1559 2774 1737 2817 Apollomad
1747 2772 1766 2803 l.
1779 2783 1805 2809 3.
2549 2786 2563 2812 7

1414 2812 1435 2842 B
1445 2822 1498 2841 ars
1510 2822 1528 2840 A
1543 2834 1551 2846 ,
1574 2821 1604 2840 ae.
1628 2812 1753 2848 [saum]
1774 2811 1996 2841 Promontorium
2005 2811 2106 2847 Lesbi,
2127 2811 2157 2841 in
2168 2820 2222 2849 quo
2234 2809 2374 2849 Dionysus
2387 2810 2502 2846 colitur‚.
2516 2817 2573 2851 qutg‘

1451 2850 1485 2879 ab
1498 2858 1533 2879 eo
1546 2849 1658 2879 Brisaeus
1674 2848 1836 2886 appellatur.
1861 2849 1994 2887 Stephan.
2456 2866 2458 2869 -

1411 2887 1433 2917 B
1444 2897 1551 2923 RrsA,
1572 2897 1603 2917 ae.
1626 2887 1684 2916 Uva
1697 2887 1791 2916 Latine
1801 2888 1903 2917 dicitur
1918 2908 1926 2922 ,
1948 2897 2033 2924 quum
2051 2886 2170 2924 pedibus
2188 2886 2225 2917 ad
2238 2886 2453 2925 exprimendum
2470 2884 2562 2926 vinum*
2578 2886 2580 2890 ’

1450 2925 1580 2955 calcatur.
1620 2924 1758 2954 Columel.
1771 2925 1820 2955 lib.
1837 2935 1879 2955 12.
1895 2934 1956 2962 cap.
1968 2934 2010 2959 39.
2041 2925 2115 2954 Tum
2134 2924 2298 2962 permiscere
2314 2926 2340 2954 ἀ
2360 2923 2496 2967 [1111αᾶ11111
2510 2920 2561 2965 bn}

1450 2963 1506 2992 sam
1522 2962 1766 3001 praelosubjicere,
1787 2962 1948 3001 passumque
1960 2962 2153 2992 secundarium
2168 2985 2176 2999 ‚
2197 2963 2287 2992 statim
2305 2961 2371 2992 vasis
2392 2960 2512 2991 oblinitis
2522 2960 2567 2988 md
2603 2962 2604 2966 ¹

1454 3001 1568 3030 cludere
1578 3010 1614 3030 ne
1625 3000 1673 3030 liat
1686 3001 1824 3030 austerius.
2548 3032 2550 3035 ,
2576 3000 2586 3003 ’“

1413 3039 1459 3069 Ba
1469 3049 1498 3068 rs
1509 3048 1580 3068 sius
1590 3060 1597 3074 ‚
1620 3039 1639 3068 i.
1660 3049 1696 3068 m.
1719 3038 1882 3075 Cognomen
1898 3037 2017 3073 Bacchi,
2037 3037 2082 3067 vel
2097 3047 2112 3067 a
2128 3036 2200 3067 Brisa
2214 3036 2294 3067 Lesbi
2309 3035 2551 3077 promontoriofve

1453 3077 1528 3114 quod
1536 3086 1618 3106 uvam
1629 3077 1765 3106 invenerit
1775 3078 1800 3106 Sc
1811 3074 1977 3113 expresserit.
2018 3075 2130 3104 Tribuit
2141 3075 2211 3104 illud
2230 3075 2297 3104 Pers.
2312 3085 2335 3104 1.
2346 3076 2401 3105 Sat.
2414 3078 2457 3110 76.
2483 3073 2551 3102 Accu

1450 3122 1554 3152 poetae,
1567 3114 1613 3143 vel
1624 3114 1689 3151 quia
1698 3114 1787 3143 Poetae
1797 3114 1893 3151 tragici
1905 3113 1934 3142 in
1948 3112 2039 3142 Liberi
2050 3113 2135 3151 patris
2145 3113 2207 3143 sunt
2218 3113 2304 3144 tutela
2315 3125 2323 3148 3
2344 3112 2389 3143 vel
2397 3112 2458 3150 quia
2466 3107 2552 3154 scripfil

1450 3152 1628 3190 Tragoediam
1637 3173 1645 3187 ‚
1670 3151 1818 3181 Bacchum.
2514 3152 2515 3155 ’
2557 3149 2561 3188 ζ

1415 3190 1436 3221 Β
1446 3200 1461 3219 R
1471 3201 1480 3219 1
1489 3200 1501 3220 s
1511 3198 1554 3219 AB
1563 3200 1579 3219 R
1588 3201 1597 3218 1
1607 3198 1659 3218 τῆς
1670 3211 1678 3225 ,
1695 3189 1759 3219 Afiae
1769 3187 1883 3227 populi,
1898 3197 2016 3226 quorum
2027 3189 2202 3218 mentionem
2213 3188 2278 3217 facit
2288 3187 2357 3217 Plin.
2368 3186 2445 3217 lib.6.
2455 3195 2512 3225 cap.
2558 3195 2559 3200 ¹

1414 3228 1574 3258 Barssrs.
1606 3227 1636 3256 V.
1658 3227 1717 3265 post
1728 3227 1793 3256 dict.
1812 3226 1866 3263 seq.
2553 3229 2555 3236 ⁴
2572 3240 2585 3263 3.

1413 3266 1434 3296 B
1443 3276 1459 3295 a
1468 3273 1520 3295 rsa
1529 3275 1541 3295 s
1554 3286 1562 3301 ‚
1584 3266 1611 3295 δε
1628 3264 1649 3294 C
1660 3274 1680 3293 H
1689 3275 1704 3293 R
1714 3274 1753 3294 rs
1763 3275 1777 3293 s
1787 3274 1799 3294 s
1809 3286 1816 3300 ,
1840 3264 1943 3294 Fratres
1959 3269 2038 3292 erant
2049 3285 2057 3297 ,
2079 3268 2158 3301 patre
2175 3262 2248 3300 Ardy
2260 3262 2413 3329 ¹progeniti.
2457 3259 2528 3304 Horu

1450 3304 1519 3333 alter
1529 3303 1694 3341 Astynomen
1707 3302 1791 3331 filiam
1802 3324 1810 3337 ,
1831 3301 1865 3331 ab
1885 3301 2008 3331 Homero
2030 3301 2131 3330 dietam
2152 3310 2168 3330 a
2185 3300 2257 3338 Chry
2271 3310 2286 3329 e
2306 3306 2382 3338 patre
2403 3294 2543 3338 Chryseida
2569 3297 2578 3316 ¹*

1451 3340 1585 3379 suscepit:
1606 3340 1675 3370 alter
1688 3339 1907 3378 Hippodamiam
1918 3361 1926 3373 ‚
1948 3348 2031 3376 quam
2046 3339 2183 3369 Homerus
2194 3347 2307 3376 quoque
2318 3348 2333 3367 a
2348 3343 2423 3375 patre
2431 3334 2499 3366 Brise
2506 3332 2558 3373 Bm:
2572 3339 2573 3343 ¹

1452 3379 1528 3408 seida
1539 3378 1669 3417 appellat.
1690 3377 1810 3407 Eustath.
1844 3376 1874 3406 V.
1897 3376 2016 3413 Rhodig.
2039 3376 2088 3406 lib.
2101 3386 2146 3412 24.
2170 3384 2229 3413 cap.
2245 3380 2271 3405 6.
2443 3410 2449 3416 -
2462 3409 2469 3416 ,
2552 3380 2589 3410 ’,ἵ-

1412 3417 1531 3451 Βιυεέιε,
1543 3417 1606 3446 idis.
1623 3417 1640 3446 f.
1654 3416 1778 3452 [nemis]
1792 3414 1913 3445 Homero
1926 3414 2001 3444 Iliad.
2012 3424 2034 3443 r.
2049 3414 2164 3452 Phrygia
2172 3413 2275 3451 puella,
2285 3412 2372 3442 forma
2385 3409 2492 3443 nobilis,
2502 3415 2538 3449 qu·
2556 3430 2557 3438 .
2570 3416 2585 3448 πρ

1451 3461 1531 3492 capta
1542 3464 1577 3484 ex
1590 3452 1718 3492 Lyrneffo
1728 3454 1801 3489 regIa
1811 3452 1933 3485 mineris,
1946 3452 2042 3481 Achilli
2055 3453 2084 3481 in
2092 3453 2191 3481 sortem
2203 3450 2288 3480 cessit.
2300 3450 2371 3480 Alias
2380 3446 2539 3486 Hippodarm
2589 3488 2594 3496 .

2549 3599 2552 3612 i

2549 3614 2552 3635 i

1451 3492 1605 3531 appellata,
1628 3499 1658 3521 ut
1667 3501 1701 3520 ex
1712 3491 1856 3520 Eustachio
1867 3490 1950 3518 docet
1963 3489 2028 3519 Cael.
2038 3489 2131 3519 Rhod.
2147 3497 2188 3526 13.
2202 3498 2227 3526 3.
2240 3489 2306 3518 Hor.
2317 3497 2343 3517 2.
2363 3487 2451 3517 Carm.
2462 3494 2489 3520 4.
2499 3491 2522 3520 3·

1645 3544 1720 3550 ———
1738 3529 1813 3567 prius
1828 3526 1994 3557 insolentem

1544 3567 1627 3597 Serva
1636 3565 1734 3596 Briseis
1749 3567 1830 3595 niveo
1840 3565 1934 3594 colore

1679 3604 1767 3634 Movit
1781 3602 1922 3632 Achillem.
2589 3579 2592 3581 ’

1453 3641 1583 3673 Formosa
1593 3641 1699 3671 Briseis.
1720 3641 1841 3679 Propert.
1851 3649 1877 3670 2.
1890 3646 1914 3674 8.
1931 3648 1973 3675 35.

1453 3680 1590 3714 Briseida,
1611 3679 1699 3709 accus.
1727 3679 1848 3716 Propert.
1866 3677 1912 3707 lib.
1925 3687 1951 3706 2.
1965 3682 1990 3710 8.
2005 3685 2049 3712 35.

2005 3602 2079 3634 conf.
2092 3600 2178 3632 Ovid.
2191 3609 2217 3637 ι.
2238 3600 2322 3639 Epist.
2338 3608 2361 3629 1.
2374 3597 2413 3638 sq.

1533 3718 1638 3747 Omnia
1652 3717 1800 3746 formosam
1810 3722 1922 3753 propter
1933 3715 2053 3745 Briseida
2065 3713 2163 3753 passus.

1454 3755 1552 3790 Brisei,
1575 3765 1636 3784 voc.
1658 3755 1742 3784 Ovid.
1755 3764 1780 3784 2.
1799 3755 1834 3783 de
1846 3754 1906 3783 Arte
1919 3754 1976 3782 Am.
1994 3761 2055 3788 713.
2464 3777 2468 3780 f
2548 3774 2549 3779 ,
2601 3782 2604 3786 ¹

1535 3792 1591 3822 lllis
1601 3799 1629 3822 te
1642 3792 1769 3822 manibus
1781 3791 1855 3828 tangi
1866 3790 1946 3820 Brisei
1960 3789 2074 3819 sinebas.
2548 3781 2549 3831 i
2590 3792 2591 3796 ¹

1454 3829 1576 3859 Briseide
1587 3853 1594 3866 ‚
1618 3830 1671 3859 abl.
1693 3830 1775 3859 Ovid.
1790 3829 1868 3858 Rem.
1881 3829 1973 3857 Amor.
1990 3836 2052 3864 777.
2102 3864 2107 3869 .
2190 3835 2192 3837 ·
2263 3842 2267 3847 =
2548 3835 2549 3843 ¹
2600 3833 2604 3837 ·

1535 3867 1597 3896 Hoc
1608 3869 1634 3897 Sc
1648 3868 1676 3896 in
1689 3867 1808 3897 abducta
1817 3865 1936 3895 Briseide
1948 3865 2031 3894 flebat
2041 3861 2170 3894 Achilles-
2548 3876 2549 3890 1
2585 3875 2588 3879 -
2601 3888 2602 3891 ,

1415 3905 1437 3935 Β
1448 3915 1480 3933 111
1493 3914 1539 3933 TA
1551 3914 1647 3934 NNrA
1660 3927 1667 3938 ,
1696 3915 1744 3943 per
1765 3903 1870 3942 duplex
1892 3913 1921 3932 N.
1957 3902 2139 3938 [net-mmai]
2168 3898 2259 3930 Insula
2275 3899 2305 3929 in
2326 3898 2439 3928 Oceano
2453 3893 2528 3936 Septe
2566 3902 2571 3906 ·
2600 3909 2604 3913 ’

1454 3942 1566 3972 trionali
1587 3944 1714 3972 omnium
1736 3952 1785 3979 per
1811 3947 1901 3970 totum
1930 3946 2065 3969 terrarum
2086 3939 2183 3967 orbem
2207 3937 2354 3966 insularum
2374 3933 2552 3992 oelebemmall
2585 3922 2604 3990 ὶὲ

2493 4000 2544 4034 albi.

1451 3990 1468 4010 a
1490 3980 1602 4010 Britone
1628 3989 1691 4018 rege
1720 3979 1861 4010 Britannia
1889 3978 1980 4011 dista.
2016 3985 2102 4014 quum
2125 3978 2202 4014 priua
2224 3975 2323 4006 Albion
2343 3973 2492 4004 diceretur,
