2641 4187
441 129 602 166 A.D
702 130 740 164 M

21 211 340 247 ADMINISTRA'NO,
362 212 432 241 5nis.
454 211 472 240 f.
495 207 652 246 [hancwin.
672 207 801 245 ‹Adana-ic]
823 210 1001 240 Giibernatffo,
1025 211 1118 247 cic-4,
1133 213 1169 242 (10

57 249 116 292 Fin.
133 249 282 287 Diligentia
299 250 338 279 rei
352 249 510 284 fiuuiliziris,
530 247 728 277 administratio
747 247 826 285 Reip.
843 250 912 277 ordo
927 249 1111 286 gerendorum
1123 260 1170 279 ne-

57 294 204 324 gotiorum.

56 325 134 355 Actio
162 326 188 354 ἃ
207 323 403 353 administratio
436 322 616 360 Reipublica‘.
657 320 714 350 Cic.
748 331 770 350 1.
804 321 877 351 Fam.
900 333 925 357 9.
967 324 999 353 ln
1030 323 1171 353 sententiis

74 362 223 429 {emmor-iis
237 384 245 397 ,
278 363 305 391 ἃ
324 362 354 390 in
373 361 451 390 omni
470 360 578 390 actione
599 366 681 396 atque
699 358 934 389 administratione
967 361 1045 399 Reip.
1068 361 1172 390 iloruis-

87 407 173 429 emus.

57 439 79 469 A
93 437 234 466 curatione
250 436 276 465 Sc
290 434 525 471 administratione
543 443 635 463 rerum
652 443 757 464 vacare.
779 434 838 464 Cic.
864 445 885 463 r.
911 434 945 463 de
962 435 1026 464 Nat.
1050 434 1130 464 ocor.
1146 445 1172 464 2.

26 473 262 506 ffliidministratio
273 473 359 502 libera
368 482 428 510 quae
439 472 471 501 fit
484 494 492 506 ,
514 472 543 500 V.
561 473 590 500 in
607 471 626 500 l.
646 471 717 500 filius
734 473 796 501 fain.
818 473 850 501 l).
868 473 902 501 de
917 473 1012 502 donat.
1033 473 1095 510 Uip.
1114 474 1140 500 in
1155 473 1172 502 l.

77 522 141 543 eum
156 514 256 541 aetum.
284 510 318 539 D.
338 511 381 540 Ne
402 534 407 539 .
424 510 487 547 gest.
504 509 596 538 casum
617 509 740 543 indicat,
761 519 816 545 quo
830 519 863 539 ex
882 510 1026 547 superioris
1043 511 1178 548 temporis

77 549 311 580 administratione
325 549 383 577 nihi
406 547 523 586 amplius
536 548 563 575 in
575 547 711 583 judicium
722 548 823 577 deduci
841 549 938 585 potest.
977 548 1113 577 Caeteruni
1128 548 1176 576 ad-

33 616 37 620 ,
79 587 307 617 ministrationem
331 585 462 620 liberam,
483 585 591 622 qualem
607 585 739 614 dominus
759 586 929 623 procuratori
945 586 1099 619 conunilit,
1118 585 1176 614 bair-

79 625 136 655 bari
148 624 232 654 altam
243 626 269 654 ἃ
282 623 382 653 bassum
396 631 504 653 vocant.
537 623 577 652 Ex
587 622 710 651 Oldend.

18 665 404 699 ,Anmrn1s'rRA*rivus,
433 661 493 697 Adj.
515 661 590 689 unde
600 661 645 689 Ars
658 659 887 692 administrativa,
909 668 969 697 quae
983 661 1008 689 St
1028 660 1121 689 Aeliva
1137 660 1178 688 di-

61 702 140 732 citur.
180 698 300 736 Quintil.
312 698 360 728 lib.
370 709 394 728 2.
405 708 465 736 cap.
484 704 524 731 18.
557 698 593 727 ·Si
607 704 701 727 tamen
718 708 773 727 una
784 707 818 726 ex
829 697 916 725 tribus
931 697 1034 727 artibus
1052 697 1179 726 habenda

60 739 92 770 {it
105 759 113 774 ,
134 737 341 776 quiamaximus
350 738 410 773 ejus
421 737 482 766 usus
495 738 558 766 actu
566 737 724 765 continetur
738 757 745 771 ‚
766 742 848 772 atque
860 734 898 764 est
916 735 944 763 in
954 745 987 763 eo
999 734 1181 772 frequentilli-

64 786 109 807 ma
121 797 128 811 ,
154 775 261 804 dicatur
277 775 381 809 activa,
407 775 450 804 vel
467 773 687 804 administrativa.

25 816 341 852 ADM1N18·1·RATUS
355 834 363 847 ,
385 812 480 842 Partic.
492 811 558 841 Caes.
576 811 644 841 Bell.
656 810 727 841 Gall.
741 819 765 847 3.
779 819 805 845 9.
834 808 886 839 His
902 808 983 841 rebus
997 811 1122 841 celeriter
1134 810 1181 839 ad-

26 859 44 891 ’,-
61 851 226 882 ministratis.
247 850 322 879 conf.
341 850 379 879 ib.
396 862 419 886 ς.
443 861 485 886 ςο.

27 891 215 926 AnMiRos,
234 889 281 918 ari.
304 885 514 924 [ἐπιθανμςίζω]
534 887 611 918 Idem
631 885 708 924 quod
726 884 837 921 Mirari,
859 885 904 915 vel
924 886 1017 916 Mirari
1035 886 1184 916 vehemen-

64 934 115 957 ter.
142 926 200 955 Cic.
214 935 239 968 7.
264 926 317 955 Att.
330 935 355 960 9.
387 926 542 956 Admiratus
554 924 613 955 sum
627 924 790 954 brevitatem
804 923 925 962 epistolae
947 933 1010 954 tuae.

65 964 193 996 Admiror
206 966 233 999 li,
246 974 296 1002 pro
306 964 403 993 Miror.
429 963 513 994 Ovid.
528 963 639 993 1.Trist.
653 972 678 998 9.
691 971 735 991 21.

141 1002 218 1031 Saeva
227 1012 281 1031 nec
297 1002 426 1037 admiror,
434 1001 591 1032 metuuntsi
605 999 729 1030 fulmina.
772 998 807 1028 H.
823 998 862 1029 St.

43 1038 48 1045 '
65 1039 199 1072 Admirari
208 1039 337 1077 aliquem,
353 1039 492 1075 Venerari,
505 1038 659 1077 Suspicere,
678 1037 852 1074 magnopere
862 1036 1000 1067 aestimare.
1034 1036 1098 1066 Ter.
1112 1034 1183 1064 Eun.

42 1113 48 1121 .
83 1087 110 1108 2.
122 1087 146 1106 2.
167 1088 208 1114 19.
245 1077 296 1109 His
311 1077 384 1106 ultro
399 1077 506 1107 arrideo
517 1099 526 1113 ,
549 1079 576 1107 ὁὶ
593 1085 691 1105 eorum
705 1075 816 1111 ingenia
833 1075 953 1104 admiror
967 1074 1055 1103 simul.
1084 1073 1141 1102 Cic.
1157 1083 1184 1106 4.

16 1111 40 1152 ’,ζ’
83 1115 169 1146 Acad.
184 1125 247 1151 205.
279 1115 405 1145 Diodoro
415 1115 483 1152 quid
491 1114 590 1144 faciam
598 1114 709 1149 Stoico,
730 1114 782 1142 ἃς.
806 1122 890 1150 quem
904 1116 930 1143 ἃ
947 1113 1084 1147 admiror,
1105 1113 1131 1141 &a
1147 1110 1187 1139 di-

83 1153 149 1192 ligo.
173 1153 242 1191 Virg.
260 1164 287 1189 4.
309 1153 381 1182 Geor
402 1175 408 1181 .
430 1156 493 1189 316.

144 1191 195 1221 Ille
212 1200 329 1229 operum
345 1192 434 1220 culos
448 1212 456 1227 ‚
487 1189 568 1220 illum
591 1188 781 1224 admirantur,
807 1188 834 1218 δι
856 1197 954 1217 omnes

36 1260 39 1264 ,
145 1228 327 1259 Circunstant.

22 1266 51 1306 ἐς
63 1267 108 1300 De
121 1265 269 1304 aliquo,vel
283 1266 318 1294 de
329 1275 357 1294 re
372 1264 470 1303 aliqua.
493 1264 551 1294 Cic.
565 1275 590 1300 9.
606 1265 660 1293 Att.
679 1273 723 1298 14.
744 1262 787 1292 De
804 1263 937 1301 Dionysio
949 1262 1009 1293 sum
1023 1262 1185 1292 admiratus,

22 1313 26 1318 “
43 1317 46 1319 ·
64 1305 193 1342 Aliquem
207 1304 235 1332 in
247 1313 275 1332 re
290 1303 389 1340 aliqua.
412 1304 539 1332 Cic.1.de
550 1302 626 1332 Orat.
640 1310 685 1338 47.
709 1300 775 1336 Quo
786 1301 814 1331 in
824 1301 893 1330 libro
905 1302 934 1330 in
946 1301 1000 1330 hoc
1013 1302 1132 1330 maxime
1142 1299 1189 1329 ad-

32 1364 38 1369 -
83 1342 200 1373 mirabar
221 1341 382 1377 Platonem,
403 1341 480 1379 quod
493 1341 563 1370 mihi
579 1341 609 1369 in
622 1339 777 1369 oratoribus
801 1339 948 1369 irridendis
958 1339 1015 1377 ipse
1033 1338 1086 1368 effe
1098 1344 1190 1367 orator

84 1380 206 1410 summus
220 1379 373 1409 videbatur.

65 1418 99 1450 In
114 1418 228 1448 homine
248 1417 361 1454 aliquid.
385 1416 443 1446 Cic.
463 1426 489 1447 2.
517 1416 551 1445 de
567 1416 644 1445 Orat.
662 1418 723 1445 126.
763 1413 821 1451 Ego
839 1424 904 1443 vero
923 1414 952 1443 in
969 1414 1047 1443 vobis
1063 1414 1117 1442 hoc
1133 1421 1191 1442 ma-

84 1457 160 1501 nime
167 1455 309 1524 &admirari
324 1454 416 1492 soleo,
437 1455 514 1492 quod
528 1464 595 1484 cum
613 1455 685 1482 inter
703 1462 753 1483 vos
763 1452 792 1481 in
806 1452 927 1481 dicendo
942 1451 1114 1481 dissimillimi
1125 1450 1190 1486 sitis,

84 1501 140 1530 ita,
195 1503 218 1523 c.

65 1532 200 1564 Admirari
218 1531 303 1569 quod.
338 1530 395 1560 Cic.
413 1534 439 1560 6.
455 1530 509 1559 Att.
527 1540 552 1566 9.
582 1529 637 1559 Sed
651 1528 739 1558 amavi
757 1535 851 1558 tamen
865 1550 874 1564 ,
906 1527 1111 1564 admiratusque
1127 1525 1188 1555 sum

85 1570 162 1608 quod
171 1569 228 1599 nihi
234 1569 354 1598 lominus
372 1569 408 1598 ad
419 1578 463 1597 me
475 1576 522 1597 tua
533 1578 617 1597 manu
630 1565 782 1604 scripsisses.

65 1608 209 1647 Suspicere
228 1609 254 1637 &
269 1607 406 1637 admirari.
428 1606 486 1636 Cic.
507 1616 532 1636 2.
551 1606 586 1635 de
596 1605 688 1635 Divin.
703 1611 764 1640 148.
807 1603 868 1634 Effe
885 1604 1057 1641 praestantem
1071 1602 1193 1639 aliquam

86 1654 272 1683 aeternamque
299 1651 426 1674 naturam
439 1667 447 1680 ,
468 1646 495 1674 <Sc
515 1654 577 1675 eam
596 1642 800 1681 suspiciendam
826 1642 1072 1678 admirandamque
1103 1640 1193 1669 homi-

85 1694 161 1752 mmli
180 1684 290 1727 generi,
316 1683 498 1722 pulchritudo
522 1682 622 1712 mundi
637 1703 644 1717 ‚
672 1680 797 1718 ordoque
824 1689 916 1709 rerum
933 1679 1086 1709 coelestium
1115 1678 1192 1715 cogit

86 1733 142 1752 con
163 1727 222 1751 teri.
454 1729 455 1732 ¹

32 1765 40 1792 ,“
67 1758 249 1792 Admirariali
269 1769 334 1789 uem
353 1769 388 1788 ex
402 1768 450 1788 ore
469 1758 589 1787 alterius.
617 1757 676 1787 Cic.
696 1768 718 1786 1.
742 1755 824 1786 Tusc.
851 1765 876 1791 9.
922 1754 1017 1784 Errare
1032 1751 1193 1783 mehercule

83 1798 162 1830 ,malo
180 1808 245 1827 cum
278 1797 372 1826 latone
383 1819 392 1832 ,
413 1806 496 1834 quem
510 1796 606 1833 quanti
627 1803 658 1825 tu
672 1795 756 1825 facias
767 1816 774 1830 ,
795 1793 867 1829 scic,
889 1794 914 1822 ἃ
931 1802 1014 1829 quem
1032 1802 1068 1822 ex
1081 1799 1131 1821 tuo
1146 1799 1194 1820 ore

89 1837 227 1867 admiror:
249 1845 331 1873 quam
345 1845 410 1864 cum
425 1835 480 1864 istis
496 1844 560 1864 vera
575 1833 683 1863 sentire.

31 1875 108 1914 ΑΒΜ
119 1883 303 1909 1RANDUS,
326 1884 361 1909 a,
392 1882 450 1902 um.
481 1868 682 1909 [θηρίοις-ἑῶν]
709 1870 835 1909 Dignum
875 1868 1082 1898 Admiratione:
1114 1866 1196 1898 Idem

69 1913 146 1952 quod
170 1911 353 1941 Admirabilis.
385 1911 459 1948 Virg.
472 1921 499 1946 4.
520 1910 619 1947 Georg.
633 1919 657 1946 3.

145 1949 310 1980 Admiranda
325 1949 375 1979 tibi
390 1948 493 1978 levium
511 1947 667 1986 spectacula
683 1956 776 1977 rerum
787 1967 795 1981 ,
825 1947 876 1975 &c

68 1989 256 2019 Admirandus
277 1988 308 2017 in
326 1987 462 2026 plurimis.
495 1986 614 2023 Quintil.
633 1985 682 2014 lib.
708 1994 733 2021 3.
752 1994 794 2013 11.

30 2027 248 2095 Augustius,
270 2026 350 2055 antis.
379 2025 476 2055 Partic.
506 2025 603 2063 Nepos
615 2034 641 2054 2.
658 2033 738 2053 10.1.
767 2022 828 2051 Rex
853 2021 938 2050 animi
970 2018 1194 2057 magnitudinem

71 2076 87 2096 a
108 2075 218 2094 mirans.

32 2105 271 2140 A‘nmaiia‘oss,
300 2102 364 2131 oris.
385 2111 423 2130 m.
453 2100 631 2136 [θυινμμςιὲς]
656 2105 689 2128 ut
710 2099 786 2137 apud
814 2096 933 2135 Quintil.
954 2096 1002 2127 lib.
1030 2105 1056 2125 2.
1080 2105 1141 2133 cap.
1169 2106 1193 2132 5.

69 2142 225 2172 Admirator
248 2140 351 2170 nimius
372 2139 552 2176 antiquitatis.

31 2182 270 2214 ADMIRA'HO,
290 2178 360 2208 onis.
382 2177 401 2207 f.
422 2175 623 2213 [θυωκφο-μές]
639 2176 696 2206 Cic.
714 2184 740 2204 2.
752 2174 788 2203 de
800 2173 864 2203 Nat.
874 2173 958 2203 Deor.
977 2181 1038 2207 124.
1051 2171 1094 2201 Est
1112 2171 1196 2200 etiam

69 2217 215 2248 admiratio
231 2216 367 2245 nonnulla
378 2216 408 2245 in
422 2215 513 2244 bestiis
527 2214 702 2252 aquatilibus.
724 2212 793 2243 Plin.
808 2211 855 2241 lib.
869 2221 912 2241 10.
934 2220 994 2248 cap.
1007 2220 1052 2247 29.
1075 2209 1134 2240 Alia
1150 2209 1197 2238 ad-

70 2256 180 2286 miratio
196 2255 268 2284 circa
285 2254 401 2283 oscines.

48 2301 52 2304 ”
69 2293 147 2324 Affici
155 2292 348 2322 admiratione.
370 2291 428 2321 Cic.
441 2301 466 2320 2.
486 2290 543 2320 Off.
557 2299 601 2328 37.
623 2289 814 2321 Admiratione
833 2294 927 2318 autem
944 2285 1131 2317 afficiunturii
1148 2284 1197 2323 qui

88 2332 193 2362 anteire
203 2331 308 2361 caeteris
321 2330 424 2360 virtute
441 2334 584 2367 putantur.

71 2369 154 2408 Cepit
171 2378 236 2400 eum
256 2368 410 2398 admiratio.
440 2367 472 2396 V.
495 2367 620 2396 CAP10.

69 2407 211 2438 Decrescit
227 2407 382 2436 admiratio.
406 2405 526 2443 Quintil.
546 2405 594 2435 lib.
614 2415 637 2434 1.
654 2414 714 2442 cap.
732 2412 756 2440 3.
1128 2426 1129 2429 ,

69 2446 185 2476 Efficere
198 2445 394 2475 admirationes
403 2445 433 2473 in
447 2443 594 2481 aliquibus.
625 2443 683 2472 Cic.
702 2452 724 2471 1.
742 2442 777 2471 de
791 2441 868 2471 Orat.
883 2449 944 2476 152.
976 2437 1044 2469 Haec
1052 2438 1116 2468 sunt
1134 2447 1196 2476 quae

89 2485 223 2514 clamores
237 2485 264 2513 ἃ
281 2483 478 2512 admirationes
487 2483 517 2511 in
526 2481 607 2511 bonis
618 2479 774 2510 oratoribus
791 2480 923 2509 efficiunt.

71 2521 132 2553 Esse
150 2523 179 2552 in
197 2521 390 2551 admiratione.
423 2519 494 2550 Plin.
506 2519 554 2550 lib.
579 2523 621 2549 16.
644 2529 705 2557 cap.
722 2522 766 2548 26.
797 2518 829 2547 ln
841 2517 963 2547 maxima
975 2520 1070 2545 tamen
1080 2514 1198 2544 admira-

90 2561 168 2590 tione
181 2561 264 2599 pinus
283 2559 329 2589 est.

71 2597 183 2629 Habere
196 2598 410 2628 admirationem
424 2596 527 2626 dicitur
533 2606 576 2626 res
586 2595 686 2633 aliqua.
708 2594 767 2624 Cic.
784 2593 814 2622 in
823 2593 899 2622 Orat.
911 2596 936 2621 6.
957 2590 1038 2621 Idem
1048 2601 1076 2627 4.
1090 2590 1125 2620 de
1134 2589 1196 2620 fin.

93 2636 171 2673 Quid
183 2643 276 2666 autem
285 2635 391 2665 habent
399 2634 590 2664 admirationis
601 2656 609 2670 ,
630 2643 696 2663 cum
704 2642 793 2671 prope
803 2630 943 2661 accesseris
951 2630 966 2658 ‘2

72 2673 185 2705 Incell'it
197 2674 344 2704 admiratio
358 2673 435 2710 quod
446 2695 454 2708 ‚
477 2674 529 2703 ἃς.
566 2671 597 2702 V.
621 2672 661 2702 IN
672 2681 689 2700 c
698 2681 711 2700 Ε
720 2681 751 2700 ss
761 2680 788 2699 o.

73 2712 259 2743 Intermittere
277 2711 499 2741 admirationem.
540 2707 573 2739 V.
595 2710 847 2740 INTERM1TTO.

75 2750 191 2781 Movere
209 2750 422 2779 admirationem
435 2748 586 2778 maximam
597 2747 690 2777 alicui.
723 2747 781 2777 Cic.
802 2756 843 2774 10.
855 2743 974 2782 Philipp.
994 2751 1017 2781 3.
1041 2741 1104 2773 Hoc
1123 2745 1198 2772 certe

94 2788 247 2825 quodmihi
256 2788 407 2817 maximam
421 2786 636 2818 admirationem
647 2791 758 2821 movet,
779 2793 837 2813 non
849 2781 957 2812 tacebo.

74 2825 202 2856 Mulcere
216 2826 322 2855 animos
331 2825 523 2855 admiratione.
546 2824 668 2861 Quintil.
685 2823 732 2852 lib.
745 2833 768 2852 1.
788 2831 848 2859 cap.
866 2831 908 2850 10.

75 2864 267 2902 obstupefacti
283 2864 410 2893 homines
432 2863 624 2892 admiratione.
647 2862 705 2891 Cic.
724 2870 774 2900 pro
786 2859 879 2889 Deiot.
893 2868 937 2896 34.

74 2902 212 2932 Obtinere
225 2902 446 2931 admirationem.
488 2900 520 2930 V.
542 2901 730 2930 Oss‘rruso.

73 2940 233 2972 Traducere
246 2939 386 2969 auditores
398 2939 434 2968 ad
444 2948 574 2976 magnam
587 2938 810 2967 admirationem.
832 2934 890 2964 Cic.
908 2934 938 2963 in
951 2933 1028 2963 Orat.
1044 2940 1106 2966 192.

37 2980 269 3012 AmirRAMLt
279 2987 291 3007 s
311 2979 338 3007 Sc
351 2987 383 3013 e,
405 2973 556 3013 [ἳαυμοιςὲς
566 2998 573 3012 ,
595 2975 767 3010 θαυμαστῶν]
790 2973 876 3011 Quod
890 2971 1073 3002 admiratione
1082 2969 1200 3006 dignum

76 3016 124 3046 est.
154 3016 212 3046 Cic.
235 3025 259 3051 3.
282 3016 317 3045 de
330 3015 390 3045 Fin.
426 3015 529 3044 Verum
551 3014 721 3044 admirabilis
734 3011 899 3050 compolltio
913 3009 1065 3046 disciplinae
1080 3005 1199 3036 incredi-

74 3054 194 3092 bilisque
204 3063 296 3083 rerum
305 3055 388 3083 traxit
402 3053 481 3082 ordo.
515 3052 599 3083 Ovid.
618 3055 644 3081 6.
664 3052 735 3082 Met.
751 3061 792 3086 14.
815 3050 894 3087 Opus
915 3045 1092 3086 admirabile.⁴

75 3091 251 3123 Admirabilis
264 3092 294 3120 in
308 3101 337 3121 re
347 3091 446 3128 aliqua.
469 3091 528 3120 Cic.
548 3100 571 3120 1.
587 3090 622 3119 de
637 3090 713 3120 Orat.
726 3094 750 3119 6.
771 3086 963 3125 Qiaerendum
979 3083 1032 3113 esse
1049 3084 1136 3112 vitum
1149 3082 1196 3116 est,

90 3130 255 3198 qiiidffset,
272 3139 322 3159 cur
331 3128 425 3168 plures
436 3129 466 3158 in
476 3128 608 3158 omnibus
623 3129 727 3158 artibus
745 3135 828 3164 quam
838 3126 868 3154 in
885 3123 1007 3153 dicendo
1023 3120 1199 3151 admirabiles

93 3175 173 3199 ethtl
197 3174 253 3198 ent.

39 3207 372 3242 AnMuzABrLfrAs,
390 3205 452 3234 atis.
478 3204 592 3234 denom.
612 3203 646 3233 ab
666 3201 860 3237 Admirabilis,
882 3200 956 3229 idem
980 3197 1057 3235 quod
1077 3195 1202 3226 Admira-

76 3245 118 3274 tio
139 3241 188 3282 [τὲ
209 3240 358 3280 θαυμαςίν]
392 3243 450 3273 Cic.
472 3252 497 3272 2.
521 3242 578 3272 Off.
597 3247 639 3278 38.
670 3240 737 3270 Haec
753 3240 840 3270 animi
857 3237 1037 3275 despicientia
1055 3233 1202 3264 admirabi-

76 3282 184 3313 litatem
201 3292 330 3320 magnain
346 3282 422 3311 facit.
448 3281 558 3310 Nonius
577 3286 672 3309 tamen
688 3279 735 3308 hic
752 3278 820 3315 legit
831 3275 1048 3306 Mirubilitatein.
1081 3272 1159 3302 Idem
1172 3281 1198 3300 2.

77 3321 185 3388 destNat.
199 3320 283 3351 Deor.
294 3330 338 3357 90.
380 3320 493 3357 Quanta
507 3319 540 3348 sit
555 3316 754 3348 admirabilitas
772 3315 926 3345 coelestium
944 3322 1034 3342 rerum
1051 3318 1133 3348 atque
1148 3317 1202 3340 ter-

77 3368 106 3389 re
130 3369 209 3389 rium.

6 3418 7 3434 i
42 3395 364 3431 Anmmmtfrm,
395 3394 463 3424 Adv.
486 3388 675 3430 [Juvieoem‘m]
696 3393 713 3422 i.
735 3403 759 3422 e.
781 3390 964 3423 Honorifice,
988 3386 1148 3427 insigniter,
1168 3395 1201 3414 ac

79 3433 164 3465 veluti
189 3444 254 3464 curn
272 3434 459 3464 admiratione
483 3431 604 3470 quadam
627 3431 763 3461 onmium.
787 3429 845 3459 Cic.
878 3429 913 3457 de
936 3427 1003 3465 Opt.
1027 3427 1096 3454 Gen.
1122 3423 1199 3466 Orat.

79 3481 124 3541 ἐγ.
159 3472 235 3502 Plato
253 3471 333 3501 suum
352 3472 410 3501 fere
431 3470 566 3508 aequalem
584 3468 784 3499 admirabiliter
797 3468 824 3496 in
846 3466 960 3496 Phaedro
979 3462 1085 3493 laudari
1104 3462 1171 3491 fecit
1186 3471 1202 3490 a

99 3517 200 3540 ocrate.

77 3549 210 3587 Accipere
225 3548 348 3586 aliquem
363 3545 570 3577 admirabiliter.
600 3544 659 3575 Cic.
676 3556 700 3582 5.
723 3545 777 3574 Att.
804 3553 846 3579 14.
877 3541 937 3571 Nos
957 3538 1015 3571 Asia
1029 3538 1139 3576 accepit
1155 3535 1204 3566 ad-

98 3586 268 3616 mirabiliter.

77 3624 282 3654 Admirabiliter
304 3622 500 3652 administrare.
538 3621 570 3651 V.
593 3621 845 3650 ADM1N1s'rRo.

81 3661 172 3692 Nimis
186 3661 399 3695 admirabiliter,
420 3661 559 3697 nimisque
570 3658 717 3695 magnifice
733 3658 835 3687 dicere.
855 3655 913 3685 Cic.
930 3664 956 3688 4.
985 3651 1068 3682 Tusc.
1084 3654 1127 3687 36.

43 3702 252 3736 ADM1scao,
286 3700 333 3734 ui,
363 3699 445 3728 istum
465 3698 518 3727 sive
546 3698 637 3726 ixtum
650 3718 659 3731 ,
690 3698 705 3732 [
719 3697 893 3731 vrgomcyiu'w,
938 3701 1085 3727 επιςιιιγνυμι
1103 3688 1117 3725 ]
1146 3691 1202 3719 ste.

80 3737 151 3767 Rem
167 3737 287 3775 aliquam
308 3747 374 3766 cum
390 3736 442 3766 alia
455 3734 578 3765 miscere.
611 3734 671 3764 Cic.
693 3745 719 3764 2.
744 3731 826 3763 Tusc.
849 3735 894 3761 26.
935 3729 1126 3758 Veruntamen
1146 3736 1206 3756 ver-

80 3776 124 3805 sus
139 3776 174 3805 ab
193 3776 235 3805 his
254 3775 398 3804 admisceri
419 3774 547 3803 orationi.
600 3774 603 3775 ⁷

80 3814 235 3844 Admiscere
248 3813 275 3842 se
283 3813 328 3843 vel
339 3813 402 3850 aliq.
416 3812 500 3841 alicui
512 3812 634 3849 negotio.
657 3809 722 3840 Ter.
735 3809 836 3838 Heaut.
852 3814 957 3842 4435.
976 3803 1060 3847 1³³.OE
1073 3804 1145 3833 istaec
1158 3809 1207 3832 tua

99 3852 232 3886 misceto,
260 3861 296 3880 ne
312 3861 358 3880 me
375 3850 533 3880 admisceas.
569 3849 640 3879 lbid.
659 3859 682 3883 ς.
709 3858 734 3876 2.
757 3857 801 3876 22.
843 3845 886 3874 Ne
903 3852 930 3872 te
952 3842 1092 3873 admisce.
1121 3850 1206 3870 nemo

100 3890 209 3919 accusat
225 3889 291 3926 Syre
301 3896 338 3918 te.
385 3888 472 3924 Quod
482 3887 566 3924 vulgo
582 3887 700 3921 diciaur,
728 3885 769 3914 De
790 3884 842 3912 ha:
858 3893 886 3911 ie
909 3882 967 3910 noli
989 3890 1015 3909 te
1030 3879 1143 3909 miscere
1162 3877 1208 3907 vel

98 3928 285 3965 interponere.
334 3926 367 3955 In
378 3927 470 3963 priore
489 3935 583 3954 autem
597 3923 728 3962 exemplo
739 3921 900 3953 subauditur
920 3918 994 3950 iilis:
1013 3918 1044 3948 in
1057 3917 1208 3956 posteriore

82 3965 176 4033 VHuic
192 3966 231 4033 rtIei
242 3987 249 4001 ,
276 3963 321 3995 vel
334 3964 408 3994 Huic
421 3963 543 4001 negotio.

114 4013 132 4033 ο
141 4015 166 4033 L.
224 4026 230 4033 .

1655 136 1947 170 ΑΒΜ
2335 145 2374 179 5.

1263 213 1385 250 Aliquem
1412 215 1468 243 isto.
1502 216 1559 244 Cic.
1576 225 1599 250 3.
1617 216 1655 253 Q.
1676 216 1735 245 srit.
1763 225 1802 252 17.

1281 252 1428 281 admiscetis
1440 275 1447 283 .
1477 254 1542 281 nihil
1558 254 1603 282 eil.

1262 288 1372 330 Aliquid
1390 299 1453 317 cnm
1476 301 1503 318 re
1527 290 1586 319 ulii.
1625 292 1681 320 Cis.
1710 300 1734 328 7.
1768 291 1820 319 Att.
1847 300 1867 318 1.
1916 291 1969 318 Sed
1995 292 2045 319 ime
2072 299 2162 320 himen
2182 294 2313 329 quitquid
2343 297 2380 325 cst

1282 325 1450 367 Precianum,
1472 329 1743 357 cunilii51·2iti‹·iii¹'·us
1766 338 1830 364 quas·
1858 327 1902 355 ille
1916 338 1988 356 niens
2007 331 2100 358 tiaclzit
2117 351 2124 363 ,
2146 324 2284 360 udiiiilceii
2305 335 2369 362 noi.¹

1266 363 1305 404 Ad
1321 363 1431 427 aliquod
1455 365 1605 394 consilium.
1630 368 1686 395 cit.
1708 376 1748 394 12.
1773 365 1889 402 Philipp.
1907 369 1946 392 16.
2362 357 2379 363 ..

1267 399 1367 440 Aliqui<
1391 401 1418 428 in
1435 401 1518 429 aliud,
1536 440 1540 444 ⁴
1566 403 1631 431 l‘ljn,
1653 404 1697 431 liis.
1712 408 1754 432 26.
1774 413 1832 440 cap.
1849 413 1888 430 10.
1914 403 2047 430 Admixtis
2066 403 2093 430 in
2114 403 2251 433 heminam
2263 405 2369 437 seminis

1288 438 1378 465 reluue
1391 437 1566 474 ciilophuniit
1579 441 1769 469 cochlearibus
1786 441 1816 469 ll.
1831 440 1918 468 thuris
1935 450 1999 468 uuo.
2373 430 2380 443 ’

1237 475 1284 503 AD
1294 483 1376 515 *sl—18:1⁴
1387 484 1402 502 u
1412 484 1423 501 s
1435 496 1443 507 ,
1461 479 1488 516 ⁴et
1510 477 1527 503 A
1539 486 1581 504 osi
1594 488 1598 504 i
1612 487 1625 505 x
1642 488 1654 505 ι»
1664 489 1708 506 us.
1735 479 1826 507 l'airtie.
1847 473 2108 513 [ffifff,11⁵f‘1¹.}⁴]i¹3¹⁷3>⁴]
2144 478 2200 506 Cle.
2219 488 2240 507 1.
2262 481 2342 510 sicud.
2355 488 2379 517 8.

1273 511 1304 539 ln
1320 510 1372 538 illis
1384 511 1520 552 veteribus
1538 515 1603 541 nulii
1613 516 1631 541 is
1644 515 1746 552 icilius
1759 515 1844 544 multu
1856 515 2010 543 admistae&
2022 515 2117 543 intima
2128 515 2308 554 philusuphizi.

1270 549 1321 576 Aer
1332 548 1461 590 :idnustus
1473 549 1559 577 multu
1571 551 1667 579 erduic.
1704 555 1760 581 cit.
1777 563 1800 582 2.
1818 552 1853 581 de
1865 552 1926 581 Nat.
1939 552 2019 581 Deur.
2037 561 2079 580 2·.

1273 585 1443 650 elain—inem·
1465 595 1490 614 2.
1513 589 1547 615 de
1565 588 1626 616 Nat.
1648 590 1779 619 limiam.
1818 591 1905 627 Atque
1916 600 1992 626 aqua·
2010 583 2093 618 etiaim
2110 589 2254 619 admistum
2271 591 2324 621 eil'e
2343 602 2384 622 czi-

1303 632 1349 650 ΟἘ
1383 645 1388 650 .

1234 661 1439 693 ΑΒΜιεῑ-ιο,
1470 663 1539 688 sinis.
1562 660 1579 690 f.
1603 663 1774 697 [πρόσμιξις]
1804 664 1860 692 Cic.
1883 673 1907 692 2.
1930 664 1964 692 de
1986 663 2048 693 Nat.
2070 663 2152 693 Deor.
2185 665 2271 694 Suum
2287 668 2385 696 retinet

1273 697 1399 739 ardorem
1414 704 1527 738 tenuem
1541 719 1549 731 ‚
1566 700 1686 740 ¹&hnulla
1702 701 1860 729 admistione
1880 709 2050 730 concretum.
2075 702 2151 730 ldem
2162 702 2197 731 de
2213 703 2320 733 δοκεῖ.
2339 714 2386 740 ’9.

1275 735 1388 763 Annuus
1407 743 1482 761 omui
1499 734 1660 764 admistione
1681 738 1802 773 eorporis
1821 738 1956 766 liberatus.
2343 724 2351 740 l

1237 772 1450 814 Aniiis‘rus.
1473 782 1511 799 us.
1535 781 1570 814 iu.
1595 773 1678 801 ldcm.
1703 774 1823 803 Μαι-ωδ.
1838 784 1861 803 2.
1887 776 1993 804 Saiturn.
2023 785 2046 806 1.
2067 775 2210 807 Honorem
2236 777 2285 806 Dei
2309 779 2385 808 nullo

1275 809 1401 838 admixtu
1419 808 1566 845 voluptatis
1581 820 1720 845 augemus.

1237 847 1485 880 ADMlsfflVUS,
1516 847 1770 876 Auiiissnizius
1786 869 1794 883 ‚
1825 849 2021 883 Aonissio,
2059 852 2287 882 Amussunn.
2327 854 2376 883 vid

1277 883 1338 922 post
1358 884 1539 913 Ansii'rro.
2382 878 2386 883 ’

1240 921 1262 952 A
1272 932 1288 950 D
1298 933 1319 950 M
1329 932 1337 949 ¹
1348 930 1394 949 ΤΤ
1404 931 1420 949 0
1430 943 1438 956 ν
1458 921 1510 964 Til)
1530 921 1608 950 issum
1621 943 1628 955 a
1651 923 1665 957 [
1680 918 1823 957 “ewlffss‘m'
1853 918 2008 957 ἁσδέίΛΡ-ἯἹ
2030 927 2082 952 erc.
2121 926 2304 956 liitiiilillikcfc
2352 930 2392 957 lil-

1278 959 1432 1002 troducere.
1468 960 1524 988 Cic.
1549 970 1571 995 5.
1612 959 1685 989 Verr.
1727 959 1757 989 ln
1779 965 1833 987 tum
1860 961 1932 994 ¹univi
1959 962 2056 989 nuntio
2083 972 2163 992 uenio
2189 951 2379 995 adiiiiiter'etur

1280 997 1364 1027 Ovid.
1388 1007 1411 1031 ς.
1434 996 1513 1025 Trist.
1531 1006 1556 1033 7.
2383 990 2388 995 ’

1335 1034 1458 1072 Turpius
1473 1035 1598 1070 ejicitur,
1620 1044 1701 1071 quani
1719 1044 1775 1063 non
1797 1034 1950 1063 admittitur
1969 1034 2074 1072 hospes.

1280 1072 1395 1101 Admitti
1409 1071 1444 1101 ad
1458 1072 1586 1109 aliquem.
1611 1072 1674 1101 Ter.
1698 1072 1764 1101 llec.
1781 1082 1805 1100 2.
1823 1082 1844 1100 1.
1859 1082 1903 1106 41.

1278 1110 1390 1139 Partum
1411 1110 1445 1138 ad
1462 1110 1552 1138 ubera.
1578 1109 1645 1138 l'lin.
1661 1109 1705 1138 lib.
1719 1116 1743 1143 8.
1763 1119 1822 1147 cap.
1845 1119 1891 1145 42.

1279 1147 1313 1177 In
1331 1147 1501 1177 cubiculum.
1531 1147 1588 1176 Cic.
1606 1153 1630 1181 8.
1659 1148 1776 1186 Philipp.
1794 1157 1836 1177 22.
1868 1146 1899 1176 ln
1924 1145 2087 1175 cubiculum
2108 1147 2250 1179 admittere
2273 1154 2297 1180 5.-
2313 1153 2392 1182 redu.

1300 1196 1371 1214 cere.

1281 1222 1316 1253 In
1334 1223 1459 1252 domum.
1482 1222 1539 1252 Cic.
1569 1233 1590 1252 1.
1614 1222 1669 1253 Off.

1282 1261 1397 1290 Admitti
1411 1261 1446 1289 ad
1464 1261 1593 1298 puellam.
1615 1261 1677 1290 Ter.
1696 1259 1766 1290 Eun.
1786 1270 1811 1289 2.
1834 1269 1860 1290 2.
1879 1269 1922 1296 50.

1281 1298 1332 1337 Per
1343 1297 1457 1336 tegulas.
1480 1299 1538 1327 Cic.
1558 1309 1583 1328 2.
1602 1298 1719 1335 Philipp.
1734 1309 1778 1333 45.

1283 1336 1315 1366 ln
1329 1337 1453 1365 aniiiium
1464 1336 1577 1372 iudicis,
1601 1336 1676 1373 quod
1687 1335 1798 1365 barbare
1813 1335 1913 1364 dicitur
1924 1333 1984 1363 Effe
2001 1333 2029 1361 in
2041 1333 2134 1369 grania.
2170 1333 2288 1369 Quintil.
2304 1337 2349 1367 lib.
2368 1351 2393 1375 4.

1303 1384 1362 1412 cap.
1380 1385 1420 1410 ¹4·
1442 1375 1604 1411 Sedquiziin
1616 1374 1700 1403 initiis
1719 1374 1839 1402 maxime
1855 1372 2000 1401 neccss‘aria
2014 1393 2020 1405 ‚
2043 1381 2089 1408 per
2105 1381 2163 1407 quae
2187 1373 2212 1400 iii
2226 1375 2397 1412 auiniumju-

1303 1413 1389 1447 dicis,
1411 1419 1441 1441 ut
1460 1412 1610 1450 procedere
1630 1412 1701 1441 ultra
1713 1411 1857 1449 polimius,
1879 1410 2059 1438 admittimur.

1285 1450 1411 1487 Aliquem
1428 1450 1462 1479 ad
1480 1450 1539 1479 suas
1549 1450 1649 1487 capsas
1671 1450 1728 1479 Cic.
1743 1449 1804 1478 Div.
1819 1448 1846 1476 in
1862 1448 1935 1476 Verr.
1953 1457 1994 1483 51.
2027 1446 2097 1476 Alibi
2115 1456 2197 1483 quam
2212 1449 2305 1479 multis·
2316 1453 2400 1481 tullii.

1305 1489 1386 1517 dibus
1397 1498 1467 1526 opus
1478 1489 1544 1522 erit,
1564 1488 1580 1516 i'i
1592 1496 1618 1517 te
1630 1487 1712 1516 semel
1727 1487 1760 1515 ad
1774 1496 1847 1515 meas
1862 1485 1954 1522 capsas
1967 1484 2120 1513 admisero?

1285 1526 1411 1563 Aliquem
1425 1527 1547 1560 arcanis,
1569 1526 1586 1554 i.
1597 1536 1619 1554 e.
1640 1526 1681 1554 Ad
1695 1534 1791 1554 areana
1809 1528 1835 1554 ot
1853 1523 1961 1552 secreta.
1985 1524 2048 1551 Seii.
2075 1522 2101 1549 in
2116 1521 2148 1550 H.
2169 1521 2257 1553 OEth.
2281 1535 2341 1560 535-

1285 1565 1438 1594 Atimittere
1452 1564 1571 1592 auribus.
1592 1563 1649 1592 Liv.
1663 1574 1688 1598 4.
1717 1562 1784 1591 Bell.
1798 1561 1908 1591 Maced.
1930 1560 2004 1589 Pacis
2019 1569 2083 1588 cum
2097 1567 2213 1596 tyranno
2231 1566 2401 1594 mentionem

1305 1602 1623 1631 admittendamauribus
1634 1611 1689 1630 non
1701 1599 1787 1629 fuiii'e.
1811 1600 1872 1628 Hoc
1885 1599 1932 1632 est,
1951 1597 2029 1626 nullo
2038 1597 2123 1626 modo
2136 1598 2212 1626 suill'e
2227 1602 2400 1632 audiendum,

1305 1640 1522 1675 Sic,Ad1nittcre
1536 1639 1681 1668 confilium
1695 1638 1813 1667 auribus.
1836 1637 1904 1666 ibid.
1916 1635 1964 1665 lib.
1981 1645 2006 1670 3.

1290 1678 1330 1707 Ad
1347 1677 1453 1706 causam
1472 1677 1628 1707 dicendam.
1651 1677 1709 1706 Cic.
1728 1676 1757 1704 in
1773 1676 1846 1704 Verr.

1287 1716 1328 1746 Ad
1347 1715 1527 1752 colloquium.
1568 1714 1632 1743 Czes.
1651 1724 1675 1751 3.
1702 1713 1769 1743 Bell.
1793 1711 1872 1742 Civil.
1920 1711 1987 1741 Haec
2007 1711 2041 1740 ad
2056 1721 2121 1740 eum
2143 1713 2272 1743 mandata
2291 1714 2405 1745 Clodius

1307 1754 1410 1783 refert:
1439 1763 1470 1783 ac
1488 1753 1583 1791 primis
1597 1752 1694 1781 diebus
1709 1774 1716 1787 ,
1739 1758 1770 1780 ut
1782 1749 1940 1785 videbatur,
1961 1748 2079 1779 libenter
2093 1751 2203 1780 auditus
2215 1773 2222 1786 ,
2244 1751 2354 1789 reliquis
2372 1754 2406 1783 ad

1308 1791 1480 1829 colloquium
1503 1800 1560 1819 non
1574 1790 1737 1819 admittitur.

1288 1829 1347 1864 Ad.
1367 1829 1412 1859 vel
1426 1829 1458 1859 In
1475 1828 1629 1858 confilium.
1648 1827 1754 1857 Sallust.
1779 1827 1807 1855 in
1822 1825 1880 1855 Cic.
1902 1824 1995 1861 Quem
2005 1824 2131 1854 Minerva
2142 1827 2249 1856 omneis
2260 1834 2329 1858 artes
2341 1829 2408 1857 edo.

1308 1867 1382 1901 cuit,
1415 1867 1543 1905 Juppiter
1560 1867 1626 1903 Opt.
1650 1866 1725 1895 Max.
1745 1865 1775 1894 in
1795 1863 1938 1893 consilium
1963 1863 2079 1891 deorum
2104 1863 2220 1893 admisit.
2258 1866 2406 1903 Nunquam

1308 1906 1385 1934 enim
1395 1906 1534 1934 temeritas
1546 1914 1610 1933 cum
1630 1903 1762 1941 sapientia
1775 1900 1985 1935 commiscetur,
2006 1910 2059 1930 nec
2067 1900 2103 1930 ad
2116 1902 2261 1932 confilium
2274 1904 2349 1933 casus
2363 1905 2409 1934 ad-

1309 1943 1436 1972 mittitur.
1459 1943 1516 1972 Cic.
1535 1952 1585 1979 pro
1600 1940 1724 1972 Marcell.
1737 1949 1762 1977 7.

1290 1981 1443 2048 Atlrpigere
1458 2003 1465 2017 ,
1485 1991 1536 2019 pro
1545 1980 1680 2017 Recipere
1700 1978 1810 2008 millum
1828 1977 1858 2006 in
1870 1974 2074 2014 possessionem.
2094 1975 2113 2006 l.
2135 1986 2176 2014 17.
2198 1978 2240 2008 De
2261 1978 2296 2007 de
2306 1979 2407 2009 damno

1310 2029 1337 2047 in
1353 2029 1367 2048 e
1397 2042 1403 2048 .

1291 2057 1443 2124 Agr-riguere
1462 2056 1600 2123 bpqobrum
1621 2053 1823 2092 possessionem,
1842 2061 1892 2090 pro
1908 2049 2061 2088 Agnoscere
2074 2072 2083 2086 ‚
2105 2053 2266 2091 &accipere
2279 2076 2287 2089 ,
2307 2055 2336 2084 in
2346 2053 2364 2084 i.
2378 2064 2403 2092 7.

1338 2105 1556 2130 .eiuretei.

1291 2133 1443 2162 Admittere
1456 2132 1577 2169 aliquid,
1598 2130 1717 2160 Perferre
1732 2153 1740 2166 ,
1761 2129 1817 2159 Pati
1837 2127 1903 2157 fieri.
1924 2127 1988 2158 Ter.
2004 2127 2074 2156 Eun.
2094 2138 2119 2162 4.
2132 2131 2158 2157 6.

1346 2171 1399 2200 Sed
1410 2180 1439 2200 tu
1455 2170 1530 2207 quod
1549 2178 1644 2198 cavere
1667 2169 1767 2207 pollis,
1787 2166 1898 2196 stultum
1918 2165 2063 2195 admittere
2079 2165 2125 2194 est.

1291 2209 1443 2238 Admittere
1461 2208 1564 2245 aliquid
1579 2207 1614 2236 ad
1631 2206 1724 2242 cibos,
1754 2204 1799 2235 vel
1817 2205 1845 2233 in
1860 2203 1946 2232 cibos.
1971 2202 2037 2231 Plin.
2054 2202 2101 2231 lib.
2118 2213 2162 2232 20.
2180 2212 2240 2241 cap.
2260 2213 2302 2234 11.
2333 2204 2411 2235 Idem

1311 2246 1360 2276 lib.
1375 2257 1453 2282 φας.
1499 2246 1530 2275 ln
1543 2245 1620 2274 cibos
1634 2254 1693 2274 non
1706 2243 1860 2273 admittitur
1876 2241 2010 2270 echineis.

1293 2284 1481 2314 Curationem.
1515 2283 1583 2312 Cels.
1596 2283 1642 2312 lib.
1657 2292 1679 2318 3.
1697 2292 1756 2321 cap.
1773 2291 1813 2310 12.
1838 2279 1940 2308 Horror
1949 2285 2042 2308 autem
2056 2287 2101 2307 eas
2120 2277 2176 2307 fere
2199 2278 2288 2309 febres
2303 2287 2411 2309 antece-

1312 2323 1362 2358 dit,
1376 2333 1436 2366 quae
1452 2328 1559 2351 certum
1570 2321 1674 2351 habent
1691 2321 1837 2350 circuitum
1850 2339 1857 2352 ‚
1892 2318 1918 2347 &a
1940 2326 1974 2346 ex
1987 2322 2048 2345 toto
2063 2314 2248 2346 remittuntur.
2289 2317 2410 2354 Ideoque

1311 2361 1451 2390 tutillimae
1478 2359 1559 2395 sunt,
1598 2359 1774 2396 maximeque
1801 2355 1958 2386 curationes
1989 2354 2146 2383 admittunt.
2207 2354 2266 2384 Vid.
2296 2356 2413 2386 Medici-

1311 2409 1385 2429 nam.

1291 2437 1384 2467 Diem.
1409 2435 1477 2466 Plin.
1500 2434 1580 2473 Epist.
1599 2444 1662 2472 213.
1701 2433 1849 2464 Notarium
1861 2442 1933 2462 voco
1945 2454 1953 2467 ,
1975 2432 2002 2462 <St
2020 2429 2065 2458 die
2081 2428 2212 2465 admisso,
2238 2439 2298 2467 quat
2313 2430 2412 2459 forma.

1311 2485 1422 2542 §magns
1452 2474 1536 2503 dicto.
1566 2473 1592 2502 h.
1610 2483 1634 2502 e.
1659 2472 1721 2502 Diei
1742 2472 1806 2501 luce
1820 2469 1972 2500 intromiss'a
1983 2470 2015 2498 in
2030 2467 2193 2497 cubiculum
2210 2477 2258 2505 per
2276 2468 2412 2499 fenestras.

1338 2537 1343 2542 .
1385 2522 1401 2541 0
1415 2522 1468 2542 em.

1292 2551 1418 2588 Equum,
1439 2559 1490 2588 pro
1509 2548 1665 2578 Concitare.
1700 2548 1757 2577 Cic.
1773 2557 1798 2577 2.
1823 2547 1858 2576 de
1872 2545 1932 2576 Fin.
1959 2548 2002 2574 61.
2037 2543 2133 2580 Quum
2153 2543 2179 2573 se
2199 2543 2364 2578 devoveret,
2388 2545 2414 2573 ἑζ-

1312 2599 1385 2626 equo
1404 2586 1518 2617 admill'o
1536 2587 1564 2615 in
1585 2586 1706 2615 mediam
1720 2586 1808 2615 aciem
1823 2584 1986 2614 Latinorum
2000 2581 2138 2624 irruebat,
2159 2583 2211 2611 &a
2249 2580 2306 2611 Li'v.
2323 2590 2348 2611 2.
2368 2589 2409 2618 19.

1311 2627 1344 2657 ln
1356 2626 1546 2656 Posthumium
1562 2623 1729 2660 Tarquinius
1741 2632 1843 2661 equum
1861 2621 1973 2652 infestus
1984 2620 2100 2649 adnulit.

1293 2664 1518 2694 Admittebantur
1529 2661 1718 2692 excusationes
1730 2661 1833 2690 multae.
1872 2659 2011 2689 Asconius.

1294 2703 1391 2733 Fidem
1404 2702 1558 2731 admittere.
1582 2699 1610 2729 h.
1625 2710 1647 2729 e.
1672 2699 1800 2729 Credere.
1823 2698 1921 2728 Claud.
1941 2697 1970 2725 in
1991 2696 2103 2732 Eutrop.
2115 2694 2162 2724 lib.
2175 2703 2200 2724 2.

1293 2741 1398 2778 Frigus.
1420 2739 1489 2769 Cels.
1510 2739 1556 2767 lib.
1587 2747 1612 2775 7.
1635 2747 1695 2775 cap.
1707 2742 1751 2766 26.
1793 2735 1874 2773 Isque
1895 2734 2012 2764 subinde
2037 2732 2100 2762 oleo
2120 2733 2216 2771 tepido
2231 2730 2412 2760 madefacien-

1312 2779 1367 2808 dus
1388 2778 1443 2814 est,
1464 2784 1496 2807 ut
1514 2785 1605 2814 neque
1623 2775 1707 2813 frigus
1725 2775 1761 2804 ad
1777 2774 1893 2804 vesicam
1904 2772 2032 2802 admittat
2043 2794 2052 2808 ,
2074 2773 2101 2801 δι
2119 2780 2217 2800 nervos
2237 2769 2333 2798 leniter
2343 2768 2412 2798 mol-

1312 2817 1371 2846 liat.
1662 2845 1664 2849 ,

1293 2855 1378 2891 Jocos
1393 2876 1400 2889 ,
1422 2853 1559 2882 Patienter
1569 2851 1638 2880 ferre
1652 2850 1858 2888 quicquidjoco
1875 2848 1986 2877 dicitur.
2015 2845 2134 2876 Martial.
2147 2844 2195 2874 lib.
2215 2856 2240 2880 4.
2251 2850 2275 2878 8.

1294 2892 1475 2923 Medicinam.
1505 2889 1574 2919 Cels.
1594 2889 1640 2918 lib.
1655 2899 1681 2926 7.
1705 2898 1765 2926 cap.
1786 2898 1827 2923 14.
1863 2886 1903 2915 Ex
1917 2886 1958 2915 his
1972 2886 2002 2914 id
2016 2884 2092 2922 quod
2100 2893 2135 2914 ex
2148 2882 2240 2921 spiritu
2250 2882 2346 2911 vitium
2359 2880 2408 2915 est,

1315 2929 1486 2960 medicinam
1499 2937 1558 2956 non
1569 2927 1700 2956 admittit.
1723 2927 1752 2956 V.
1771 2925 1950 2955 Curationem
1965 2923 2054 2961 supra.

1295 2967 1402 2998 Preces.
1424 2968 1440 2996 i.
1461 2976 1485 2995 e.
1507 2965 1650 3002 Recipere.
1673 2965 1738 2994 Sen.
1754 2965 1785 2993 in
1794 2962 1884 2993 Theb.
1905 2972 1929 2991 1.

1294 3006 1405 3036 Solatia.
1434 3004 1503 3033 Plin.
1522 3003 1604 3041 Epist.
1627 3006 1688 3038 169.

1294 3044 1404 3078 Solem,
1426 3042 1452 3071 h.
1465 3052 1488 3071 e.
1530 3041 1625 3070 Radiis
1635 3040 1697 3069 solis
1707 3040 1780 3068 viam
1793 3038 1906 3076 aperire.
1928 3035 1997 3066 Plin.
2013 3034 2061 3064 lib.
2077 3042 2117 3062 12.
2139 3042 2196 3069 cap.
2213 3040 2235 3059 1.
2263 3030 2413 3060 Commen-

1314 3082 1389 3111 datio
1406 3079 1511 3118 platani
1526 3088 1585 3108 non
1607 3078 1661 3107 alia
1677 3078 1765 3114 major
1783 3079 1837 3112 eit,
1869 3085 1952 3113 quain
1974 3073 2059 3102 solem
2077 3071 2163 3100 aestate
2181 3078 2271 3098 arcere
2282 3090 2290 3104 ,
2311 3068 2412 3105 hyeme

1314 3119 1468 3150 admittere.
1514 3117 1546 3146 V.
1574 3116 1664 3146 Diem.

1294 3159 1462 3195 Sumptum,
1483 3155 1691 3194 proSumptum
1709 3153 1808 3183 facere.
1843 3151 1906 3180 Ter.
1921 3149 1996 3179 Adel.
2013 3158 2036 3183 5.
2050 3157 2073 3183 7.
2089 3155 2129 3181 15.

1294 3196 1433 3226 Venerem
1453 3194 1534 3223 curis.
1558 3193 1575 3221 l.
1595 3202 1619 3221 e.
1640 3191 1717 3221 inter
1732 3200 1818 3220 curas.
1844 3188 1944 3217 Lucan.
1957 3197 1982 3221 9.
1999 3194 2075 3228 1077.

1374 3231 1489 3262 Admisit
1507 3231 1642 3260 Venerem
1656 3230 1729 3259 curis
1743 3251 1751 3264 ,
1773 3230 1799 3257 Sc
1818 3226 1926 3255 miscuit
1941 3233 2027 3253 armis.

1294 3271 1383 3301 Viam.
1412 3269 1509 3299 Claud.
1524 3279 1550 3304 4.
1570 3268 1668 3305 Paneg.
1685 3275 1745 3303 503.
1768 3266 1803 3294 de
1813 3264 1940 3294 Metauro
1958 3266 2067 3303 monte,

1375 3308 1545 3345 Admisitque
1565 3307 1637 3335 viam
1658 3304 1736 3335 sectae
1755 3313 1803 3341 per
1815 3301 1915 3331 viscera
1926 3307 2007 3336 rupis.
2099 3333 2104 3338 .
2344 3332 2349 3336 ι
2394 3331 2400 3336 ¹

1295 3346 1467 3380 Admittere,
1487 3354 1537 3382 pro
1549 3343 1614 3373 Reci
1638 3352 1683 3372 ere
1702 3343 1737 3371 ad
1761 3339 1943 3370 accusandum
1958 3358 1966 3370 ,
1987 3342 2034 3377 aut
2046 3331 2413 3376 testificandum..aut-iudi-

1314 3385 1444 3414 candum.
1469 3384 1525 3412 Cic.
1538 3382 1620 3419 proC
1634 3390 1696 3410 uen.
1718 3383 1778 3408 116.
1801 3379 1829 3407 ln
1840 3376 1932 3405 litibus
1941 3371 2104 3414 aestiinandis
2115 3373 2170 3399 iere
2184 3391 2192 3405 ,
2213 3369 2413 3411 ,Iudicesnaut

1315 3423 1392 3460 quod
1404 3422 1450 3450 sibi
1462 3430 1527 3450 eum
1540 3429 1622 3457 quem
1633 3417 1714 3448 semel
1724 3416 1943 3446 condemnarunt
1953 3433 1960 3445 ,
1982 3410 2127 3439 inimicum
2137 3415 2238 3446 putant
2249 3408 2317 3437 elle:
2339 3409 2412 3444 liqua

1316 3462 1345 3490 in
1358 3470 1424 3490 eum
1437 3459 1470 3488 lis
1480 3456 1686 3496 capitalisillata
1697 3455 1735 3485 est
1743 3476 1751 3487 .
1772 3463 1828 3482 non
1838 3450 1994 3493 admittunt.
2006 3486 2012 3492 Ἰ
2155 3483 2160 3488 .
2284 3482 2290 3487 Ι
2403 3481 2409 3487 ⁴

1295 3499 1449 3528 Admittere
1459 3519 1467 3530 ,
1483 3495 1614 3525 absolute.
1653 3493 1720 3522 Plin.
1734 3491 1782 3521 lib.
1794 3494 1818 3519 6.
1851 3488 1931 3520 epist.
1945 3486 1981 3514 ad
1991 3484 2074 3514 eom.
2092 3483 2183 3513 Tacit.
2198 3482 2303 3512 Placuit
2317 3482 2410 3519 egredi

1315 3538 1344 3566 in
1361 3536 1455 3570 littus,
1482 3536 1507 3564 ἃ
1524 3544 1539 3562 e
1559 3532 1686 3570 proximo
1712 3529 1828 3567 aspicere
1845 3524 1946 3561 ecquid
1964 3525 2021 3559 jam
2037 3531 2112 3564 mare
2138 3521 2296 3563 admitteret
2309 3541 2317 3554 ‚
2338 3519 2414 3556 quod

1315 3575 1408 3604 adhuc
1427 3573 1532 3602 vastum
1552 3573 1577 3600 a&
1598 3568 1738 3599 adversum
1761 3563 1947 3604 perinzuiebat.
1995 3560 2161 3590 Adnntteret
2173 3581 2180 3594 ,
2204 3568 2221 3587 i.
2237 3567 2261 3587 e.
2302 3559 2344 3586 An
2362 3557 2416 3586 flu-

1315 3614 1376 3642 ctus
1399 3610 1535 3650 posuisset.
1567 3608 1718 3637 Catanaeus.
1742 3642 1747 3646 .
2053 3635 2058 3640 .
2386 3631 2393 3635 q

1297 3651 1467 3683 Admittere,
1489 3648 1604 3676 l’eccare
1617 3667 1625 3679 ,
1647 3648 1827 3672 committere.
1858 3636 1959 3666 Donat.
1979 3635 2131 3677 Admittere
2146 3632 2209 3671 plus
2227 3632 2266 3661 est
2280 3641 2362 3674 quarn
2378 3634 2416 3660 ia-

1317 3698 1390 3718 cere.
1413 3686 1498 3716 Plaut.
1519 3684 1596 3714 Men.
1618 3692 1641 3718 5.
1660 3691 1682 3710 1.
1702 3689 1743 3708 12.
1785 3675 1863 3713 Quid
1881 3674 1995 3704 tandem
2011 3673 2143 3701 adiniliin
2155 3680 2196 3706 tc,
2219 3676 2249 3699 ut
2266 3669 2341 3706 loqui
2357 3678 2415 3698 non

1317 3725 1457 3755 audeam?
1977 3749 1983 3754 ι
2127 3746 2132 3751 .
2398 3744 2404 3749 ι

1298 3765 1332 3795 In
1347 3764 1372 3792 se
1390 3760 1493 3797 aliquid
1511 3757 1676 3790 admittere,
1697 3762 1748 3791 pro
1767 3751 1924 3789 perpetrare
1949 3747 2062 3791 aliquod
2080 3747 2196 3789 facinus.
2231 3745 2287 3773 (Λα.
2311 3754 2334 3774 2.
2358 3744 2418 3772 Phi-

1319 3802 1389 3839 lipp.
1410 3809 1454 3835 47.
1476 3797 1521 3825 Tu
1536 3803 1628 3836 autem
1644 3802 1677 3821 eo
1688 3790 1819 3831 liberior,
1844 3787 1920 3826 quod
1935 3796 1968 3816 ea
1984 3795 2012 3814 ln
2024 3792 2050 3813 te
2062 3783 2187 3812 admilisti
2200 3805 2207 3817 ,
2229 3792 2290 3819 quae
2309 3792 2329 3824 a*
2344 3791 2417 3810 vere-

1319 3839 1413 3869 cundo
1427 3835 1541 3864 inimico
1561 3831 1655 3861 audire
1670 3839 1727 3858 non
1749 3828 1846 3865 polles.
1890 3825 1968 3854 ldem
1986 3833 2036 3860 pro
2052 3822 2149 3850 Cluen.
2174 3825 2232 3863 167.
2275 3819 2351 3855 Quid
2369 3829 2416 3847 un-

1321 3885 1403 3914 quam
1428 3873 1520 3902 Avitus
1539 3871 1568 3899 in
1589 3867 1617 3898 se
1641 3866 1766 3901 admi‘fir,
1797 3873 1829 3894 ut
1852 3864 1906 3892 hoc
1927 3869 2034 3892 tantum
2055 3862 2089 3889 ab
2106 3869 2139 3889 eo
2162 3858 2268 3887 facinus
2295 3866 2352 3885 non
2373 3867 2387 3884 a
2409 3874 2419 3878 -

1321 3915 1432 3944 horrere
1442 3909 1566 3941 videatur
1573 3908 1587 3936 ἶ)

1854 215 2015 244 Ττυῦιιῐίιιη]
2038 227 2102 245 vero
2121 227 2212 247 meum
2237 221 2311 256 quod
2334 222 2380 250 iiio

1878 3938 1892 3969 Ι
2302 3929 2419 3967 Culpam
