2667 4145
908 72 1858 132 DEDICA‘I'IO.

190 190 332 240 nibus
352 191 470 249 tui3‚
506 204 614 258 quae
629 187 771 236 omni
791 183 1005 254 pondere
1025 182 1264 246 graviores
1285 178 1417 240 sunt,
1455 175 1697 246 quicquid
1715 176 1807 226 fere
1836 176 1966 227 istius
1985 179 2166 242 generis
2189 177 2456 248 scriptionis
2491 177 2581 240 est,
2651 195 2654 204 ·

189 266 215 331 (
227 267 364 336 quod
386 266 474 316 tibi
501 265 693 315 litterati
713 261 962 319 homines,
998 257 1160 326 saepius
1188 254 1361 315 forsan,
1389 270 1543 324 quam
1567 254 1654 301 otii
1684 255 1756 302 tui
1780 255 1902 302 ratio
1928 255 2134 323 patitur,
2172 254 2371 321 ferunt)
2392 271 2494 303 non
2518 249 2582 303 le-

189 343 339 401 viter,
375 353 432 390 ut
468 337 691 398 affolent,
727 336 974 404 inspicere,
1009 330 1087 382 sed
1111 332 1325 400 impense
1361 326 1754 396 considerateque
1790 327 1942 393 legere
1977 330 2026 379 &
2063 327 2293 378 aestimare
2331 326 2581 378 consuesse.

189 414 381 478 Quidni
402 416 552 479 igitur
573 414 724 465 vereri
742 410 970 472 debeam,
1006 424 1067 457 ne
1085 407 1209 457 forte
1228 424 1256 455 a
1276 404 1352 455 Te
1371 405 1423 454 in
1443 402 1772 472 promiscuam
1799 403 2228 473 interpellatorum
2251 403 2448 454 turbam
2466 419 2580 453 con-

188 488 341 556 jiciar,
374 491 460 559 qui
478 484 880 556 occupationibus
899 485 994 534 tuis
1015 482 1319 533 abutuntur?

315 565 449 614 Vicit
474 576 639 613 tamen
666 562 861 622 omnia,
897 575 1206 630 quaecunque
1226 555 1351 608 mihi
1370 554 1621 607 silentium
1638 555 1874 624 imperare
1886 565 2111 623 poterant
2128 594 2142 615 ,
2177 551 2581 624 praestantiffima-

183 657 296 691 rum
322 642 565 690 virtutum
586 650 782 687 tuarum
799 634 1081 686 admiratio:
1119 636 1352 702 Quarum
1372 631 1498 682 mihi
1516 631 1698 680 diutius
1716 632 2027 681 veneratione
2053 630 2292 683 duntaxat
2324 637 2471 684 tacita
2501 634 2579 683 de-

183 717 320 780 fungi
339 718 454 765 citra
478 714 728 783 piaculum
753 731 857 763 non
881 711 1064 763 videor.
1138 712 1258 763 Non
1280 710 1418 780 quod
1438 705 1670 778 equidem
1700 718 1897 757 tantum
1923 705 2050 757 mihi
2075 707 2295 770 sumam,
2331 720 2389 759 ut
2406 711 2457 759 in
2475 725 2578 759 ain-¹

183 787 458 861 pliffimum
479 788 686 840 laudum
707 802 906 839 tuarum
927 806 1165 858 eampum
1185 805 1295 838 mea
1321 788 1363 837 se
1382 786 1693 836 committere
1725 786 1883 834 oratio
1909 785 2095 834 audeat.
2167 785 2275 833 Scio
2303 783 2428 855 quid
2448 788 2579 849 inge-

183 872 250 919 nii
276 871 374 919 mei
394 867 629 918 modulus
650 867 917 937 complee'd
936 879 1145 938 nequeat
1165 884 1176 915 ι
1224 867 1331 915 Scio
1355 860 1478 933 quid
1497 859 1673 911 harum
1694 859 1992 930 pagellarum
2009 860 2227 911 ambitus
2255 863 2432 930 capiat:
2479 857 2578 910 Oc-

183 948 326 995 currit
360 946 528 995 animo
557 946 607 996 &
630 944 751 1013 quid
769 945 996 1014 ipsemet,
1034 946 1156 1014 qui,
1187 961 1274 1013 pro
1300 933 1587 1008 gravissimo
1607 936 1788 1005 judicio
1818 949 1907 988 tuo
1925 977 1940 1000 ‚
1978 941 2150 988 mereri
2172 938 2397 1008 quotidie
2422 950 2580 988 novas
2661 984 2664 985 γ

181 1013 368 1077 laudes,
406 1038 559 1091 quam
591 1019 754 1071 audire
784 1033 868 1071 aut
897 1021 1050 1086 legere
1078 1013 1408 1070 meritissimae
1437 1016 1616 1075 mavis,
1650 1014 1792 1063 tacite
1829 1013 2054 1082 suspicere
2080 1032 2171 1064 nos
2197 1015 2376 1075 forsan,
2419 1029 2574 1084 quam

182 1111 304 1144 Voce
330 1113 384 1145 ac
407 1096 573 1146 litteris
596 1097 845 1164 praedicare
869 1098 1024 1146 malis.
1098 1095 1243 1163 Qin
1264 1096 1413 1144 etiam
1441 1094 1633 1159 ineptus
1652 1087 1777 1139 mihi
1800 1087 1988 1151 videar,
2025 1104 2188 1159 quum
2211 1102 2288 1140 tot
2303 1089 2403 1156 jam
2420 1127 2435 1151 ,
2471 1101 2577 1139 tan-'

182 1184 328 1241 taque
348 1172 552 1222 laudum
574 1184 771 1222 tuarum
794 1174 1035 1241 praeconia
1064 1171 1275 1233 exstent,
1311 1169 1348 1221 fi
1367 1168 1517 1220 istum
1538 1165 1692 1217 veluti
1713 1181 1938 1235 pannum
1965 1164 2317 1234 praedicationis
2334 1183 2456 1217 meae
2483 1165 2575 1216 ful-

181 1243 474 1312 gentissimae
505 1265 725 1317 purpura>
750 1261 842 1299 tuae
871 1260 1078 1309 attexere
1104 1249 1317 1317 cupiam.
2546 1258 2547 1261 ’

294 1323 461 1374 Habes
481 1327 736 1374 enimvero
759 1323 1104 1375 buccinantem
1129 1325 1302 1374 merita
1322 1335 1408 1373 tua
1426 1333 1596 1371 totum
1614 1319 1806 1370 Orbem
1827 1318 2182 1380 Christianum,
2217 1321 2306 1392 qui
2331 1320 2576 1392 quodam:

181 1399 339 1450 modo
372 1416 490 1450 cum
511 1399 700 1451 civibus
721 1401 816 1450 tuis
845 1402 1063 1461 caritate,
1094 1400 1505 1468 venerationeque
1524 1397 1599 1446 tui
1618 1406 1793 1447 certare
1817 1394 2011 1446 videtur
2025 1434 2041 1459 ,
2077 1413 2312 1469 paeneque
2336 1402 2575 1453 omnium

183 1477 408 1541 gentium
429 1477 593 1528 litteris
617 1488 765 1547 atque
786 1477 962 1543 linguis
987 1475 1151 1528 laudes
1174 1488 1278 1526 tuas
1304 1475 1524 1526 celebrat.

305 1553 471 1605 Habes
491 1553 680 1625 plausus
707 1556 759 1606 δε
777 1555 926 1606 fausta
944 1556 1115 1605 omina
1131 1592 1148 1616 ,
1184 1566 1400 1624 votaque
1428 1568 1517 1620 pro
1542 1549 1686 1601 salute
1710 1560 1795 1600 tua
1814 1549 2038 1619 quotidie
2062 1551 2228 1602 iterata
2260 1553 2413 1602 totius
2439 1553 2572 1617 regni

181 1632 219 1683 F
219 1635 386 1683 ranciae
403 1633 690 1685 incolarum.
2570 1636 2573 1638 ’

286 1707 454 1758 Habes
478 1720 554 1758 tot
572 1710 900 1760 eminentium
918 1711 1042 1762 inter
1053 1709 1305 1782 populares
1326 1718 1437 1757 tuos
1454 1704 1767 1771 ingeniorum
1788 1703 1984 1755 illustria
2000 1717 2358 1768 monumenta,
2395 1705 2576 1776 quibus

183 1788 308 1838 olim
329 1787 561 1837 Francicae
590 1786 824 1838 facundiae
852 1788 1120 1858 praestantia
1144 1790 1369 1839 Atticam
1385 1785 1523 1836 illam
1548 1794 1764 1833 veterem
1781 1781 2071 1847 elegantiam
2090 1793 2377 1851 provocant.
2447 1780 2575 1832 Haec

183 1865 434 1916 enimvero
453 1860 539 1912 fibi
557 1857 836 1913 Clariffima
853 1865 1046 1929 ingenia
1059 1903 1073 1925 ,
1107 1864 1206 1932 jure
1223 1861 1334 1924 su0‚
1371 1860 1496 1911 hanc
1515 1856 1912 1909 celebrandarum
1932 1858 2140 1909 laudum
2159 1870 2360 1909 tuarum
2377 1859 2575 1929 provim

181 1941 312 1988 ciam
334 1939 523 2006 proprie
540 1937 807 1990 vindicant.
877 1940 1281 2010 Memorabitque
1310 1939 1452 1989 omni
1479 1954 1585 1986 aevo
1618 1936 1811 1986 Francia
1833 1937 2040 1997 erudita,
2077 1938 2126 1988 δε
2150 1934 2247 1986 hoc
2266 1936 2449 2006 semper
2471 1954 2576 1987 ma-

181 2016 381 2066 ximum
413 2013 690 2063 Annalium
710 2013 911 2066 suorum
940 2028 1293 2066 ornamentum
1312 2013 1579 2084 reputabit,
1614 2010 1695 2061 IN
1710 2010 2395 2062 COMPARABILEM
2426 2012 2573 2064 illum

181 2092 229 2141 C
243 2089 370 2140 I'VE
383 2088 444 2138 M
463 2086 632 2150 suum,
666 2091 745 2139 cui
763 2087 847 2140 soli
866 2093 1073 2157 contigit
1093 2091 1137 2140 R
1150 2092 1193 2141 E
1206 2090 1256 2141 G
1269 2091 1287 2140 Ι
1301 2129 1314 2151 ,
1351 2090 1605 2158 Regnique
1631 2084 1830 2154 subditis
1849 2080 2269 2156 praeclariffimurn
2287 2088 2340 2137 in
2353 2088 2573 2141 modum

180 2166 320 2234 juxta
339 2164 579 2214 consulere
592 2204 605 2225 ,
634 2166 683 2216 8<
701 2183 983 2235 comparem
1002 2169 1233 2238 utrinque
1258 2168 1381 2218 bene
1400 2162 1633 2215 merendo
1652 2164 1855 2228 gratiam
1875 2164 2008 2213 inire.
2042 2161 2317 2216 Testabitur
2332 2163 2579 2217 omnium*

178 2244 459 2296 &culorum
494 2243 754 2311 posteritati
789 2256 892 2294 tam
926 2244 1124 2313 plenam
1160 2246 1210 2295 δε
1244 2243 1475 2303 solidam,
1509 2253 1616 2290 tam
1641 2237 1964 2290 invidendam
1996 2240 2046 2290 δε
2073 2256 2207 2308 paene
2233 2237 2572 2292 incredibilem

177 2316 646 2370 TEMPORUM
672 2317 755 2368 sub
782 2319 1218 2371 LUDOVICO
1246 2319 1358 2369 XV
1389 2334 1497 2383 rege
1519 2314 2102 2366 FELICITATEM.
2173 2314 2571 2367 Commendabit

179 2394 361 2446 aeternis
379 2391 647 2442 litterarum
675 2398 1041 2458 monumentis,
1079 2395 1330 2465 tradetque
1361 2394 1611 2444 memoria>
1634 2391 1930 2458 sempiternae
1952 2407 2098 2440 voees
2128 2390 2255 2453 illas,
2289 2408 2408 2461 quas
2429 2393 2572 2443 meri-

179 2486 349 2523 torum
371 2481 574 2519 tuorum
592 2470 804 2536 jucunda
824 2473 1089 2522 recordatio
1113 2472 1211 2538 jam
1235 2472 1322 2520 diu
1343 2468 1531 2539 populo
1553 2461 1807 2536 expressit,
1844 2465 1983 2515 Cum
2005 2466 2169 2534 saepius
2193 2468 2245 2517 in
2265 2466 2373 2516 aula
2382 2466 2418 2516 F
2418 2470 2581 2519 ranci-

180 2566 235 2598 ca
256 2544 571 2597 Cardinalitia
595 2561 803 2615 purpura
821 2546 1063 2616 splendide
1080 2547 1285 2607 fulserit,
1322 2561 1585 2614 nunquam
1604 2555 1771 2592 tamen
1794 2540 2213 2604 MansuetudiniS,
2250 2540 2567 2610 Clementiae,

178 2623 373 2693 Justitiae
410 2620 679 2690 splendore,
717 2641 871 2693 quam
899 2623 1135 2676 hodierno
1164 2626 1241 2676 die
1267 2623 1419 2688 fulget
1437 2662 1451 2684 ,
1486 2621 1654 2671 clarius
1678 2617 1862 2669 fulfiffe.
2569 2672 2572 2677 ,

314 2697 481 2747 Habes
501 2697 659 2762 Regni
680 2696 945 2750 Procerum
967 2704 1230 2760 omnium,
1267 2697 1466 2749 cedente
1488 2694 1676 2747 invidia
1698 2695 2029 2762 magnitudini
2050 2695 2236 2762 glor-ize,
2271 2709 2566 2769 perpetuum

176 2795 231 2829 ae
258 2766 636 2828 fincerissimum
667 2773 896 2827 studium.

308 2848 474 2901 Habes
498 2847 733 2918 denique,
765 2851 905 2921 quod
923 2854 1156 2904 omnibus
1174 2855 1411 2904 omnium
1430 2851 1677 2921 praeconiis
1699 2848 1875 2899 merito
1901 2850 2185 2917 anteponiS‚
2220 2848 2564 2903 aestimatorem

174 2920 512 2994 justissimum,
556 2922 867 2995 eundemque
896 2927 1199 2978 laudatorem
1216 2946 1280 2983 ,ac
1320 2926 1490 2977 testem
1523 2926 1818 2974 meritorum
1853 2936 2060 2974 tuorum
2095 2928 2239 2976 omni
2276 2929 2565 2995 exceptione

176 3000 412 3066 majorem
439 2996 731 3047 REGEM
756 3000 916 3067 ipsum
952 2998 1618 3053 CHRISTIANISSIM
1633 2998 1777 3059 HM,
1813 3000 1902 3068 qui
1925 3002 2098 3068 quanti
2120 3001 2197 3051 Te
2223 3013 2406 3072 tuaque
2425 3004 2476 3052 in
2495 3021 2564 3053 re-

175 3092 332 3142 gnum
359 3074 502 3123 suum
522 3074 692 3123 merita
712 3073 851 3124 faciat
872 3076 969 3141 jam
989 3078 1210 3127 multum
1237 3095 1292 3126 ac
1311 3077 1498 3145 fiepiu5,
1537 3074 1735 3125 testante
1755 3076 1807 3124 in
1825 3073 1968 3125 Ae'tis
1986 3076 2076 3127 fiiis
2100 3077 2325 3146 Europa,
2360 3096 2464 3128 non
2487 3078 2564 3130 di-

175 3151 263 3202 &tis
295 3148 473 3208 modO,
508 3150 586 3199 sed
615 3149 776 3218 palam
802 3150 938 3201 saei-is
965 3154 1236 3203 declaravit.
1310 3151 1544 3217 Agnoscit
1571 3153 1825 3200 enimvero
1860 3149 2169 3203 OPTIMUS
2203 3152 2562 3216 PRINCEPS,

173 3226 247 3275 Te
277 3225 372 3275 Sibi
401 3224 450 3273 ill
505 3237 665 3285 aetate,
708 3242 815 3294 quae
842 3225 1088 3292 majorum
1121 3241 1239 3278 natu
1269 3226 1474 3278 confilio
1511 3227 1716 3291 indiget,
1753 3223 1967 3293 praefidio
1999 3230 2129 3288 Avi,
2170 3227 2348 3291 Patri8‚
2385 3229 2562 3283 Proavi

174 3311 360 3368 erepto,
396 3300 443 3347 A
485 3299 763 3349 ministrum
782 3300 965 3365 Regni,
1002 3302 1148 3352 talem
1180 3302 1458 3371 prudentia,
1494 3301 1613 3363 fide,
1653 3301 1950 3364 integritate,
1987 3301 2217 3353 industria
2238 3304 2440 3365 Virum,
2477 3323 2560 3357 cu..

173 3375 247 3442 jus
277 3375 444 3423 omnia
473 3385 657 3441 coepta,
695 3372 992 3443 consiliaque
1024 3376 1263 3445 prosperet
1291 3395 1345 3427 ac
1374 3378 1589 3427 fortunet
1609 3375 1842 3436 Numen,
1879 3376 2015 3426 velut
2048 3376 2285 3428 divinitus
2322 3380 2556 3446 obtigifle.

173 3447 322 3499 Videt
349 3464 430 3515 per
455 3448 530 3497 Te
557 3465 660 3497 non
688 3449 945 3500 custoditas
967 3450 1124 3500 solum
1150 3449 1379 3509 fideliter,
1417 3451 1493 3502 sed
1517 3454 1705 3517 magnis
1725 3453 1874 3501 etiam
1892 3448 2243 3503 accessionibus
2262 3453 2446 3516 auctas,
2481 3455 2558 3508 fir.

173 3537 423 3594 matasque
451 3542 564 3592 opes
595 3527 740 3589 regni.
809 3529 1045 3591 Agnoscit
1066 3528 1303 3597 denique,
1340 3547 1421 3598 per
1445 3530 1521 3579 Te
1550 3546 1758 3594 regnum
1779 3529 1948 3591 suum,
1987 3548 2091 3580 non
2116 3531 2197 3581 illa
2215 3529 2365 3582 invisa
2386 3536 2556 3588 multis

173 3600 480 3660 nominibus,
516 3618 722 3669 quaeque
740 3601 1029 3673 plerumque
1051 3621 1170 3654 cum
1192 3608 1534 3656 innocentium
1555 3606 1760 3655 lacrimis
1778 3606 2042 3671 conjuncta
2057 3607 2151 3668 est,
2182 3607 2258 3658 sed
2277 3625 2410 3671 vera,
2439 3613 2556 3663 sola·

173 3693 269 3746 que
295 3677 336 3725 se
355 3676 573 3742 Principe
596 3674 761 3738 digna,
796 3675 890 3725 hoc
911 3680 975 3728 est
992 3683 1266 3742 incruenta,
1304 3681 1529 3741 innoxia,
1566 3692 1712 3748 atque
1732 3679 1794 3728 ab
1811 3681 1957 3729 omni
1977 3678 2182 3732 humani
2200 3686 2367 3732 erroris
2387 3699 2556 3737 conta-

175 3757 316 3820 gione
336 3758 617 3804 intaminata
637 3756 782 3819 gloria
801 3755 1084 3808 decoratum
1105 3757 1204 3808 effe.
1291 3757 1521 3807 Multum
1540 3756 1709 3806 absum
1733 3757 1792 3806 ab
1811 3773 1863 3806 ea
1882 3756 2104 3808 felicitate
2123 3761 2331 3825 ingenii,
2363 3777 2419 3813 ut
2445 3782 2555 3815 om-

173 3848 255 3882 nes
275 3824 619 3896 gloriolissimae
637 3829 1087 3881 Administrationis
1107 3844 1198 3881 tuae
1214 3843 1369 3902 partes
1394 3832 1613 3882 oratione
1632 3829 1899 3900 compleffl
1918 3847 2000 3881 me
2016 3832 2145 3901 posse
2166 3833 2362 3904 sperem.
2400 3839 2557 3903 Quic-

2427 3915 2551 3981 quid
