<?xml version="1.0" encoding="UTF-8"?>
<!DOCTYPE html PUBLIC "-//W3C//DTD XHTML 1.0 Transitional//EN"
    "http://www.w3.org/TR/xhtml1/DTD/xhtml1-transitional.dtd">
<html xmlns="http://www.w3.org/1999/xhtml" xml:lang="en" lang="en">
 <head>
  <title>
</title>
<meta http-equiv="Content-Type" content="text/html;charset=utf-8" />
  <meta name='ocr-system' content='tesseract 3.04.00' />
  <meta name='ocr-capabilities' content='ocr_page ocr_carea ocr_par ocr_line ocrx_word'/>
</head>
<body>
  <div class='ocr_page' id='page_1' title='image "./robertistephanil01esti_0118.png"; bbox 0 0 2667 4145; ppageno 0'>
   <div class='ocr_carea' id='block_1_1' title="bbox 250 67 964 116">
    <p class='ocr_par' dir='ltr' id='par_1_1' title="bbox 250 67 964 116">
     <span class='ocr_line' id='line_1_1' title="bbox 250 67 964 116; baseline -0.004 -11"><span class='ocrx_word' id='word_1_1' title='bbox 250 80 299 116; x_wconf 80' lang='lat'>44</span> <span class='ocrx_word' id='word_1_2' title='bbox 686 70 711 103; x_wconf 84' lang='grc' dir='ltr'>Α</span> <span class='ocrx_word' id='word_1_3' title='bbox 807 69 836 102; x_wconf 85' lang='lat' dir='ltr'>C</span> <span class='ocrx_word' id='word_1_4' title='bbox 930 67 964 102; x_wconf 85' lang='grc' dir='ltr'>Ο</span> 
     </span>
    </p>
   </div>
   <div class='ocr_carea' id='block_1_2' title="bbox 250 141 1409 933">
    <p class='ocr_par' dir='ltr' id='par_1_2' title="bbox 290 141 1405 297">
     <span class='ocr_line' id='line_1_2' title="bbox 290 141 1405 187; baseline -0.007 -7"><span class='ocrx_word' id='word_1_5' title='bbox 290 150 414 184; x_wconf 76' lang='lat' dir='ltr'>Aelides,</span> <span class='ocrx_word' id='word_1_6' title='bbox 434 150 540 186; x_wconf 86' lang='lat' dir='ltr'>inquit,</span> <span class='ocrx_word' id='word_1_7' title='bbox 559 148 654 184; x_wconf 84' lang='lat' dir='ltr'>Jacula</span> <span class='ocrx_word' id='word_1_8' title='bbox 677 149 778 178; x_wconf 82' lang='lat' dir='ltr'>brevia.</span> <span class='ocrx_word' id='word_1_9' title='bbox 819 148 946 182; x_wconf 80' lang='lat' dir='ltr'>Servius,</span> <span class='ocrx_word' id='word_1_10' title='bbox 970 147 1093 175; x_wconf 82' lang='lat' dir='ltr'>Putatur.</span> <span class='ocrx_word' id='word_1_11' title='bbox 1119 145 1227 181; x_wconf 86' lang='lat' dir='ltr'>inquit,</span> <span class='ocrx_word' id='word_1_12' title='bbox 1260 142 1327 187; x_wconf 26' lang='lat' dir='ltr'>‘Teli</span> <span class='ocrx_word' id='word_1_13' title='bbox 1348 141 1405 172; x_wconf 80' lang='lat' dir='ltr'>esse</span> 
     </span>
     <span class='ocr_line' id='line_1_3' title="bbox 311 180 1405 224; baseline -0.008 -7"><span class='ocrx_word' id='word_1_14' title='bbox 311 198 379 217; x_wconf 85' lang='lat' dir='ltr'>enus</span> <span class='ocrx_word' id='word_1_15' title='bbox 398 187 473 223; x_wconf 85' lang='lat' dir='ltr'>quod</span> <span class='ocrx_word' id='word_1_16' title='bbox 492 196 541 224; x_wconf 85' lang='lat' dir='ltr'>per</span> <span class='ocrx_word' id='word_1_17' title='bbox 556 186 695 223; x_wconf 73' lang='lat' dir='ltr'>flagellum</span> <span class='ocrx_word' id='word_1_18' title='bbox 720 188 749 215; x_wconf 89' lang='lat' dir='ltr'>in</span> <span class='ocrx_word' id='word_1_19' title='bbox 767 185 929 214; x_wconf 84' lang='lat' dir='ltr'>immensum</span> <span class='ocrx_word' id='word_1_20' title='bbox 950 185 1001 219; x_wconf 80' lang='lat' dir='ltr'>jaci</span> <span class='ocrx_word' id='word_1_21' title='bbox 1024 182 1121 224; x_wconf 75' lang='lat' dir='ltr'>potest.</span> <span class='ocrx_word' id='word_1_22' title='bbox 1170 181 1266 210; x_wconf 66' lang='lat' dir='ltr'>Casiri</span> <span class='ocrx_word' id='word_1_23' title='bbox 1289 180 1405 217; x_wconf 75' lang='lat' dir='ltr'>tragula.</span> 
     </span>
     <span class='ocr_line' id='line_1_4' title="bbox 293 198 1404 259; baseline -0.005 -5"><span class='ocrx_word' id='word_1_24' title='bbox 293 198 361 255; x_wconf 59' lang='lat' dir='ltr'>{est</span> <span class='ocrx_word' id='word_1_25' title='bbox 374 224 442 253; x_wconf 79' lang='lat' dir='ltr'>Gall.</span> <span class='ocrx_word' id='word_1_26' title='bbox 458 235 480 259; x_wconf 85' lang='lat'>5.</span> <span class='ocrx_word' id='word_1_27' title='bbox 491 226 535 258; x_wconf 79' lang='lat'>46.</span> <span class='ocrx_word' id='word_1_28' title='bbox 580 224 610 252; x_wconf 85' lang='lat' dir='ltr'>V.</span> <span class='ocrx_word' id='word_1_29' title='bbox 627 224 736 253; x_wconf 86' lang='lat' dir='ltr'>Salmas.</span> <span class='ocrx_word' id='word_1_30' title='bbox 748 224 782 252; x_wconf 82' lang='lat' dir='ltr'>ad</span> <span class='ocrx_word' id='word_1_31' title='bbox 790 223 872 252; x_wconf 86' lang='lat' dir='ltr'>Treb.</span> <span class='ocrx_word' id='word_1_32' title='bbox 886 222 952 251; x_wconf 87' lang='lat' dir='ltr'>Poll.</span> <span class='ocrx_word' id='word_1_33' title='bbox 968 220 1115 249; x_wconf 85' lang='lat' dir='ltr'>Claudium</span> <span class='ocrx_word' id='word_1_34' title='bbox 1130 229 1190 258; x_wconf 85' lang='lat' dir='ltr'>cap.</span> <span class='ocrx_word' id='word_1_35' title='bbox 1205 229 1248 254; x_wconf 86' lang='lat'>14.</span> <span class='ocrx_word' id='word_1_36' title='bbox 1277 217 1404 248; x_wconf 75' lang='lat' dir='ltr'>Turneb.</span> 
     </span>
     <span class='ocr_line' id='line_1_5' title="bbox 293 260 981 297; baseline -0.007 -6"><span class='ocrx_word' id='word_1_37' title='bbox 293 262 399 292; x_wconf 84' lang='lat' dir='ltr'>Advers.</span> <span class='ocrx_word' id='word_1_38' title='bbox 424 271 465 297; x_wconf 84' lang='lat'>30.</span> <span class='ocrx_word' id='word_1_39' title='bbox 488 271 530 289; x_wconf 91' lang='lat'>21.</span> <span class='ocrx_word' id='word_1_40' title='bbox 554 262 580 289; x_wconf 64' lang='grc' dir='ltr'>ἃ</span> <span class='ocrx_word' id='word_1_41' title='bbox 598 261 736 291; x_wconf 68' lang='lat' dir='ltr'>Dralienb.</span> <span class='ocrx_word' id='word_1_42' title='bbox 756 261 789 290; x_wconf 88' lang='lat' dir='ltr'>ad</span> <span class='ocrx_word' id='word_1_43' title='bbox 808 260 854 289; x_wconf 87' lang='lat' dir='ltr'>Sil.</span> <span class='ocrx_word' id='word_1_44' title='bbox 878 269 900 295; x_wconf 87' lang='lat'>3.</span> <span class='ocrx_word' id='word_1_45' title='bbox 922 262 981 293; x_wconf 75' lang='lat'>363.</span> 
     </span>
    </p>

    <p class='ocr_par' dir='ltr' id='par_1_3' title="bbox 255 296 1097 335">
     <span class='ocr_line' id='line_1_6' title="bbox 255 296 1097 335; baseline -0.007 -7"><span class='ocrx_word' id='word_1_46' title='bbox 255 300 448 334; x_wconf 68' lang='lat' dir='ltr'>AcceuDo,</span> <span class='ocrx_word' id='word_1_47' title='bbox 474 299 505 326; x_wconf 86' lang='lat' dir='ltr'>is.</span> <span class='ocrx_word' id='word_1_48' title='bbox 531 299 714 335; x_wconf 73' lang='lat' dir='ltr'>compositum</span> <span class='ocrx_word' id='word_1_49' title='bbox 733 309 747 327; x_wconf 85' lang='lat' dir='ltr'>a</span> <span class='ocrx_word' id='word_1_50' title='bbox 766 298 864 327; x_wconf 71' lang='lat' dir='ltr'>eludo.</span> <span class='ocrx_word' id='word_1_51' title='bbox 888 296 948 324; x_wconf 89' lang='lat' dir='ltr'>Vid.</span> <span class='ocrx_word' id='word_1_52' title='bbox 970 298 1097 323; x_wconf 67' lang='lat' dir='ltr'>cesino.</span> 
     </span>
    </p>

    <p class='ocr_par' dir='ltr' id='par_1_4' title="bbox 255 331 1403 372">
     <span class='ocr_line' id='line_1_7' title="bbox 255 331 1403 372; baseline -0.004 -6"><span class='ocrx_word' id='word_1_53' title='bbox 255 336 370 372; x_wconf 61' lang='lat' dir='ltr'>Acus,</span> <span class='ocrx_word' id='word_1_54' title='bbox 391 346 427 365; x_wconf 92' lang='lat' dir='ltr'>es.</span> <span class='ocrx_word' id='word_1_55' title='bbox 450 336 572 372; x_wconf 60' lang='lat' dir='ltr'>[A’upeii]</span> <span class='ocrx_word' id='word_1_56' title='bbox 592 336 703 365; x_wconf 84' lang='lat' dir='ltr'>Nomen</span> <span class='ocrx_word' id='word_1_57' title='bbox 718 335 839 364; x_wconf 81' lang='lat' dir='ltr'>mulieris</span> <span class='ocrx_word' id='word_1_58' title='bbox 850 334 1000 370; x_wconf 86' lang='lat' dir='ltr'>proprium.</span> <span class='ocrx_word' id='word_1_59' title='bbox 1032 331 1124 361; x_wconf 79' lang='lat' dir='ltr'>Catul.</span> <span class='ocrx_word' id='word_1_60' title='bbox 1135 331 1228 370; x_wconf 85' lang='lat' dir='ltr'>Epigr.</span> <span class='ocrx_word' id='word_1_61' title='bbox 1241 339 1288 368; x_wconf 82' lang='lat'>43.</span> <span class='ocrx_word' id='word_1_62' title='bbox 1304 341 1329 361; x_wconf 88' lang='lat'>1.</span> <span class='ocrx_word' id='word_1_63' title='bbox 1351 333 1403 361; x_wconf 64' lang='lat' dir='ltr'>&amp;Q</span> 
     </span>
    </p>

    <p class='ocr_par' dir='ltr' id='par_1_5' title="bbox 367 373 1099 448">
     <span class='ocr_line' id='line_1_8' title="bbox 368 373 869 411; baseline -0.006 -9"><span class='ocrx_word' id='word_1_64' title='bbox 368 375 471 403; x_wconf 80' lang='lat' dir='ltr'>Acmen</span> <span class='ocrx_word' id='word_1_65' title='bbox 499 374 648 411; x_wconf 80' lang='lat' dir='ltr'>Septimius</span> <span class='ocrx_word' id='word_1_66' title='bbox 675 373 738 402; x_wconf 89' lang='lat' dir='ltr'>suos</span> <span class='ocrx_word' id='word_1_67' title='bbox 764 380 869 400; x_wconf 85' lang='lat' dir='ltr'>amores</span> 
     </span>
     <span class='ocr_line' id='line_1_9' title="bbox 367 407 1099 448; baseline -0.008 -9"><span class='ocrx_word' id='word_1_68' title='bbox 367 411 479 440; x_wconf 87' lang='lat' dir='ltr'>Tenens</span> <span class='ocrx_word' id='word_1_69' title='bbox 495 412 522 439; x_wconf 89' lang='lat' dir='ltr'>in</span> <span class='ocrx_word' id='word_1_70' title='bbox 543 411 663 447; x_wconf 77' lang='lat' dir='ltr'>gremio,</span> <span class='ocrx_word' id='word_1_71' title='bbox 681 420 760 443; x_wconf 83' lang='lat' dir='ltr'>mea,</span> <span class='ocrx_word' id='word_1_72' title='bbox 785 407 997 448; x_wconf 28' lang='lat' dir='ltr'>iiiquitkllcine</span> <span class='ocrx_word' id='word_1_73' title='bbox 1009 428 1017 441; x_wconf 93' lang='lat'>,</span> <span class='ocrx_word' id='word_1_74' title='bbox 1048 407 1099 435; x_wconf 67' lang='lat' dir='ltr'>Sec.</span> 
     </span>
    </p>

    <p class='ocr_par' dir='ltr' id='par_1_6' title="bbox 255 444 1409 525">
     <span class='ocr_line' id='line_1_10' title="bbox 255 444 1409 484; baseline -0.005 -6"><span class='ocrx_word' id='word_1_75' title='bbox 255 450 384 478; x_wconf 66' lang='lat' dir='ltr'>Acmen</span> <span class='ocrx_word' id='word_1_76' title='bbox 397 459 436 483; x_wconf 57' lang='grc' dir='ltr'>Ξ,</span> <span class='ocrx_word' id='word_1_77' title='bbox 459 447 629 484; x_wconf 58' lang='grc' dir='ltr'>[Α’κμῶὲαω]</span> <span class='ocrx_word' id='word_1_78' title='bbox 650 449 683 477; x_wconf 84' lang='lat' dir='ltr'>Se</span> <span class='ocrx_word' id='word_1_79' title='bbox 706 454 761 476; x_wconf 87' lang='lat' dir='ltr'>tem</span> <span class='ocrx_word' id='word_1_80' title='bbox 778 446 839 474; x_wconf 87' lang='lat' dir='ltr'>sunt</span> <span class='ocrx_word' id='word_1_81' title='bbox 859 444 952 473; x_wconf 78' lang='lat' dir='ltr'>inlulae</span> <span class='ocrx_word' id='word_1_82' title='bbox 973 444 1034 482; x_wconf 89' lang='lat' dir='ltr'>post</span> <span class='ocrx_word' id='word_1_83' title='bbox 1049 444 1211 474; x_wconf 74' lang='lat' dir='ltr'>Hiberniam</span> <span class='ocrx_word' id='word_1_84' title='bbox 1225 467 1235 480; x_wconf 77' lang='lat'>‚</span> <span class='ocrx_word' id='word_1_85' title='bbox 1267 454 1326 474; x_wconf 90' lang='lat' dir='ltr'>non</span> <span class='ocrx_word' id='word_1_86' title='bbox 1344 454 1409 482; x_wconf 88' lang='lat' dir='ltr'>pro-</span> 
     </span>
     <span class='ocr_line' id='line_1_11' title="bbox 292 457 1305 525; baseline -0.008 -11"><span class='ocrx_word' id='word_1_87' title='bbox 292 486 338 514; x_wconf 93' lang='lat' dir='ltr'>cul</span> <span class='ocrx_word' id='word_1_88' title='bbox 359 486 391 515; x_wconf 83' lang='lat' dir='ltr'>ab</span> <span class='ocrx_word' id='word_1_89' title='bbox 408 485 572 515; x_wconf 88' lang='lat' dir='ltr'>Orcadibus.</span> <span class='ocrx_word' id='word_1_90' title='bbox 594 486 662 514; x_wconf 89' lang='lat' dir='ltr'>Plin.</span> <span class='ocrx_word' id='word_1_91' title='bbox 681 457 727 513; x_wconf 68' lang='lat' dir='ltr'>sib.</span> <span class='ocrx_word' id='word_1_92' title='bbox 750 493 852 525; x_wconf 51' lang='lat' dir='ltr'>43cap.</span> <span class='ocrx_word' id='word_1_93' title='bbox 876 486 920 525; x_wconf 58' lang='grc' dir='ltr'>16ἶ</span> <span class='ocrx_word' id='word_1_94' title='bbox 971 519 976 524; x_wconf 38' lang='grc'><em>·</em></span> <span class='ocrx_word' id='word_1_95' title='bbox 1299 520 1305 525; x_wconf 93' lang='lat'>.</span> 
     </span>
    </p>

    <p class='ocr_par' dir='ltr' id='par_1_7' title="bbox 254 519 1408 626">
     <span class='ocr_line' id='line_1_12' title="bbox 254 519 1408 558; baseline -0.004 -6"><span class='ocrx_word' id='word_1_96' title='bbox 254 523 403 556; x_wconf 67' lang='lat' dir='ltr'>Acmon,</span> <span class='ocrx_word' id='word_1_97' title='bbox 427 524 438 558; x_wconf 94' lang='lat'>[</span> <span class='ocrx_word' id='word_1_98' title='bbox 454 522 560 557; x_wconf 50' lang='grc' dir='ltr'>ἕκμων]</span> <span class='ocrx_word' id='word_1_99' title='bbox 581 533 652 551; x_wconf 88' lang='lat' dir='ltr'>unus</span> <span class='ocrx_word' id='word_1_100' title='bbox 667 531 701 550; x_wconf 83' lang='lat' dir='ltr'>ex</span> <span class='ocrx_word' id='word_1_101' title='bbox 718 521 796 550; x_wconf 69' lang='lat' dir='ltr'>ldaeis</span> <span class='ocrx_word' id='word_1_102' title='bbox 816 519 950 557; x_wconf 40' lang='lat' dir='ltr'>Dactylis,</span> <span class='ocrx_word' id='word_1_103' title='bbox 970 519 998 547; x_wconf 88' lang='lat' dir='ltr'>id</span> <span class='ocrx_word' id='word_1_104' title='bbox 1017 519 1071 555; x_wconf 90' lang='lat' dir='ltr'>est,</span> <span class='ocrx_word' id='word_1_105' title='bbox 1090 519 1199 556; x_wconf 73' lang='lat' dir='ltr'>Magna:</span> <span class='ocrx_word' id='word_1_106' title='bbox 1223 519 1321 549; x_wconf 85' lang='lat' dir='ltr'>Matris</span> <span class='ocrx_word' id='word_1_107' title='bbox 1342 520 1408 548; x_wconf 86' lang='lat' dir='ltr'>deo-</span> 
     </span>
     <span class='ocr_line' id='line_1_13' title="bbox 292 556 1408 596; baseline -0.004 -7"><span class='ocrx_word' id='word_1_108' title='bbox 292 571 353 589; x_wconf 97' lang='lat' dir='ltr'>rum</span> <span class='ocrx_word' id='word_1_109' title='bbox 373 560 517 594; x_wconf 88' lang='lat' dir='ltr'>ministris,</span> <span class='ocrx_word' id='word_1_110' title='bbox 541 562 566 589; x_wconf 61' lang='grc' dir='ltr'><strong>ἃ</strong></span> <span class='ocrx_word' id='word_1_111' title='bbox 586 559 753 588; x_wconf 66' lang='lat' dir='ltr'>assessoribus</span> <span class='ocrx_word' id='word_1_112' title='bbox 769 567 774 586; x_wconf 88' lang='lat'><strong>:</strong></span> <span class='ocrx_word' id='word_1_113' title='bbox 798 558 832 586; x_wconf 89' lang='lat' dir='ltr'>de</span> <span class='ocrx_word' id='word_1_114' title='bbox 851 567 906 595; x_wconf 88' lang='lat' dir='ltr'>quo</span> <span class='ocrx_word' id='word_1_115' title='bbox 922 557 986 586; x_wconf 86' lang='lat' dir='ltr'>vide</span> <span class='ocrx_word' id='word_1_116' title='bbox 1001 556 1082 596; x_wconf 79' lang='lat' dir='ltr'>plura</span> <span class='ocrx_word' id='word_1_117' title='bbox 1103 558 1177 595; x_wconf 89' lang='lat' dir='ltr'>apud</span> <span class='ocrx_word' id='word_1_118' title='bbox 1190 557 1294 587; x_wconf 89' lang='lat' dir='ltr'>Lilium</span> <span class='ocrx_word' id='word_1_119' title='bbox 1313 556 1408 595; x_wconf 82' lang='lat' dir='ltr'>Gyral-</span> 
     </span>
     <span class='ocr_line' id='line_1_14' title="bbox 293 596 780 626; baseline -0.004 0"><span class='ocrx_word' id='word_1_120' title='bbox 293 598 359 626; x_wconf 82' lang='lat' dir='ltr'>dum</span> <span class='ocrx_word' id='word_1_121' title='bbox 381 599 408 626; x_wconf 92' lang='grc'>111</span> <span class='ocrx_word' id='word_1_122' title='bbox 430 597 477 626; x_wconf 88' lang='lat' dir='ltr'>lib.</span> <span class='ocrx_word' id='word_1_123' title='bbox 506 598 540 626; x_wconf 88' lang='lat' dir='ltr'>de</span> <span class='ocrx_word' id='word_1_124' title='bbox 562 598 621 626; x_wconf 87' lang='lat' dir='ltr'>Diis</span> <span class='ocrx_word' id='word_1_125' title='bbox 640 596 780 626; x_wconf 62' lang='lat' dir='ltr'>Gentium.</span> 
     </span>
    </p>

    <p class='ocr_par' dir='ltr' id='par_1_8' title="bbox 253 632 1409 708">
     <span class='ocr_line' id='line_1_15' title="bbox 253 632 1409 670; baseline -0.003 -6"><span class='ocrx_word' id='word_1_126' title='bbox 253 635 275 664; x_wconf 98' lang='lat' dir='ltr'>A</span> <span class='ocrx_word' id='word_1_127' title='bbox 287 645 331 664; x_wconf 78' lang='lat' dir='ltr'>CM</span> <span class='ocrx_word' id='word_1_128' title='bbox 342 645 358 664; x_wconf 91' lang='lat' dir='ltr'>o</span> <span class='ocrx_word' id='word_1_129' title='bbox 369 645 431 663; x_wconf 78' lang='lat' dir='ltr'>NiA</span> <span class='ocrx_word' id='word_1_130' title='bbox 442 657 449 669; x_wconf 88' lang='lat'>,</span> <span class='ocrx_word' id='word_1_131' title='bbox 471 634 630 670; x_wconf 61' lang='grc' dir='ltr'>[Α’κμονικ]</span> <span class='ocrx_word' id='word_1_132' title='bbox 651 633 792 670; x_wconf 77' lang='lat' dir='ltr'>Stephano</span> <span class='ocrx_word' id='word_1_133' title='bbox 805 655 813 666; x_wconf 96' lang='lat'>,</span> <span class='ocrx_word' id='word_1_134' title='bbox 844 632 914 662; x_wconf 85' lang='lat' dir='ltr'>Urbs</span> <span class='ocrx_word' id='word_1_135' title='bbox 930 632 968 661; x_wconf 88' lang='lat' dir='ltr'>est</span> <span class='ocrx_word' id='word_1_136' title='bbox 984 632 1106 669; x_wconf 71' lang='lat' dir='ltr'>Phrygiae</span> <span class='ocrx_word' id='word_1_137' title='bbox 1126 633 1155 662; x_wconf 91' lang='lat' dir='ltr'>in</span> <span class='ocrx_word' id='word_1_138' title='bbox 1177 640 1318 663; x_wconf 85' lang='lat' dir='ltr'>conventu</span> <span class='ocrx_word' id='word_1_139' title='bbox 1338 633 1409 670; x_wconf 50' lang='lat' dir='ltr'>Syn‘</span> 
     </span>
     <span class='ocr_line' id='line_1_16' title="bbox 294 670 1213 708; baseline -0.001 -7"><span class='ocrx_word' id='word_1_140' title='bbox 294 672 408 701; x_wconf 84' lang='lat' dir='ltr'>nadico:</span> <span class='ocrx_word' id='word_1_141' title='bbox 430 673 508 707; x_wconf 86' lang='lat' dir='ltr'>cujus</span> <span class='ocrx_word' id='word_1_142' title='bbox 524 671 711 706; x_wconf 78' lang='lat' dir='ltr'>meminerunt</span> <span class='ocrx_word' id='word_1_143' title='bbox 727 670 891 700; x_wconf 71' lang='lat' dir='ltr'>Ptolemaeus</span> <span class='ocrx_word' id='word_1_144' title='bbox 907 672 933 700; x_wconf 69' lang='grc' dir='ltr'>ἃ</span> <span class='ocrx_word' id='word_1_145' title='bbox 952 670 1117 708; x_wconf 72' lang='lat' dir='ltr'>Stephanus.</span> <span class='ocrx_word' id='word_1_146' title='bbox 1140 671 1213 701; x_wconf 90' lang='lat' dir='ltr'>Hinc</span> 
     </span>
    </p>

    <p class='ocr_par' dir='ltr' id='par_1_9' title="bbox 253 704 1403 775">
     <span class='ocr_line' id='line_1_17' title="bbox 253 704 1403 746; baseline -0.003 -7"><span class='ocrx_word' id='word_1_147' title='bbox 253 709 487 744; x_wconf 56' lang='lat' dir='ltr'>acuminis,</span> <span class='ocrx_word' id='word_1_148' title='bbox 515 704 698 745; x_wconf 60' lang='grc' dir='ltr'>[Α’κμωνιὸης]</span> <span class='ocrx_word' id='word_1_149' title='bbox 730 718 801 738; x_wconf 88' lang='lat' dir='ltr'>unus</span> <span class='ocrx_word' id='word_1_150' title='bbox 817 708 982 746; x_wconf 81' lang='lat' dir='ltr'>Cyclopum.</span> <span class='ocrx_word' id='word_1_151' title='bbox 1021 708 1103 737; x_wconf 89' lang='lat' dir='ltr'>Ovid.</span> <span class='ocrx_word' id='word_1_152' title='bbox 1117 720 1145 744; x_wconf 76' lang='lat'>4,</span> <span class='ocrx_word' id='word_1_153' title='bbox 1165 709 1231 739; x_wconf 80' lang='lat' dir='ltr'>Fast.</span> <span class='ocrx_word' id='word_1_154' title='bbox 1252 712 1317 743; x_wconf 76' lang='lat'>286.</span> <span class='ocrx_word' id='word_1_155' title='bbox 1340 707 1403 738; x_wconf 89' lang='lat' dir='ltr'>Vid.</span> 
     </span>
     <span class='ocr_line' id='line_1_18' title="bbox 294 756 466 775; baseline 0.006 -1"><span class='ocrx_word' id='word_1_156' title='bbox 294 757 308 774; x_wconf 70' lang='lat' dir='ltr'>B</span> <span class='ocrx_word' id='word_1_157' title='bbox 317 757 331 775; x_wconf 74' lang='lat' dir='ltr'>R</span> <span class='ocrx_word' id='word_1_158' title='bbox 340 757 356 775; x_wconf 91' lang='lat' dir='ltr'>o</span> <span class='ocrx_word' id='word_1_159' title='bbox 367 756 434 775; x_wconf 62' lang='grc' dir='ltr'>ΝΤΞ</span> <span class='ocrx_word' id='word_1_160' title='bbox 447 756 466 775; x_wconf 91' lang='lat' dir='ltr'>s.</span> 
     </span>
    </p>

    <p class='ocr_par' dir='ltr' id='par_1_10' title="bbox 252 780 1404 858">
     <span class='ocr_line' id='line_1_19' title="bbox 252 780 1404 821; baseline -0.001 -9"><span class='ocrx_word' id='word_1_161' title='bbox 252 785 470 812; x_wconf 61' lang='lat' dir='ltr'>Acmonia-ns</span> <span class='ocrx_word' id='word_1_162' title='bbox 483 792 533 817; x_wconf 75' lang='lat' dir='ltr'>ss,</span> <span class='ocrx_word' id='word_1_163' title='bbox 561 783 629 818; x_wconf 86' lang='lat' dir='ltr'>live,</span> <span class='ocrx_word' id='word_1_164' title='bbox 650 789 682 812; x_wconf 86' lang='lat' dir='ltr'>ut</span> <span class='ocrx_word' id='word_1_165' title='bbox 700 783 804 812; x_wconf 85' lang='lat' dir='ltr'>Plinius</span> <span class='ocrx_word' id='word_1_166' title='bbox 815 782 881 820; x_wconf 84' lang='lat' dir='ltr'>legit</span> <span class='ocrx_word' id='word_1_167' title='bbox 898 781 947 812; x_wconf 85' lang='lat' dir='ltr'>lib.</span> <span class='ocrx_word' id='word_1_168' title='bbox 962 780 987 819; x_wconf 69' lang='lat'>5.</span> <span class='ocrx_word' id='word_1_169' title='bbox 1003 792 1063 821; x_wconf 81' lang='lat' dir='ltr'>cap.</span> <span class='ocrx_word' id='word_1_170' title='bbox 1082 793 1128 820; x_wconf 81' lang='lat'>25.</span> <span class='ocrx_word' id='word_1_171' title='bbox 1150 784 1404 818; x_wconf 67' lang='lat' dir='ltr'>AcuoNizNBEs,</span> 
     </span>
     <span class='ocr_line' id='line_1_20' title="bbox 289 821 706 858; baseline 0.002 -9"><span class='ocrx_word' id='word_1_172' title='bbox 289 821 385 858; x_wconf 81' lang='lat' dir='ltr'>Populi</span> <span class='ocrx_word' id='word_1_173' title='bbox 400 821 461 849; x_wconf 90' lang='lat' dir='ltr'>sunt</span> <span class='ocrx_word' id='word_1_174' title='bbox 470 821 609 849; x_wconf 83' lang='lat' dir='ltr'>Acmoniae</span> <span class='ocrx_word' id='word_1_175' title='bbox 623 821 706 850; x_wconf 90' lang='lat' dir='ltr'>urbis.</span> 
     </span>
    </p>

    <p class='ocr_par' dir='ltr' id='par_1_11' title="bbox 252 857 1292 896">
     <span class='ocr_line' id='line_1_21' title="bbox 252 857 1292 896; baseline 0 -10"><span class='ocrx_word' id='word_1_176' title='bbox 252 859 273 887; x_wconf 90' lang='lat' dir='ltr'>A</span> <span class='ocrx_word' id='word_1_177' title='bbox 285 861 535 891; x_wconf 69' lang='lat' dir='ltr'>CMO&#39;I&#39;HETON,</span> <span class='ocrx_word' id='word_1_178' title='bbox 567 858 583 887; x_wconf 83' lang='lat' dir='ltr'>i.</span> <span class='ocrx_word' id='word_1_179' title='bbox 601 868 627 887; x_wconf 94' lang='lat' dir='ltr'>n.</span> <span class='ocrx_word' id='word_1_180' title='bbox 654 859 844 894; x_wconf 56' lang='grc' dir='ltr'>[Α’κμόθέπν]</span> <span class='ocrx_word' id='word_1_181' title='bbox 865 858 984 896; x_wconf 52' lang='grc'>11111111]</span> <span class='ocrx_word' id='word_1_182' title='bbox 1001 857 1133 889; x_wconf 88' lang='lat' dir='ltr'>sustinens</span> <span class='ocrx_word' id='word_1_183' title='bbox 1151 858 1292 887; x_wconf 82' lang='lat' dir='ltr'><strong>incudem.</strong></span> 
     </span>
    </p>

    <p class='ocr_par' dir='ltr' id='par_1_12' title="bbox 250 895 1402 933">
     <span class='ocr_line' id='line_1_22' title="bbox 250 895 1402 933; baseline -0.002 -8"><span class='ocrx_word' id='word_1_184' title='bbox 250 896 382 925; x_wconf 64' lang='lat' dir='ltr'>Aoum</span> <span class='ocrx_word' id='word_1_185' title='bbox 396 917 403 929; x_wconf 93' lang='lat'>,</span> <span class='ocrx_word' id='word_1_186' title='bbox 431 896 450 924; x_wconf 77' lang='lat' dir='ltr'>f.</span> <span class='ocrx_word' id='word_1_187' title='bbox 470 896 530 933; x_wconf 78' lang='lat' dir='ltr'>Agri</span> <span class='ocrx_word' id='word_1_188' title='bbox 547 896 647 925; x_wconf 89' lang='lat' dir='ltr'>modus</span> <span class='ocrx_word' id='word_1_189' title='bbox 667 907 682 925; x_wconf 88' lang='lat' dir='ltr'>a</span> <span class='ocrx_word' id='word_1_190' title='bbox 705 896 743 925; x_wconf 83' lang='lat' dir='ltr'>ud</span> <span class='ocrx_word' id='word_1_191' title='bbox 759 896 832 925; x_wconf 76' lang='lat' dir='ltr'>Vzirr.</span> <span class='ocrx_word' id='word_1_192' title='bbox 859 897 894 925; x_wconf 91' lang='lat' dir='ltr'>de</span> <span class='ocrx_word' id='word_1_193' title='bbox 909 919 919 925; x_wconf 83' lang='lat'>.</span> <span class='ocrx_word' id='word_1_194' title='bbox 936 919 942 924; x_wconf 94' lang='lat'>.</span> <span class='ocrx_word' id='word_1_195' title='bbox 959 896 992 925; x_wconf 89' lang='lat' dir='ltr'>R.</span> <span class='ocrx_word' id='word_1_196' title='bbox 1014 906 1036 926; x_wconf 87' lang='lat'>1.</span> <span class='ocrx_word' id='word_1_197' title='bbox 1058 906 1100 925; x_wconf 93' lang='lat'>10.</span> <span class='ocrx_word' id='word_1_198' title='bbox 1127 897 1153 925; x_wconf 74' lang='lat' dir='ltr'>Sc</span> <span class='ocrx_word' id='word_1_199' title='bbox 1171 895 1308 925; x_wconf 89' lang='lat' dir='ltr'>Coluinel.</span> <span class='ocrx_word' id='word_1_200' title='bbox 1333 906 1356 930; x_wconf 83' lang='grc' dir='ltr'>ς.</span> <span class='ocrx_word' id='word_1_201' title='bbox 1380 905 1402 924; x_wconf 91' lang='grc'>1.</span> 
     </span>
    </p>
   </div>
   <div class='ocr_carea' id='block_1_3' title="bbox 290 932 1408 971">
    <p class='ocr_par' dir='ltr' id='par_1_13' title="bbox 290 932 1408 971">
     <span class='ocr_line' id='line_1_23' title="bbox 290 932 1408 971; baseline -0.001 -10"><span class='ocrx_word' id='word_1_202' title='bbox 290 933 391 961; x_wconf 66' lang='lat' dir='ltr'>Graecis</span> <span class='ocrx_word' id='word_1_203' title='bbox 407 932 482 959; x_wconf 67' lang='grc' dir='ltr'><em>ἅκενω</em></span> <span class='ocrx_word' id='word_1_204' title='bbox 502 934 560 968; x_wconf 85' lang='lat' dir='ltr'>est,</span> <span class='ocrx_word' id='word_1_205' title='bbox 582 933 613 962; x_wconf 86' lang='lat' dir='ltr'>ut</span> <span class='ocrx_word' id='word_1_206' title='bbox 632 944 668 963; x_wconf 78' lang='lat' dir='ltr'>ex</span> <span class='ocrx_word' id='word_1_207' title='bbox 700 934 796 963; x_wconf 88' lang='lat' dir='ltr'>lerone</span> <span class='ocrx_word' id='word_1_208' title='bbox 812 934 946 971; x_wconf 81' lang='lat' dir='ltr'>Rigaltius</span> <span class='ocrx_word' id='word_1_209' title='bbox 972 933 1007 964; x_wconf 89' lang='lat' dir='ltr'>ad</span> <span class='ocrx_word' id='word_1_210' title='bbox 1032 933 1205 963; x_wconf 85' lang='lat' dir='ltr'>Gromaticos</span> <span class='ocrx_word' id='word_1_211' title='bbox 1224 941 1330 962; x_wconf 87' lang='lat' dir='ltr'>veteres</span> <span class='ocrx_word' id='word_1_212' title='bbox 1358 932 1408 960; x_wconf 90' lang='lat' dir='ltr'>ob-</span> 
     </span>
    </p>
   </div>
   <div class='ocr_carea' id='block_1_4' title="bbox 289 970 1404 1010">
    <p class='ocr_par' dir='ltr' id='par_1_14' title="bbox 289 970 1404 1010">
     <span class='ocr_line' id='line_1_24' title="bbox 289 970 1404 1010; baseline 0.002 -12"><span class='ocrx_word' id='word_1_213' title='bbox 289 970 383 999; x_wconf 86' lang='lat' dir='ltr'>servat.</span> <span class='ocrx_word' id='word_1_214' title='bbox 416 970 510 999; x_wconf 74' lang='lat' dir='ltr'>Bretici</span> <span class='ocrx_word' id='word_1_215' title='bbox 530 971 621 1000; x_wconf 85' lang='lat' dir='ltr'>rustici</span> <span class='ocrx_word' id='word_1_216' title='bbox 645 973 751 1010; x_wconf 82' lang='lat' dir='ltr'>Agnam</span> <span class='ocrx_word' id='word_1_217' title='bbox 768 973 793 1001; x_wconf 71' lang='lat' dir='ltr'>S.-</span> <span class='ocrx_word' id='word_1_218' title='bbox 814 971 928 1002; x_wconf 88' lang='lat' dir='ltr'>Porcam</span> <span class='ocrx_word' id='word_1_219' title='bbox 948 971 1132 1010; x_wconf 87' lang='lat' dir='ltr'>appellarunt.</span> <span class='ocrx_word' id='word_1_220' title='bbox 1174 970 1226 1002; x_wconf 85' lang='lat' dir='ltr'>Alii</span> <span class='ocrx_word' id='word_1_221' title='bbox 1242 971 1404 1007; x_wconf 75' lang='lat' dir='ltr'>Porcamin,</span> 
     </span>
    </p>
   </div>
   <div class='ocr_carea' id='block_1_5' title="bbox 287 1008 611 1039">
    <p class='ocr_par' dir='ltr' id='par_1_15' title="bbox 287 1008 611 1039">
     <span class='ocr_line' id='line_1_25' title="bbox 287 1008 611 1039; baseline 0.003 -2"><span class='ocrx_word' id='word_1_222' title='bbox 287 1014 318 1037; x_wconf 87' lang='lat' dir='ltr'>ut</span> <span class='ocrx_word' id='word_1_223' title='bbox 335 1008 486 1038; x_wconf 83' lang='lat' dir='ltr'>Gromatici</span> <span class='ocrx_word' id='word_1_224' title='bbox 505 1016 611 1039; x_wconf 89' lang='lat' dir='ltr'>notant.</span> 
     </span>
    </p>
   </div>
   <div class='ocr_carea' id='block_1_6' title="bbox 679 1146 969 1183">
    <p class='ocr_par' dir='ltr' id='par_1_16' title="bbox 679 1146 969 1183">
     <span class='ocr_line' id='line_1_26' title="bbox 679 1146 969 1183; baseline 0 -1"><span class='ocrx_word' id='word_1_225' title='bbox 679 1148 707 1183; x_wconf 87' lang='lat' dir='ltr'>A</span> <span class='ocrx_word' id='word_1_226' title='bbox 805 1146 834 1181; x_wconf 90' lang='lat' dir='ltr'>C</span> <span class='ocrx_word' id='word_1_227' title='bbox 934 1147 969 1182; x_wconf 94' lang='lat' dir='ltr'>O</span> 
     </span>
    </p>
   </div>
   <div class='ocr_carea' id='block_1_7' title="bbox 488 1230 1404 1270">
    <p class='ocr_par' dir='ltr' id='par_1_17' title="bbox 488 1230 1404 1270">
     <span class='ocr_line' id='line_1_27' title="bbox 488 1230 1404 1270; baseline -0.003 -7"><span class='ocrx_word' id='word_1_228' title='bbox 488 1232 605 1268; x_wconf 65' lang='lat' dir='ltr'>A&#39;wm]</span> <span class='ocrx_word' id='word_1_229' title='bbox 629 1232 742 1263; x_wconf 87' lang='lat' dir='ltr'>Nomen</span> <span class='ocrx_word' id='word_1_230' title='bbox 758 1232 808 1261; x_wconf 92' lang='lat' dir='ltr'>viri</span> <span class='ocrx_word' id='word_1_231' title='bbox 827 1231 956 1270; x_wconf 88' lang='lat' dir='ltr'>pauperis</span> <span class='ocrx_word' id='word_1_232' title='bbox 969 1254 977 1267; x_wconf 87' lang='lat'>,</span> <span class='ocrx_word' id='word_1_233' title='bbox 996 1231 1045 1261; x_wconf 90' lang='lat' dir='ltr'>sub</span> <span class='ocrx_word' id='word_1_234' title='bbox 1056 1230 1352 1269; x_wconf 81' lang='lat' dir='ltr'>cujusimaginelatuit</span> <span class='ocrx_word' id='word_1_235' title='bbox 1361 1231 1404 1261; x_wconf 81' lang='lat' dir='ltr'>Li-</span> 
     </span>
    </p>
   </div>
   <div class='ocr_carea' id='block_1_8' title="bbox 247 1232 1399 1307">
    <p class='ocr_par' dir='ltr' id='par_1_18' title="bbox 247 1232 1399 1307">
     <span class='ocr_line' id='line_1_28' title="bbox 247 1232 476 1268; baseline -0.009 -6"><span class='ocrx_word' id='word_1_236' title='bbox 247 1232 271 1262; x_wconf 75' lang='lat' dir='ltr'>A</span> <span class='ocrx_word' id='word_1_237' title='bbox 279 1241 296 1261; x_wconf 94' lang='lat' dir='ltr'>c</span> <span class='ocrx_word' id='word_1_238' title='bbox 304 1241 320 1260; x_wconf 92' lang='lat' dir='ltr'>o</span> <span class='ocrx_word' id='word_1_239' title='bbox 329 1240 413 1261; x_wconf 75' lang='lat' dir='ltr'>ETEs</span> <span class='ocrx_word' id='word_1_240' title='bbox 424 1254 431 1267; x_wconf 79' lang='lat'>,</span> <span class='ocrx_word' id='word_1_241' title='bbox 462 1234 476 1268; x_wconf 93' lang='lat'>[</span> 
     </span>
     <span class='ocr_line' id='line_1_29' title="bbox 702 1269 1399 1307; baseline -0.001 -7"><span class='ocrx_word' id='word_1_242' title='bbox 702 1271 792 1306; x_wconf 84' lang='lat' dir='ltr'>Hujus</span> <span class='ocrx_word' id='word_1_243' title='bbox 822 1271 987 1300; x_wconf 79' lang='lat' dir='ltr'>tenuitatem</span> <span class='ocrx_word' id='word_1_244' title='bbox 1012 1269 1143 1307; x_wconf 79' lang='lat' dir='ltr'>exprimit</span> <span class='ocrx_word' id='word_1_245' title='bbox 1168 1269 1252 1300; x_wconf 87' lang='lat' dir='ltr'>Ovid.</span> <span class='ocrx_word' id='word_1_246' title='bbox 1282 1278 1307 1306; x_wconf 89' lang='lat'>3.</span> <span class='ocrx_word' id='word_1_247' title='bbox 1329 1269 1399 1302; x_wconf 86' lang='lat' dir='ltr'>Met.</span> 
     </span>
    </p>
   </div>
   <div class='ocr_carea' id='block_1_9' title="bbox 234 1269 1403 3905">
    <p class='ocr_par' dir='ltr' id='par_1_19' title="bbox 288 1269 648 1342">
     <span class='ocr_line' id='line_1_30' title="bbox 288 1269 648 1304; baseline 0.006 -6"><span class='ocrx_word' id='word_1_248' title='bbox 288 1269 337 1298; x_wconf 89' lang='lat' dir='ltr'>ber</span> <span class='ocrx_word' id='word_1_249' title='bbox 347 1290 355 1304; x_wconf 91' lang='lat'>,</span> <span class='ocrx_word' id='word_1_250' title='bbox 387 1269 504 1299; x_wconf 88' lang='lat' dir='ltr'>eludens</span> <span class='ocrx_word' id='word_1_251' title='bbox 520 1269 648 1300; x_wconf 86' lang='lat' dir='ltr'>Penthea.</span> 
     </span>
     <span class='ocr_line' id='line_1_31' title="bbox 291 1313 351 1342; baseline 0 -6"><span class='ocrx_word' id='word_1_252' title='bbox 291 1313 351 1342; x_wconf 86' lang='lat'>582.</span> 
     </span>
    </p>

    <p class='ocr_par' dir='ltr' id='par_1_20' title="bbox 248 1342 1403 1686">
     <span class='ocr_line' id='line_1_32' title="bbox 248 1342 1402 1380; baseline 0 -6"><span class='ocrx_word' id='word_1_253' title='bbox 248 1345 427 1379; x_wconf 78' lang='lat' dir='ltr'>AcoeTus,</span> <span class='ocrx_word' id='word_1_254' title='bbox 449 1342 606 1380; x_wconf 57' lang='lat' dir='ltr'>[13¹⁹ff&amp;]</span> <span class='ocrx_word' id='word_1_255' title='bbox 632 1345 697 1374; x_wconf 87' lang='lat' dir='ltr'><strong>Sine</strong></span> <span class='ocrx_word' id='word_1_256' title='bbox 724 1345 818 1375; x_wconf 90' lang='lat' dir='ltr'>cubili.</span> <span class='ocrx_word' id='word_1_257' title='bbox 860 1344 940 1374; x_wconf 83' lang='lat' dir='ltr'><strong>Unde</strong></span> <span class='ocrx_word' id='word_1_258' title='bbox 958 1343 1026 1373; x_wconf 87' lang='lat' dir='ltr'>Plin.</span> <span class='ocrx_word' id='word_1_259' title='bbox 1049 1343 1096 1373; x_wconf 92' lang='lat' dir='ltr'>lib.</span> <span class='ocrx_word' id='word_1_260' title='bbox 1126 1354 1167 1374; x_wconf 86' lang='grc'>11.</span> <span class='ocrx_word' id='word_1_261' title='bbox 1192 1354 1223 1374; x_wconf 88' lang='lat' dir='ltr'>ca</span> <span class='ocrx_word' id='word_1_262' title='bbox 1245 1368 1251 1374; x_wconf 98' lang='lat'>.</span> <span class='ocrx_word' id='word_1_263' title='bbox 1268 1355 1310 1380; x_wconf 86' lang='lat'>15.</span> <span class='ocrx_word' id='word_1_264' title='bbox 1342 1344 1402 1374; x_wconf 82' lang='lat' dir='ltr'>Mei</span> 
     </span>
     <span class='ocr_line' id='line_1_33' title="bbox 287 1355 1402 1417; baseline 0.001 -6"><span class='ocrx_word' id='word_1_265' title='bbox 287 1389 399 1411; x_wconf 82' lang='lat' dir='ltr'>acoeton</span> <span class='ocrx_word' id='word_1_266' title='bbox 415 1390 512 1417; x_wconf 89' lang='lat' dir='ltr'>vocat,</span> <span class='ocrx_word' id='word_1_267' title='bbox 532 1382 587 1412; x_wconf 85' lang='lat' dir='ltr'>fine</span> <span class='ocrx_word' id='word_1_268' title='bbox 604 1384 765 1412; x_wconf 88' lang='lat' dir='ltr'>retrimento</span> <span class='ocrx_word' id='word_1_269' title='bbox 784 1383 981 1412; x_wconf 88' lang='lat' dir='ltr'>sedimentove.</span> <span class='ocrx_word' id='word_1_270' title='bbox 1005 1382 1035 1412; x_wconf 88' lang='lat' dir='ltr'>V.</span> <span class='ocrx_word' id='word_1_271' title='bbox 1055 1382 1121 1411; x_wconf 88' lang='lat' dir='ltr'>Not.</span> <span class='ocrx_word' id='word_1_272' title='bbox 1136 1355 1250 1412; x_wconf 68' lang='lat' dir='ltr'>Dalecii.</span> <span class='ocrx_word' id='word_1_273' title='bbox 1278 1383 1309 1413; x_wconf 87' lang='lat' dir='ltr'>ln</span> <span class='ocrx_word' id='word_1_274' title='bbox 1324 1383 1402 1412; x_wconf 88' lang='lat' dir='ltr'>omni</span> 
     </span>
     <span class='ocr_line' id='line_1_34' title="bbox 286 1419 1403 1458; baseline 0 -9"><span class='ocrx_word' id='word_1_275' title='bbox 286 1421 417 1457; x_wconf 86' lang='lat' dir='ltr'>(inquit)</span> <span class='ocrx_word' id='word_1_276' title='bbox 433 1420 534 1455; x_wconf 89' lang='lat' dir='ltr'>melle,</span> <span class='ocrx_word' id='word_1_277' title='bbox 560 1421 635 1458; x_wconf 89' lang='lat' dir='ltr'>quod</span> <span class='ocrx_word' id='word_1_278' title='bbox 658 1430 708 1458; x_wconf 90' lang='lat' dir='ltr'>per</span> <span class='ocrx_word' id='word_1_279' title='bbox 719 1421 745 1450; x_wconf 86' lang='lat' dir='ltr'>se</span> <span class='ocrx_word' id='word_1_280' title='bbox 763 1421 835 1456; x_wconf 83' lang='lat' dir='ltr'>fluit,</span> <span class='ocrx_word' id='word_1_281' title='bbox 852 1427 884 1450; x_wconf 92' lang='lat' dir='ltr'>ut</span> <span class='ocrx_word' id='word_1_282' title='bbox 896 1420 1032 1455; x_wconf 88' lang='lat' dir='ltr'>mustum,</span> <span class='ocrx_word' id='word_1_283' title='bbox 1047 1419 1196 1457; x_wconf 88' lang='lat' dir='ltr'>oleumque</span> <span class='ocrx_word' id='word_1_284' title='bbox 1207 1442 1215 1454; x_wconf 97' lang='lat'>,</span> <span class='ocrx_word' id='word_1_285' title='bbox 1236 1419 1403 1458; x_wconf 85' lang='lat' dir='ltr'>appellatur-</span> 
     </span>
     <span class='ocr_line' id='line_1_35' title="bbox 286 1457 1402 1495; baseline 0 -8"><span class='ocrx_word' id='word_1_286' title='bbox 286 1468 340 1495; x_wconf 86' lang='lat' dir='ltr'>que</span> <span class='ocrx_word' id='word_1_287' title='bbox 350 1464 470 1493; x_wconf 80' lang='lat' dir='ltr'>acoeton‚</span> <span class='ocrx_word' id='word_1_288' title='bbox 480 1458 600 1487; x_wconf 79' lang='lat' dir='ltr'>maxime</span> <span class='ocrx_word' id='word_1_289' title='bbox 613 1457 751 1487; x_wconf 81' lang='lat' dir='ltr'>laudabile</span> <span class='ocrx_word' id='word_1_290' title='bbox 766 1459 812 1487; x_wconf 87' lang='lat' dir='ltr'>est.</span> <span class='ocrx_word' id='word_1_291' title='bbox 841 1459 913 1488; x_wconf 84' lang='lat' dir='ltr'>Nam</span> <span class='ocrx_word' id='word_1_292' title='bbox 934 1459 1024 1489; x_wconf 56' lang='lat' dir='ltr'>wir&amp;</span> <span class='ocrx_word' id='word_1_293' title='bbox 1044 1457 1148 1487; x_wconf 72' lang='lat' dir='ltr'>lectum</span> <span class='ocrx_word' id='word_1_294' title='bbox 1162 1457 1299 1495; x_wconf 85' lang='lat' dir='ltr'>fignificat.</span> <span class='ocrx_word' id='word_1_295' title='bbox 1321 1458 1402 1487; x_wconf 84' lang='lat' dir='ltr'>Unde</span> 
     </span>
     <span class='ocr_line' id='line_1_36' title="bbox 287 1495 1400 1531; baseline 0 -6"><span class='ocrx_word' id='word_1_296' title='bbox 287 1497 313 1525; x_wconf 68' lang='lat' dir='ltr'>Sz</span> <span class='ocrx_word' id='word_1_297' title='bbox 323 1496 529 1531; x_wconf 55' lang='lat' dir='ltr'>coetonfflzrobv]</span> <span class='ocrx_word' id='word_1_298' title='bbox 542 1496 596 1524; x_wconf 86' lang='lat' dir='ltr'>hoc</span> <span class='ocrx_word' id='word_1_299' title='bbox 603 1495 853 1530; x_wconf 85' lang='lat' dir='ltr'>est,Dormitoiium</span> <span class='ocrx_word' id='word_1_300' title='bbox 864 1495 953 1525; x_wconf 88' lang='lat' dir='ltr'>Plinio</span> <span class='ocrx_word' id='word_1_301' title='bbox 966 1505 972 1524; x_wconf 88' lang='lat'>:</span> <span class='ocrx_word' id='word_1_302' title='bbox 995 1496 1021 1524; x_wconf 67' lang='lat'>8&lt;</span> <span class='ocrx_word' id='word_1_303' title='bbox 1031 1495 1179 1524; x_wconf 73' lang='lat' dir='ltr'>Procoeton</span> <span class='ocrx_word' id='word_1_304' title='bbox 1188 1495 1232 1524; x_wconf 92' lang='lat' dir='ltr'>vel</span> <span class='ocrx_word' id='word_1_305' title='bbox 1243 1496 1400 1525; x_wconf 83' lang='lat' dir='ltr'>Procoetion</span> 
     </span>
     <span class='ocr_line' id='line_1_37' title="bbox 285 1533 1398 1571; baseline -0.001 -8"><span class='ocrx_word' id='word_1_306' title='bbox 285 1533 315 1563; x_wconf 86' lang='lat' dir='ltr'>in</span> <span class='ocrx_word' id='word_1_307' title='bbox 327 1533 448 1571; x_wconf 87' lang='lat' dir='ltr'>epistolis</span> <span class='ocrx_word' id='word_1_308' title='bbox 456 1533 569 1567; x_wconf 83' lang='lat' dir='ltr'>Caecilii,</span> <span class='ocrx_word' id='word_1_309' title='bbox 578 1543 628 1571; x_wconf 90' lang='lat' dir='ltr'>pro</span> <span class='ocrx_word' id='word_1_310' title='bbox 639 1534 850 1563; x_wconf 87' lang='lat' dir='ltr'>Anticubiculo:</span> <span class='ocrx_word' id='word_1_311' title='bbox 876 1533 979 1562; x_wconf 86' lang='lat' dir='ltr'>etiamsi</span> <span class='ocrx_word' id='word_1_312' title='bbox 991 1533 1161 1562; x_wconf 79' lang='lat' dir='ltr'>Procestrion</span> <span class='ocrx_word' id='word_1_313' title='bbox 1171 1542 1282 1570; x_wconf 88' lang='lat' dir='ltr'>quoque</span> <span class='ocrx_word' id='word_1_314' title='bbox 1290 1533 1398 1571; x_wconf 88' lang='lat' dir='ltr'>legitur,</span> 
     </span>
     <span class='ocr_line' id='line_1_38' title="bbox 284 1570 1401 1608; baseline 0 -8"><span class='ocrx_word' id='word_1_315' title='bbox 284 1581 342 1600; x_wconf 91' lang='lat' dir='ltr'>non</span> <span class='ocrx_word' id='word_1_316' title='bbox 362 1570 484 1600; x_wconf 82' lang='lat' dir='ltr'>absurde.</span> <span class='ocrx_word' id='word_1_317' title='bbox 524 1571 602 1607; x_wconf 84' lang='lat' dir='ltr'>Quid</span> <span class='ocrx_word' id='word_1_318' title='bbox 617 1571 649 1600; x_wconf 89' lang='lat' dir='ltr'>sit</span> <span class='ocrx_word' id='word_1_319' title='bbox 663 1571 850 1606; x_wconf 84' lang='lat' dir='ltr'>Procestrion,</span> <span class='ocrx_word' id='word_1_320' title='bbox 871 1570 963 1600; x_wconf 84' lang='lat' dir='ltr'>Festus</span> <span class='ocrx_word' id='word_1_321' title='bbox 979 1570 1126 1608; x_wconf 82' lang='lat' dir='ltr'>Pompeius</span> <span class='ocrx_word' id='word_1_322' title='bbox 1148 1571 1269 1600; x_wconf 86' lang='lat' dir='ltr'>docebit.</span> <span class='ocrx_word' id='word_1_323' title='bbox 1292 1571 1401 1601; x_wconf 79' lang='lat' dir='ltr'>Procoe-</span> 
     </span>
     <span class='ocr_line' id='line_1_39' title="bbox 284 1608 1398 1647; baseline 0.001 -10"><span class='ocrx_word' id='word_1_324' title='bbox 284 1609 345 1638; x_wconf 88' lang='lat' dir='ltr'>tion</span> <span class='ocrx_word' id='word_1_325' title='bbox 360 1611 385 1639; x_wconf 67' lang='grc' dir='ltr'>ἃ</span> <span class='ocrx_word' id='word_1_326' title='bbox 401 1608 500 1638; x_wconf 86' lang='lat' dir='ltr'>Coeten</span> <span class='ocrx_word' id='word_1_327' title='bbox 512 1631 519 1643; x_wconf 94' lang='lat'>,</span> <span class='ocrx_word' id='word_1_328' title='bbox 540 1609 679 1639; x_wconf 79' lang='lat' dir='ltr'>Vitruvius</span> <span class='ocrx_word' id='word_1_329' title='bbox 692 1609 845 1639; x_wconf 74' lang='lat' dir='ltr'>thalamum</span> <span class='ocrx_word' id='word_1_330' title='bbox 862 1610 888 1638; x_wconf 85' lang='lat'>&amp;</span> <span class='ocrx_word' id='word_1_331' title='bbox 899 1608 1111 1639; x_wconf 80' lang='lat' dir='ltr'>anthitalamum</span> <span class='ocrx_word' id='word_1_332' title='bbox 1125 1609 1243 1647; x_wconf 83' lang='lat' dir='ltr'>usurpat.</span> <span class='ocrx_word' id='word_1_333' title='bbox 1273 1609 1398 1641; x_wconf 83' lang='lat' dir='ltr'>Herinol.</span> 
     </span>
     <span class='ocr_line' id='line_1_40' title="bbox 285 1646 873 1686; baseline 0.002 -10"><span class='ocrx_word' id='word_1_334' title='bbox 285 1647 368 1676; x_wconf 80' lang='lat' dir='ltr'>Glois.</span> <span class='ocrx_word' id='word_1_335' title='bbox 381 1647 410 1675; x_wconf 90' lang='lat' dir='ltr'>in</span> <span class='ocrx_word' id='word_1_336' title='bbox 426 1646 494 1676; x_wconf 89' lang='lat' dir='ltr'>Plin.</span> <span class='ocrx_word' id='word_1_337' title='bbox 533 1647 588 1676; x_wconf 91' lang='lat' dir='ltr'>Sed</span> <span class='ocrx_word' id='word_1_338' title='bbox 606 1647 636 1677; x_wconf 94' lang='lat' dir='ltr'>V.</span> <span class='ocrx_word' id='word_1_339' title='bbox 653 1647 733 1686; x_wconf 85' lang='lat' dir='ltr'>supra</span> <span class='ocrx_word' id='word_1_340' title='bbox 748 1648 873 1677; x_wconf 82' lang='lat' dir='ltr'>Acetum.</span> 
     </span>
    </p>

    <p class='ocr_par' dir='ltr' id='par_1_21' title="bbox 244 1681 1399 2024">
     <span class='ocr_line' id='line_1_41' title="bbox 244 1681 1397 1722; baseline -0.002 -7"><span class='ocrx_word' id='word_1_341' title='bbox 244 1684 465 1715; x_wconf 51' lang='lat' dir='ltr'>Acotrsrus</span> <span class='ocrx_word' id='word_1_342' title='bbox 481 1706 488 1719; x_wconf 88' lang='lat'>,</span> <span class='ocrx_word' id='word_1_343' title='bbox 521 1685 537 1713; x_wconf 90' lang='lat' dir='ltr'>i.</span> <span class='ocrx_word' id='word_1_344' title='bbox 569 1681 755 1721; x_wconf 55' lang='grc' dir='ltr'>[ἀκέλοιςῶν]</span> <span class='ocrx_word' id='word_1_345' title='bbox 786 1685 936 1722; x_wconf 83' lang='lat' dir='ltr'>Prodigus,</span> <span class='ocrx_word' id='word_1_346' title='bbox 967 1684 1174 1721; x_wconf 79' lang='lat' dir='ltr'>intemperans,</span> <span class='ocrx_word' id='word_1_347' title='bbox 1200 1684 1397 1721; x_wconf 87' lang='lat' dir='ltr'>immodestus,</span> 
     </span>
     <span class='ocr_line' id='line_1_42' title="bbox 282 1721 1399 1760; baseline 0 -9"><span class='ocrx_word' id='word_1_348' title='bbox 282 1722 414 1757; x_wconf 84' lang='lat' dir='ltr'>lascivus,</span> <span class='ocrx_word' id='word_1_349' title='bbox 439 1721 619 1757; x_wconf 78' lang='lat' dir='ltr'>libidinosus,</span> <span class='ocrx_word' id='word_1_350' title='bbox 639 1723 770 1757; x_wconf 83' lang='lat' dir='ltr'>infrenis,</span> <span class='ocrx_word' id='word_1_351' title='bbox 790 1723 997 1751; x_wconf 86' lang='lat' dir='ltr'>immoderatus.</span> <span class='ocrx_word' id='word_1_352' title='bbox 1019 1721 1148 1752; x_wconf 89' lang='lat' dir='ltr'>Gell.lib.</span> <span class='ocrx_word' id='word_1_353' title='bbox 1168 1731 1209 1757; x_wconf 86' lang='lat'>19.</span> <span class='ocrx_word' id='word_1_354' title='bbox 1227 1732 1287 1760; x_wconf 87' lang='lat' dir='ltr'>cap.</span> <span class='ocrx_word' id='word_1_355' title='bbox 1301 1731 1326 1751; x_wconf 82' lang='lat'>2.</span> <span class='ocrx_word' id='word_1_356' title='bbox 1351 1732 1399 1751; x_wconf 90' lang='lat' dir='ltr'>ne-</span> 
     </span>
     <span class='ocr_line' id='line_1_43' title="bbox 280 1759 1397 1798; baseline 0 -9"><span class='ocrx_word' id='word_1_357' title='bbox 280 1769 327 1797; x_wconf 84' lang='lat' dir='ltr'>gat</span> <span class='ocrx_word' id='word_1_358' title='bbox 348 1759 443 1789; x_wconf 78' lang='lat' dir='ltr'>Latine</span> <span class='ocrx_word' id='word_1_359' title='bbox 464 1761 531 1788; x_wconf 86' lang='lat' dir='ltr'>verti</span> <span class='ocrx_word' id='word_1_360' title='bbox 551 1760 635 1798; x_wconf 84' lang='lat' dir='ltr'>posse.</span> <span class='ocrx_word' id='word_1_361' title='bbox 664 1761 750 1790; x_wconf 82' lang='lat' dir='ltr'>Sonat</span> <span class='ocrx_word' id='word_1_362' title='bbox 769 1759 948 1794; x_wconf 78' lang='lat' dir='ltr'>adverbum,</span> <span class='ocrx_word' id='word_1_363' title='bbox 969 1760 1139 1797; x_wconf 85' lang='lat' dir='ltr'>impunitus,</span> <span class='ocrx_word' id='word_1_364' title='bbox 1156 1759 1200 1789; x_wconf 92' lang='lat' dir='ltr'>vel</span> <span class='ocrx_word' id='word_1_365' title='bbox 1219 1760 1397 1796; x_wconf 87' lang='lat' dir='ltr'>incoercitus,</span> 
     </span>
     <span class='ocr_line' id='line_1_44' title="bbox 280 1797 1398 1836; baseline -0.004 -9"><span class='ocrx_word' id='word_1_366' title='bbox 280 1803 313 1827; x_wconf 86' lang='lat' dir='ltr'>ut</span> <span class='ocrx_word' id='word_1_367' title='bbox 329 1797 361 1826; x_wconf 89' lang='lat' dir='ltr'>sit</span> <span class='ocrx_word' id='word_1_368' title='bbox 371 1797 418 1836; x_wconf 91' lang='lat' dir='ltr'>qui</span> <span class='ocrx_word' id='word_1_369' title='bbox 431 1798 597 1835; x_wconf 81' lang='lat' dir='ltr'>cupiditates</span> <span class='ocrx_word' id='word_1_370' title='bbox 610 1808 669 1827; x_wconf 88' lang='lat' dir='ltr'>non</span> <span class='ocrx_word' id='word_1_371' title='bbox 679 1799 791 1835; x_wconf 88' lang='lat' dir='ltr'>puniat,</span> <span class='ocrx_word' id='word_1_372' title='bbox 809 1797 887 1827; x_wconf 89' lang='lat' dir='ltr'>velut</span> <span class='ocrx_word' id='word_1_373' title='bbox 900 1798 1002 1831; x_wconf 61' lang='lat' dir='ltr'>iniefto</span> <span class='ocrx_word' id='word_1_374' title='bbox 1013 1797 1101 1826; x_wconf 89' lang='lat' dir='ltr'>freno.</span> <span class='ocrx_word' id='word_1_375' title='bbox 1146 1797 1220 1827; x_wconf 86' lang='lat' dir='ltr'>Nam</span> <span class='ocrx_word' id='word_1_376' title='bbox 1236 1797 1333 1834; x_wconf 69' lang='grc' dir='ltr'>ιωλοὶζω</span> <span class='ocrx_word' id='word_1_377' title='bbox 1347 1808 1398 1835; x_wconf 76' lang='lat' dir='ltr'>pu-</span> 
     </span>
     <span class='ocr_line' id='line_1_45' title="bbox 279 1835 1398 1873; baseline -0.001 -8"><span class='ocrx_word' id='word_1_378' title='bbox 279 1836 329 1865; x_wconf 86' lang='lat' dir='ltr'>nio</span> <span class='ocrx_word' id='word_1_379' title='bbox 339 1836 392 1871; x_wconf 89' lang='lat' dir='ltr'>est,</span> <span class='ocrx_word' id='word_1_380' title='bbox 413 1836 439 1864; x_wconf 75' lang='lat' dir='ltr'>Sc</span> <span class='ocrx_word' id='word_1_381' title='bbox 459 1849 472 1860; x_wconf 55' lang='grc' dir='ltr'>α»</span> <span class='ocrx_word' id='word_1_382' title='bbox 485 1836 582 1873; x_wconf 75' lang='lat' dir='ltr'>privat.</span> <span class='ocrx_word' id='word_1_383' title='bbox 609 1835 768 1866; x_wconf 86' lang='lat' dir='ltr'>Necsolum</span> <span class='ocrx_word' id='word_1_384' title='bbox 778 1837 812 1865; x_wconf 91' lang='lat' dir='ltr'>de</span> <span class='ocrx_word' id='word_1_385' title='bbox 821 1835 999 1870; x_wconf 86' lang='lat' dir='ltr'>hominibus,</span> <span class='ocrx_word' id='word_1_386' title='bbox 1019 1835 1201 1864; x_wconf 81' lang='lat' dir='ltr'>verumetiam</span> <span class='ocrx_word' id='word_1_387' title='bbox 1223 1836 1257 1864; x_wconf 88' lang='lat' dir='ltr'>de</span> <span class='ocrx_word' id='word_1_388' title='bbox 1266 1835 1348 1865; x_wconf 89' lang='lat' dir='ltr'>rebus</span> <span class='ocrx_word' id='word_1_389' title='bbox 1357 1836 1398 1864; x_wconf 86' lang='lat' dir='ltr'>di-</span> 
     </span>
     <span class='ocr_line' id='line_1_46' title="bbox 281 1869 1395 1911; baseline 0 -9"><span class='ocrx_word' id='word_1_390' title='bbox 281 1874 370 1908; x_wconf 85' lang='lat' dir='ltr'>citur,</span> <span class='ocrx_word' id='word_1_391' title='bbox 393 1879 424 1902; x_wconf 88' lang='lat' dir='ltr'>ut</span> <span class='ocrx_word' id='word_1_392' title='bbox 437 1869 574 1903; x_wconf 47' lang='lat' dir='ltr'>daciam&amp;</span> <span class='ocrx_word' id='word_1_393' title='bbox 594 1874 711 1909; x_wconf 58' lang='lat' dir='ltr'>ymi-t&#39;lae,</span> <span class='ocrx_word' id='word_1_394' title='bbox 740 1873 835 1911; x_wconf 81' lang='lat' dir='ltr'>lingua</span> <span class='ocrx_word' id='word_1_395' title='bbox 853 1874 976 1904; x_wconf 84' lang='lat' dir='ltr'>infrenis.</span> <span class='ocrx_word' id='word_1_396' title='bbox 1020 1873 1159 1902; x_wconf 88' lang='lat' dir='ltr'>Acolastus</span> <span class='ocrx_word' id='word_1_397' title='bbox 1176 1873 1280 1909; x_wconf 86' lang='lat' dir='ltr'>homo,</span> <span class='ocrx_word' id='word_1_398' title='bbox 1309 1873 1395 1903; x_wconf 90' lang='lat' dir='ltr'>homo</span> 
     </span>
     <span class='ocr_line' id='line_1_47' title="bbox 280 1910 1396 1948; baseline 0 -8"><span class='ocrx_word' id='word_1_399' title='bbox 280 1911 360 1941; x_wconf 89' lang='lat' dir='ltr'>nihili</span> <span class='ocrx_word' id='word_1_400' title='bbox 371 1920 462 1948; x_wconf 90' lang='lat' dir='ltr'>neque</span> <span class='ocrx_word' id='word_1_401' title='bbox 481 1912 536 1946; x_wconf 82' lang='lat' dir='ltr'>rei,</span> <span class='ocrx_word' id='word_1_402' title='bbox 568 1921 658 1948; x_wconf 89' lang='lat' dir='ltr'>neque</span> <span class='ocrx_word' id='word_1_403' title='bbox 674 1912 758 1948; x_wconf 86' lang='lat' dir='ltr'>frugis</span> <span class='ocrx_word' id='word_1_404' title='bbox 769 1911 859 1940; x_wconf 84' lang='lat' dir='ltr'>bonae.</span> <span class='ocrx_word' id='word_1_405' title='bbox 881 1911 951 1941; x_wconf 84' lang='lat' dir='ltr'>Gell.</span> <span class='ocrx_word' id='word_1_406' title='bbox 962 1910 1010 1939; x_wconf 91' lang='lat' dir='ltr'>lib.</span> <span class='ocrx_word' id='word_1_407' title='bbox 1025 1921 1049 1948; x_wconf 88' lang='lat'>7.</span> <span class='ocrx_word' id='word_1_408' title='bbox 1069 1920 1129 1948; x_wconf 90' lang='lat' dir='ltr'>cap.</span> <span class='ocrx_word' id='word_1_409' title='bbox 1150 1921 1191 1939; x_wconf 90' lang='lat'>11.</span> <span class='ocrx_word' id='word_1_410' title='bbox 1232 1911 1350 1940; x_wconf 85' lang='lat' dir='ltr'>Budaeus</span> <span class='ocrx_word' id='word_1_411' title='bbox 1366 1912 1396 1940; x_wconf 90' lang='lat' dir='ltr'>in</span> 
     </span>
     <span class='ocr_line' id='line_1_48' title="bbox 279 1948 1396 1988; baseline 0.001 -11"><span class='ocrx_word' id='word_1_412' title='bbox 279 1948 438 1977; x_wconf 86' lang='lat' dir='ltr'>Comment.</span> <span class='ocrx_word' id='word_1_413' title='bbox 463 1948 622 1978; x_wconf 88' lang='lat' dir='ltr'>Protervum</span> <span class='ocrx_word' id='word_1_414' title='bbox 639 1950 749 1988; x_wconf 83' lang='lat' dir='ltr'>proprie</span> <span class='ocrx_word' id='word_1_415' title='bbox 767 1949 915 1987; x_wconf 86' lang='lat' dir='ltr'>fignificare</span> <span class='ocrx_word' id='word_1_416' title='bbox 930 1954 1029 1987; x_wconf 86' lang='lat' dir='ltr'>putat,</span> <span class='ocrx_word' id='word_1_417' title='bbox 1059 1950 1085 1979; x_wconf 85' lang='lat'>&amp;</span> <span class='ocrx_word' id='word_1_418' title='bbox 1102 1949 1149 1986; x_wconf 90' lang='lat' dir='ltr'>qui</span> <span class='ocrx_word' id='word_1_419' title='bbox 1166 1948 1214 1978; x_wconf 88' lang='lat' dir='ltr'>fibi</span> <span class='ocrx_word' id='word_1_420' title='bbox 1236 1949 1265 1978; x_wconf 88' lang='lat' dir='ltr'>in</span> <span class='ocrx_word' id='word_1_421' title='bbox 1278 1948 1396 1981; x_wconf 73' lang='lat' dir='ltr'>libidine</span> 
     </span>
     <span class='ocr_line' id='line_1_49' title="bbox 279 1986 632 2024; baseline 0.003 -9"><span class='ocrx_word' id='word_1_422' title='bbox 279 1993 433 2024; x_wconf 83' lang='lat' dir='ltr'>temperare</span> <span class='ocrx_word' id='word_1_423' title='bbox 453 1996 510 2014; x_wconf 90' lang='lat' dir='ltr'>non</span> <span class='ocrx_word' id='word_1_424' title='bbox 534 1986 632 2024; x_wconf 89' lang='lat' dir='ltr'>potest.</span> 
     </span>
    </p>

    <p class='ocr_par' dir='ltr' id='par_1_22' title="bbox 242 2022 1394 2400">
     <span class='ocr_line' id='line_1_50' title="bbox 242 2022 1394 2062; baseline 0.002 -9"><span class='ocrx_word' id='word_1_425' title='bbox 242 2024 514 2058; x_wconf 77' lang='lat' dir='ltr'>ACOL1TANUM,</span> <span class='ocrx_word' id='word_1_426' title='bbox 546 2022 737 2060; x_wconf 65' lang='grc' dir='ltr'>[Αἰωλιπηὶν]</span> <span class='ocrx_word' id='word_1_427' title='bbox 767 2024 914 2062; x_wconf 88' lang='lat' dir='ltr'>Oppidum</span> <span class='ocrx_word' id='word_1_428' title='bbox 934 2023 1054 2053; x_wconf 89' lang='lat' dir='ltr'>liberum</span> <span class='ocrx_word' id='word_1_429' title='bbox 1072 2024 1110 2053; x_wconf 88' lang='lat' dir='ltr'>est</span> <span class='ocrx_word' id='word_1_430' title='bbox 1130 2024 1159 2053; x_wconf 89' lang='lat' dir='ltr'>in</span> <span class='ocrx_word' id='word_1_431' title='bbox 1176 2024 1265 2053; x_wconf 84' lang='lat' dir='ltr'>Africa</span> <span class='ocrx_word' id='word_1_432' title='bbox 1282 2025 1394 2062; x_wconf 84' lang='lat' dir='ltr'>proprie</span> 
     </span>
     <span class='ocr_line' id='line_1_51' title="bbox 282 2061 1370 2100; baseline 0.001 -10"><span class='ocrx_word' id='word_1_433' title='bbox 282 2062 372 2096; x_wconf 70' lang='lat' dir='ltr'>dieta,</span> <span class='ocrx_word' id='word_1_434' title='bbox 393 2061 426 2090; x_wconf 87' lang='lat' dir='ltr'>ab</span> <span class='ocrx_word' id='word_1_435' title='bbox 441 2071 473 2090; x_wconf 86' lang='lat' dir='ltr'>ea</span> <span class='ocrx_word' id='word_1_436' title='bbox 483 2069 558 2099; x_wconf 83' lang='lat' dir='ltr'>parte</span> <span class='ocrx_word' id='word_1_437' title='bbox 568 2071 621 2099; x_wconf 85' lang='lat' dir='ltr'>qua</span> <span class='ocrx_word' id='word_1_438' title='bbox 631 2064 747 2091; x_wconf 76' lang='lat' dir='ltr'>tractum</span> <span class='ocrx_word' id='word_1_439' title='bbox 760 2062 943 2100; x_wconf 81' lang='lat' dir='ltr'>Cyrenaicum</span> <span class='ocrx_word' id='word_1_440' title='bbox 955 2061 1066 2100; x_wconf 69' lang='lat' dir='ltr'>spectat.</span> <span class='ocrx_word' id='word_1_441' title='bbox 1088 2062 1156 2091; x_wconf 85' lang='lat' dir='ltr'>Plin.</span> <span class='ocrx_word' id='word_1_442' title='bbox 1170 2062 1217 2092; x_wconf 89' lang='lat' dir='ltr'>lib.</span> <span class='ocrx_word' id='word_1_443' title='bbox 1232 2073 1255 2098; x_wconf 89' lang='lat'>5.</span> <span class='ocrx_word' id='word_1_444' title='bbox 1273 2072 1333 2099; x_wconf 88' lang='lat' dir='ltr'>cap.</span> <span class='ocrx_word' id='word_1_445' title='bbox 1344 2073 1370 2098; x_wconf 90' lang='lat'>4.</span> 
     </span>
     <span class='ocr_line' id='line_1_52' title="bbox 242 2095 1391 2137; baseline 0 -8"><span class='ocrx_word' id='word_1_446' title='bbox 242 2099 481 2133; x_wconf 66' lang='lat' dir='ltr'>AcoefiTi-ius,</span> <span class='ocrx_word' id='word_1_447' title='bbox 511 2100 527 2128; x_wconf 88' lang='lat' dir='ltr'>i.</span> <span class='ocrx_word' id='word_1_448' title='bbox 551 2095 738 2135; x_wconf 53' lang='grc' dir='ltr'>[διηέλεθὲφ]</span> <span class='ocrx_word' id='word_1_449' title='bbox 764 2100 959 2137; x_wconf 78' lang='lat' dir='ltr'>Consequens,</span> <span class='ocrx_word' id='word_1_450' title='bbox 988 2099 1198 2129; x_wconf 80' lang='lat' dir='ltr'>consentaneus.</span> <span class='ocrx_word' id='word_1_451' title='bbox 1228 2099 1347 2137; x_wconf 81' lang='lat' dir='ltr'>Quintil.</span> <span class='ocrx_word' id='word_1_452' title='bbox 1368 2111 1391 2136; x_wconf 82' lang='grc' dir='ltr'>ς.</span> 
     </span>
     <span class='ocr_line' id='line_1_53' title="bbox 281 2133 1391 2175; baseline 0.004 -11"><span class='ocrx_word' id='word_1_453' title='bbox 281 2146 324 2165; x_wconf 83' lang='lat' dir='ltr'>xo.</span> <span class='ocrx_word' id='word_1_454' title='bbox 345 2136 507 2165; x_wconf 86' lang='lat' dir='ltr'>substantive</span> <span class='ocrx_word' id='word_1_455' title='bbox 521 2159 529 2171; x_wconf 94' lang='lat'>,</span> <span class='ocrx_word' id='word_1_456' title='bbox 552 2147 579 2166; x_wconf 92' lang='lat' dir='ltr'>n.</span> <span class='ocrx_word' id='word_1_457' title='bbox 597 2137 634 2174; x_wconf 91' lang='lat' dir='ltr'>pl.</span> <span class='ocrx_word' id='word_1_458' title='bbox 666 2137 869 2175; x_wconf 77' lang='lat' dir='ltr'>Consequentia</span> <span class='ocrx_word' id='word_1_459' title='bbox 878 2137 963 2171; x_wconf 81' lang='lat' dir='ltr'>dixit,</span> <span class='ocrx_word' id='word_1_460' title='bbox 992 2146 1052 2174; x_wconf 77' lang='lat' dir='ltr'>quae</span> <span class='ocrx_word' id='word_1_461' title='bbox 1071 2138 1172 2167; x_wconf 76' lang='lat' dir='ltr'>Graecis</span> <span class='ocrx_word' id='word_1_462' title='bbox 1193 2133 1320 2169; x_wconf 66' lang='grc' dir='ltr'>ἀκέλεθοι.</span> <span class='ocrx_word' id='word_1_463' title='bbox 1352 2147 1391 2168; x_wconf 88' lang='grc'>111.</span> 
     </span>
     <span class='ocr_line' id='line_1_54' title="bbox 278 2174 1393 2215; baseline 0 -12"><span class='ocrx_word' id='word_1_464' title='bbox 278 2174 435 2209; x_wconf 66' lang='lat' dir='ltr'>Assec‘tator,</span> <span class='ocrx_word' id='word_1_465' title='bbox 450 2183 554 2210; x_wconf 88' lang='lat' dir='ltr'>comes,</span> <span class='ocrx_word' id='word_1_466' title='bbox 566 2174 671 2210; x_wconf 75' lang='lat' dir='ltr'>aslecla,</span> <span class='ocrx_word' id='word_1_467' title='bbox 691 2185 760 2212; x_wconf 90' lang='lat' dir='ltr'>puer</span> <span class='ocrx_word' id='word_1_468' title='bbox 773 2176 866 2211; x_wconf 86' lang='lat' dir='ltr'>junior</span> <span class='ocrx_word' id='word_1_469' title='bbox 883 2175 1037 2204; x_wconf 89' lang='lat' dir='ltr'>ministrans</span> <span class='ocrx_word' id='word_1_470' title='bbox 1050 2175 1080 2203; x_wconf 89' lang='lat' dir='ltr'>in</span> <span class='ocrx_word' id='word_1_471' title='bbox 1095 2175 1177 2205; x_wconf 86' lang='lat' dir='ltr'>rebus</span> <span class='ocrx_word' id='word_1_472' title='bbox 1190 2176 1313 2215; x_wconf 86' lang='lat' dir='ltr'>corporis</span> <span class='ocrx_word' id='word_1_473' title='bbox 1324 2198 1332 2211; x_wconf 86' lang='lat'>,</span> <span class='ocrx_word' id='word_1_474' title='bbox 1356 2175 1393 2204; x_wconf 78' lang='lat' dir='ltr'>sa-</span> 
     </span>
     <span class='ocr_line' id='line_1_55' title="bbox 276 2211 1389 2250; baseline 0.003 -9"><span class='ocrx_word' id='word_1_475' title='bbox 276 2211 369 2241; x_wconf 83' lang='lat' dir='ltr'>mulus</span> <span class='ocrx_word' id='word_1_476' title='bbox 387 2222 402 2242; x_wconf 80' lang='lat' dir='ltr'>a</span> <span class='ocrx_word' id='word_1_477' title='bbox 426 2221 549 2249; x_wconf 85' lang='lat' dir='ltr'>corpore.</span> <span class='ocrx_word' id='word_1_478' title='bbox 579 2212 679 2242; x_wconf 84' lang='lat' dir='ltr'>Erasm.</span> <span class='ocrx_word' id='word_1_479' title='bbox 701 2213 730 2241; x_wconf 92' lang='lat' dir='ltr'>in</span> <span class='ocrx_word' id='word_1_480' title='bbox 747 2212 836 2250; x_wconf 54' lang='lat' dir='ltr'>Epist.</span> <span class='ocrx_word' id='word_1_481' title='bbox 856 2213 1018 2249; x_wconf 88' lang='lat' dir='ltr'>Hieronym.</span> <span class='ocrx_word' id='word_1_482' title='bbox 1047 2213 1083 2242; x_wconf 87' lang='lat' dir='ltr'>ad</span> <span class='ocrx_word' id='word_1_483' title='bbox 1102 2212 1252 2250; x_wconf 83' lang='lat' dir='ltr'>Nepotian.</span> <span class='ocrx_word' id='word_1_484' title='bbox 1282 2213 1317 2250; x_wconf 67' lang='lat' dir='ltr'>de</span> <span class='ocrx_word' id='word_1_485' title='bbox 1337 2213 1389 2244; x_wconf 88' lang='lat' dir='ltr'>Vit.</span> 
     </span>
     <span class='ocr_line' id='line_1_56' title="bbox 279 2249 1388 2288; baseline 0.001 -10"><span class='ocrx_word' id='word_1_486' title='bbox 279 2249 376 2278; x_wconf 88' lang='lat' dir='ltr'>Cleric.</span> <span class='ocrx_word' id='word_1_487' title='bbox 401 2259 435 2278; x_wconf 81' lang='lat' dir='ltr'>ex</span> <span class='ocrx_word' id='word_1_488' title='bbox 453 2249 570 2287; x_wconf 81' lang='lat' dir='ltr'>Hesych.</span> <span class='ocrx_word' id='word_1_489' title='bbox 596 2260 622 2287; x_wconf 89' lang='lat' dir='ltr'>q.</span> <span class='ocrx_word' id='word_1_490' title='bbox 647 2250 679 2279; x_wconf 92' lang='lat' dir='ltr'>V.</span> <span class='ocrx_word' id='word_1_491' title='bbox 705 2250 768 2280; x_wconf 85' lang='lat' dir='ltr'>Fuit</span> <span class='ocrx_word' id='word_1_492' title='bbox 783 2253 809 2280; x_wconf 67' lang='grc' dir='ltr'>ἃ</span> <span class='ocrx_word' id='word_1_493' title='bbox 830 2250 1047 2280; x_wconf 85' lang='lat' dir='ltr'>Ecclesiasticum</span> <span class='ocrx_word' id='word_1_494' title='bbox 1070 2251 1209 2286; x_wconf 82' lang='lat' dir='ltr'>officium,</span> <span class='ocrx_word' id='word_1_495' title='bbox 1228 2251 1263 2279; x_wconf 91' lang='lat' dir='ltr'>de</span> <span class='ocrx_word' id='word_1_496' title='bbox 1285 2260 1340 2288; x_wconf 91' lang='lat' dir='ltr'>quo</span> <span class='ocrx_word' id='word_1_497' title='bbox 1360 2251 1388 2280; x_wconf 92' lang='lat' dir='ltr'>V.</span> 
     </span>
     <span class='ocr_line' id='line_1_57' title="bbox 275 2287 1388 2325; baseline 0.002 -9"><span class='ocrx_word' id='word_1_498' title='bbox 275 2287 361 2316; x_wconf 80' lang='lat' dir='ltr'>Closs.</span> <span class='ocrx_word' id='word_1_499' title='bbox 382 2287 550 2322; x_wconf 84' lang='lat' dir='ltr'>duFresne,</span> <span class='ocrx_word' id='word_1_500' title='bbox 568 2287 672 2325; x_wconf 89' lang='lat' dir='ltr'>Spelm.</span> <span class='ocrx_word' id='word_1_501' title='bbox 695 2290 721 2318; x_wconf 70' lang='grc' dir='ltr'>δι</span> <span class='ocrx_word' id='word_1_502' title='bbox 741 2288 880 2317; x_wconf 76' lang='lat' dir='ltr'>Hierolex.</span> <span class='ocrx_word' id='word_1_503' title='bbox 905 2288 1013 2322; x_wconf 79' lang='lat' dir='ltr'>Macri,</span> <span class='ocrx_word' id='word_1_504' title='bbox 1037 2289 1064 2317; x_wconf 69' lang='grc' dir='ltr'>ἅ</span> <span class='ocrx_word' id='word_1_505' title='bbox 1089 2296 1152 2317; x_wconf 85' lang='lat' dir='ltr'>ante</span> <span class='ocrx_word' id='word_1_506' title='bbox 1171 2288 1222 2317; x_wconf 84' lang='lat' dir='ltr'>hos</span> <span class='ocrx_word' id='word_1_507' title='bbox 1246 2288 1388 2318; x_wconf 86' lang='lat' dir='ltr'>Isidorum.</span> 
     </span>
     <span class='ocr_line' id='line_1_58' title="bbox 295 2324 1388 2364; baseline 0.002 -11"><span class='ocrx_word' id='word_1_508' title='bbox 295 2327 315 2353; x_wconf 85' lang='lat'>.&#39;&#39;</span> <span class='ocrx_word' id='word_1_509' title='bbox 325 2334 366 2354; x_wconf 87' lang='lat'>12.</span> <span class='ocrx_word' id='word_1_510' title='bbox 388 2325 423 2354; x_wconf 90' lang='lat' dir='ltr'>de</span> <span class='ocrx_word' id='word_1_511' title='bbox 437 2324 558 2354; x_wconf 79' lang='lat' dir='ltr'>clericis.</span> <span class='ocrx_word' id='word_1_512' title='bbox 579 2327 620 2355; x_wconf 89' lang='lat' dir='ltr'>Au</span> <span class='ocrx_word' id='word_1_513' title='bbox 660 2325 719 2354; x_wconf 91' lang='lat' dir='ltr'>stin.</span> <span class='ocrx_word' id='word_1_514' title='bbox 731 2326 781 2364; x_wconf 84' lang='lat' dir='ltr'>Ep.</span> <span class='ocrx_word' id='word_1_515' title='bbox 798 2336 858 2362; x_wconf 90' lang='lat'>104.</span> <span class='ocrx_word' id='word_1_516' title='bbox 870 2326 958 2363; x_wconf 89' lang='lat' dir='ltr'>princ.</span> <span class='ocrx_word' id='word_1_517' title='bbox 970 2325 1020 2363; x_wconf 87' lang='lat' dir='ltr'>Ep.</span> <span class='ocrx_word' id='word_1_518' title='bbox 1032 2329 1075 2355; x_wconf 88' lang='lat'>62.</span> <span class='ocrx_word' id='word_1_519' title='bbox 1088 2325 1136 2354; x_wconf 89' lang='lat' dir='ltr'>sub</span> <span class='ocrx_word' id='word_1_520' title='bbox 1148 2326 1207 2355; x_wconf 90' lang='lat' dir='ltr'>init.</span> <span class='ocrx_word' id='word_1_521' title='bbox 1223 2328 1248 2356; x_wconf 74' lang='grc' dir='ltr'>ὁὶ</span> <span class='ocrx_word' id='word_1_522' title='bbox 1260 2326 1388 2364; x_wconf 71' lang='lat' dir='ltr'>Cypri-an.</span> 
     </span>
     <span class='ocr_line' id='line_1_59' title="bbox 276 2335 1391 2400; baseline 0.001 -8"><span class='ocrx_word' id='word_1_523' title='bbox 276 2335 328 2400; x_wconf 47' lang='lat' dir='ltr'>Ep.</span> <span class='ocrx_word' id='word_1_524' title='bbox 340 2371 365 2399; x_wconf 90' lang='lat'>7.</span> <span class='ocrx_word' id='word_1_525' title='bbox 399 2362 473 2392; x_wconf 89' lang='lat' dir='ltr'>Edit.</span> <span class='ocrx_word' id='word_1_526' title='bbox 496 2362 590 2392; x_wconf 84' lang='lat' dir='ltr'>Oxon.</span> <span class='ocrx_word' id='word_1_527' title='bbox 604 2335 755 2399; x_wconf 55' lang='lat' dir='ltr'>(ffimmel.</span> <span class='ocrx_word' id='word_1_528' title='bbox 775 2364 841 2400; x_wconf 85' lang='lat'>36.)</span> <span class='ocrx_word' id='word_1_529' title='bbox 861 2363 910 2392; x_wconf 90' lang='lat' dir='ltr'>ubi</span> <span class='ocrx_word' id='word_1_530' title='bbox 928 2363 1025 2392; x_wconf 89' lang='lat' dir='ltr'>itidem</span> <span class='ocrx_word' id='word_1_531' title='bbox 1040 2363 1169 2394; x_wconf 80' lang='lat' dir='ltr'>Aeolutlii</span> <span class='ocrx_word' id='word_1_532' title='bbox 1181 2364 1288 2394; x_wconf 85' lang='lat' dir='ltr'>mentio</span> <span class='ocrx_word' id='word_1_533' title='bbox 1307 2364 1391 2393; x_wconf 79' lang='lat' dir='ltr'>habe·-</span> 
     </span>
    </p>

    <p class='ocr_par' dir='ltr' id='par_1_23' title="bbox 278 2400 990 2438">
     <span class='ocr_line' id='line_1_60' title="bbox 278 2400 990 2438; baseline 0.001 -9"><span class='ocrx_word' id='word_1_534' title='bbox 278 2407 332 2429; x_wconf 87' lang='lat' dir='ltr'>tur.</span> <span class='ocrx_word' id='word_1_535' title='bbox 354 2400 466 2438; x_wconf 84' lang='lat' dir='ltr'>quidam</span> <span class='ocrx_word' id='word_1_536' title='bbox 478 2410 623 2438; x_wconf 85' lang='lat' dir='ltr'>perperam</span> <span class='ocrx_word' id='word_1_537' title='bbox 642 2401 765 2430; x_wconf 90' lang='lat' dir='ltr'>scribunt</span> <span class='ocrx_word' id='word_1_538' title='bbox 785 2402 990 2430; x_wconf 74' lang='lat' dir='ltr'>ACOLYTus.</span> 
     </span>
    </p>

    <p class='ocr_par' dir='ltr' id='par_1_24' title="bbox 240 2438 1389 2588">
     <span class='ocr_line' id='line_1_61' title="bbox 240 2438 1388 2477; baseline 0.001 -10"><span class='ocrx_word' id='word_1_539' title='bbox 240 2439 364 2472; x_wconf 56' lang='lat' dir='ltr'>Aaou?</span> <span class='ocrx_word' id='word_1_540' title='bbox 377 2447 455 2473; x_wconf 85' lang='lat' dir='ltr'>rus,</span> <span class='ocrx_word' id='word_1_541' title='bbox 476 2439 493 2466; x_wconf 88' lang='lat' dir='ltr'>i.</span> <span class='ocrx_word' id='word_1_542' title='bbox 517 2440 531 2474; x_wconf 95' lang='lat'>[</span> <span class='ocrx_word' id='word_1_543' title='bbox 555 2438 694 2470; x_wconf 55' lang='grc' dir='ltr'>ἁκωῖλυτῶυ</span> <span class='ocrx_word' id='word_1_544' title='bbox 711 2440 724 2474; x_wconf 98' lang='grc'>]</span> <span class='ocrx_word' id='word_1_545' title='bbox 746 2439 953 2477; x_wconf 75' lang='lat' dir='ltr'>impedimento</span> <span class='ocrx_word' id='word_1_546' title='bbox 969 2448 1082 2473; x_wconf 88' lang='lat' dir='ltr'>carens,</span> <span class='ocrx_word' id='word_1_547' title='bbox 1109 2439 1166 2476; x_wconf 83' lang='lat' dir='ltr'>Qui</span> <span class='ocrx_word' id='word_1_548' title='bbox 1184 2438 1268 2469; x_wconf 86' lang='lat' dir='ltr'>nullis</span> <span class='ocrx_word' id='word_1_549' title='bbox 1279 2439 1388 2469; x_wconf 89' lang='lat' dir='ltr'>terrori-</span> 
     </span>
     <span class='ocr_line' id='line_1_62' title="bbox 277 2475 1389 2514; baseline 0.003 -10"><span class='ocrx_word' id='word_1_550' title='bbox 277 2475 328 2505; x_wconf 88' lang='lat' dir='ltr'>bus</span> <span class='ocrx_word' id='word_1_551' title='bbox 340 2485 355 2504; x_wconf 88' lang='lat' dir='ltr'>a</span> <span class='ocrx_word' id='word_1_552' title='bbox 371 2475 510 2513; x_wconf 75' lang='lat' dir='ltr'>proposito</span> <span class='ocrx_word' id='word_1_553' title='bbox 520 2476 653 2505; x_wconf 89' lang='lat' dir='ltr'>dimoveri</span> <span class='ocrx_word' id='word_1_554' title='bbox 672 2477 769 2514; x_wconf 91' lang='lat' dir='ltr'>potest.</span> <span class='ocrx_word' id='word_1_555' title='bbox 809 2476 890 2506; x_wconf 86' lang='lat' dir='ltr'>Unde</span> <span class='ocrx_word' id='word_1_556' title='bbox 903 2476 1043 2514; x_wconf 64' lang='lat' dir='ltr'>Epiaetus</span> <span class='ocrx_word' id='word_1_557' title='bbox 1053 2487 1147 2506; x_wconf 89' lang='lat' dir='ltr'>verum</span> <span class='ocrx_word' id='word_1_558' title='bbox 1162 2483 1243 2514; x_wconf 85' lang='lat' dir='ltr'>atque</span> <span class='ocrx_word' id='word_1_559' title='bbox 1252 2477 1389 2507; x_wconf 87' lang='lat' dir='ltr'>sincerum</span> 
     </span>
     <span class='ocr_line' id='line_1_63' title="bbox 271 2513 1388 2554; baseline 0.001 -12"><span class='ocrx_word' id='word_1_560' title='bbox 271 2513 414 2548; x_wconf 89' lang='lat' dir='ltr'>Stoicum,</span> <span class='ocrx_word' id='word_1_561' title='bbox 453 2513 593 2551; x_wconf 84' lang='lat' dir='ltr'>acolytum</span> <span class='ocrx_word' id='word_1_562' title='bbox 613 2514 666 2544; x_wconf 82' lang='lat' dir='ltr'>elle</span> <span class='ocrx_word' id='word_1_563' title='bbox 682 2514 799 2544; x_wconf 88' lang='lat' dir='ltr'>dicebat.</span> <span class='ocrx_word' id='word_1_564' title='bbox 829 2514 900 2552; x_wconf 80' lang='lat' dir='ltr'>quasi</span> <span class='ocrx_word' id='word_1_565' title='bbox 917 2515 1011 2552; x_wconf 83' lang='lat' dir='ltr'>dicas,</span> <span class='ocrx_word' id='word_1_566' title='bbox 1031 2524 1089 2544; x_wconf 92' lang='lat' dir='ltr'>non</span> <span class='ocrx_word' id='word_1_567' title='bbox 1110 2515 1267 2554; x_wconf 89' lang='lat' dir='ltr'>prohibitus</span> <span class='ocrx_word' id='word_1_568' title='bbox 1281 2537 1289 2553; x_wconf 86' lang='lat'>‚</span> <span class='ocrx_word' id='word_1_569' title='bbox 1316 2515 1350 2544; x_wconf 87' lang='lat' dir='ltr'>ab</span> <span class='ocrx_word' id='word_1_570' title='bbox 1369 2526 1388 2543; x_wconf 66' lang='lat' dir='ltr'><em>a</em></span> 
     </span>
     <span class='ocr_line' id='line_1_64' title="bbox 275 2551 557 2588; baseline 0 -8"><span class='ocrx_word' id='word_1_571' title='bbox 275 2552 302 2580; x_wconf 75' lang='grc' dir='ltr'>δι</span> <span class='ocrx_word' id='word_1_572' title='bbox 322 2553 403 2577; x_wconf 64' lang='grc' dir='ltr'>κωλύω</span> <span class='ocrx_word' id='word_1_573' title='bbox 414 2551 557 2588; x_wconf 86' lang='lat' dir='ltr'>prohibeo.</span> 
     </span>
    </p>

    <p class='ocr_par' dir='ltr' id='par_1_25' title="bbox 236 2585 960 2624">
     <span class='ocr_line' id='line_1_65' title="bbox 236 2585 960 2624; baseline 0.001 -6"><span class='ocrx_word' id='word_1_574' title='bbox 236 2589 386 2623; x_wconf 60' lang='lat' dir='ltr'>Actium,</span> <span class='ocrx_word' id='word_1_575' title='bbox 407 2585 538 2624; x_wconf 63' lang='lat' dir='ltr'>[dre&#39;voq]</span> <span class='ocrx_word' id='word_1_576' title='bbox 559 2589 667 2618; x_wconf 78' lang='lat' dir='ltr'>Cautes,</span> <span class='ocrx_word' id='word_1_577' title='bbox 695 2587 727 2618; x_wconf 92' lang='lat' dir='ltr'>V.</span> <span class='ocrx_word' id='word_1_578' title='bbox 747 2599 960 2619; x_wconf 63' lang='lat' dir='ltr'>acesim-um.</span> 
     </span>
    </p>

    <p class='ocr_par' dir='ltr' id='par_1_26' title="bbox 235 2622 1383 2693">
     <span class='ocr_line' id='line_1_66' title="bbox 235 2622 1383 2693; baseline 0.002 -37"><span class='ocrx_word' id='word_1_579' title='bbox 235 2627 379 2693; x_wconf 44' lang='grc' dir='ltr'>Λῗ-ξΝε,</span> <span class='ocrx_word' id='word_1_580' title='bbox 401 2636 437 2655; x_wconf 88' lang='lat' dir='ltr'>es.</span> <span class='ocrx_word' id='word_1_581' title='bbox 471 2627 485 2662; x_wconf 90' lang='lat'>[</span> <span class='ocrx_word' id='word_1_582' title='bbox 504 2622 609 2661; x_wconf 66' lang='lat' dir='ltr'>A&#39;io‘in]</span> <span class='ocrx_word' id='word_1_583' title='bbox 642 2626 738 2656; x_wconf 89' lang='lat' dir='ltr'>Portus</span> <span class='ocrx_word' id='word_1_584' title='bbox 764 2626 918 2665; x_wconf 74' lang='lat' dir='ltr'>Bithyniae,</span> <span class='ocrx_word' id='word_1_585' title='bbox 939 2636 1048 2657; x_wconf 84' lang='lat' dir='ltr'>veneno</span> <span class='ocrx_word' id='word_1_586' title='bbox 1069 2628 1182 2658; x_wconf 88' lang='lat' dir='ltr'>aconito</span> <span class='ocrx_word' id='word_1_587' title='bbox 1209 2628 1293 2658; x_wconf 89' lang='lat' dir='ltr'>dirus.</span> <span class='ocrx_word' id='word_1_588' title='bbox 1314 2627 1383 2659; x_wconf 88' lang='lat' dir='ltr'>Plin.</span> 
     </span>
     <span class='ocr_line' id='line_1_67' title="bbox 281 2668 489 2693; baseline 0 0"><span class='ocrx_word' id='word_1_589' title='bbox 281 2674 288 2692; x_wconf 92' lang='lat'>1</span> <span class='ocrx_word' id='word_1_590' title='bbox 311 2687 316 2693; x_wconf 96' lang='lat'>.</span> <span class='ocrx_word' id='word_1_591' title='bbox 340 2668 365 2693; x_wconf 94' lang='lat'>6.</span> <span class='ocrx_word' id='word_1_592' title='bbox 382 2674 414 2693; x_wconf 90' lang='lat' dir='ltr'>ca</span> <span class='ocrx_word' id='word_1_593' title='bbox 436 2687 441 2693; x_wconf 93' lang='lat'>.</span> <span class='ocrx_word' id='word_1_594' title='bbox 466 2673 489 2693; x_wconf 85' lang='lat'>1.</span> 
     </span>
    </p>

    <p class='ocr_par' dir='ltr' id='par_1_27' title="bbox 235 2674 1386 3071">
     <span class='ocr_line' id='line_1_68' title="bbox 235 2674 1384 2741; baseline 0.001 -10"><span class='ocrx_word' id='word_1_595' title='bbox 235 2701 256 2731; x_wconf 78' lang='lat' dir='ltr'>A</span> <span class='ocrx_word' id='word_1_596' title='bbox 266 2711 282 2731; x_wconf 86' lang='lat' dir='ltr'>c</span> <span class='ocrx_word' id='word_1_597' title='bbox 291 2712 307 2730; x_wconf 92' lang='lat' dir='ltr'>o</span> <span class='ocrx_word' id='word_1_598' title='bbox 316 2711 397 2731; x_wconf 73' lang='grc' dir='ltr'>Νιτι</span> <span class='ocrx_word' id='word_1_599' title='bbox 406 2674 432 2737; x_wconf 75' lang='lat' dir='ltr'>,p</span> <span class='ocrx_word' id='word_1_600' title='bbox 445 2698 556 2737; x_wconf 67' lang='grc' dir='ltr'>[ἀκρνιτῗ</span> <span class='ocrx_word' id='word_1_601' title='bbox 569 2702 584 2736; x_wconf 92' lang='grc'>]</span> <span class='ocrx_word' id='word_1_602' title='bbox 616 2701 684 2731; x_wconf 88' lang='lat' dir='ltr'>Adv.</span> <span class='ocrx_word' id='word_1_603' title='bbox 701 2701 766 2731; x_wconf 88' lang='lat' dir='ltr'>Sine</span> <span class='ocrx_word' id='word_1_604' title='bbox 780 2701 894 2738; x_wconf 89' lang='lat' dir='ltr'>pulvere</span> <span class='ocrx_word' id='word_1_605' title='bbox 905 2724 913 2736; x_wconf 90' lang='lat'>,</span> <span class='ocrx_word' id='word_1_606' title='bbox 943 2703 1011 2731; x_wconf 89' lang='lat' dir='ltr'>citra</span> <span class='ocrx_word' id='word_1_607' title='bbox 1022 2701 1165 2740; x_wconf 91' lang='lat' dir='ltr'>pulverem</span> <span class='ocrx_word' id='word_1_608' title='bbox 1183 2702 1366 2741; x_wconf 87' lang='lat' dir='ltr'>sudoremque</span> <span class='ocrx_word' id='word_1_609' title='bbox 1375 2725 1384 2740; x_wconf 89' lang='lat'>,</span> 
     </span>
     <span class='ocr_line' id='line_1_69' title="bbox 269 2737 1385 2779; baseline 0.003 -11"><span class='ocrx_word' id='word_1_610' title='bbox 269 2740 337 2768; x_wconf 90' lang='lat' dir='ltr'>citra</span> <span class='ocrx_word' id='word_1_611' title='bbox 371 2740 515 2777; x_wconf 88' lang='lat' dir='ltr'>negotium</span> <span class='ocrx_word' id='word_1_612' title='bbox 535 2740 561 2768; x_wconf 75' lang='lat' dir='ltr'>Sc</span> <span class='ocrx_word' id='word_1_613' title='bbox 596 2738 737 2774; x_wconf 85' lang='lat' dir='ltr'>laborem,</span> <span class='ocrx_word' id='word_1_614' title='bbox 766 2739 821 2767; x_wconf 92' lang='lat' dir='ltr'>fine</span> <span class='ocrx_word' id='word_1_615' title='bbox 849 2750 958 2777; x_wconf 81' lang='lat' dir='ltr'>pugna,</span> <span class='ocrx_word' id='word_1_616' title='bbox 986 2737 1045 2771; x_wconf 59' lang='grc' dir='ltr'>νέως</span> <span class='ocrx_word' id='word_1_617' title='bbox 1076 2751 1113 2766; x_wconf 72' lang='lat' dir='ltr'>sm&lt;</span> <span class='ocrx_word' id='word_1_618' title='bbox 1140 2740 1215 2770; x_wconf 87' lang='lat' dir='ltr'>enim</span> <span class='ocrx_word' id='word_1_619' title='bbox 1242 2740 1385 2779; x_wconf 85' lang='lat' dir='ltr'>pulverem</span> 
     </span>
     <span class='ocr_line' id='line_1_70' title="bbox 272 2776 1386 2845; baseline 0.001 -39"><span class='ocrx_word' id='word_1_620' title='bbox 272 2776 412 2845; x_wconf 57' lang='lat' dir='ltr'>significgl.</span> <span class='ocrx_word' id='word_1_621' title='bbox 435 2777 504 2820; x_wconf 82' lang='lat' dir='ltr'>Plin.</span> <span class='ocrx_word' id='word_1_622' title='bbox 515 2776 562 2805; x_wconf 89' lang='lat' dir='ltr'>lib.</span> <span class='ocrx_word' id='word_1_623' title='bbox 577 2781 619 2812; x_wconf 86' lang='lat'>36.</span> <span class='ocrx_word' id='word_1_624' title='bbox 639 2786 699 2814; x_wconf 87' lang='lat' dir='ltr'>cap.</span> <span class='ocrx_word' id='word_1_625' title='bbox 716 2787 757 2806; x_wconf 89' lang='grc'>11.</span> <span class='ocrx_word' id='word_1_626' title='bbox 781 2776 1051 2815; x_wconf 79' lang='lat' dir='ltr'>Alcimachuspinxit</span> <span class='ocrx_word' id='word_1_627' title='bbox 1059 2777 1241 2815; x_wconf 75' lang='lat' dir='ltr'>Dioxippum,</span> <span class='ocrx_word' id='word_1_628' title='bbox 1260 2779 1305 2816; x_wconf 86' lang='lat' dir='ltr'>qui</span> <span class='ocrx_word' id='word_1_629' title='bbox 1318 2789 1386 2817; x_wconf 89' lang='lat' dir='ltr'>pan-</span> 
     </span>
     <span class='ocr_line' id='line_1_71' title="bbox 271 2817 1258 2850; baseline 0 -6"><span class='ocrx_word' id='word_1_630' title='bbox 271 2821 356 2844; x_wconf 78' lang='lat' dir='ltr'>cratio</span> <span class='ocrx_word' id='word_1_631' title='bbox 414 2824 459 2847; x_wconf 87' lang='lat' dir='ltr'>vm</span> <span class='ocrx_word' id='word_1_632' title='bbox 483 2825 489 2843; x_wconf 95' lang='grc'>1</span> <span class='ocrx_word' id='word_1_633' title='bbox 735 2846 739 2850; x_wconf 92' lang='lat'>.</span> <span class='ocrx_word' id='word_1_634' title='bbox 1254 2817 1258 2822; x_wconf 90' lang='grc'><strong>”</strong></span> 
     </span>
     <span class='ocr_line' id='line_1_72' title="bbox 270 2825 1385 2890; baseline 0.002 -9"><span class='ocrx_word' id='word_1_635' title='bbox 270 2853 321 2882; x_wconf 88' lang='lat' dir='ltr'>niti</span> <span class='ocrx_word' id='word_1_636' title='bbox 332 2848 446 2882; x_wconf 79' lang='lat' dir='ltr'>Nemea.</span> <span class='ocrx_word' id='word_1_637' title='bbox 461 2825 580 2882; x_wconf 58' lang='lat' dir='ltr'>pradum</span> <span class='ocrx_word' id='word_1_638' title='bbox 591 2851 838 2881; x_wconf 85' lang='lat' dir='ltr'>l.Hard.Proverbii</span> <span class='ocrx_word' id='word_1_639' title='bbox 847 2852 909 2881; x_wconf 91' lang='lat' dir='ltr'>loco</span> <span class='ocrx_word' id='word_1_640' title='bbox 920 2853 1020 2882; x_wconf 90' lang='lat' dir='ltr'>dicitur</span> <span class='ocrx_word' id='word_1_641' title='bbox 1029 2854 1063 2881; x_wconf 91' lang='lat' dir='ltr'>de</span> <span class='ocrx_word' id='word_1_642' title='bbox 1073 2863 1106 2881; x_wconf 86' lang='lat' dir='ltr'>eo</span> <span class='ocrx_word' id='word_1_643' title='bbox 1116 2854 1161 2890; x_wconf 87' lang='lat' dir='ltr'>qui</span> <span class='ocrx_word' id='word_1_644' title='bbox 1174 2854 1229 2884; x_wconf 87' lang='lat' dir='ltr'>fine</span> <span class='ocrx_word' id='word_1_645' title='bbox 1237 2854 1330 2883; x_wconf 86' lang='lat' dir='ltr'>labore</span> <span class='ocrx_word' id='word_1_646' title='bbox 1346 2855 1385 2883; x_wconf 81' lang='lat' dir='ltr'>vi-</span> 
     </span>
     <span class='ocr_line' id='line_1_73' title="bbox 271 2889 1383 2929; baseline 0.002 -10"><span class='ocrx_word' id='word_1_647' title='bbox 271 2891 329 2919; x_wconf 64' lang='lat' dir='ltr'>&amp;or</span> <span class='ocrx_word' id='word_1_648' title='bbox 337 2891 429 2920; x_wconf 89' lang='lat' dir='ltr'>evadit</span> <span class='ocrx_word' id='word_1_649' title='bbox 440 2900 445 2919; x_wconf 94' lang='lat'><strong>:</strong></span> <span class='ocrx_word' id='word_1_650' title='bbox 458 2890 491 2919; x_wconf 92' lang='lat' dir='ltr'>ab</span> <span class='ocrx_word' id='word_1_651' title='bbox 509 2889 618 2919; x_wconf 87' lang='lat' dir='ltr'>athletis</span> <span class='ocrx_word' id='word_1_652' title='bbox 626 2889 775 2927; x_wconf 85' lang='lat' dir='ltr'>sumptum,</span> <span class='ocrx_word' id='word_1_653' title='bbox 787 2891 833 2926; x_wconf 87' lang='lat' dir='ltr'>qui</span> <span class='ocrx_word' id='word_1_654' title='bbox 854 2889 996 2927; x_wconf 89' lang='lat' dir='ltr'>pulverem</span> <span class='ocrx_word' id='word_1_655' title='bbox 1007 2890 1198 2928; x_wconf 77' lang='lat' dir='ltr'>inspergebant</span> <span class='ocrx_word' id='word_1_656' title='bbox 1213 2892 1383 2929; x_wconf 73' lang='lat' dir='ltr'>corporibus,</span> 
     </span>
     <span class='ocr_line' id='line_1_74' title="bbox 270 2927 1383 2970; baseline 0.003 -14"><span class='ocrx_word' id='word_1_657' title='bbox 270 2935 301 2956; x_wconf 90' lang='lat' dir='ltr'>ut</span> <span class='ocrx_word' id='word_1_658' title='bbox 320 2928 345 2957; x_wconf 90' lang='lat' dir='ltr'>se</span> <span class='ocrx_word' id='word_1_659' title='bbox 362 2927 470 2957; x_wconf 87' lang='lat' dir='ltr'>facilius</span> <span class='ocrx_word' id='word_1_660' title='bbox 497 2927 734 2970; x_wconf 83' lang='lat' dir='ltr'>comprehendere</span> <span class='ocrx_word' id='word_1_661' title='bbox 758 2927 875 2964; x_wconf 73' lang='lat' dir='ltr'>possent.</span> <span class='ocrx_word' id='word_1_662' title='bbox 929 2928 1012 2957; x_wconf 90' lang='lat' dir='ltr'>Ovid.</span> <span class='ocrx_word' id='word_1_663' title='bbox 1039 2939 1064 2964; x_wconf 92' lang='lat'>9.</span> <span class='ocrx_word' id='word_1_664' title='bbox 1085 2929 1154 2958; x_wconf 78' lang='lat' dir='ltr'>Met.</span> <span class='ocrx_word' id='word_1_665' title='bbox 1180 2939 1222 2966; x_wconf 85' lang='lat'>35.</span> <span class='ocrx_word' id='word_1_666' title='bbox 1255 2931 1289 2959; x_wconf 83' lang='lat' dir='ltr'>de</span> <span class='ocrx_word' id='word_1_667' title='bbox 1310 2930 1383 2959; x_wconf 84' lang='lat' dir='ltr'>lucta</span> 
     </span>
     <span class='ocr_line' id='line_1_75' title="bbox 269 2964 1380 2997; baseline 0.002 -3"><span class='ocrx_word' id='word_1_668' title='bbox 269 2965 395 2995; x_wconf 84' lang='lat' dir='ltr'>Herculis</span> <span class='ocrx_word' id='word_1_669' title='bbox 414 2967 440 2996; x_wconf 83' lang='lat'>&amp;</span> <span class='ocrx_word' id='word_1_670' title='bbox 458 2964 582 2995; x_wconf 77' lang='lat' dir='ltr'>Acheloi.</span> <span class='ocrx_word' id='word_1_671' title='bbox 633 2964 692 2994; x_wconf 88' lang='lat' dir='ltr'>Vid.</span> <span class='ocrx_word' id='word_1_672' title='bbox 713 2964 893 2994; x_wconf 85' lang='lat' dir='ltr'>Hermolaum</span> <span class='ocrx_word' id='word_1_673' title='bbox 912 2966 941 2994; x_wconf 89' lang='lat' dir='ltr'>in</span> <span class='ocrx_word' id='word_1_674' title='bbox 962 2965 1029 2994; x_wconf 87' lang='lat' dir='ltr'>Plin.</span> <span class='ocrx_word' id='word_1_675' title='bbox 1052 2967 1078 2996; x_wconf 73' lang='grc' dir='ltr'>ἃ</span> <span class='ocrx_word' id='word_1_676' title='bbox 1094 2966 1192 2997; x_wconf 87' lang='lat' dir='ltr'>Erasin.</span> <span class='ocrx_word' id='word_1_677' title='bbox 1213 2968 1242 2996; x_wconf 90' lang='lat' dir='ltr'>in</span> <span class='ocrx_word' id='word_1_678' title='bbox 1261 2968 1380 2997; x_wconf 83' lang='lat' dir='ltr'>Chiliad.</span> 
     </span>
     <span class='ocr_line' id='line_1_76' title="bbox 268 2999 1381 3068; baseline 0.004 -37"><span class='ocrx_word' id='word_1_679' title='bbox 268 3002 371 3068; x_wconf 65' lang='lat' dir='ltr'>isiadcm</span> <span class='ocrx_word' id='word_1_680' title='bbox 400 3004 488 3033; x_wconf 85' lang='lat' dir='ltr'>forma</span> <span class='ocrx_word' id='word_1_681' title='bbox 514 3003 633 3032; x_wconf 88' lang='lat' dir='ltr'>dicimus</span> <span class='ocrx_word' id='word_1_682' title='bbox 659 3004 685 3033; x_wconf 68' lang='grc' dir='ltr'>ἃ</span> <span class='ocrx_word' id='word_1_683' title='bbox 718 2999 823 3037; x_wconf 48' lang='lat' dir='ltr'>ardeam*</span> <span class='ocrx_word' id='word_1_684' title='bbox 849 3003 904 3032; x_wconf 87' lang='lat' dir='ltr'>fine</span> <span class='ocrx_word' id='word_1_685' title='bbox 930 3003 1028 3033; x_wconf 84' lang='lat' dir='ltr'>sudore</span> <span class='ocrx_word' id='word_1_686' title='bbox 1044 3026 1052 3040; x_wconf 88' lang='lat'>,</span> <span class='ocrx_word' id='word_1_687' title='bbox 1090 3006 1116 3034; x_wconf 79' lang='lat'>&amp;</span> <span class='ocrx_word' id='word_1_688' title='bbox 1148 3004 1264 3040; x_wconf 58' lang='lat' dir='ltr'>drauum?</span> <span class='ocrx_word' id='word_1_689' title='bbox 1283 3027 1291 3041; x_wconf 94' lang='lat'>,</span> <span class='ocrx_word' id='word_1_690' title='bbox 1326 3005 1381 3035; x_wconf 88' lang='lat' dir='ltr'>fine</span> 
     </span>
     <span class='ocr_line' id='line_1_77' title="bbox 280 3050 406 3071; baseline 0.024 -3"><span class='ocrx_word' id='word_1_691' title='bbox 280 3050 312 3068; x_wconf 73' lang='lat' dir='ltr'>dn</span> <span class='ocrx_word' id='word_1_692' title='bbox 334 3051 406 3071; x_wconf 74' lang='lat' dir='ltr'>[llsse.</span> 
     </span>
    </p>

    <p class='ocr_par' dir='ltr' id='par_1_28' title="bbox 234 3051 1378 3151">
     <span class='ocr_line' id='line_1_78' title="bbox 234 3051 1378 3117; baseline 0.002 -10"><span class='ocrx_word' id='word_1_693' title='bbox 234 3079 278 3107; x_wconf 83' lang='lat' dir='ltr'>Ac</span> <span class='ocrx_word' id='word_1_694' title='bbox 287 3087 303 3105; x_wconf 94' lang='grc'>0</span> <span class='ocrx_word' id='word_1_695' title='bbox 313 3051 331 3106; x_wconf 62' lang='grc' dir='ltr'>ἒ</span> <span class='ocrx_word' id='word_1_696' title='bbox 340 3088 376 3106; x_wconf 75' lang='grc' dir='ltr'>ιτ</span> <span class='ocrx_word' id='word_1_697' title='bbox 387 3089 420 3108; x_wconf 76' lang='lat' dir='ltr'>Es</span> <span class='ocrx_word' id='word_1_698' title='bbox 433 3101 440 3113; x_wconf 91' lang='lat'>,</span> <span class='ocrx_word' id='word_1_699' title='bbox 461 3073 618 3114; x_wconf 61' lang='grc' dir='ltr'>[Αἰώνιπς]</span> <span class='ocrx_word' id='word_1_700' title='bbox 636 3077 733 3115; x_wconf 84' lang='lat' dir='ltr'>Populi</span> <span class='ocrx_word' id='word_1_701' title='bbox 743 3077 805 3106; x_wconf 90' lang='lat' dir='ltr'>sunt</span> <span class='ocrx_word' id='word_1_702' title='bbox 822 3079 964 3114; x_wconf 79' lang='lat' dir='ltr'>montani,</span> <span class='ocrx_word' id='word_1_703' title='bbox 986 3088 1073 3117; x_wconf 89' lang='lat' dir='ltr'>prope</span> <span class='ocrx_word' id='word_1_704' title='bbox 1086 3079 1239 3109; x_wconf 81' lang='lat' dir='ltr'>Sardiniam</span> <span class='ocrx_word' id='word_1_705' title='bbox 1253 3079 1378 3116; x_wconf 84' lang='lat' dir='ltr'>insulam,</span> 
     </span>
     <span class='ocr_line' id='line_1_79' title="bbox 270 3115 770 3151; baseline 0.002 -8"><span class='ocrx_word' id='word_1_706' title='bbox 270 3125 385 3151; x_wconf 86' lang='lat' dir='ltr'>quorum</span> <span class='ocrx_word' id='word_1_707' title='bbox 411 3116 538 3145; x_wconf 88' lang='lat' dir='ltr'>meminit</span> <span class='ocrx_word' id='word_1_708' title='bbox 557 3115 653 3145; x_wconf 83' lang='lat' dir='ltr'>Strabo</span> <span class='ocrx_word' id='word_1_709' title='bbox 675 3115 721 3144; x_wconf 90' lang='lat' dir='ltr'>lib.</span> <span class='ocrx_word' id='word_1_710' title='bbox 747 3126 770 3151; x_wconf 82' lang='grc' dir='ltr'>ς.</span> 
     </span>
    </p>

    <p class='ocr_par' dir='ltr' id='par_1_29' title="bbox 234 3150 1379 3636">
     <span class='ocr_line' id='line_1_80' title="bbox 234 3150 1376 3191; baseline 0.003 -9"><span class='ocrx_word' id='word_1_711' title='bbox 234 3154 305 3182; x_wconf 79' lang='lat' dir='ltr'>Aeo</span> <span class='ocrx_word' id='word_1_712' title='bbox 318 3155 457 3190; x_wconf 77' lang='grc' dir='ltr'>ΝῑτυΜ,</span> <span class='ocrx_word' id='word_1_713' title='bbox 485 3154 502 3183; x_wconf 82' lang='lat' dir='ltr'>i.</span> <span class='ocrx_word' id='word_1_714' title='bbox 533 3155 547 3189; x_wconf 94' lang='lat'>[</span> <span class='ocrx_word' id='word_1_715' title='bbox 563 3150 666 3185; x_wconf 69' lang='lat' dir='ltr'>oboe‘m-cv</span> <span class='ocrx_word' id='word_1_716' title='bbox 682 3154 697 3189; x_wconf 90' lang='lat'>]</span> <span class='ocrx_word' id='word_1_717' title='bbox 725 3152 824 3182; x_wconf 77' lang='lat' dir='ltr'>Herbae</span> <span class='ocrx_word' id='word_1_718' title='bbox 846 3163 950 3190; x_wconf 83' lang='lat' dir='ltr'>genus,</span> <span class='ocrx_word' id='word_1_719' title='bbox 979 3154 1014 3183; x_wconf 89' lang='lat' dir='ltr'>de</span> <span class='ocrx_word' id='word_1_720' title='bbox 1037 3164 1090 3191; x_wconf 83' lang='lat' dir='ltr'>qua</span> <span class='ocrx_word' id='word_1_721' title='bbox 1108 3154 1143 3184; x_wconf 88' lang='lat' dir='ltr'>slC</span> <span class='ocrx_word' id='word_1_722' title='bbox 1164 3154 1232 3183; x_wconf 89' lang='lat' dir='ltr'>Plin.</span> <span class='ocrx_word' id='word_1_723' title='bbox 1256 3154 1304 3183; x_wconf 93' lang='lat' dir='ltr'>lib.</span> <span class='ocrx_word' id='word_1_724' title='bbox 1332 3164 1376 3191; x_wconf 88' lang='lat'>27.</span> 
     </span>
     <span class='ocr_line' id='line_1_81' title="bbox 270 3190 1379 3231; baseline 0.003 -12"><span class='ocrx_word' id='word_1_725' title='bbox 270 3199 329 3227; x_wconf 87' lang='lat' dir='ltr'>cap.</span> <span class='ocrx_word' id='word_1_726' title='bbox 343 3199 366 3226; x_wconf 90' lang='lat'>3.</span> <span class='ocrx_word' id='word_1_727' title='bbox 380 3198 446 3220; x_wconf 78' lang='lat' dir='ltr'>extr.</span> <span class='ocrx_word' id='word_1_728' title='bbox 470 3192 634 3226; x_wconf 84' lang='lat' dir='ltr'>Aconitum,</span> <span class='ocrx_word' id='word_1_729' title='bbox 657 3191 723 3220; x_wconf 82' lang='lat' dir='ltr'>folia</span> <span class='ocrx_word' id='word_1_730' title='bbox 732 3190 815 3220; x_wconf 85' lang='lat' dir='ltr'>habet</span> <span class='ocrx_word' id='word_1_731' title='bbox 834 3191 980 3228; x_wconf 78' lang='lat' dir='ltr'>cyclamini</span> <span class='ocrx_word' id='word_1_732' title='bbox 992 3198 1039 3221; x_wconf 89' lang='lat' dir='ltr'>aut</span> <span class='ocrx_word' id='word_1_733' title='bbox 1056 3193 1220 3227; x_wconf 70' lang='lat' dir='ltr'>cucumeris⁷</span> <span class='ocrx_word' id='word_1_734' title='bbox 1231 3202 1288 3220; x_wconf 90' lang='lat' dir='ltr'>non</span> <span class='ocrx_word' id='word_1_735' title='bbox 1299 3192 1379 3231; x_wconf 85' lang='lat' dir='ltr'>plura</span> 
     </span>
     <span class='ocr_line' id='line_1_82' title="bbox 269 3228 1377 3264; baseline 0.002 -8"><span class='ocrx_word' id='word_1_736' title='bbox 269 3234 385 3264; x_wconf 84' lang='lat' dir='ltr'>quatuor</span> <span class='ocrx_word' id='word_1_737' title='bbox 396 3250 404 3263; x_wconf 95' lang='lat'>,</span> <span class='ocrx_word' id='word_1_738' title='bbox 433 3228 466 3257; x_wconf 87' lang='lat' dir='ltr'>ab</span> <span class='ocrx_word' id='word_1_739' title='bbox 483 3229 574 3258; x_wconf 80' lang='lat' dir='ltr'>radice</span> <span class='ocrx_word' id='word_1_740' title='bbox 589 3229 688 3258; x_wconf 90' lang='lat' dir='ltr'>leniter</span> <span class='ocrx_word' id='word_1_741' title='bbox 701 3228 801 3258; x_wconf 79' lang='lat' dir='ltr'>hirsuta</span> <span class='ocrx_word' id='word_1_742' title='bbox 813 3251 820 3264; x_wconf 87' lang='lat'>,</span> <span class='ocrx_word' id='word_1_743' title='bbox 838 3229 959 3257; x_wconf 85' lang='lat' dir='ltr'>radicem</span> <span class='ocrx_word' id='word_1_744' title='bbox 979 3230 1131 3263; x_wconf 80' lang='lat' dir='ltr'>modicam,</span> <span class='ocrx_word' id='word_1_745' title='bbox 1150 3239 1287 3258; x_wconf 80' lang='lat' dir='ltr'>cammaro</span> <span class='ocrx_word' id='word_1_746' title='bbox 1307 3230 1377 3259; x_wconf 85' lang='lat' dir='ltr'>fiini-</span> 
     </span>
     <span class='ocr_line' id='line_1_83' title="bbox 267 3264 1376 3305; baseline 0.005 -13"><span class='ocrx_word' id='word_1_747' title='bbox 267 3264 324 3293; x_wconf 84' lang='lat' dir='ltr'>lem</span> <span class='ocrx_word' id='word_1_748' title='bbox 345 3266 458 3294; x_wconf 88' lang='lat' dir='ltr'>marino.</span> <span class='ocrx_word' id='word_1_749' title='bbox 513 3266 605 3303; x_wconf 85' lang='lat' dir='ltr'>Quare</span> <span class='ocrx_word' id='word_1_750' title='bbox 623 3266 736 3304; x_wconf 85' lang='lat' dir='ltr'>quidam</span> <span class='ocrx_word' id='word_1_751' title='bbox 752 3276 910 3297; x_wconf 73' lang='lat' dir='ltr'>cammaron</span> <span class='ocrx_word' id='word_1_752' title='bbox 937 3266 1108 3304; x_wconf 77' lang='lat' dir='ltr'>appellavere</span> <span class='ocrx_word' id='word_1_753' title='bbox 1125 3289 1132 3302; x_wconf 94' lang='lat'>,</span> <span class='ocrx_word' id='word_1_754' title='bbox 1161 3267 1206 3296; x_wconf 82' lang='lat' dir='ltr'>alii</span> <span class='ocrx_word' id='word_1_755' title='bbox 1231 3268 1376 3305; x_wconf 79' lang='lat' dir='ltr'>thelypho-</span> 
     </span>
     <span class='ocr_line' id='line_1_84' title="bbox 268 3304 1375 3342; baseline 0.004 -12"><span class='ocrx_word' id='word_1_756' title='bbox 268 3311 353 3336; x_wconf 86' lang='lat' dir='ltr'>num,</span> <span class='ocrx_word' id='word_1_757' title='bbox 375 3312 408 3331; x_wconf 84' lang='lat' dir='ltr'>ex</span> <span class='ocrx_word' id='word_1_758' title='bbox 427 3313 479 3340; x_wconf 85' lang='lat' dir='ltr'>qua</span> <span class='ocrx_word' id='word_1_759' title='bbox 503 3304 622 3334; x_wconf 70' lang='lat' dir='ltr'>diximus</span> <span class='ocrx_word' id='word_1_760' title='bbox 642 3304 728 3334; x_wconf 89' lang='lat' dir='ltr'>causa.</span> <span class='ocrx_word' id='word_1_761' title='bbox 770 3304 860 3334; x_wconf 79' lang='lat' dir='ltr'>Radix</span> <span class='ocrx_word' id='word_1_762' title='bbox 878 3304 1035 3333; x_wconf 83' lang='lat' dir='ltr'>incurvatur</span> <span class='ocrx_word' id='word_1_763' title='bbox 1050 3304 1182 3342; x_wconf 76' lang='lat' dir='ltr'>paulum,</span> <span class='ocrx_word' id='word_1_764' title='bbox 1199 3304 1375 3342; x_wconf 88' lang='lat' dir='ltr'>scorpionum</span> 
     </span>
     <span class='ocr_line' id='line_1_85' title="bbox 268 3339 1373 3380; baseline 0.005 -13"><span class='ocrx_word' id='word_1_765' title='bbox 268 3339 378 3367; x_wconf 89' lang='lat' dir='ltr'>modo:</span> <span class='ocrx_word' id='word_1_766' title='bbox 409 3350 490 3377; x_wconf 83' lang='lat' dir='ltr'>quare</span> <span class='ocrx_word' id='word_1_767' title='bbox 517 3343 542 3370; x_wconf 58' lang='grc' dir='ltr'>ἃ</span> <span class='ocrx_word' id='word_1_768' title='bbox 567 3342 693 3380; x_wconf 87' lang='lat' dir='ltr'>scorpion</span> <span class='ocrx_word' id='word_1_769' title='bbox 717 3341 800 3379; x_wconf 83' lang='lat' dir='ltr'>aliqui</span> <span class='ocrx_word' id='word_1_770' title='bbox 829 3341 1009 3379; x_wconf 83' lang='lat' dir='ltr'>appellavere.</span> <span class='ocrx_word' id='word_1_771' title='bbox 1070 3342 1129 3371; x_wconf 80' lang='lat' dir='ltr'>Nec</span> <span class='ocrx_word' id='word_1_772' title='bbox 1153 3342 1301 3372; x_wconf 73' lang='lat' dir='ltr'>defuerunt</span> <span class='ocrx_word' id='word_1_773' title='bbox 1327 3345 1373 3380; x_wconf 88' lang='lat' dir='ltr'>qui</span> 
     </span>
     <span class='ocr_line' id='line_1_86' title="bbox 268 3378 1374 3417; baseline 0.005 -13"><span class='ocrx_word' id='word_1_774' title='bbox 268 3378 436 3413; x_wconf 66' lang='lat' dir='ltr'>myoctonon</span> <span class='ocrx_word' id='word_1_775' title='bbox 453 3378 590 3415; x_wconf 85' lang='lat' dir='ltr'>appellare</span> <span class='ocrx_word' id='word_1_776' title='bbox 604 3380 734 3409; x_wconf 90' lang='lat' dir='ltr'>mallent:</span> <span class='ocrx_word' id='word_1_777' title='bbox 777 3381 906 3417; x_wconf 71' lang='lat' dir='ltr'>quoniam</span> <span class='ocrx_word' id='word_1_778' title='bbox 928 3379 1024 3417; x_wconf 88' lang='lat' dir='ltr'>procul</span> <span class='ocrx_word' id='word_1_779' title='bbox 1041 3381 1066 3409; x_wconf 63' lang='lat' dir='ltr'>Sa</span> <span class='ocrx_word' id='word_1_780' title='bbox 1087 3390 1102 3408; x_wconf 86' lang='lat' dir='ltr'>e</span> <span class='ocrx_word' id='word_1_781' title='bbox 1119 3379 1272 3417; x_wconf 72' lang='lat' dir='ltr'>longinquo</span> <span class='ocrx_word' id='word_1_782' title='bbox 1288 3381 1374 3411; x_wconf 86' lang='lat' dir='ltr'>odore</span> 
     </span>
     <span class='ocr_line' id='line_1_87' title="bbox 266 3415 1372 3454; baseline 0.004 -12"><span class='ocrx_word' id='word_1_783' title='bbox 266 3423 357 3442; x_wconf 88' lang='lat' dir='ltr'>mures</span> <span class='ocrx_word' id='word_1_784' title='bbox 379 3422 466 3444; x_wconf 82' lang='lat' dir='ltr'>necat.</span> <span class='ocrx_word' id='word_1_785' title='bbox 528 3415 653 3445; x_wconf 78' lang='lat' dir='ltr'>Nascitur</span> <span class='ocrx_word' id='word_1_786' title='bbox 673 3418 701 3446; x_wconf 91' lang='lat' dir='ltr'>in</span> <span class='ocrx_word' id='word_1_787' title='bbox 720 3418 802 3446; x_wconf 80' lang='lat' dir='ltr'>nudis</span> <span class='ocrx_word' id='word_1_788' title='bbox 824 3417 967 3451; x_wconf 77' lang='lat' dir='ltr'>cautibus,</span> <span class='ocrx_word' id='word_1_789' title='bbox 999 3428 1065 3454; x_wconf 76' lang='lat' dir='ltr'>quas</span> <span class='ocrx_word' id='word_1_790' title='bbox 1089 3427 1187 3446; x_wconf 81' lang='lat' dir='ltr'>aconas</span> <span class='ocrx_word' id='word_1_791' title='bbox 1224 3426 1324 3447; x_wconf 74' lang='lat' dir='ltr'>vocant</span> <span class='ocrx_word' id='word_1_792' title='bbox 1346 3422 1372 3448; x_wconf 64' lang='grc' dir='ltr'>δι</span> 
     </span>
     <span class='ocr_line' id='line_1_88' title="bbox 266 3451 1374 3495; baseline 0.005 -16"><span class='ocrx_word' id='word_1_793' title='bbox 266 3451 331 3480; x_wconf 83' lang='lat' dir='ltr'>ideo</span> <span class='ocrx_word' id='word_1_794' title='bbox 355 3453 495 3481; x_wconf 83' lang='lat' dir='ltr'>aconitum</span> <span class='ocrx_word' id='word_1_795' title='bbox 511 3452 595 3495; x_wconf 77' lang='lat' dir='ltr'>aliqui</span> <span class='ocrx_word' id='word_1_796' title='bbox 614 3454 725 3490; x_wconf 73' lang='lat' dir='ltr'>dixere,</span> <span class='ocrx_word' id='word_1_797' title='bbox 740 3455 818 3484; x_wconf 88' lang='lat' dir='ltr'>nullo</span> <span class='ocrx_word' id='word_1_798' title='bbox 837 3456 911 3489; x_wconf 73' lang='lat' dir='ltr'>juxta</span> <span class='ocrx_word' id='word_1_799' title='bbox 923 3477 931 3489; x_wconf 80' lang='lat'>,</span> <span class='ocrx_word' id='word_1_800' title='bbox 952 3464 987 3483; x_wconf 88' lang='lat' dir='ltr'>ne</span> <span class='ocrx_word' id='word_1_801' title='bbox 1004 3455 1117 3492; x_wconf 81' lang='lat' dir='ltr'>pulvere</span> <span class='ocrx_word' id='word_1_802' title='bbox 1135 3455 1264 3491; x_wconf 77' lang='lat' dir='ltr'>quidem,</span> <span class='ocrx_word' id='word_1_803' title='bbox 1288 3458 1374 3485; x_wconf 86' lang='lat' dir='ltr'>nutri-</span> 
     </span>
     <span class='ocr_line' id='line_1_89' title="bbox 264 3489 1375 3529; baseline 0.005 -13"><span class='ocrx_word' id='word_1_804' title='bbox 264 3498 337 3517; x_wconf 90' lang='lat' dir='ltr'>ente.</span> <span class='ocrx_word' id='word_1_805' title='bbox 387 3489 466 3518; x_wconf 82' lang='lat' dir='ltr'>Hanc</span> <span class='ocrx_word' id='word_1_806' title='bbox 482 3489 516 3518; x_wconf 74' lang='lat' dir='ltr'>ali</span> <span class='ocrx_word' id='word_1_807' title='bbox 539 3491 565 3518; x_wconf 92' lang='lat' dir='ltr'>ui</span> <span class='ocrx_word' id='word_1_808' title='bbox 587 3493 720 3521; x_wconf 83' lang='lat' dir='ltr'>rationem</span> <span class='ocrx_word' id='word_1_809' title='bbox 739 3493 859 3521; x_wconf 82' lang='lat' dir='ltr'>nominis</span> <span class='ocrx_word' id='word_1_810' title='bbox 880 3491 1003 3521; x_wconf 76' lang='lat' dir='ltr'>attulere.</span> <span class='ocrx_word' id='word_1_811' title='bbox 1039 3492 1088 3521; x_wconf 78' lang='lat' dir='ltr'>Alii</span> <span class='ocrx_word' id='word_1_812' title='bbox 1101 3515 1108 3527; x_wconf 92' lang='lat'>,</span> <span class='ocrx_word' id='word_1_813' title='bbox 1127 3494 1259 3529; x_wconf 67' lang='lat' dir='ltr'>quoniam</span> <span class='ocrx_word' id='word_1_814' title='bbox 1276 3494 1316 3522; x_wconf 87' lang='lat' dir='ltr'>vis</span> <span class='ocrx_word' id='word_1_815' title='bbox 1331 3504 1375 3523; x_wconf 82' lang='lat' dir='ltr'>ea-</span> 
     </span>
     <span class='ocr_line' id='line_1_90' title="bbox 264 3500 1374 3565; baseline 0.005 -11"><span class='ocrx_word' id='word_1_816' title='bbox 264 3526 328 3555; x_wconf 85' lang='lat' dir='ltr'>dem</span> <span class='ocrx_word' id='word_1_817' title='bbox 351 3526 378 3554; x_wconf 87' lang='lat' dir='ltr'>in</span> <span class='ocrx_word' id='word_1_818' title='bbox 395 3534 483 3556; x_wconf 79' lang='lat' dir='ltr'>morte</span> <span class='ocrx_word' id='word_1_819' title='bbox 500 3500 574 3561; x_wconf 72' lang='lat' dir='ltr'>esi&#39;et,</span> <span class='ocrx_word' id='word_1_820' title='bbox 595 3537 653 3564; x_wconf 78' lang='lat' dir='ltr'>quae</span> <span class='ocrx_word' id='word_1_821' title='bbox 671 3530 779 3559; x_wconf 83' lang='lat' dir='ltr'>cotibus</span> <span class='ocrx_word' id='word_1_822' title='bbox 801 3531 834 3559; x_wconf 84' lang='lat' dir='ltr'>ad</span> <span class='ocrx_word' id='word_1_823' title='bbox 853 3531 916 3560; x_wconf 79' lang='lat' dir='ltr'>ferri</span> <span class='ocrx_word' id='word_1_824' title='bbox 934 3531 1021 3560; x_wconf 79' lang='lat' dir='ltr'>aciem</span> <span class='ocrx_word' id='word_1_825' title='bbox 1041 3531 1236 3565; x_wconf 80' lang='lat' dir='ltr'>deterendam,</span> <span class='ocrx_word' id='word_1_826' title='bbox 1274 3531 1374 3560; x_wconf 85' lang='lat' dir='ltr'>statim-</span> 
     </span>
     <span class='ocr_line' id='line_1_91' title="bbox 264 3563 1370 3606; baseline 0.006 -14"><span class='ocrx_word' id='word_1_827' title='bbox 264 3573 316 3600; x_wconf 86' lang='lat' dir='ltr'>que</span> <span class='ocrx_word' id='word_1_828' title='bbox 329 3563 439 3593; x_wconf 83' lang='lat' dir='ltr'>admota</span> <span class='ocrx_word' id='word_1_829' title='bbox 464 3564 593 3594; x_wconf 67' lang='lat' dir='ltr'>velocitas</span> <span class='ocrx_word' id='word_1_830' title='bbox 617 3565 768 3596; x_wconf 84' lang='lat' dir='ltr'>sentiretur.</span> <span class='ocrx_word' id='word_1_831' title='bbox 810 3567 911 3598; x_wconf 83' lang='lat' dir='ltr'>Lucan.</span> <span class='ocrx_word' id='word_1_832' title='bbox 944 3579 969 3603; x_wconf 87' lang='lat'>4.</span> <span class='ocrx_word' id='word_1_833' title='bbox 1003 3578 1027 3597; x_wconf 91' lang='lat' dir='ltr'>v.</span> <span class='ocrx_word' id='word_1_834' title='bbox 1063 3577 1123 3604; x_wconf 90' lang='lat'>322.</span> <span class='ocrx_word' id='word_1_835' title='bbox 1146 3569 1229 3597; x_wconf 80' lang='lat' dir='ltr'>Ovid.</span> <span class='ocrx_word' id='word_1_836' title='bbox 1252 3577 1278 3606; x_wconf 92' lang='lat'>7.</span> <span class='ocrx_word' id='word_1_837' title='bbox 1300 3570 1370 3600; x_wconf 77' lang='lat' dir='ltr'>Met.</span> 
     </span>
     <span class='ocr_line' id='line_1_92' title="bbox 270 3606 332 3636; baseline 0 -7"><span class='ocrx_word' id='word_1_838' title='bbox 270 3606 332 3636; x_wconf 86' lang='lat'>418.</span> 
     </span>
    </p>

    <p class='ocr_par' dir='ltr' id='par_1_30' title="bbox 262 3637 972 3712">
     <span class='ocr_line' id='line_1_93' title="bbox 336 3637 972 3672; baseline 0.009 -6"><span class='ocrx_word' id='word_1_839' title='bbox 336 3637 435 3667; x_wconf 82' lang='lat' dir='ltr'>Lurida</span> <span class='ocrx_word' id='word_1_840' title='bbox 454 3638 588 3668; x_wconf 88' lang='lat' dir='ltr'>terribiles</span> <span class='ocrx_word' id='word_1_841' title='bbox 600 3640 712 3669; x_wconf 82' lang='lat' dir='ltr'>miscent</span> <span class='ocrx_word' id='word_1_842' title='bbox 722 3643 830 3671; x_wconf 77' lang='lat' dir='ltr'>aconita</span> <span class='ocrx_word' id='word_1_843' title='bbox 839 3653 972 3672; x_wconf 63' lang='lat' dir='ltr'>novercae.</span> 
     </span>
     <span class='ocr_line' id='line_1_94' title="bbox 262 3673 933 3712; baseline 0.009 -9"><span class='ocrx_word' id='word_1_844' title='bbox 262 3673 376 3704; x_wconf 75' lang='lat' dir='ltr'>Videtur</span> <span class='ocrx_word' id='word_1_845' title='bbox 393 3676 427 3704; x_wconf 88' lang='lat' dir='ltr'>(le</span> <span class='ocrx_word' id='word_1_846' title='bbox 445 3676 612 3712; x_wconf 80' lang='lat' dir='ltr'>quibuslibet</span> <span class='ocrx_word' id='word_1_847' title='bbox 630 3679 743 3707; x_wconf 82' lang='lat' dir='ltr'>venenis</span> <span class='ocrx_word' id='word_1_848' title='bbox 763 3680 933 3709; x_wconf 69' lang='lat' dir='ltr'>intellexisse.</span> 
     </span>
    </p>

    <p class='ocr_par' dir='ltr' id='par_1_31' title="bbox 261 3713 1372 3905">
     <span class='ocr_line' id='line_1_95' title="bbox 310 3713 1332 3756; baseline 0.008 -16"><span class='ocrx_word' id='word_1_849' title='bbox 310 3749 315 3754; x_wconf 93' lang='lat'>.</span> <span class='ocrx_word' id='word_1_850' title='bbox 389 3729 425 3754; x_wconf 68' lang='lat'>.—</span> <span class='ocrx_word' id='word_1_851' title='bbox 444 3723 495 3742; x_wconf 83' lang='lat' dir='ltr'>nec</span> <span class='ocrx_word' id='word_1_852' title='bbox 511 3713 621 3742; x_wconf 84' lang='lat' dir='ltr'>miseros</span> <span class='ocrx_word' id='word_1_853' title='bbox 631 3715 738 3755; x_wconf 23' lang='lat' dir='ltr'>*fallunt</span> <span class='ocrx_word' id='word_1_854' title='bbox 760 3718 867 3745; x_wconf 72' lang='lat' dir='ltr'>aconita</span> <span class='ocrx_word' id='word_1_855' title='bbox 879 3719 1010 3753; x_wconf 57' lang='lat' dir='ltr'>legentes.</span> <span class='ocrx_word' id='word_1_856' title='bbox 1033 3717 1103 3755; x_wconf 80' lang='lat' dir='ltr'>Virg.</span> <span class='ocrx_word' id='word_1_857' title='bbox 1120 3727 1145 3747; x_wconf 88' lang='lat'>2.</span> <span class='ocrx_word' id='word_1_858' title='bbox 1159 3718 1256 3756; x_wconf 82' lang='lat' dir='ltr'>Georg.</span> <span class='ocrx_word' id='word_1_859' title='bbox 1272 3728 1332 3754; x_wconf 84' lang='lat'>152.</span> 
     </span>
     <span class='ocr_line' id='line_1_96' title="bbox 264 3748 1372 3794; baseline 0.008 -17"><span class='ocrx_word' id='word_1_860' title='bbox 264 3748 315 3777; x_wconf 88' lang='lat' dir='ltr'>Ubi</span> <span class='ocrx_word' id='word_1_861' title='bbox 330 3749 447 3785; x_wconf 86' lang='lat' dir='ltr'>Servius,</span> <span class='ocrx_word' id='word_1_862' title='bbox 461 3751 731 3781; x_wconf 78' lang='lat' dir='ltr'>Aconitanaicuntur</span> <span class='ocrx_word' id='word_1_863' title='bbox 743 3754 768 3781; x_wconf 79' lang='lat' dir='ltr'>iu</span> <span class='ocrx_word' id='word_1_864' title='bbox 791 3754 884 3788; x_wconf 68' lang='lat' dir='ltr'>ltalia,</span> <span class='ocrx_word' id='word_1_865' title='bbox 904 3756 949 3783; x_wconf 81' lang='lat' dir='ltr'>led</span> <span class='ocrx_word' id='word_1_866' title='bbox 965 3766 1022 3784; x_wconf 88' lang='lat' dir='ltr'>non</span> <span class='ocrx_word' id='word_1_867' title='bbox 1041 3766 1072 3785; x_wconf 82' lang='lat' dir='ltr'>ea</span> <span class='ocrx_word' id='word_1_868' title='bbox 1091 3755 1182 3785; x_wconf 73' lang='lat' dir='ltr'>obell&#39;e</span> <span class='ocrx_word' id='word_1_869' title='bbox 1201 3757 1284 3789; x_wconf 79' lang='lat' dir='ltr'>dicit.</span> <span class='ocrx_word' id='word_1_870' title='bbox 1308 3757 1372 3794; x_wconf 75' lang='lat' dir='ltr'>quia</span> 
     </span>
     <span class='ocr_line' id='line_1_97' title="bbox 261 3785 1372 3832; baseline 0.008 -18"><span class='ocrx_word' id='word_1_871' title='bbox 261 3785 323 3829; x_wconf 77' lang='lat' dir='ltr'>sunt</span> <span class='ocrx_word' id='word_1_872' title='bbox 334 3787 463 3815; x_wconf 85' lang='lat' dir='ltr'>omnibus</span> <span class='ocrx_word' id='word_1_873' title='bbox 475 3796 546 3816; x_wconf 76' lang='lat' dir='ltr'>nota.</span> <span class='ocrx_word' id='word_1_874' title='bbox 590 3788 655 3817; x_wconf 64' lang='lat' dir='ltr'>ilaec</span> <span class='ocrx_word' id='word_1_875' title='bbox 664 3797 754 3818; x_wconf 84' lang='lat' dir='ltr'>autem</span> <span class='ocrx_word' id='word_1_876' title='bbox 768 3786 856 3819; x_wconf 65' lang='lat' dir='ltr'>fle-rba</span> <span class='ocrx_word' id='word_1_877' title='bbox 868 3793 968 3821; x_wconf 78' lang='lat' dir='ltr'>dicitur</span> <span class='ocrx_word' id='word_1_878' title='bbox 978 3801 1040 3822; x_wconf 69' lang='lat' dir='ltr'>nata</span> <span class='ocrx_word' id='word_1_879' title='bbox 1052 3794 1104 3822; x_wconf 74' lang='lat' dir='ltr'>effe</span> <span class='ocrx_word' id='word_1_880' title='bbox 1116 3794 1149 3822; x_wconf 83' lang='lat' dir='ltr'>(le</span> <span class='ocrx_word' id='word_1_881' title='bbox 1160 3794 1261 3832; x_wconf 82' lang='lat' dir='ltr'>spumis</span> <span class='ocrx_word' id='word_1_882' title='bbox 1270 3794 1372 3824; x_wconf 73' lang='lat' dir='ltr'>Cerbe-</span> 
     </span>
     <span class='ocr_line' id='line_1_98' title="bbox 261 3826 1370 3868; baseline 0.008 -16"><span class='ocrx_word' id='word_1_883' title='bbox 261 3833 302 3858; x_wconf 89' lang='lat' dir='ltr'>ri,</span> <span class='ocrx_word' id='word_1_884' title='bbox 322 3834 377 3861; x_wconf 86' lang='lat' dir='ltr'>quo</span> <span class='ocrx_word' id='word_1_885' title='bbox 396 3832 521 3861; x_wconf 78' lang='lat' dir='ltr'>tempure</span> <span class='ocrx_word' id='word_1_886' title='bbox 543 3835 605 3853; x_wconf 85' lang='lat' dir='ltr'>cuin</span> <span class='ocrx_word' id='word_1_887' title='bbox 628 3826 759 3856; x_wconf 74' lang='lat' dir='ltr'>Hercules</span> <span class='ocrx_word' id='word_1_888' title='bbox 776 3828 809 3855; x_wconf 73' lang='lat' dir='ltr'>ab</span> <span class='ocrx_word' id='word_1_889' title='bbox 829 3829 921 3857; x_wconf 81' lang='lat' dir='ltr'>inseris</span> <span class='ocrx_word' id='word_1_890' title='bbox 939 3832 1028 3860; x_wconf 68' lang='lat' dir='ltr'>traxit.</span> <span class='ocrx_word' id='word_1_891' title='bbox 1086 3830 1156 3866; x_wconf 64' lang='lat' dir='ltr'>Qute</span> <span class='ocrx_word' id='word_1_892' title='bbox 1178 3833 1242 3868; x_wconf 83' lang='lat' dir='ltr'>quia</span> <span class='ocrx_word' id='word_1_893' title='bbox 1258 3833 1287 3860; x_wconf 87' lang='lat' dir='ltr'>in</span> <span class='ocrx_word' id='word_1_894' title='bbox 1301 3832 1370 3860; x_wconf 72' lang='lat' dir='ltr'>stixis</span> 
     </span>
     <span class='ocr_line' id='line_1_99' title="bbox 262 3861 1367 3905; baseline 0.009 -16"><span class='ocrx_word' id='word_1_895' title='bbox 262 3863 288 3890; x_wconf 74' lang='lat' dir='ltr'>Sc</span> <span class='ocrx_word' id='word_1_896' title='bbox 302 3861 412 3890; x_wconf 87' lang='lat' dir='ltr'>cotibus</span> <span class='ocrx_word' id='word_1_897' title='bbox 436 3862 553 3890; x_wconf 67' lang='lat' dir='ltr'>nascitur</span> <span class='ocrx_word' id='word_1_898' title='bbox 565 3884 572 3896; x_wconf 87' lang='lat'>,</span> <span class='ocrx_word' id='word_1_899' title='bbox 592 3863 741 3893; x_wconf 79' lang='lat' dir='ltr'>Aconituin</span> <span class='ocrx_word' id='word_1_900' title='bbox 761 3866 861 3893; x_wconf 77' lang='lat' dir='ltr'>dicitur</span> <span class='ocrx_word' id='word_1_901' title='bbox 873 3888 880 3899; x_wconf 90' lang='lat'>,</span> <span class='ocrx_word' id='word_1_902' title='bbox 909 3864 957 3893; x_wconf 69' lang='grc' dir='ltr'>απὲ</span> <span class='ocrx_word' id='word_1_903' title='bbox 974 3879 991 3893; x_wconf 76' lang='grc' dir='ltr'><strong><em>τ</em></strong></span> <span class='ocrx_word' id='word_1_904' title='bbox 1008 3880 1097 3896; x_wconf 59' lang='lat' dir='ltr'>anaim.</span> <span class='ocrx_word' id='word_1_905' title='bbox 1131 3868 1161 3897; x_wconf 79' lang='lat' dir='ltr'>id</span> <span class='ocrx_word' id='word_1_906' title='bbox 1177 3870 1233 3905; x_wconf 81' lang='lat' dir='ltr'>est,</span> <span class='ocrx_word' id='word_1_907' title='bbox 1254 3880 1270 3899; x_wconf 81' lang='lat' dir='ltr'>a</span> <span class='ocrx_word' id='word_1_908' title='bbox 1289 3870 1367 3899; x_wconf 75' lang='lat' dir='ltr'>eote.</span> 
     </span>
    </p>
   </div>
   <div class='ocr_carea' id='block_1_10' title="bbox 1034 3642 1332 3682">
    <p class='ocr_par' dir='ltr' id='par_1_32' title="bbox 1034 3642 1332 3682">
     <span class='ocr_line' id='line_1_100' title="bbox 1034 3642 1332 3682; baseline 0.013 -11"><span class='ocrx_word' id='word_1_909' title='bbox 1034 3642 1115 3672; x_wconf 88' lang='lat' dir='ltr'>Ovid.</span> <span class='ocrx_word' id='word_1_910' title='bbox 1138 3652 1159 3672; x_wconf 90' lang='grc'>1.</span> <span class='ocrx_word' id='word_1_911' title='bbox 1185 3643 1255 3673; x_wconf 88' lang='lat' dir='ltr'>Met.</span> <span class='ocrx_word' id='word_1_912' title='bbox 1272 3654 1332 3682; x_wconf 89' lang='lat'>147.</span> 
     </span>
    </p>
   </div>
   <div class='ocr_carea' id='block_1_11' title="bbox 493 2814 1396 2852">
    <p class='ocr_par' dir='ltr' id='par_1_33' title="bbox 493 2814 1396 2852">
     <span class='ocr_line' id='line_1_101' title="bbox 493 2814 1396 2852; baseline 0.002 -9"><span class='ocrx_word' id='word_1_913' title='bbox 493 2824 514 2843; x_wconf 79' lang='lat' dir='ltr'>ae</span> <span class='ocrx_word' id='word_1_914' title='bbox 526 2815 593 2843; x_wconf 89' lang='lat' dir='ltr'>citra</span> <span class='ocrx_word' id='word_1_915' title='bbox 606 2814 726 2851; x_wconf 88' lang='lat' dir='ltr'>pulveris</span> <span class='ocrx_word' id='word_1_916' title='bbox 737 2815 838 2847; x_wconf 71' lang='lat' dir='ltr'>iactum</span> <span class='ocrx_word' id='word_1_917' title='bbox 857 2815 951 2852; x_wconf 71' lang='lat' dir='ltr'>(quod</span> <span class='ocrx_word' id='word_1_918' title='bbox 971 2822 1072 2844; x_wconf 90' lang='lat' dir='ltr'>vocant</span> <span class='ocrx_word' id='word_1_919' title='bbox 1085 2817 1194 2845; x_wconf 86' lang='lat' dir='ltr'>Aconiti</span> <span class='ocrx_word' id='word_1_920' title='bbox 1206 2821 1216 2850; x_wconf 47' lang='lat' dir='ltr'>,i</span> <span class='ocrx_word' id='word_1_921' title='bbox 1234 2819 1316 2846; x_wconf 79' lang='lat' dir='ltr'>Vicit:</span> <span class='ocrx_word' id='word_1_922' title='bbox 1340 2825 1396 2845; x_wconf 50' lang='lat' dir='ltr'>co:</span> 
     </span>
    </p>
   </div>
   <div class='ocr_carea' id='block_1_12' title="bbox 1428 3498 1904 3535">
    <p class='ocr_par' dir='ltr' id='par_1_34' title="bbox 1428 3498 1904 3535">
     <span class='ocr_line' id='line_1_102' title="bbox 1428 3498 1904 3535; baseline -0.006 -7"><span class='ocrx_word' id='word_1_923' title='bbox 1428 3498 1655 3535; x_wconf 71' lang='lat' dir='ltr'>Aequissco,</span> <span class='ocrx_word' id='word_1_924' title='bbox 1684 3499 1743 3533; x_wconf 71' lang='lat' dir='ltr'>evi,</span> <span class='ocrx_word' id='word_1_925' title='bbox 1771 3498 1904 3533; x_wconf 74' lang='lat' dir='ltr'>etum,[</span> 
     </span>
    </p>
   </div>
   <div class='ocr_carea' id='block_1_13' title="bbox 1936 62 2222 98">
    <p class='ocr_par' dir='ltr' id='par_1_35' title="bbox 1936 62 2222 98">
     <span class='ocr_line' id='line_1_103' title="bbox 1936 62 2222 98; baseline 0 0"><span class='ocrx_word' id='word_1_926' title='bbox 1936 64 1963 98; x_wconf 73' lang='lat' dir='ltr'>A</span> <span class='ocrx_word' id='word_1_927' title='bbox 2060 62 2089 98; x_wconf 90' lang='lat' dir='ltr'>C</span> <span class='ocrx_word' id='word_1_928' title='bbox 2187 64 2222 98; x_wconf 87' lang='grc' dir='ltr'>Ο</span> 
     </span>
    </p>
   </div>
   <div class='ocr_carea' id='block_1_14' title="bbox 1459 140 2621 857">
    <p class='ocr_par' dir='ltr' id='par_1_36' title="bbox 1490 140 2611 182">
     <span class='ocr_line' id='line_1_104' title="bbox 1490 140 2611 182; baseline 0.004 -9"><span class='ocrx_word' id='word_1_929' title='bbox 1490 142 1525 173; x_wconf 87' lang='lat' dir='ltr'>Et</span> <span class='ocrx_word' id='word_1_930' title='bbox 1535 143 1654 172; x_wconf 87' lang='lat' dir='ltr'>dicimus</span> <span class='ocrx_word' id='word_1_931' title='bbox 1668 144 1695 169; x_wconf 66' lang='grc' dir='ltr'>τὲ</span> <span class='ocrx_word' id='word_1_932' title='bbox 1703 144 1842 181; x_wconf 56' lang='grc' dir='ltr'>ἀκόνιτονρς</span> <span class='ocrx_word' id='word_1_933' title='bbox 1854 140 1886 169; x_wconf 72' lang='grc' dir='ltr'>πὶ</span> <span class='ocrx_word' id='word_1_934' title='bbox 1894 144 1999 174; x_wconf 65' lang='grc' dir='ltr'>ἀκόνιπκ,</span> <span class='ocrx_word' id='word_1_935' title='bbox 2013 144 2081 174; x_wconf 75' lang='lat' dir='ltr'>Haec</span> <span class='ocrx_word' id='word_1_936' title='bbox 2092 143 2358 182; x_wconf 84' lang='lat' dir='ltr'>Ser.Theophrastus</span> <span class='ocrx_word' id='word_1_937' title='bbox 2374 149 2472 174; x_wconf 85' lang='lat' dir='ltr'>tamen</span> <span class='ocrx_word' id='word_1_938' title='bbox 2483 146 2517 175; x_wconf 89' lang='lat' dir='ltr'>de</span> <span class='ocrx_word' id='word_1_939' title='bbox 2525 146 2611 178; x_wconf 79' lang='lat' dir='ltr'>Plant.</span> 
     </span>
    </p>

    <p class='ocr_par' dir='ltr' id='par_1_37' title="bbox 1492 180 2619 224">
     <span class='ocr_line' id='line_1_105' title="bbox 1492 180 2619 224; baseline 0.004 -14"><span class='ocrx_word' id='word_1_940' title='bbox 1492 181 1560 224; x_wconf 65' lang='lat' dir='ltr'>Hisl.</span> <span class='ocrx_word' id='word_1_941' title='bbox 1577 180 1624 209; x_wconf 90' lang='lat' dir='ltr'>lib.</span> <span class='ocrx_word' id='word_1_942' title='bbox 1648 191 1673 215; x_wconf 86' lang='lat'>9.</span> <span class='ocrx_word' id='word_1_943' title='bbox 1692 190 1752 218; x_wconf 87' lang='lat' dir='ltr'>cap.</span> <span class='ocrx_word' id='word_1_944' title='bbox 1778 185 1818 210; x_wconf 89' lang='grc'>16.</span> <span class='ocrx_word' id='word_1_945' title='bbox 1840 181 1915 211; x_wconf 88' lang='lat' dir='ltr'>aliud</span> <span class='ocrx_word' id='word_1_946' title='bbox 1933 181 2013 210; x_wconf 76' lang='lat' dir='ltr'>affert</span> <span class='ocrx_word' id='word_1_947' title='bbox 2031 182 2152 210; x_wconf 90' lang='lat' dir='ltr'>nominis</span> <span class='ocrx_word' id='word_1_948' title='bbox 2172 190 2303 219; x_wconf 88' lang='lat' dir='ltr'>etymon,</span> <span class='ocrx_word' id='word_1_949' title='bbox 2337 181 2473 212; x_wconf 85' lang='lat' dir='ltr'>affirmans</span> <span class='ocrx_word' id='word_1_950' title='bbox 2487 193 2544 212; x_wconf 89' lang='lat' dir='ltr'>non</span> <span class='ocrx_word' id='word_1_951' title='bbox 2562 185 2619 215; x_wconf 73' lang='lat' dir='ltr'>else</span> 
     </span>
    </p>

    <p class='ocr_par' dir='ltr' id='par_1_38' title="bbox 1491 218 2621 254">
     <span class='ocr_line' id='line_1_106' title="bbox 1491 218 2621 254; baseline 0.005 -9"><span class='ocrx_word' id='word_1_952' title='bbox 1491 219 1540 244; x_wconf 66' lang='lat' dir='ltr'>iem</span> <span class='ocrx_word' id='word_1_953' title='bbox 1559 218 1603 244; x_wconf 66' lang='grc' dir='ltr'>τᾶν</span> <span class='ocrx_word' id='word_1_954' title='bbox 1627 218 1730 252; x_wconf 69' lang='grc' dir='ltr'>ἀκονῶν,</span> <span class='ocrx_word' id='word_1_955' title='bbox 1764 219 1792 246; x_wconf 91' lang='lat' dir='ltr'>id</span> <span class='ocrx_word' id='word_1_956' title='bbox 1811 219 1865 253; x_wconf 86' lang='lat' dir='ltr'>est,</span> <span class='ocrx_word' id='word_1_957' title='bbox 1884 228 1899 247; x_wconf 87' lang='lat' dir='ltr'>a</span> <span class='ocrx_word' id='word_1_958' title='bbox 1919 218 2052 254; x_wconf 86' lang='lat' dir='ltr'>Cotibus,</span> <span class='ocrx_word' id='word_1_959' title='bbox 2086 219 2131 248; x_wconf 90' lang='lat' dir='ltr'>sed</span> <span class='ocrx_word' id='word_1_960' title='bbox 2153 219 2186 249; x_wconf 80' lang='lat' dir='ltr'>ab</span> <span class='ocrx_word' id='word_1_961' title='bbox 2212 219 2313 248; x_wconf 80' lang='lat' dir='ltr'>Aeonis</span> <span class='ocrx_word' id='word_1_962' title='bbox 2333 219 2560 249; x_wconf 88' lang='lat' dir='ltr'>Periandinorum</span> <span class='ocrx_word' id='word_1_963' title='bbox 2578 224 2621 251; x_wconf 88' lang='lat' dir='ltr'>vi-.</span> 
     </span>
    </p>

    <p class='ocr_par' dir='ltr' id='par_1_39' title="bbox 1493 254 2612 294">
     <span class='ocr_line' id='line_1_107' title="bbox 1493 254 2612 294; baseline 0.004 -10"><span class='ocrx_word' id='word_1_964' title='bbox 1493 265 1526 284; x_wconf 90' lang='lat' dir='ltr'>co</span> <span class='ocrx_word' id='word_1_965' title='bbox 1544 255 1578 283; x_wconf 89' lang='lat' dir='ltr'>ad</span> <span class='ocrx_word' id='word_1_966' title='bbox 1614 254 1776 285; x_wconf 76' lang='lat' dir='ltr'>Heracleam</span> <span class='ocrx_word' id='word_1_967' title='bbox 1791 255 1870 285; x_wconf 87' lang='lat' dir='ltr'>Ponti</span> <span class='ocrx_word' id='word_1_968' title='bbox 1890 255 1939 285; x_wconf 81' lang='lat' dir='ltr'>sito</span> <span class='ocrx_word' id='word_1_969' title='bbox 1951 278 1958 290; x_wconf 85' lang='lat'><strong>‚</strong></span> <span class='ocrx_word' id='word_1_970' title='bbox 1990 257 2038 286; x_wconf 89' lang='lat' dir='ltr'>ubi</span> <span class='ocrx_word' id='word_1_971' title='bbox 2055 258 2081 286; x_wconf 70' lang='grc' dir='ltr'>ἃ</span> <span class='ocrx_word' id='word_1_972' title='bbox 2102 256 2254 294; x_wconf 88' lang='lat' dir='ltr'>plurimum</span> <span class='ocrx_word' id='word_1_973' title='bbox 2273 258 2300 286; x_wconf 76' lang='lat' dir='ltr'>Sc</span> <span class='ocrx_word' id='word_1_974' title='bbox 2331 257 2470 294; x_wconf 81' lang='lat' dir='ltr'>optimum</span> <span class='ocrx_word' id='word_1_975' title='bbox 2486 257 2612 290; x_wconf 78' lang='lat' dir='ltr'>nascitur.</span> 
     </span>
    </p>

    <p class='ocr_par' dir='ltr' id='par_1_40' title="bbox 1493 292 2122 331">
     <span class='ocr_line' id='line_1_108' title="bbox 1493 292 2122 331; baseline 0.003 -10"><span class='ocrx_word' id='word_1_976' title='bbox 1493 292 1524 321; x_wconf 88' lang='lat' dir='ltr'>V.</span> <span class='ocrx_word' id='word_1_977' title='bbox 1545 292 1706 321; x_wconf 60' lang='lat' dir='ltr'>Athenarum</span> <span class='ocrx_word' id='word_1_978' title='bbox 1728 292 1775 321; x_wconf 90' lang='lat' dir='ltr'>lib.</span> <span class='ocrx_word' id='word_1_979' title='bbox 1789 303 1813 328; x_wconf 81' lang='lat'>3.</span> <span class='ocrx_word' id='word_1_980' title='bbox 1826 295 1851 322; x_wconf 71' lang='grc' dir='ltr'>δι</span> <span class='ocrx_word' id='word_1_981' title='bbox 1861 293 1988 323; x_wconf 87' lang='lat' dir='ltr'>Solinum</span> <span class='ocrx_word' id='word_1_982' title='bbox 2003 304 2062 331; x_wconf 88' lang='lat' dir='ltr'>cap.</span> <span class='ocrx_word' id='word_1_983' title='bbox 2077 305 2122 329; x_wconf 65' lang='lat'>45.</span> 
     </span>
    </p>

    <p class='ocr_par' dir='ltr' id='par_1_41' title="bbox 1495 330 2204 368">
     <span class='ocr_line' id='line_1_109' title="bbox 1495 330 2204 368; baseline -0.001 -8"><span class='ocrx_word' id='word_1_984' title='bbox 1495 330 1611 360; x_wconf 78' lang='lat' dir='ltr'>Aconita</span> <span class='ocrx_word' id='word_1_985' title='bbox 1629 330 1694 358; x_wconf 71' lang='lat' dir='ltr'>dira.</span> <span class='ocrx_word' id='word_1_986' title='bbox 1717 330 1849 360; x_wconf 87' lang='lat' dir='ltr'>Ausonius</span> <span class='ocrx_word' id='word_1_987' title='bbox 1869 331 1939 362; x_wconf 63' lang='lat' dir='ltr'>Seri.</span> <span class='ocrx_word' id='word_1_988' title='bbox 1952 341 1977 361; x_wconf 91' lang='lat'>2.</span> <span class='ocrx_word' id='word_1_989' title='bbox 1999 330 2204 368; x_wconf 81' lang='lat' dir='ltr'>monosyllabis.</span> 
     </span>
    </p>

    <p class='ocr_par' dir='ltr' id='par_1_42' title="bbox 1495 367 1935 407">
     <span class='ocr_line' id='line_1_110' title="bbox 1495 367 1935 407; baseline 0.005 -12"><span class='ocrx_word' id='word_1_990' title='bbox 1495 367 1604 398; x_wconf 83' lang='lat' dir='ltr'>Lurida.</span> <span class='ocrx_word' id='word_1_991' title='bbox 1633 367 1716 397; x_wconf 82' lang='lat' dir='ltr'>Ovid.</span> <span class='ocrx_word' id='word_1_992' title='bbox 1737 377 1759 397; x_wconf 91' lang='lat' dir='ltr'>i.</span> <span class='ocrx_word' id='word_1_993' title='bbox 1782 368 1850 405; x_wconf 77' lang='lat' dir='ltr'>Met.</span> <span class='ocrx_word' id='word_1_994' title='bbox 1875 378 1935 407; x_wconf 83' lang='lat'>¹47-</span> 
     </span>
    </p>

    <p class='ocr_par' dir='ltr' id='par_1_43' title="bbox 1495 404 1841 441">
     <span class='ocr_line' id='line_1_111' title="bbox 1495 404 1841 441; baseline 0.003 -7"><span class='ocrx_word' id='word_1_995' title='bbox 1495 404 1606 434; x_wconf 70' lang='lat' dir='ltr'>Pallida.</span> <span class='ocrx_word' id='word_1_996' title='bbox 1628 404 1729 433; x_wconf 87' lang='lat' dir='ltr'>Lucan.</span> <span class='ocrx_word' id='word_1_997' title='bbox 1747 404 1794 435; x_wconf 93' lang='lat' dir='ltr'>lib.</span> <span class='ocrx_word' id='word_1_998' title='bbox 1816 417 1841 441; x_wconf 84' lang='lat'>4.</span> 
     </span>
    </p>

    <p class='ocr_par' dir='ltr' id='par_1_44' title="bbox 1495 442 1957 480">
     <span class='ocr_line' id='line_1_112' title="bbox 1495 442 1957 480; baseline 0.009 -10"><span class='ocrx_word' id='word_1_999' title='bbox 1495 442 1613 470; x_wconf 79' lang='lat' dir='ltr'>Vivacia.</span> <span class='ocrx_word' id='word_1_1000' title='bbox 1648 442 1729 470; x_wconf 89' lang='lat' dir='ltr'>Ovid.</span> <span class='ocrx_word' id='word_1_1001' title='bbox 1754 452 1777 480; x_wconf 91' lang='lat'>7.</span> <span class='ocrx_word' id='word_1_1002' title='bbox 1798 444 1868 473; x_wconf 83' lang='lat' dir='ltr'>Met.</span> <span class='ocrx_word' id='word_1_1003' title='bbox 1891 451 1957 480; x_wconf 87' lang='lat'>418.</span> 
     </span>
    </p>

    <p class='ocr_par' dir='ltr' id='par_1_45' title="bbox 1493 478 2609 521">
     <span class='ocr_line' id='line_1_113' title="bbox 1493 478 2609 521; baseline 0.004 -14"><span class='ocrx_word' id='word_1_1004' title='bbox 1493 479 1652 513; x_wconf 82' lang='lat' dir='ltr'>Aconituni,</span> <span class='ocrx_word' id='word_1_1005' title='bbox 1660 478 1828 511; x_wconf 83' lang='lat' dir='ltr'>Dioscoridis</span> <span class='ocrx_word' id='word_1_1006' title='bbox 1842 483 1975 519; x_wconf 86' lang='lat' dir='ltr'>interpres</span> <span class='ocrx_word' id='word_1_1007' title='bbox 1990 490 2059 515; x_wconf 87' lang='lat'>1.93.</span> <span class='ocrx_word' id='word_1_1008' title='bbox 2073 481 2163 514; x_wconf 87' lang='lat' dir='ltr'>vertit,</span> <span class='ocrx_word' id='word_1_1009' title='bbox 2182 480 2248 509; x_wconf 91' lang='lat' dir='ltr'>Non</span> <span class='ocrx_word' id='word_1_1010' title='bbox 2258 481 2390 518; x_wconf 87' lang='lat' dir='ltr'>picatum.</span> <span class='ocrx_word' id='word_1_1011' title='bbox 2400 481 2435 510; x_wconf 85' lang='lat' dir='ltr'>At</span> <span class='ocrx_word' id='word_1_1012' title='bbox 2445 481 2510 512; x_wconf 83' lang='lat' dir='ltr'>Cael.</span> <span class='ocrx_word' id='word_1_1013' title='bbox 2520 482 2609 521; x_wconf 83' lang='lat' dir='ltr'>Antiq.</span> 
     </span>
    </p>

    <p class='ocr_par' dir='ltr' id='par_1_46' title="bbox 1490 516 2614 630">
     <span class='ocr_line' id='line_1_114' title="bbox 1490 516 2614 556; baseline 0.002 -10"><span class='ocrx_word' id='word_1_1014' title='bbox 1490 536 1493 541; x_wconf 84' lang='lat'>.</span> <span class='ocrx_word' id='word_1_1015' title='bbox 1515 516 1588 546; x_wconf 64' lang='lat' dir='ltr'>Leti.</span> <span class='ocrx_word' id='word_1_1016' title='bbox 1606 516 1653 545; x_wconf 92' lang='lat' dir='ltr'>lib.</span> <span class='ocrx_word' id='word_1_1017' title='bbox 1668 522 1711 550; x_wconf 79' lang='lat'>28·</span> <span class='ocrx_word' id='word_1_1018' title='bbox 1724 528 1782 556; x_wconf 82' lang='lat' dir='ltr'>cap.</span> <span class='ocrx_word' id='word_1_1019' title='bbox 1795 529 1819 548; x_wconf 91' lang='lat'>2.</span> <span class='ocrx_word' id='word_1_1020' title='bbox 1840 520 1964 554; x_wconf 86' lang='lat' dir='ltr'>Aconita,</span> <span class='ocrx_word' id='word_1_1021' title='bbox 1976 519 2076 555; x_wconf 90' lang='lat' dir='ltr'>inquit,</span> <span class='ocrx_word' id='word_1_1022' title='bbox 2098 518 2291 555; x_wconf 74' lang='lat' dir='ltr'>intelliguntur</span> <span class='ocrx_word' id='word_1_1023' title='bbox 2300 518 2401 548; x_wconf 82' lang='lat' dir='ltr'>Graecis</span> <span class='ocrx_word' id='word_1_1024' title='bbox 2412 519 2479 548; x_wconf 83' lang='lat' dir='ltr'>Vasa</span> <span class='ocrx_word' id='word_1_1025' title='bbox 2493 521 2614 550; x_wconf 59' lang='grc' dir='ltr'>110111111ἢ</span> 
     </span>
     <span class='ocr_line' id='line_1_115' title="bbox 1513 555 2612 593; baseline 0.005 -9"><span class='ocrx_word' id='word_1_1026' title='bbox 1513 562 1541 584; x_wconf 82' lang='lat' dir='ltr'>ta</span> <span class='ocrx_word' id='word_1_1027' title='bbox 1551 576 1558 588; x_wconf 88' lang='lat'>,</span> <span class='ocrx_word' id='word_1_1028' title='bbox 1580 564 1639 591; x_wconf 79' lang='lat' dir='ltr'>quae</span> <span class='ocrx_word' id='word_1_1029' title='bbox 1652 555 1741 584; x_wconf 86' lang='lat' dir='ltr'>calido</span> <span class='ocrx_word' id='word_1_1030' title='bbox 1754 556 1842 586; x_wconf 80' lang='lat' dir='ltr'>diluta</span> <span class='ocrx_word' id='word_1_1031' title='bbox 1849 557 1980 590; x_wconf 87' lang='lat' dir='ltr'>humore,</span> <span class='ocrx_word' id='word_1_1032' title='bbox 1993 566 2091 592; x_wconf 80' lang='lat' dir='ltr'>aquam</span> <span class='ocrx_word' id='word_1_1033' title='bbox 2100 556 2128 584; x_wconf 90' lang='lat' dir='ltr'>in</span> <span class='ocrx_word' id='word_1_1034' title='bbox 2142 555 2168 584; x_wconf 90' lang='lat' dir='ltr'>se</span> <span class='ocrx_word' id='word_1_1035' title='bbox 2180 556 2298 585; x_wconf 86' lang='lat' dir='ltr'>trahunt.</span> <span class='ocrx_word' id='word_1_1036' title='bbox 2348 558 2363 593; x_wconf 94' lang='lat'>[</span> <span class='ocrx_word' id='word_1_1037' title='bbox 2375 557 2430 586; x_wconf 87' lang='lat' dir='ltr'>Sed</span> <span class='ocrx_word' id='word_1_1038' title='bbox 2441 556 2558 588; x_wconf 68' lang='grc' dir='ltr'><strong><em>οὶκάνητογ</em></strong></span> <span class='ocrx_word' id='word_1_1039' title='bbox 2575 558 2612 589; x_wconf 85' lang='lat' dir='ltr'>le-</span> 
     </span>
     <span class='ocr_line' id='line_1_116' title="bbox 1515 592 2265 630; baseline 0.003 -10"><span class='ocrx_word' id='word_1_1040' title='bbox 1515 592 1637 630; x_wconf 78' lang='lat' dir='ltr'>gendum</span> <span class='ocrx_word' id='word_1_1041' title='bbox 1647 592 1734 622; x_wconf 84' lang='lat' dir='ltr'>Sarac.</span> <span class='ocrx_word' id='word_1_1042' title='bbox 1754 595 1900 624; x_wconf 86' lang='lat' dir='ltr'>contendit</span> <span class='ocrx_word' id='word_1_1043' title='bbox 1909 596 1937 623; x_wconf 90' lang='lat' dir='ltr'>in</span> <span class='ocrx_word' id='word_1_1044' title='bbox 1951 593 2042 624; x_wconf 86' lang='lat' dir='ltr'>Schol.</span> <span class='ocrx_word' id='word_1_1045' title='bbox 2055 593 2089 622; x_wconf 90' lang='lat' dir='ltr'>ad</span> <span class='ocrx_word' id='word_1_1046' title='bbox 2099 593 2128 622; x_wconf 94' lang='lat' dir='ltr'>C.</span> <span class='ocrx_word' id='word_1_1047' title='bbox 2141 603 2185 629; x_wconf 85' lang='lat'>94.</span> <span class='ocrx_word' id='word_1_1048' title='bbox 2198 603 2222 630; x_wconf 94' lang='lat' dir='ltr'>q.</span> <span class='ocrx_word' id='word_1_1049' title='bbox 2234 593 2265 622; x_wconf 93' lang='lat' dir='ltr'>V.</span> 
     </span>
    </p>

    <p class='ocr_par' dir='ltr' id='par_1_47' title="bbox 1460 629 2609 702">
     <span class='ocr_line' id='line_1_117' title="bbox 1460 629 2609 670; baseline 0.003 -11"><span class='ocrx_word' id='word_1_1050' title='bbox 1460 633 1531 661; x_wconf 72' lang='lat' dir='ltr'>Aeo</span> <span class='ocrx_word' id='word_1_1051' title='bbox 1541 639 1561 658; x_wconf 84' lang='lat' dir='ltr'>N</span> <span class='ocrx_word' id='word_1_1052' title='bbox 1574 639 1657 658; x_wconf 77' lang='lat' dir='ltr'>rsus</span> <span class='ocrx_word' id='word_1_1053' title='bbox 1667 651 1676 665; x_wconf 92' lang='lat'>,</span> <span class='ocrx_word' id='word_1_1054' title='bbox 1700 630 1819 661; x_wconf 85' lang='lat' dir='ltr'>Venator</span> <span class='ocrx_word' id='word_1_1055' title='bbox 1830 633 1971 670; x_wconf 81' lang='lat' dir='ltr'>egregius,</span> <span class='ocrx_word' id='word_1_1056' title='bbox 1986 638 2017 661; x_wconf 87' lang='lat' dir='ltr'>ut</span> <span class='ocrx_word' id='word_1_1057' title='bbox 2032 631 2116 660; x_wconf 88' lang='lat' dir='ltr'>docet</span> <span class='ocrx_word' id='word_1_1058' title='bbox 2128 631 2195 660; x_wconf 82' lang='lat' dir='ltr'>Stat.</span> <span class='ocrx_word' id='word_1_1059' title='bbox 2212 640 2236 668; x_wconf 91' lang='lat'>7.</span> <span class='ocrx_word' id='word_1_1060' title='bbox 2259 629 2349 661; x_wconf 86' lang='lat' dir='ltr'>Theb.</span> <span class='ocrx_word' id='word_1_1061' title='bbox 2373 642 2434 668; x_wconf 88' lang='lat'>590.</span> <span class='ocrx_word' id='word_1_1062' title='bbox 2460 633 2486 662; x_wconf 85' lang='lat'>&amp;</span> <span class='ocrx_word' id='word_1_1063' title='bbox 2503 632 2549 663; x_wconf 90' lang='lat' dir='ltr'>Sil.</span> <span class='ocrx_word' id='word_1_1064' title='bbox 2563 633 2609 664; x_wconf 91' lang='lat' dir='ltr'>lib.</span> 
     </span>
     <span class='ocr_line' id='line_1_118' title="bbox 1501 671 1624 702; baseline -0.008 -5"><span class='ocrx_word' id='word_1_1065' title='bbox 1501 671 1542 697; x_wconf 89' lang='lat'>16.</span> <span class='ocrx_word' id='word_1_1066' title='bbox 1564 671 1624 702; x_wconf 80' lang='lat'>562.</span> 
     </span>
    </p>

    <p class='ocr_par' dir='ltr' id='par_1_48' title="bbox 1459 704 2613 857">
     <span class='ocr_line' id='line_1_119' title="bbox 1459 704 2610 746; baseline 0.003 -11"><span class='ocrx_word' id='word_1_1067' title='bbox 1459 707 1661 739; x_wconf 60' lang='lat' dir='ltr'>Acou&#39;rias,</span> <span class='ocrx_word' id='word_1_1068' title='bbox 1683 714 1714 737; x_wconf 83' lang='lat' dir='ltr'>ae.</span> <span class='ocrx_word' id='word_1_1069' title='bbox 1737 704 1890 742; x_wconf 70' lang='grc' dir='ltr'>[ἀι19171ἀς]</span> <span class='ocrx_word' id='word_1_1070' title='bbox 1912 707 2034 737; x_wconf 83' lang='lat' dir='ltr'>Cometae</span> <span class='ocrx_word' id='word_1_1071' title='bbox 2053 715 2157 743; x_wconf 83' lang='lat' dir='ltr'>genus,</span> <span class='ocrx_word' id='word_1_1072' title='bbox 2181 706 2216 735; x_wconf 90' lang='lat' dir='ltr'>de</span> <span class='ocrx_word' id='word_1_1073' title='bbox 2234 715 2289 743; x_wconf 91' lang='lat' dir='ltr'>quo</span> <span class='ocrx_word' id='word_1_1074' title='bbox 2306 705 2375 735; x_wconf 88' lang='lat' dir='ltr'>Plin.</span> <span class='ocrx_word' id='word_1_1075' title='bbox 2394 706 2442 736; x_wconf 92' lang='lat' dir='ltr'>lib.</span> <span class='ocrx_word' id='word_1_1076' title='bbox 2456 716 2481 736; x_wconf 91' lang='lat'>2.</span> <span class='ocrx_word' id='word_1_1077' title='bbox 2493 717 2552 746; x_wconf 87' lang='lat' dir='ltr'>cap.</span> <span class='ocrx_word' id='word_1_1078' title='bbox 2565 718 2610 743; x_wconf 67' lang='grc' dir='ltr'>ις.</span> 
     </span>
     <span class='ocr_line' id='line_1_120' title="bbox 1492 742 2612 783; baseline 0.003 -10"><span class='ocrx_word' id='word_1_1079' title='bbox 1492 743 1615 773; x_wconf 81' lang='lat' dir='ltr'>Acontiae</span> <span class='ocrx_word' id='word_1_1080' title='bbox 1628 742 1709 777; x_wconf 78' lang='lat' dir='ltr'>iaculi</span> <span class='ocrx_word' id='word_1_1081' title='bbox 1720 743 1806 772; x_wconf 88' lang='lat' dir='ltr'>modo</span> <span class='ocrx_word' id='word_1_1082' title='bbox 1827 744 1967 774; x_wconf 84' lang='lat' dir='ltr'>vibrantur</span> <span class='ocrx_word' id='word_1_1083' title='bbox 1990 744 2123 781; x_wconf 85' lang='lat' dir='ltr'>ocylsimo</span> <span class='ocrx_word' id='word_1_1084' title='bbox 2141 744 2300 781; x_wconf 84' lang='lat' dir='ltr'>significatu.</span> <span class='ocrx_word' id='word_1_1085' title='bbox 2344 744 2412 774; x_wconf 79' lang='lat' dir='ltr'>Haec</span> <span class='ocrx_word' id='word_1_1086' title='bbox 2431 744 2485 773; x_wconf 69' lang='lat' dir='ltr'>fiiit</span> <span class='ocrx_word' id='word_1_1087' title='bbox 2505 746 2540 775; x_wconf 88' lang='lat' dir='ltr'>de</span> <span class='ocrx_word' id='word_1_1088' title='bbox 2560 756 2612 783; x_wconf 75' lang='lat' dir='ltr'>qua</span> 
     </span>
     <span class='ocr_line' id='line_1_121' title="bbox 1496 780 2613 820; baseline 0.002 -12"><span class='ocrx_word' id='word_1_1089' title='bbox 1496 781 1592 818; x_wconf 88' lang='lat' dir='ltr'>quinto</span> <span class='ocrx_word' id='word_1_1090' title='bbox 1604 780 1746 810; x_wconf 85' lang='lat' dir='ltr'>consulatu</span> <span class='ocrx_word' id='word_1_1091' title='bbox 1763 781 1811 810; x_wconf 89' lang='lat' dir='ltr'>suo</span> <span class='ocrx_word' id='word_1_1092' title='bbox 1825 781 1953 812; x_wconf 88' lang='lat' dir='ltr'>Tiberius</span> <span class='ocrx_word' id='word_1_1093' title='bbox 1968 782 2117 819; x_wconf 83' lang='lat' dir='ltr'>imperator</span> <span class='ocrx_word' id='word_1_1094' title='bbox 2129 781 2215 811; x_wconf 81' lang='lat' dir='ltr'>Caesar</span> <span class='ocrx_word' id='word_1_1095' title='bbox 2248 781 2360 811; x_wconf 84' lang='lat' dir='ltr'>raeclaro</span> <span class='ocrx_word' id='word_1_1096' title='bbox 2371 782 2492 812; x_wconf 84' lang='lat' dir='ltr'>carmine</span> <span class='ocrx_word' id='word_1_1097' title='bbox 2502 783 2613 820; x_wconf 69' lang='lat' dir='ltr'>perscri-</span> 
     </span>
     <span class='ocr_line' id='line_1_122' title="bbox 1495 818 2613 857; baseline 0.004 -12"><span class='ocrx_word' id='word_1_1098' title='bbox 1495 818 1563 857; x_wconf 85' lang='lat' dir='ltr'>psit,</span> <span class='ocrx_word' id='word_1_1099' title='bbox 1587 818 1622 846; x_wconf 86' lang='lat' dir='ltr'>ad</span> <span class='ocrx_word' id='word_1_1100' title='bbox 1637 818 1712 850; x_wconf 83' lang='lat' dir='ltr'>hunc</span> <span class='ocrx_word' id='word_1_1101' title='bbox 1735 819 1810 848; x_wconf 91' lang='lat' dir='ltr'>diem</span> <span class='ocrx_word' id='word_1_1102' title='bbox 1825 820 1969 851; x_wconf 83' lang='lat' dir='ltr'>novillime</span> <span class='ocrx_word' id='word_1_1103' title='bbox 1982 819 2044 848; x_wconf 83' lang='lat' dir='ltr'>visa.</span> <span class='ocrx_word' id='word_1_1104' title='bbox 2102 820 2220 849; x_wconf 84' lang='lat' dir='ltr'>Easdem</span> <span class='ocrx_word' id='word_1_1105' title='bbox 2254 820 2389 855; x_wconf 89' lang='lat' dir='ltr'>reviores‚</span> <span class='ocrx_word' id='word_1_1106' title='bbox 2420 821 2447 849; x_wconf 68' lang='grc' dir='ltr'>δε</span> <span class='ocrx_word' id='word_1_1107' title='bbox 2465 821 2494 849; x_wconf 84' lang='grc'>111</span> <span class='ocrx_word' id='word_1_1108' title='bbox 2505 830 2613 850; x_wconf 80' lang='lat' dir='ltr'>mucro-</span> 
     </span>
    </p>
   </div>
   <div class='ocr_carea' id='block_1_15' title="bbox 1495 856 2643 895">
    <p class='ocr_par' dir='ltr' id='par_1_49' title="bbox 1495 856 2643 895">
     <span class='ocr_line' id='line_1_123' title="bbox 1495 856 2643 895; baseline 0.003 -9"><span class='ocrx_word' id='word_1_1109' title='bbox 1495 866 1560 886; x_wconf 86' lang='lat' dir='ltr'>nem</span> <span class='ocrx_word' id='word_1_1110' title='bbox 1578 856 1739 893; x_wconf 68' lang='lat' dir='ltr'>fastigiatas,</span> <span class='ocrx_word' id='word_1_1111' title='bbox 1764 857 1872 894; x_wconf 83' lang='lat' dir='ltr'>xiphias</span> <span class='ocrx_word' id='word_1_1112' title='bbox 1890 867 2023 887; x_wconf 86' lang='lat' dir='ltr'>vocavere</span> <span class='ocrx_word' id='word_1_1113' title='bbox 2036 879 2043 891; x_wconf 83' lang='lat'>,</span> <span class='ocrx_word' id='word_1_1114' title='bbox 2056 867 2117 894; x_wconf 88' lang='lat' dir='ltr'>quae</span> <span class='ocrx_word' id='word_1_1115' title='bbox 2134 857 2198 888; x_wconf 88' lang='lat' dir='ltr'>sunt</span> <span class='ocrx_word' id='word_1_1116' title='bbox 2219 857 2346 886; x_wconf 89' lang='lat' dir='ltr'>omnium</span> <span class='ocrx_word' id='word_1_1117' title='bbox 2367 856 2566 895; x_wconf 67' lang='lat' dir='ltr'>pallidissimae,</span> <span class='ocrx_word' id='word_1_1118' title='bbox 2586 861 2613 889; x_wconf 69' lang='lat' dir='ltr'>&amp;c</span> <span class='ocrx_word' id='word_1_1119' title='bbox 2640 881 2643 885; x_wconf 64' lang='lat'>.</span> 
     </span>
    </p>
   </div>
   <div class='ocr_carea' id='block_1_16' title="bbox 1456 893 2611 1310">
    <p class='ocr_par' dir='ltr' id='par_1_50' title="bbox 1496 893 2163 931">
     <span class='ocr_line' id='line_1_124' title="bbox 1496 893 2163 931; baseline 0.004 -9"><span class='ocrx_word' id='word_1_1120' title='bbox 1496 894 1616 931; x_wconf 84' lang='lat' dir='ltr'>quodam</span> <span class='ocrx_word' id='word_1_1121' title='bbox 1633 893 1715 930; x_wconf 83' lang='lat' dir='ltr'>gladii</span> <span class='ocrx_word' id='word_1_1122' title='bbox 1731 894 1823 924; x_wconf 87' lang='lat' dir='ltr'>nitore</span> <span class='ocrx_word' id='word_1_1123' title='bbox 1837 917 1845 930; x_wconf 97' lang='lat'>,</span> <span class='ocrx_word' id='word_1_1124' title='bbox 1862 905 1893 924; x_wconf 87' lang='lat' dir='ltr'>ac</span> <span class='ocrx_word' id='word_1_1125' title='bbox 1916 895 1972 925; x_wconf 84' lang='lat' dir='ltr'>line</span> <span class='ocrx_word' id='word_1_1126' title='bbox 1992 894 2054 924; x_wconf 91' lang='lat' dir='ltr'>ullis</span> <span class='ocrx_word' id='word_1_1127' title='bbox 2073 896 2163 926; x_wconf 83' lang='lat' dir='ltr'>radiis.</span> 
     </span>
    </p>

    <p class='ocr_par' dir='ltr' id='par_1_51' title="bbox 1458 932 2611 1121">
     <span class='ocr_line' id='line_1_125' title="bbox 1458 932 2611 971; baseline 0.001 -9"><span class='ocrx_word' id='word_1_1128' title='bbox 1458 932 1586 962; x_wconf 86' lang='lat' dir='ltr'>Acontias</span> <span class='ocrx_word' id='word_1_1129' title='bbox 1598 953 1605 966; x_wconf 85' lang='lat'>,</span> <span class='ocrx_word' id='word_1_1130' title='bbox 1629 932 1667 960; x_wconf 89' lang='lat' dir='ltr'>est</span> <span class='ocrx_word' id='word_1_1131' title='bbox 1678 932 1760 961; x_wconf 88' lang='lat' dir='ltr'>etiam</span> <span class='ocrx_word' id='word_1_1132' title='bbox 1776 933 1894 970; x_wconf 86' lang='lat' dir='ltr'>Serpens</span> <span class='ocrx_word' id='word_1_1133' title='bbox 1913 933 2104 971; x_wconf 81' lang='lat' dir='ltr'>magnitudine</span> <span class='ocrx_word' id='word_1_1134' title='bbox 2124 934 2244 962; x_wconf 85' lang='lat' dir='ltr'>duorum</span> <span class='ocrx_word' id='word_1_1135' title='bbox 2263 932 2422 961; x_wconf 89' lang='lat' dir='ltr'>cubitorum</span> <span class='ocrx_word' id='word_1_1136' title='bbox 2434 954 2442 967; x_wconf 91' lang='lat'>,</span> <span class='ocrx_word' id='word_1_1137' title='bbox 2461 932 2547 970; x_wconf 83' lang='lat' dir='ltr'>figura</span> <span class='ocrx_word' id='word_1_1138' title='bbox 2565 943 2611 963; x_wconf 82' lang='lat' dir='ltr'>au-</span> 
     </span>
     <span class='ocr_line' id='line_1_126' title="bbox 1494 968 2611 1006; baseline 0.002 -7"><span class='ocrx_word' id='word_1_1139' title='bbox 1494 977 1551 999; x_wconf 86' lang='lat' dir='ltr'>tem</span> <span class='ocrx_word' id='word_1_1140' title='bbox 1566 968 1647 998; x_wconf 82' lang='lat' dir='ltr'>crassa</span> <span class='ocrx_word' id='word_1_1141' title='bbox 1657 970 1687 998; x_wconf 93' lang='lat' dir='ltr'>in</span> <span class='ocrx_word' id='word_1_1142' title='bbox 1697 975 1811 1001; x_wconf 86' lang='lat' dir='ltr'>tenuem</span> <span class='ocrx_word' id='word_1_1143' title='bbox 1817 970 1937 1002; x_wconf 86' lang='lat' dir='ltr'>abeunte</span> <span class='ocrx_word' id='word_1_1144' title='bbox 1948 993 1957 1006; x_wconf 89' lang='lat'>,</span> <span class='ocrx_word' id='word_1_1145' title='bbox 1975 970 2068 1000; x_wconf 90' lang='lat' dir='ltr'>colore</span> <span class='ocrx_word' id='word_1_1146' title='bbox 2077 971 2168 1005; x_wconf 87' lang='lat' dir='ltr'>viridi,</span> <span class='ocrx_word' id='word_1_1147' title='bbox 2180 971 2301 999; x_wconf 85' lang='lat' dir='ltr'>maxime</span> <span class='ocrx_word' id='word_1_1148' title='bbox 2311 970 2387 1003; x_wconf 82' lang='lat' dir='ltr'>iuxta</span> <span class='ocrx_word' id='word_1_1149' title='bbox 2396 969 2497 1005; x_wconf 85' lang='lat' dir='ltr'>alvum,</span> <span class='ocrx_word' id='word_1_1150' title='bbox 2522 977 2552 1000; x_wconf 92' lang='lat' dir='ltr'>ut</span> <span class='ocrx_word' id='word_1_1151' title='bbox 2562 972 2611 1001; x_wconf 84' lang='lat' dir='ltr'>mi-</span> 
     </span>
     <span class='ocr_line' id='line_1_127' title="bbox 1494 1006 2607 1046; baseline 0.001 -8"><span class='ocrx_word' id='word_1_1152' title='bbox 1494 1007 1563 1038; x_wconf 91' lang='lat' dir='ltr'>lium</span> <span class='ocrx_word' id='word_1_1153' title='bbox 1584 1006 1678 1037; x_wconf 90' lang='lat' dir='ltr'>colore</span> <span class='ocrx_word' id='word_1_1154' title='bbox 1697 1007 1813 1044; x_wconf 80' lang='lat' dir='ltr'>referat,</span> <span class='ocrx_word' id='word_1_1155' title='bbox 1842 1008 1918 1038; x_wconf 90' lang='lat' dir='ltr'>unde</span> <span class='ocrx_word' id='word_1_1156' title='bbox 1940 1010 1966 1038; x_wconf 64' lang='grc' dir='ltr'>δέ</span> <span class='ocrx_word' id='word_1_1157' title='bbox 1987 1008 2152 1044; x_wconf 83' lang='lat' dir='ltr'>Cenchrias,</span> <span class='ocrx_word' id='word_1_1158' title='bbox 2172 1008 2202 1037; x_wconf 90' lang='lat' dir='ltr'>id</span> <span class='ocrx_word' id='word_1_1159' title='bbox 2218 1009 2275 1043; x_wconf 78' lang='lat' dir='ltr'>est,</span> <span class='ocrx_word' id='word_1_1160' title='bbox 2301 1008 2418 1038; x_wconf 83' lang='lat' dir='ltr'>Miliaris</span> <span class='ocrx_word' id='word_1_1161' title='bbox 2445 1008 2607 1046; x_wconf 80' lang='lat' dir='ltr'>appellatur.</span> 
     </span>
     <span class='ocr_line' id='line_1_128' title="bbox 1494 1044 2611 1087; baseline 0.001 -12"><span class='ocrx_word' id='word_1_1162' title='bbox 1494 1046 1588 1075; x_wconf 85' lang='lat' dir='ltr'>Aetius</span> <span class='ocrx_word' id='word_1_1163' title='bbox 1606 1044 1682 1074; x_wconf 90' lang='lat' dir='ltr'>serm.</span> <span class='ocrx_word' id='word_1_1164' title='bbox 1712 1055 1752 1083; x_wconf 86' lang='lat'>13-</span> <span class='ocrx_word' id='word_1_1165' title='bbox 1773 1055 1832 1087; x_wconf 85' lang='lat' dir='ltr'>cap.</span> <span class='ocrx_word' id='word_1_1166' title='bbox 1847 1055 1890 1085; x_wconf 85' lang='lat'>27.</span> <span class='ocrx_word' id='word_1_1167' title='bbox 1913 1046 2011 1076; x_wconf 80' lang='lat' dir='ltr'>AElian.</span> <span class='ocrx_word' id='word_1_1168' title='bbox 2025 1045 2073 1076; x_wconf 91' lang='lat' dir='ltr'>lib.</span> <span class='ocrx_word' id='word_1_1169' title='bbox 2084 1051 2109 1078; x_wconf 87' lang='lat'>6.</span> <span class='ocrx_word' id='word_1_1170' title='bbox 2131 1046 2198 1077; x_wconf 81' lang='lat' dir='ltr'>Hist.</span> <span class='ocrx_word' id='word_1_1171' title='bbox 2216 1046 2266 1076; x_wconf 82' lang='lat' dir='ltr'>An.</span> <span class='ocrx_word' id='word_1_1172' title='bbox 2279 1051 2358 1080; x_wconf 87' lang='lat' dir='ltr'>c.18.</span> <span class='ocrx_word' id='word_1_1173' title='bbox 2381 1044 2484 1076; x_wconf 88' lang='lat' dir='ltr'>Latinis</span> <span class='ocrx_word' id='word_1_1174' title='bbox 2505 1045 2611 1077; x_wconf 56' lang='lat' dir='ltr'>lacu„</span> 
     </span>
     <span class='ocr_line' id='line_1_129' title="bbox 1496 1083 1802 1121; baseline 0.003 -9"><span class='ocrx_word' id='word_1_1175' title='bbox 1496 1093 1568 1114; x_wconf 75' lang='lat' dir='ltr'>LUM</span> <span class='ocrx_word' id='word_1_1176' title='bbox 1599 1083 1701 1113; x_wconf 87' lang='lat' dir='ltr'>dicitur</span> <span class='ocrx_word' id='word_1_1177' title='bbox 1722 1093 1746 1121; x_wconf 91' lang='lat' dir='ltr'>q.</span> <span class='ocrx_word' id='word_1_1178' title='bbox 1772 1083 1802 1113; x_wconf 93' lang='lat' dir='ltr'>V.</span> 
     </span>
    </p>

    <p class='ocr_par' dir='ltr' id='par_1_52' title="bbox 1457 1121 2385 1161">
     <span class='ocr_line' id='line_1_130' title="bbox 1457 1121 2385 1161; baseline 0.002 -12"><span class='ocrx_word' id='word_1_1179' title='bbox 1457 1121 1479 1150; x_wconf 78' lang='lat' dir='ltr'>A</span> <span class='ocrx_word' id='word_1_1180' title='bbox 1489 1130 1505 1150; x_wconf 84' lang='lat' dir='ltr'>c</span> <span class='ocrx_word' id='word_1_1181' title='bbox 1515 1131 1531 1150; x_wconf 93' lang='lat' dir='ltr'>o</span> <span class='ocrx_word' id='word_1_1182' title='bbox 1542 1131 1632 1149; x_wconf 81' lang='grc' dir='ltr'>ΝτιΑ</span> <span class='ocrx_word' id='word_1_1183' title='bbox 1643 1143 1652 1156; x_wconf 87' lang='lat'>,</span> <span class='ocrx_word' id='word_1_1184' title='bbox 1672 1131 1700 1151; x_wconf 89' lang='lat' dir='ltr'>n.</span> <span class='ocrx_word' id='word_1_1185' title='bbox 1722 1121 1759 1161; x_wconf 93' lang='lat' dir='ltr'>pl.</span> <span class='ocrx_word' id='word_1_1186' title='bbox 1773 1121 1865 1152; x_wconf 82' lang='lat' dir='ltr'>Calcei</span> <span class='ocrx_word' id='word_1_1187' title='bbox 1879 1121 2036 1151; x_wconf 88' lang='lat' dir='ltr'>muliebres.</span> <span class='ocrx_word' id='word_1_1188' title='bbox 2058 1121 2090 1150; x_wconf 91' lang='lat' dir='ltr'>V.</span> <span class='ocrx_word' id='word_1_1189' title='bbox 2108 1121 2178 1150; x_wconf 84' lang='lat' dir='ltr'>infra</span> <span class='ocrx_word' id='word_1_1190' title='bbox 2193 1131 2385 1151; x_wconf 79' lang='lat' dir='ltr'>PLOEARIA.</span> 
     </span>
    </p>

    <p class='ocr_par' dir='ltr' id='par_1_53' title="bbox 1457 1158 2611 1238">
     <span class='ocr_line' id='line_1_131' title="bbox 1457 1158 2611 1198; baseline 0.002 -10"><span class='ocrx_word' id='word_1_1191' title='bbox 1457 1160 1479 1190; x_wconf 91' lang='lat' dir='ltr'>A</span> <span class='ocrx_word' id='word_1_1192' title='bbox 1488 1169 1529 1188; x_wconf 85' lang='lat' dir='ltr'>co</span> <span class='ocrx_word' id='word_1_1193' title='bbox 1538 1167 1626 1188; x_wconf 78' lang='lat' dir='ltr'>NTio</span> <span class='ocrx_word' id='word_1_1194' title='bbox 1638 1169 1656 1187; x_wconf 83' lang='lat' dir='ltr'>N</span> <span class='ocrx_word' id='word_1_1195' title='bbox 1666 1181 1674 1194; x_wconf 90' lang='lat'>,</span> <span class='ocrx_word' id='word_1_1196' title='bbox 1695 1160 1707 1195; x_wconf 97' lang='lat'>[</span> <span class='ocrx_word' id='word_1_1197' title='bbox 1720 1160 1852 1194; x_wconf 74' lang='grc' dir='ltr'>Α’κόντιον]</span> <span class='ocrx_word' id='word_1_1198' title='bbox 1873 1160 2019 1198; x_wconf 82' lang='lat' dir='ltr'>Oppidum</span> <span class='ocrx_word' id='word_1_1199' title='bbox 2029 1160 2067 1189; x_wconf 88' lang='lat' dir='ltr'>est</span> <span class='ocrx_word' id='word_1_1200' title='bbox 2085 1159 2206 1192; x_wconf 80' lang='lat' dir='ltr'>Arcadiae</span> <span class='ocrx_word' id='word_1_1201' title='bbox 2215 1181 2223 1195; x_wconf 91' lang='lat'>,</span> <span class='ocrx_word' id='word_1_1202' title='bbox 2242 1168 2348 1188; x_wconf 89' lang='lat' dir='ltr'>nomen</span> <span class='ocrx_word' id='word_1_1203' title='bbox 2364 1159 2470 1189; x_wconf 83' lang='lat' dir='ltr'>habens</span> <span class='ocrx_word' id='word_1_1204' title='bbox 2478 1158 2512 1188; x_wconf 87' lang='lat' dir='ltr'>ab</span> <span class='ocrx_word' id='word_1_1205' title='bbox 2521 1160 2611 1194; x_wconf 69' lang='lat' dir='ltr'>Acon-</span> 
     </span>
     <span class='ocr_line' id='line_1_132' title="bbox 1493 1196 1960 1238; baseline 0.006 -13"><span class='ocrx_word' id='word_1_1206' title='bbox 1493 1198 1532 1225; x_wconf 90' lang='lat' dir='ltr'>tio</span> <span class='ocrx_word' id='word_1_1207' title='bbox 1551 1196 1685 1234; x_wconf 87' lang='lat' dir='ltr'>Lycaonis</span> <span class='ocrx_word' id='word_1_1208' title='bbox 1707 1196 1773 1228; x_wconf 85' lang='lat' dir='ltr'>filio.</span> <span class='ocrx_word' id='word_1_1209' title='bbox 1794 1197 1960 1238; x_wconf 59' lang='lat' dir='ltr'>Stephanus</span> 
     </span>
    </p>

    <p class='ocr_par' dir='ltr' id='par_1_54' title="bbox 1456 1234 2571 1271">
     <span class='ocr_line' id='line_1_133' title="bbox 1456 1234 2571 1271; baseline 0 -8"><span class='ocrx_word' id='word_1_1210' title='bbox 1456 1235 1669 1269; x_wconf 70' lang='lat' dir='ltr'>Acowrrus,</span> <span class='ocrx_word' id='word_1_1211' title='bbox 1695 1235 1864 1271; x_wconf 57' lang='lat' dir='ltr'>[A’aedfficeu]</span> <span class='ocrx_word' id='word_1_1212' title='bbox 1886 1236 2001 1265; x_wconf 72' lang='lat' dir='ltr'>Boeotiae</span> <span class='ocrx_word' id='word_1_1213' title='bbox 2019 1244 2100 1264; x_wconf 89' lang='lat' dir='ltr'>mons</span> <span class='ocrx_word' id='word_1_1214' title='bbox 2118 1234 2170 1269; x_wconf 89' lang='lat' dir='ltr'>est,</span> <span class='ocrx_word' id='word_1_1215' title='bbox 2189 1234 2255 1264; x_wconf 87' lang='lat' dir='ltr'>teste</span> <span class='ocrx_word' id='word_1_1216' title='bbox 2272 1234 2342 1263; x_wconf 89' lang='lat' dir='ltr'>Plin.</span> <span class='ocrx_word' id='word_1_1217' title='bbox 2366 1234 2413 1263; x_wconf 90' lang='lat' dir='ltr'>lib.</span> <span class='ocrx_word' id='word_1_1218' title='bbox 2430 1245 2457 1270; x_wconf 84' lang='lat'>4.</span> <span class='ocrx_word' id='word_1_1219' title='bbox 2473 1244 2504 1264; x_wconf 90' lang='lat' dir='ltr'>ca</span> <span class='ocrx_word' id='word_1_1220' title='bbox 2528 1244 2571 1271; x_wconf 94' lang='lat'>.7.</span> 
     </span>
    </p>

    <p class='ocr_par' dir='ltr' id='par_1_55' title="bbox 1456 1271 2608 1310">
     <span class='ocr_line' id='line_1_134' title="bbox 1456 1271 2608 1310; baseline 0 -8"><span class='ocrx_word' id='word_1_1221' title='bbox 1456 1273 1477 1303; x_wconf 91' lang='lat' dir='ltr'>A</span> <span class='ocrx_word' id='word_1_1222' title='bbox 1486 1282 1502 1302; x_wconf 91' lang='lat' dir='ltr'>c</span> <span class='ocrx_word' id='word_1_1223' title='bbox 1511 1282 1527 1301; x_wconf 92' lang='lat'>0</span> <span class='ocrx_word' id='word_1_1224' title='bbox 1537 1282 1556 1301; x_wconf 88' lang='lat' dir='ltr'>N</span> <span class='ocrx_word' id='word_1_1225' title='bbox 1565 1281 1626 1302; x_wconf 71' lang='lat' dir='ltr'>&#39;r1u</span> <span class='ocrx_word' id='word_1_1226' title='bbox 1638 1282 1650 1301; x_wconf 90' lang='lat' dir='ltr'>s</span> <span class='ocrx_word' id='word_1_1227' title='bbox 1660 1295 1668 1308; x_wconf 91' lang='lat'>,</span> <span class='ocrx_word' id='word_1_1228' title='bbox 1700 1274 1717 1310; x_wconf 88' lang='lat'>[</span> <span class='ocrx_word' id='word_1_1229' title='bbox 1728 1273 1870 1308; x_wconf 57' lang='grc' dir='ltr'>Α’κάνᾞφμ]</span> <span class='ocrx_word' id='word_1_1230' title='bbox 1899 1284 1914 1303; x_wconf 88' lang='lat' dir='ltr'>e</span> <span class='ocrx_word' id='word_1_1231' title='bbox 1932 1273 1989 1302; x_wconf 85' lang='lat' dir='ltr'>Ceo</span> <span class='ocrx_word' id='word_1_1232' title='bbox 2001 1273 2053 1302; x_wconf 89' lang='lat' dir='ltr'>five</span> <span class='ocrx_word' id='word_1_1233' title='bbox 2067 1272 2123 1302; x_wconf 91' lang='lat' dir='ltr'>Cea</span> <span class='ocrx_word' id='word_1_1234' title='bbox 2132 1272 2209 1309; x_wconf 78' lang='lat' dir='ltr'>AEgei</span> <span class='ocrx_word' id='word_1_1235' title='bbox 2228 1273 2309 1301; x_wconf 87' lang='lat' dir='ltr'>maris</span> <span class='ocrx_word' id='word_1_1236' title='bbox 2324 1271 2412 1301; x_wconf 85' lang='lat' dir='ltr'>insula</span> <span class='ocrx_word' id='word_1_1237' title='bbox 2422 1272 2515 1310; x_wconf 72' lang='lat' dir='ltr'>prosee</span> <span class='ocrx_word' id='word_1_1238' title='bbox 2531 1282 2561 1302; x_wconf 90' lang='lat' dir='ltr'>us</span> <span class='ocrx_word' id='word_1_1239' title='bbox 2572 1273 2608 1302; x_wconf 87' lang='lat' dir='ltr'>ad</span> 
     </span>
    </p>
   </div>
   <div class='ocr_carea' id='block_1_17' title="bbox 1492 1309 2654 1386">
    <p class='ocr_par' dir='ltr' id='par_1_56' title="bbox 1492 1309 2654 1386">
     <span class='ocr_line' id='line_1_135' title="bbox 1492 1309 2654 1347; baseline 0.001 -8"><span class='ocrx_word' id='word_1_1240' title='bbox 1492 1310 1565 1339; x_wconf 87' lang='lat' dir='ltr'>sacra</span> <span class='ocrx_word' id='word_1_1241' title='bbox 1574 1310 1669 1339; x_wconf 86' lang='lat' dir='ltr'>Dianae</span> <span class='ocrx_word' id='word_1_1242' title='bbox 1679 1333 1686 1346; x_wconf 90' lang='lat'>,</span> <span class='ocrx_word' id='word_1_1243' title='bbox 1709 1319 1769 1347; x_wconf 82' lang='lat' dir='ltr'>quae</span> <span class='ocrx_word' id='word_1_1244' title='bbox 1780 1310 1810 1339; x_wconf 90' lang='lat' dir='ltr'>in</span> <span class='ocrx_word' id='word_1_1245' title='bbox 1820 1310 1892 1340; x_wconf 91' lang='lat' dir='ltr'>Delo</span> <span class='ocrx_word' id='word_1_1246' title='bbox 1901 1311 1989 1341; x_wconf 84' lang='lat' dir='ltr'>insula</span> <span class='ocrx_word' id='word_1_1247' title='bbox 1997 1311 2124 1340; x_wconf 89' lang='lat' dir='ltr'>omnium</span> <span class='ocrx_word' id='word_1_1248' title='bbox 2134 1309 2287 1347; x_wconf 88' lang='lat' dir='ltr'>Cycladum</span> <span class='ocrx_word' id='word_1_1249' title='bbox 2299 1309 2442 1339; x_wconf 65' lang='lat' dir='ltr'>clarissima</span> <span class='ocrx_word' id='word_1_1250' title='bbox 2451 1332 2459 1345; x_wconf 95' lang='lat'>,</span> <span class='ocrx_word' id='word_1_1251' title='bbox 2480 1310 2607 1347; x_wconf 62' lang='lat' dir='ltr'>frequen÷</span> <span class='ocrx_word' id='word_1_1252' title='bbox 2652 1318 2654 1320; x_wconf 79' lang='grc'>’</span> 
     </span>
     <span class='ocr_line' id='line_1_136' title="bbox 1493 1347 2645 1386; baseline 0.001 -9"><span class='ocrx_word' id='word_1_1253' title='bbox 1493 1349 1514 1377; x_wconf 91' lang='lat' dir='ltr'>ti</span> <span class='ocrx_word' id='word_1_1254' title='bbox 1532 1348 1670 1385; x_wconf 83' lang='lat' dir='ltr'>virginum</span> <span class='ocrx_word' id='word_1_1255' title='bbox 1689 1354 1829 1378; x_wconf 86' lang='lat' dir='ltr'>conventu</span> <span class='ocrx_word' id='word_1_1256' title='bbox 1850 1349 2074 1384; x_wconf 85' lang='lat' dir='ltr'>celebrabantur,</span> <span class='ocrx_word' id='word_1_1257' title='bbox 2111 1348 2140 1376; x_wconf 90' lang='lat' dir='ltr'>in</span> <span class='ocrx_word' id='word_1_1258' title='bbox 2158 1357 2280 1376; x_wconf 86' lang='lat' dir='ltr'>amorem</span> <span class='ocrx_word' id='word_1_1259' title='bbox 2298 1347 2359 1376; x_wconf 79' lang='lat' dir='ltr'>visae</span> <span class='ocrx_word' id='word_1_1260' title='bbox 2378 1347 2519 1386; x_wconf 87' lang='lat' dir='ltr'>Cydippes</span> <span class='ocrx_word' id='word_1_1261' title='bbox 2530 1348 2609 1385; x_wconf 78' lang='lat' dir='ltr'>puel·</span> <span class='ocrx_word' id='word_1_1262' title='bbox 2642 1356 2645 1359; x_wconf 80' lang='grc'><em>·</em></span> 
     </span>
    </p>
   </div>
   <div class='ocr_carea' id='block_1_18' title="bbox 1445 1385 2610 2332">
    <p class='ocr_par' dir='ltr' id='par_1_57' title="bbox 1491 1385 2610 1530">
     <span class='ocr_line' id='line_1_137' title="bbox 1493 1385 2610 1423; baseline 0.001 -8"><span class='ocrx_word' id='word_1_1263' title='bbox 1493 1385 1526 1416; x_wconf 77' lang='lat' dir='ltr'>lae</span> <span class='ocrx_word' id='word_1_1264' title='bbox 1545 1385 1646 1415; x_wconf 82' lang='lat' dir='ltr'>nobilis</span> <span class='ocrx_word' id='word_1_1265' title='bbox 1670 1385 1773 1417; x_wconf 84' lang='lat' dir='ltr'>exarsit.</span> <span class='ocrx_word' id='word_1_1266' title='bbox 1832 1386 1924 1423; x_wconf 84' lang='lat' dir='ltr'>Quam</span> <span class='ocrx_word' id='word_1_1267' title='bbox 1942 1396 2007 1416; x_wconf 88' lang='lat' dir='ltr'>cum</span> <span class='ocrx_word' id='word_1_1268' title='bbox 2028 1386 2064 1415; x_wconf 90' lang='lat' dir='ltr'>ob</span> <span class='ocrx_word' id='word_1_1269' title='bbox 2080 1385 2187 1423; x_wconf 85' lang='lat' dir='ltr'>generis</span> <span class='ocrx_word' id='word_1_1270' title='bbox 2210 1385 2395 1423; x_wconf 84' lang='lat' dir='ltr'>imparitatem</span> <span class='ocrx_word' id='word_1_1271' title='bbox 2419 1395 2477 1415; x_wconf 91' lang='lat' dir='ltr'>non</span> <span class='ocrx_word' id='word_1_1272' title='bbox 2495 1386 2610 1416; x_wconf 85' lang='lat' dir='ltr'>auderet</span> 
     </span>
     <span class='ocr_line' id='line_1_138' title="bbox 1492 1422 2608 1462; baseline 0.002 -10"><span class='ocrx_word' id='word_1_1273' title='bbox 1492 1423 1583 1462; x_wconf 87' lang='lat' dir='ltr'>palam</span> <span class='ocrx_word' id='word_1_1274' title='bbox 1607 1433 1723 1453; x_wconf 79' lang='lat' dir='ltr'>uxorem</span> <span class='ocrx_word' id='word_1_1275' title='bbox 1739 1429 1843 1461; x_wconf 85' lang='lat' dir='ltr'>petere,</span> <span class='ocrx_word' id='word_1_1276' title='bbox 1861 1435 1962 1455; x_wconf 85' lang='lat' dir='ltr'>novam</span> <span class='ocrx_word' id='word_1_1277' title='bbox 1982 1430 2158 1454; x_wconf 89' lang='lat' dir='ltr'>commentus</span> <span class='ocrx_word' id='word_1_1278' title='bbox 2179 1423 2217 1452; x_wconf 91' lang='lat' dir='ltr'>est</span> <span class='ocrx_word' id='word_1_1279' title='bbox 2233 1423 2360 1452; x_wconf 75' lang='lat' dir='ltr'>fraudem</span> <span class='ocrx_word' id='word_1_1280' title='bbox 2373 1445 2381 1458; x_wconf 97' lang='lat'>,</span> <span class='ocrx_word' id='word_1_1281' title='bbox 2399 1433 2453 1460; x_wconf 87' lang='lat' dir='ltr'>qua</span> <span class='ocrx_word' id='word_1_1282' title='bbox 2470 1422 2547 1452; x_wconf 88' lang='lat' dir='ltr'>illam</span> <span class='ocrx_word' id='word_1_1283' title='bbox 2558 1424 2608 1454; x_wconf 88' lang='lat' dir='ltr'>fibi</span> 
     </span>
     <span class='ocr_line' id='line_1_139' title="bbox 1491 1460 2607 1529; baseline 0.003 -40"><span class='ocrx_word' id='word_1_1284' title='bbox 1491 1462 1623 1529; x_wconf 54' lang='lat' dir='ltr'>fonjugip</span> <span class='ocrx_word' id='word_1_1285' title='bbox 1640 1461 1780 1500; x_wconf 82' lang='lat' dir='ltr'>obligaret.</span> <span class='ocrx_word' id='word_1_1286' title='bbox 1825 1462 1971 1502; x_wconf 85' lang='lat' dir='ltr'>Siquidem</span> <span class='ocrx_word' id='word_1_1287' title='bbox 1988 1463 2019 1491; x_wconf 90' lang='lat' dir='ltr'>in</span> <span class='ocrx_word' id='word_1_1288' title='bbox 2037 1461 2226 1504; x_wconf 85' lang='lat' dir='ltr'>pulcherrimo</span> <span class='ocrx_word' id='word_1_1289' title='bbox 2243 1470 2330 1503; x_wconf 87' lang='lat' dir='ltr'>pomo</span> <span class='ocrx_word' id='word_1_1290' title='bbox 2347 1460 2450 1500; x_wconf 82' lang='lat' dir='ltr'>scripsit</span> <span class='ocrx_word' id='word_1_1291' title='bbox 2470 1461 2541 1492; x_wconf 92' lang='lat' dir='ltr'>duos</span> <span class='ocrx_word' id='word_1_1292' title='bbox 2558 1462 2607 1492; x_wconf 53' lang='lat' dir='ltr'>ho,</span> 
     </span>
     <span class='ocr_line' id='line_1_140' title="bbox 1503 1509 1641 1530; baseline -0.014 0"><span class='ocrx_word' id='word_1_1293' title='bbox 1503 1509 1534 1530; x_wconf 86' lang='lat' dir='ltr'>ce</span> <span class='ocrx_word' id='word_1_1294' title='bbox 1551 1510 1597 1528; x_wconf 91' lang='lat' dir='ltr'>ver</span> <span class='ocrx_word' id='word_1_1295' title='bbox 1611 1510 1641 1529; x_wconf 86' lang='lat' dir='ltr'>us</span> 
     </span>
    </p>

    <p class='ocr_par' dir='ltr' id='par_1_58' title="bbox 1564 1522 2287 1577">
     <span class='ocr_line' id='line_1_141' title="bbox 1564 1522 2287 1577; baseline -0.004 -9"><span class='ocrx_word' id='word_1_1296' title='bbox 1564 1538 1614 1568; x_wconf 86' lang='lat' dir='ltr'>Me</span> <span class='ocrx_word' id='word_1_1297' title='bbox 1634 1522 1685 1568; x_wconf 80' lang='lat' dir='ltr'>tibi</span> <span class='ocrx_word' id='word_1_1298' title='bbox 1702 1545 1850 1577; x_wconf 86' lang='lat' dir='ltr'>nupturam</span> <span class='ocrx_word' id='word_1_1299' title='bbox 1867 1537 1955 1574; x_wconf 86' lang='lat' dir='ltr'>(felix</span> <span class='ocrx_word' id='word_1_1300' title='bbox 1972 1544 2016 1568; x_wconf 86' lang='lat' dir='ltr'>eat</span> <span class='ocrx_word' id='word_1_1301' title='bbox 2032 1537 2142 1573; x_wconf 85' lang='lat' dir='ltr'>omen)</span> <span class='ocrx_word' id='word_1_1302' title='bbox 2170 1537 2287 1573; x_wconf 84' lang='lat' dir='ltr'>Aconti,</span> 
     </span>
    </p>

    <p class='ocr_par' dir='ltr' id='par_1_59' title="bbox 1600 1574 2238 1613">
     <span class='ocr_line' id='line_1_142' title="bbox 1600 1574 2238 1613; baseline 0 -9"><span class='ocrx_word' id='word_1_1303' title='bbox 1600 1575 1667 1611; x_wconf 84' lang='lat' dir='ltr'>Juro</span> <span class='ocrx_word' id='word_1_1304' title='bbox 1683 1586 1764 1613; x_wconf 83' lang='lat' dir='ltr'>quam</span> <span class='ocrx_word' id='word_1_1305' title='bbox 1784 1577 1902 1607; x_wconf 86' lang='lat' dir='ltr'>colimus</span> <span class='ocrx_word' id='word_1_1306' title='bbox 1919 1576 2035 1605; x_wconf 84' lang='lat' dir='ltr'>numina</span> <span class='ocrx_word' id='word_1_1307' title='bbox 2055 1585 2153 1611; x_wconf 76' lang='lat' dir='ltr'>magna</span> <span class='ocrx_word' id='word_1_1308' title='bbox 2162 1574 2238 1607; x_wconf 75' lang='lat' dir='ltr'>Deae.</span> 
     </span>
    </p>

    <p class='ocr_par' dir='ltr' id='par_1_60' title="bbox 1564 1611 2213 1654">
     <span class='ocr_line' id='line_1_143' title="bbox 1564 1611 2213 1654; baseline -0.002 -12"><span class='ocrx_word' id='word_1_1309' title='bbox 1564 1613 1631 1649; x_wconf 85' lang='lat' dir='ltr'>Juro</span> <span class='ocrx_word' id='word_1_1310' title='bbox 1651 1613 1701 1642; x_wconf 92' lang='lat' dir='ltr'>tibi</span> <span class='ocrx_word' id='word_1_1311' title='bbox 1717 1614 1797 1644; x_wconf 85' lang='lat' dir='ltr'>sacrae</span> <span class='ocrx_word' id='word_1_1312' title='bbox 1816 1624 1866 1652; x_wconf 86' lang='lat' dir='ltr'>per</span> <span class='ocrx_word' id='word_1_1313' title='bbox 1880 1613 1993 1654; x_wconf 86' lang='lat' dir='ltr'>mystica</span> <span class='ocrx_word' id='word_1_1314' title='bbox 2010 1613 2083 1643; x_wconf 87' lang='lat' dir='ltr'>sacra</span> <span class='ocrx_word' id='word_1_1315' title='bbox 2099 1611 2213 1648; x_wconf 61' lang='lat' dir='ltr'>Dianae,</span> 
     </span>
    </p>

    <p class='ocr_par' dir='ltr' id='par_1_61' title="bbox 1485 1649 2605 2031">
     <span class='ocr_line' id='line_1_144' title="bbox 1563 1649 2375 1689; baseline 0.001 -10"><span class='ocrx_word' id='word_1_1316' title='bbox 1563 1651 1612 1680; x_wconf 88' lang='lat' dir='ltr'>Me</span> <span class='ocrx_word' id='word_1_1317' title='bbox 1634 1651 1686 1680; x_wconf 89' lang='lat' dir='ltr'>tibi</span> <span class='ocrx_word' id='word_1_1318' title='bbox 1704 1658 1847 1684; x_wconf 81' lang='lat' dir='ltr'>venturam</span> <span class='ocrx_word' id='word_1_1319' title='bbox 1868 1652 2018 1688; x_wconf 88' lang='lat' dir='ltr'>comitem,</span> <span class='ocrx_word' id='word_1_1320' title='bbox 2043 1650 2223 1689; x_wconf 85' lang='lat' dir='ltr'>sponsamque</span> <span class='ocrx_word' id='word_1_1321' title='bbox 2246 1649 2375 1680; x_wconf 85' lang='lat' dir='ltr'>futuram.</span> 
     </span>
     <span class='ocr_line' id='line_1_145' title="bbox 1489 1687 2605 1729; baseline 0 -10"><span class='ocrx_word' id='word_1_1322' title='bbox 1489 1688 1583 1726; x_wconf 88' lang='lat' dir='ltr'>Itaque</span> <span class='ocrx_word' id='word_1_1323' title='bbox 1597 1689 1633 1718; x_wconf 87' lang='lat' dir='ltr'>sic</span> <span class='ocrx_word' id='word_1_1324' title='bbox 1647 1689 1809 1728; x_wconf 84' lang='lat' dir='ltr'>inscriptum</span> <span class='ocrx_word' id='word_1_1325' title='bbox 1825 1699 1942 1729; x_wconf 87' lang='lat' dir='ltr'>pomum</span> <span class='ocrx_word' id='word_1_1326' title='bbox 1964 1690 2083 1727; x_wconf 85' lang='lat' dir='ltr'>projecit</span> <span class='ocrx_word' id='word_1_1327' title='bbox 2098 1689 2132 1718; x_wconf 86' lang='lat' dir='ltr'>ad</span> <span class='ocrx_word' id='word_1_1328' title='bbox 2152 1688 2238 1726; x_wconf 88' lang='lat' dir='ltr'>pedes</span> <span class='ocrx_word' id='word_1_1329' title='bbox 2257 1687 2365 1725; x_wconf 86' lang='lat' dir='ltr'>puellae.</span> <span class='ocrx_word' id='word_1_1330' title='bbox 2407 1687 2478 1725; x_wconf 83' lang='lat' dir='ltr'>Qiae</span> <span class='ocrx_word' id='word_1_1331' title='bbox 2500 1688 2605 1720; x_wconf 71' lang='lat' dir='ltr'>fraudis</span> 
     </span>
     <span class='ocr_line' id='line_1_146' title="bbox 1489 1725 2602 1764; baseline 0.002 -9"><span class='ocrx_word' id='word_1_1332' title='bbox 1489 1727 1589 1762; x_wconf 88' lang='lat' dir='ltr'>inscia,</span> <span class='ocrx_word' id='word_1_1333' title='bbox 1619 1737 1684 1756; x_wconf 89' lang='lat' dir='ltr'>curn</span> <span class='ocrx_word' id='word_1_1334' title='bbox 1701 1728 1739 1757; x_wconf 91' lang='lat' dir='ltr'>im</span> <span class='ocrx_word' id='word_1_1335' title='bbox 1760 1728 1863 1758; x_wconf 82' lang='lat' dir='ltr'>rudens</span> <span class='ocrx_word' id='word_1_1336' title='bbox 1884 1727 1987 1764; x_wconf 86' lang='lat' dir='ltr'>legeret</span> <span class='ocrx_word' id='word_1_1337' title='bbox 2006 1750 2013 1763; x_wconf 94' lang='lat'>‚</span> <span class='ocrx_word' id='word_1_1338' title='bbox 2036 1727 2089 1756; x_wconf 87' lang='lat' dir='ltr'>visa</span> <span class='ocrx_word' id='word_1_1339' title='bbox 2112 1726 2149 1755; x_wconf 92' lang='lat' dir='ltr'>est</span> <span class='ocrx_word' id='word_1_1340' title='bbox 2172 1725 2199 1755; x_wconf 88' lang='lat' dir='ltr'>se</span> <span class='ocrx_word' id='word_1_1341' title='bbox 2218 1735 2335 1755; x_wconf 81' lang='lat' dir='ltr'>uxorem</span> <span class='ocrx_word' id='word_1_1342' title='bbox 2353 1726 2472 1756; x_wconf 84' lang='lat' dir='ltr'>Acontio</span> <span class='ocrx_word' id='word_1_1343' title='bbox 2492 1727 2602 1764; x_wconf 89' lang='lat' dir='ltr'>pacisci.</span> 
     </span>
     <span class='ocr_line' id='line_1_147' title="bbox 1487 1763 2604 1804; baseline 0.001 -11"><span class='ocrx_word' id='word_1_1344' title='bbox 1487 1765 1561 1804; x_wconf 82' lang='lat' dir='ltr'>Nam</span> <span class='ocrx_word' id='word_1_1345' title='bbox 1596 1775 1637 1794; x_wconf 77' lang='lat' dir='ltr'>ua:</span> <span class='ocrx_word' id='word_1_1346' title='bbox 1652 1771 1717 1796; x_wconf 86' lang='lat' dir='ltr'>ante</span> <span class='ocrx_word' id='word_1_1347' title='bbox 1755 1776 1802 1797; x_wconf 83' lang='lat' dir='ltr'>eos</span> <span class='ocrx_word' id='word_1_1348' title='bbox 1817 1766 1848 1797; x_wconf 86' lang='lat' dir='ltr'>in</span> <span class='ocrx_word' id='word_1_1349' title='bbox 1863 1765 1969 1803; x_wconf 86' lang='lat' dir='ltr'>templo</span> <span class='ocrx_word' id='word_1_1350' title='bbox 1985 1765 2072 1794; x_wconf 83' lang='lat' dir='ltr'>Deliae</span> <span class='ocrx_word' id='word_1_1351' title='bbox 2094 1764 2190 1796; x_wconf 71' lang='lat' dir='ltr'>Dianae</span> <span class='ocrx_word' id='word_1_1352' title='bbox 2208 1764 2367 1793; x_wconf 88' lang='lat' dir='ltr'>dicerentur</span> <span class='ocrx_word' id='word_1_1353' title='bbox 2378 1786 2386 1799; x_wconf 82' lang='grc'>,</span> <span class='ocrx_word' id='word_1_1354' title='bbox 2411 1771 2468 1793; x_wconf 85' lang='lat' dir='ltr'>rata</span> <span class='ocrx_word' id='word_1_1355' title='bbox 2485 1763 2538 1793; x_wconf 80' lang='lat' dir='ltr'>else</span> <span class='ocrx_word' id='word_1_1356' title='bbox 2556 1765 2604 1794; x_wconf 85' lang='lat' dir='ltr'>de-</span> 
     </span>
     <span class='ocr_line' id='line_1_148' title="bbox 1489 1801 2603 1841; baseline 0.001 -10"><span class='ocrx_word' id='word_1_1357' title='bbox 1489 1806 1569 1838; x_wconf 83' lang='lat' dir='ltr'>bere,</span> <span class='ocrx_word' id='word_1_1358' title='bbox 1598 1813 1631 1832; x_wconf 79' lang='lat' dir='ltr'>ex</span> <span class='ocrx_word' id='word_1_1359' title='bbox 1651 1810 1716 1833; x_wconf 87' lang='lat' dir='ltr'>erat.</span> <span class='ocrx_word' id='word_1_1360' title='bbox 1756 1803 1828 1838; x_wconf 85' lang='lat' dir='ltr'>Cum</span> <span class='ocrx_word' id='word_1_1361' title='bbox 1845 1810 1939 1835; x_wconf 83' lang='lat' dir='ltr'>autem</span> <span class='ocrx_word' id='word_1_1362' title='bbox 1959 1802 2043 1841; x_wconf 84' lang='lat' dir='ltr'>paulo</span> <span class='ocrx_word' id='word_1_1363' title='bbox 2059 1802 2120 1841; x_wconf 88' lang='lat' dir='ltr'>post</span> <span class='ocrx_word' id='word_1_1364' title='bbox 2144 1808 2221 1840; x_wconf 83' lang='lat' dir='ltr'>pater</span> <span class='ocrx_word' id='word_1_1365' title='bbox 2238 1801 2350 1838; x_wconf 87' lang='lat' dir='ltr'>hujusce</span> <span class='ocrx_word' id='word_1_1366' title='bbox 2372 1802 2411 1831; x_wconf 88' lang='lat' dir='ltr'>rei</span> <span class='ocrx_word' id='word_1_1367' title='bbox 2425 1801 2548 1838; x_wconf 88' lang='lat' dir='ltr'>nescius,</span> <span class='ocrx_word' id='word_1_1368' title='bbox 2570 1802 2603 1832; x_wconf 81' lang='lat' dir='ltr'>il.-</span> 
     </span>
     <span class='ocr_line' id='line_1_149' title="bbox 1486 1839 2603 1880; baseline -0.001 -11"><span class='ocrx_word' id='word_1_1369' title='bbox 1486 1840 1542 1869; x_wconf 87' lang='lat' dir='ltr'>lam</span> <span class='ocrx_word' id='word_1_1370' title='bbox 1564 1840 1641 1871; x_wconf 84' lang='lat' dir='ltr'>alteri</span> <span class='ocrx_word' id='word_1_1371' title='bbox 1662 1841 1863 1880; x_wconf 89' lang='lat' dir='ltr'>desponderet,</span> <span class='ocrx_word' id='word_1_1372' title='bbox 1884 1840 1972 1870; x_wconf 87' lang='lat' dir='ltr'>subita</span> <span class='ocrx_word' id='word_1_1373' title='bbox 1995 1840 2071 1870; x_wconf 84' lang='lat' dir='ltr'>febre</span> <span class='ocrx_word' id='word_1_1374' title='bbox 2091 1845 2217 1877; x_wconf 83' lang='lat' dir='ltr'>correpta</span> <span class='ocrx_word' id='word_1_1375' title='bbox 2229 1839 2279 1869; x_wconf 74' lang='lat' dir='ltr'>est.</span> <span class='ocrx_word' id='word_1_1376' title='bbox 2334 1839 2386 1868; x_wconf 92' lang='lat' dir='ltr'>Cui</span> <span class='ocrx_word' id='word_1_1377' title='bbox 2403 1840 2534 1869; x_wconf 87' lang='lat' dir='ltr'>Acontius</span> <span class='ocrx_word' id='word_1_1378' title='bbox 2551 1850 2603 1878; x_wconf 84' lang='lat' dir='ltr'>per</span> 
     </span>
     <span class='ocr_line' id='line_1_150' title="bbox 1486 1876 2602 1917; baseline 0 -10"><span class='ocrx_word' id='word_1_1379' title='bbox 1486 1888 1501 1907; x_wconf 90' lang='lat' dir='ltr'>e</span> <span class='ocrx_word' id='word_1_1380' title='bbox 1523 1878 1628 1908; x_wconf 89' lang='lat' dir='ltr'>istolam</span> <span class='ocrx_word' id='word_1_1381' title='bbox 1642 1879 1786 1917; x_wconf 86' lang='lat' dir='ltr'>persuasit,</span> <span class='ocrx_word' id='word_1_1382' title='bbox 1802 1878 1931 1908; x_wconf 89' lang='lat' dir='ltr'>morbum</span> <span class='ocrx_word' id='word_1_1383' title='bbox 1950 1888 1966 1907; x_wconf 89' lang='lat' dir='ltr'>a</span> <span class='ocrx_word' id='word_1_1384' title='bbox 1979 1878 2067 1908; x_wconf 88' lang='lat' dir='ltr'>Diana</span> <span class='ocrx_word' id='word_1_1385' title='bbox 2085 1878 2138 1907; x_wconf 83' lang='lat' dir='ltr'>effe</span> <span class='ocrx_word' id='word_1_1386' title='bbox 2155 1876 2323 1912; x_wconf 82' lang='lat' dir='ltr'>immiffum,</span> <span class='ocrx_word' id='word_1_1387' title='bbox 2343 1886 2377 1906; x_wconf 91' lang='lat' dir='ltr'>eo</span> <span class='ocrx_word' id='word_1_1388' title='bbox 2394 1877 2470 1914; x_wconf 89' lang='lat' dir='ltr'>quod</span> <span class='ocrx_word' id='word_1_1389' title='bbox 2485 1887 2543 1906; x_wconf 88' lang='lat' dir='ltr'>non</span> <span class='ocrx_word' id='word_1_1390' title='bbox 2551 1881 2602 1908; x_wconf 65' lang='grc'>1111,</span> 
     </span>
     <span class='ocr_line' id='line_1_151' title="bbox 1485 1915 2601 1983; baseline 0 -38"><span class='ocrx_word' id='word_1_1391' title='bbox 1485 1926 1504 1954; x_wconf 92' lang='lat' dir='ltr'>p</span> <span class='ocrx_word' id='word_1_1392' title='bbox 1517 1916 1610 1947; x_wconf 82' lang='lat' dir='ltr'>eviffet</span> <span class='ocrx_word' id='word_1_1393' title='bbox 1628 1927 1688 1983; x_wconf 64' lang='lat' dir='ltr'>quse</span> <span class='ocrx_word' id='word_1_1394' title='bbox 1712 1917 1770 1947; x_wconf 87' lang='lat' dir='ltr'>Dea</span> <span class='ocrx_word' id='word_1_1395' title='bbox 1786 1917 1918 1958; x_wconf 63' lang='lat' dir='ltr'>praesente</span> <span class='ocrx_word' id='word_1_1396' title='bbox 1936 1915 2105 1954; x_wconf 85' lang='lat' dir='ltr'>promiserat.</span> <span class='ocrx_word' id='word_1_1397' title='bbox 2159 1915 2276 1944; x_wconf 89' lang='lat' dir='ltr'>Proinde</span> <span class='ocrx_word' id='word_1_1398' title='bbox 2294 1922 2391 1944; x_wconf 86' lang='lat' dir='ltr'>contra</span> <span class='ocrx_word' id='word_1_1399' title='bbox 2408 1915 2492 1953; x_wconf 89' lang='lat' dir='ltr'>patris</span> <span class='ocrx_word' id='word_1_1400' title='bbox 2502 1915 2601 1945; x_wconf 90' lang='lat' dir='ltr'>volun-</span> 
     </span>
     <span class='ocr_line' id='line_1_152' title="bbox 1486 1953 2598 1991; baseline -0.002 -7"><span class='ocrx_word' id='word_1_1401' title='bbox 1486 1960 1569 1984; x_wconf 87' lang='lat' dir='ltr'>tatem</span> <span class='ocrx_word' id='word_1_1402' title='bbox 1588 1964 1631 1983; x_wconf 87' lang='lat' dir='ltr'>ma</span> <span class='ocrx_word' id='word_1_1403' title='bbox 1645 1955 1685 1984; x_wconf 86' lang='lat' dir='ltr'>uit</span> <span class='ocrx_word' id='word_1_1404' title='bbox 1701 1956 1730 1984; x_wconf 93' lang='lat' dir='ltr'>in</span> <span class='ocrx_word' id='word_1_1405' title='bbox 1751 1955 1863 1987; x_wconf 85' lang='lat' dir='ltr'>Acontii</span> <span class='ocrx_word' id='word_1_1406' title='bbox 1889 1955 1981 1985; x_wconf 89' lang='lat' dir='ltr'>venire</span> <span class='ocrx_word' id='word_1_1407' title='bbox 2000 1954 2165 1987; x_wconf 85' lang='lat' dir='ltr'>sententiam</span> <span class='ocrx_word' id='word_1_1408' title='bbox 2181 1975 2190 1989; x_wconf 93' lang='lat'>,</span> <span class='ocrx_word' id='word_1_1409' title='bbox 2225 1963 2308 1990; x_wconf 90' lang='lat' dir='ltr'>quam</span> <span class='ocrx_word' id='word_1_1410' title='bbox 2332 1953 2436 1982; x_wconf 88' lang='lat' dir='ltr'>diutius</span> <span class='ocrx_word' id='word_1_1411' title='bbox 2467 1955 2598 1991; x_wconf 88' lang='lat' dir='ltr'>torqueri.</span> 
     </span>
     <span class='ocr_line' id='line_1_153' title="bbox 1487 1991 2220 2031; baseline 0 -11"><span class='ocrx_word' id='word_1_1412' title='bbox 1487 1991 1567 2020; x_wconf 71' lang='lat' dir='ltr'>Extat</span> <span class='ocrx_word' id='word_1_1413' title='bbox 1584 1993 1725 2030; x_wconf 89' lang='lat' dir='ltr'>utriusque</span> <span class='ocrx_word' id='word_1_1414' title='bbox 1737 1993 1851 2031; x_wconf 85' lang='lat' dir='ltr'>epistola</span> <span class='ocrx_word' id='word_1_1415' title='bbox 1863 1992 1935 2021; x_wconf 91' lang='lat' dir='ltr'>inter</span> <span class='ocrx_word' id='word_1_1416' title='bbox 1952 1992 2103 2022; x_wconf 86' lang='lat' dir='ltr'>Ovidianas</span> <span class='ocrx_word' id='word_1_1417' title='bbox 2115 2002 2158 2020; x_wconf 88' lang='lat'>20.</span> <span class='ocrx_word' id='word_1_1418' title='bbox 2176 2000 2220 2020; x_wconf 89' lang='lat'>21.</span> 
     </span>
    </p>

    <p class='ocr_par' dir='ltr' id='par_1_62' title="bbox 1447 2027 2602 2106">
     <span class='ocr_line' id='line_1_154' title="bbox 1447 2027 2602 2067; baseline 0 -7"><span class='ocrx_word' id='word_1_1419' title='bbox 1447 2030 1493 2060; x_wconf 88' lang='lat' dir='ltr'>Ac</span> <span class='ocrx_word' id='word_1_1420' title='bbox 1504 2040 1519 2058; x_wconf 90' lang='lat' dir='ltr'>o</span> <span class='ocrx_word' id='word_1_1421' title='bbox 1530 2039 1659 2065; x_wconf 59' lang='lat' dir='ltr'>N‘rrzo,</span> <span class='ocrx_word' id='word_1_1422' title='bbox 1681 2032 1695 2066; x_wconf 90' lang='lat'>[</span> <span class='ocrx_word' id='word_1_1423' title='bbox 1712 2027 1848 2067; x_wconf 62' lang='grc' dir='ltr'><strong>άκοντέζω]</strong></span> <span class='ocrx_word' id='word_1_1424' title='bbox 1870 2029 1996 2066; x_wconf 80' lang='lat' dir='ltr'>Jaculari,</span> <span class='ocrx_word' id='word_1_1425' title='bbox 2029 2028 2173 2059; x_wconf 81' lang='lat' dir='ltr'>Translate</span> <span class='ocrx_word' id='word_1_1426' title='bbox 2184 2028 2278 2066; x_wconf 86' lang='lat' dir='ltr'>Veget.</span> <span class='ocrx_word' id='word_1_1427' title='bbox 2294 2028 2328 2058; x_wconf 88' lang='lat' dir='ltr'>de</span> <span class='ocrx_word' id='word_1_1428' title='bbox 2338 2028 2447 2059; x_wconf 88' lang='lat' dir='ltr'>ReVet.</span> <span class='ocrx_word' id='word_1_1429' title='bbox 2461 2038 2484 2058; x_wconf 92' lang='lat'>1.</span> <span class='ocrx_word' id='word_1_1430' title='bbox 2497 2032 2542 2059; x_wconf 82' lang='lat'>26.</span> <span class='ocrx_word' id='word_1_1431' title='bbox 2564 2029 2602 2065; x_wconf 82' lang='lat' dir='ltr'>Ut</span> 
     </span>
     <span class='ocr_line' id='line_1_155' title="bbox 1484 2067 2052 2106; baseline 0.002 -11"><span class='ocrx_word' id='word_1_1432' title='bbox 1484 2067 1565 2104; x_wconf 72' lang='lat' dir='ltr'>pollii:</span> <span class='ocrx_word' id='word_1_1433' title='bbox 1584 2068 1690 2105; x_wconf 80' lang='lat' dir='ltr'>sanguis</span> <span class='ocrx_word' id='word_1_1434' title='bbox 1707 2069 1862 2098; x_wconf 87' lang='lat' dir='ltr'>acontizare</span> <span class='ocrx_word' id='word_1_1435' title='bbox 1880 2078 1929 2106; x_wconf 88' lang='lat' dir='ltr'>per</span> <span class='ocrx_word' id='word_1_1436' title='bbox 1946 2077 2052 2097; x_wconf 84' lang='lat' dir='ltr'>venam.</span> 
     </span>
    </p>

    <p class='ocr_par' dir='ltr' id='par_1_63' title="bbox 1445 2104 2600 2219">
     <span class='ocr_line' id='line_1_156' title="bbox 1445 2104 2600 2142; baseline -0.004 -6"><span class='ocrx_word' id='word_1_1437' title='bbox 1445 2106 1575 2136; x_wconf 73' lang='lat' dir='ltr'>Acoris</span> <span class='ocrx_word' id='word_1_1438' title='bbox 1586 2128 1594 2140; x_wconf 97' lang='lat'>,</span> <span class='ocrx_word' id='word_1_1439' title='bbox 1611 2106 1747 2142; x_wconf 59' lang='lat' dir='ltr'>[asir-mn]</span> <span class='ocrx_word' id='word_1_1440' title='bbox 1771 2106 1887 2136; x_wconf 89' lang='lat' dir='ltr'>Gemma</span> <span class='ocrx_word' id='word_1_1441' title='bbox 1900 2107 1973 2135; x_wconf 89' lang='lat' dir='ltr'>nitro</span> <span class='ocrx_word' id='word_1_1442' title='bbox 1991 2105 2101 2140; x_wconf 81' lang='lat' dir='ltr'>fimilis.</span> <span class='ocrx_word' id='word_1_1443' title='bbox 2116 2104 2275 2142; x_wconf 87' lang='lat' dir='ltr'>pumicosa,</span> <span class='ocrx_word' id='word_1_1444' title='bbox 2294 2104 2383 2133; x_wconf 86' lang='lat' dir='ltr'>aureis</span> <span class='ocrx_word' id='word_1_1445' title='bbox 2408 2104 2492 2141; x_wconf 84' lang='lat' dir='ltr'>guttis</span> <span class='ocrx_word' id='word_1_1446' title='bbox 2513 2104 2600 2134; x_wconf 87' lang='lat' dir='ltr'>stella.</span> 
     </span>
     <span class='ocr_line' id='line_1_157' title="bbox 1482 2141 2596 2181; baseline 0.001 -9"><span class='ocrx_word' id='word_1_1447' title='bbox 1482 2148 1527 2178; x_wconf 86' lang='lat' dir='ltr'>ta,</span> <span class='ocrx_word' id='word_1_1448' title='bbox 1547 2153 1613 2173; x_wconf 91' lang='lat' dir='ltr'>curn</span> <span class='ocrx_word' id='word_1_1449' title='bbox 1628 2154 1681 2180; x_wconf 85' lang='lat' dir='ltr'>qua</span> <span class='ocrx_word' id='word_1_1450' title='bbox 1695 2143 1789 2177; x_wconf 85' lang='lat' dir='ltr'>oleum</span> <span class='ocrx_word' id='word_1_1451' title='bbox 1804 2143 2033 2177; x_wconf 68' lang='lat' dir='ltr'>stibferveiastum</span> <span class='ocrx_word' id='word_1_1452' title='bbox 2044 2165 2052 2179; x_wconf 88' lang='lat'>,</span> <span class='ocrx_word' id='word_1_1453' title='bbox 2067 2143 2209 2181; x_wconf 69' lang='lat' dir='ltr'>perunctis</span> <span class='ocrx_word' id='word_1_1454' title='bbox 2219 2141 2407 2175; x_wconf 67' lang='lat' dir='ltr'>,laffitudinem</span> <span class='ocrx_word' id='word_1_1455' title='bbox 2418 2141 2506 2175; x_wconf 77' lang='lat' dir='ltr'>solvit.</span> <span class='ocrx_word' id='word_1_1456' title='bbox 2526 2142 2596 2173; x_wconf 86' lang='lat' dir='ltr'>Plin.</span> 
     </span>
     <span class='ocr_line' id='line_1_158' title="bbox 1482 2180 2072 2219; baseline 0.002 -10"><span class='ocrx_word' id='word_1_1457' title='bbox 1482 2180 1530 2209; x_wconf 90' lang='lat' dir='ltr'>lib.</span> <span class='ocrx_word' id='word_1_1458' title='bbox 1552 2191 1593 2217; x_wconf 89' lang='lat'>31.</span> <span class='ocrx_word' id='word_1_1459' title='bbox 1613 2191 1671 2219; x_wconf 84' lang='lat' dir='ltr'>cap.</span> <span class='ocrx_word' id='word_1_1460' title='bbox 1696 2192 1738 2213; x_wconf 87' lang='lat'>10.</span> <span class='ocrx_word' id='word_1_1461' title='bbox 2068 2183 2072 2185; x_wconf 76' lang='grc'><em>“</em></span> 
     </span>
    </p>

    <p class='ocr_par' dir='ltr' id='par_1_64' title="bbox 1445 2216 2599 2332">
     <span class='ocr_line' id='line_1_159' title="bbox 1445 2216 2598 2256; baseline -0.001 -7"><span class='ocrx_word' id='word_1_1462' title='bbox 1445 2218 1516 2249; x_wconf 83' lang='lat' dir='ltr'>Aeo</span> <span class='ocrx_word' id='word_1_1463' title='bbox 1526 2228 1585 2248; x_wconf 87' lang='lat' dir='ltr'>1&gt;os</span> <span class='ocrx_word' id='word_1_1464' title='bbox 1595 2241 1603 2254; x_wconf 92' lang='lat'>,</span> <span class='ocrx_word' id='word_1_1465' title='bbox 1616 2219 1668 2248; x_wconf 87' lang='lat' dir='ltr'>sive</span> <span class='ocrx_word' id='word_1_1466' title='bbox 1680 2220 1773 2249; x_wconf 68' lang='lat' dir='ltr'>Aeo?</span> <span class='ocrx_word' id='word_1_1467' title='bbox 1783 2229 1837 2256; x_wconf 83' lang='lat' dir='ltr'>us,</span> <span class='ocrx_word' id='word_1_1468' title='bbox 1865 2218 1884 2251; x_wconf 79' lang='lat' dir='ltr'>fi</span> <span class='ocrx_word' id='word_1_1469' title='bbox 1904 2216 2012 2249; x_wconf 57' lang='lat' dir='ltr'>iim&amp;</span> <span class='ocrx_word' id='word_1_1470' title='bbox 2032 2217 2187 2248; x_wconf 88' lang='lat' dir='ltr'>Dioscoridi</span> <span class='ocrx_word' id='word_1_1471' title='bbox 2197 2240 2205 2253; x_wconf 94' lang='lat'>,</span> <span class='ocrx_word' id='word_1_1472' title='bbox 2222 2217 2316 2247; x_wconf 90' lang='lat' dir='ltr'>Herba</span> <span class='ocrx_word' id='word_1_1473' title='bbox 2337 2217 2376 2247; x_wconf 85' lang='lat' dir='ltr'>est</span> <span class='ocrx_word' id='word_1_1474' title='bbox 2391 2217 2530 2253; x_wconf 78' lang='lat' dir='ltr'>fruticosa,</span> <span class='ocrx_word' id='word_1_1475' title='bbox 2541 2229 2598 2256; x_wconf 82' lang='lat' dir='ltr'>gra-</span> 
     </span>
     <span class='ocr_line' id='line_1_160' title="bbox 1481 2255 2599 2294; baseline 0.001 -9"><span class='ocrx_word' id='word_1_1476' title='bbox 1481 2257 1508 2285; x_wconf 89' lang='lat' dir='ltr'>vi</span> <span class='ocrx_word' id='word_1_1477' title='bbox 1525 2257 1610 2285; x_wconf 90' lang='lat' dir='ltr'>odore</span> <span class='ocrx_word' id='word_1_1478' title='bbox 1620 2279 1628 2294; x_wconf 88' lang='lat'>,</span> <span class='ocrx_word' id='word_1_1479' title='bbox 1647 2257 1714 2286; x_wconf 83' lang='lat' dir='ltr'>flore</span> <span class='ocrx_word' id='word_1_1480' title='bbox 1725 2257 1806 2287; x_wconf 89' lang='lat' dir='ltr'>oleris</span> <span class='ocrx_word' id='word_1_1481' title='bbox 1817 2279 1825 2293; x_wconf 88' lang='lat'>,</span> <span class='ocrx_word' id='word_1_1482' title='bbox 1846 2267 1906 2294; x_wconf 86' lang='lat' dir='ltr'>quae</span> <span class='ocrx_word' id='word_1_1483' title='bbox 1914 2257 2088 2294; x_wconf 81' lang='lat' dir='ltr'>&amp;Anagyros</span> <span class='ocrx_word' id='word_1_1484' title='bbox 2100 2262 2212 2285; x_wconf 89' lang='lat' dir='ltr'>vocatur</span> <span class='ocrx_word' id='word_1_1485' title='bbox 2222 2265 2237 2284; x_wconf 88' lang='lat' dir='ltr'>a</span> <span class='ocrx_word' id='word_1_1486' title='bbox 2247 2255 2315 2285; x_wconf 86' lang='lat' dir='ltr'>Plin.</span> <span class='ocrx_word' id='word_1_1487' title='bbox 2329 2265 2372 2292; x_wconf 92' lang='lat'>27.</span> <span class='ocrx_word' id='word_1_1488' title='bbox 2387 2267 2412 2291; x_wconf 85' lang='lat'>4.</span> <span class='ocrx_word' id='word_1_1489' title='bbox 2434 2265 2450 2284; x_wconf 89' lang='lat' dir='ltr'>a</span> <span class='ocrx_word' id='word_1_1490' title='bbox 2460 2255 2599 2286; x_wconf 84' lang='lat' dir='ltr'>Dioscori-</span> 
     </span>
     <span class='ocr_line' id='line_1_161' title="bbox 1484 2293 2596 2332; baseline 0 -8"><span class='ocrx_word' id='word_1_1491' title='bbox 1484 2294 1519 2323; x_wconf 77' lang='lat' dir='ltr'>dc</span> <span class='ocrx_word' id='word_1_1492' title='bbox 1534 2295 1616 2324; x_wconf 85' lang='lat' dir='ltr'>etiarn</span> <span class='ocrx_word' id='word_1_1493' title='bbox 1635 2296 1767 2328; x_wconf 62' lang='lat' dir='ltr'>oiidyvess.</span> <span class='ocrx_word' id='word_1_1494' title='bbox 1799 2294 1904 2332; x_wconf 82' lang='lat' dir='ltr'>Vulgus</span> <span class='ocrx_word' id='word_1_1495' title='bbox 1913 2295 1949 2323; x_wconf 90' lang='lat' dir='ltr'>ob</span> <span class='ocrx_word' id='word_1_1496' title='bbox 1960 2295 2052 2323; x_wconf 88' lang='lat' dir='ltr'>odoris</span> <span class='ocrx_word' id='word_1_1497' title='bbox 2062 2294 2222 2331; x_wconf 84' lang='lat' dir='ltr'>gravitatem</span> <span class='ocrx_word' id='word_1_1498' title='bbox 2233 2293 2351 2331; x_wconf 89' lang='lat' dir='ltr'>Lignum</span> <span class='ocrx_word' id='word_1_1499' title='bbox 2362 2293 2492 2324; x_wconf 87' lang='lat' dir='ltr'>foetidum</span> <span class='ocrx_word' id='word_1_1500' title='bbox 2502 2294 2596 2332; x_wconf 89' lang='lat' dir='ltr'>appel-</span> 
     </span>
    </p>
   </div>
   <div class='ocr_carea' id='block_1_19' title="bbox 1479 2331 2625 2370">
    <p class='ocr_par' dir='ltr' id='par_1_65' title="bbox 1479 2331 2625 2370">
     <span class='ocr_line' id='line_1_162' title="bbox 1479 2331 2625 2370; baseline 0.001 -9"><span class='ocrx_word' id='word_1_1501' title='bbox 1479 2331 1527 2362; x_wconf 85' lang='lat' dir='ltr'>lat.</span> <span class='ocrx_word' id='word_1_1502' title='bbox 1580 2332 1669 2369; x_wconf 88' lang='lat' dir='ltr'>Hujus</span> <span class='ocrx_word' id='word_1_1503' title='bbox 1691 2333 1803 2368; x_wconf 82' lang='lat' dir='ltr'>semen,</span> <span class='ocrx_word' id='word_1_1504' title='bbox 1828 2332 1904 2370; x_wconf 89' lang='lat' dir='ltr'>quod</span> <span class='ocrx_word' id='word_1_1505' title='bbox 1920 2333 1949 2362; x_wconf 92' lang='lat' dir='ltr'>in</span> <span class='ocrx_word' id='word_1_1506' title='bbox 1971 2331 2099 2368; x_wconf 86' lang='lat' dir='ltr'>oblongis</span> <span class='ocrx_word' id='word_1_1507' title='bbox 2119 2331 2268 2362; x_wconf 89' lang='lat' dir='ltr'>corniculis</span> <span class='ocrx_word' id='word_1_1508' title='bbox 2288 2331 2388 2367; x_wconf 80' lang='lat' dir='ltr'>habet,</span> <span class='ocrx_word' id='word_1_1509' title='bbox 2416 2332 2598 2362; x_wconf 85' lang='lat' dir='ltr'>commandu-</span> <span class='ocrx_word' id='word_1_1510' title='bbox 2620 2343 2625 2347; x_wconf 47' lang='lat'>⁸</span> 
     </span>
    </p>
   </div>
   <div class='ocr_carea' id='block_1_20' title="bbox 1481 2368 2598 2446">
    <p class='ocr_par' dir='ltr' id='par_1_66' title="bbox 1481 2368 2598 2446">
     <span class='ocr_line' id='line_1_163' title="bbox 1481 2368 2597 2407; baseline -0.003 -8"><span class='ocrx_word' id='word_1_1511' title='bbox 1481 2376 1574 2399; x_wconf 87' lang='lat' dir='ltr'>catum</span> <span class='ocrx_word' id='word_1_1512' title='bbox 1588 2392 1596 2406; x_wconf 90' lang='lat'>,</span> <span class='ocrx_word' id='word_1_1513' title='bbox 1627 2371 1794 2401; x_wconf 85' lang='lat' dir='ltr'>vomitiones</span> <span class='ocrx_word' id='word_1_1514' title='bbox 1809 2370 1872 2402; x_wconf 80' lang='lat' dir='ltr'>ciet.</span> <span class='ocrx_word' id='word_1_1515' title='bbox 1929 2369 2010 2399; x_wconf 91' lang='lat' dir='ltr'>Unde</span> <span class='ocrx_word' id='word_1_1516' title='bbox 2032 2370 2121 2399; x_wconf 59' lang='lat' dir='ltr'>fafftus</span> <span class='ocrx_word' id='word_1_1517' title='bbox 2145 2369 2183 2398; x_wconf 90' lang='lat' dir='ltr'>est</span> <span class='ocrx_word' id='word_1_1518' title='bbox 2205 2368 2283 2398; x_wconf 89' lang='lat' dir='ltr'>locus</span> <span class='ocrx_word' id='word_1_1519' title='bbox 2303 2368 2468 2407; x_wconf 87' lang='lat' dir='ltr'>proverbio,</span> <span class='ocrx_word' id='word_1_1520' title='bbox 2503 2371 2597 2403; x_wconf 52' lang='lat' dir='ltr'>amyn-</span> 
     </span>
     <span class='ocr_line' id='line_1_164' title="bbox 1482 2406 2598 2446; baseline -0.002 -7"><span class='ocrx_word' id='word_1_1521' title='bbox 1482 2418 1522 2439; x_wconf 60' lang='lat' dir='ltr'>estv</span> <span class='ocrx_word' id='word_1_1522' title='bbox 1540 2410 1605 2434; x_wconf 64' lang='grc' dir='ltr'><strong><em>κινεῖν</em></strong></span> <span class='ocrx_word' id='word_1_1523' title='bbox 1616 2431 1623 2443; x_wconf 84' lang='lat'>,</span> <span class='ocrx_word' id='word_1_1524' title='bbox 1645 2409 1781 2446; x_wconf 80' lang='lat' dir='ltr'>Anagyrin</span> <span class='ocrx_word' id='word_1_1525' title='bbox 1799 2418 1925 2446; x_wconf 85' lang='lat' dir='ltr'>movere,</span> <span class='ocrx_word' id='word_1_1526' title='bbox 1946 2417 2002 2445; x_wconf 90' lang='lat' dir='ltr'>quo</span> <span class='ocrx_word' id='word_1_1527' title='bbox 2015 2408 2117 2440; x_wconf 77' lang='lat' dir='ltr'>utimur</span> <span class='ocrx_word' id='word_1_1528' title='bbox 2128 2407 2157 2436; x_wconf 90' lang='lat' dir='ltr'>in</span> <span class='ocrx_word' id='word_1_1529' title='bbox 2173 2416 2221 2436; x_wconf 89' lang='lat' dir='ltr'>eos</span> <span class='ocrx_word' id='word_1_1530' title='bbox 2238 2407 2285 2445; x_wconf 82' lang='lat' dir='ltr'>qui</span> <span class='ocrx_word' id='word_1_1531' title='bbox 2305 2407 2435 2436; x_wconf 87' lang='lat' dir='ltr'>obfutura</span> <span class='ocrx_word' id='word_1_1532' title='bbox 2452 2406 2501 2439; x_wconf 92' lang='lat' dir='ltr'>sibi</span> <span class='ocrx_word' id='word_1_1533' title='bbox 2521 2417 2598 2437; x_wconf 67' lang='lat' dir='ltr'>conr-</span> 
     </span>
    </p>
   </div>
   <div class='ocr_carea' id='block_1_21' title="bbox 1443 2445 2593 2521">
    <p class='ocr_par' dir='ltr' id='par_1_67' title="bbox 1443 2445 2593 2521">
     <span class='ocr_line' id='line_1_165' title="bbox 1481 2445 1814 2477; baseline 0.009 -3"><span class='ocrx_word' id='word_1_1534' title='bbox 1481 2451 1602 2475; x_wconf 88' lang='lat' dir='ltr'>movent.</span> <span class='ocrx_word' id='word_1_1535' title='bbox 1625 2446 1656 2475; x_wconf 89' lang='lat' dir='ltr'>V.</span> <span class='ocrx_word' id='word_1_1536' title='bbox 1677 2446 1746 2476; x_wconf 89' lang='lat' dir='ltr'>Plin.</span> <span class='ocrx_word' id='word_1_1537' title='bbox 1760 2445 1777 2475; x_wconf 89' lang='lat' dir='ltr'>l.</span> <span class='ocrx_word' id='word_1_1538' title='bbox 1791 2455 1814 2477; x_wconf 84' lang='lat' dir='ltr'>e.</span> 
     </span>
     <span class='ocr_line' id='line_1_166' title="bbox 1443 2481 2593 2521; baseline -0.001 -8"><span class='ocrx_word' id='word_1_1539' title='bbox 1443 2483 1515 2513; x_wconf 82' lang='lat' dir='ltr'>Aeo</span> <span class='ocrx_word' id='word_1_1540' title='bbox 1525 2493 1538 2511; x_wconf 75' lang='lat' dir='ltr'>r</span> <span class='ocrx_word' id='word_1_1541' title='bbox 1548 2493 1594 2512; x_wconf 70' lang='lat' dir='ltr'>um</span> <span class='ocrx_word' id='word_1_1542' title='bbox 1608 2506 1616 2520; x_wconf 93' lang='lat'>,</span> <span class='ocrx_word' id='word_1_1543' title='bbox 1632 2485 1649 2513; x_wconf 93' lang='lat' dir='ltr'>i.</span> <span class='ocrx_word' id='word_1_1544' title='bbox 1666 2494 1694 2513; x_wconf 91' lang='lat' dir='ltr'>n.</span> <span class='ocrx_word' id='word_1_1545' title='bbox 1717 2483 1828 2521; x_wconf 66' lang='lat' dir='ltr'>[a&#39;z&#39;nonw</span> <span class='ocrx_word' id='word_1_1546' title='bbox 1839 2484 1854 2519; x_wconf 92' lang='lat'>]</span> <span class='ocrx_word' id='word_1_1547' title='bbox 1865 2481 1934 2513; x_wconf 89' lang='lat' dir='ltr'>Cels.</span> <span class='ocrx_word' id='word_1_1548' title='bbox 1952 2493 1978 2518; x_wconf 87' lang='lat'>4.</span> <span class='ocrx_word' id='word_1_1549' title='bbox 1990 2491 2034 2520; x_wconf 90' lang='lat'>27.</span> <span class='ocrx_word' id='word_1_1550' title='bbox 2056 2483 2151 2520; x_wconf 88' lang='lat' dir='ltr'>Acopo</span> <span class='ocrx_word' id='word_1_1551' title='bbox 2166 2481 2272 2512; x_wconf 87' lang='lat' dir='ltr'>articuli</span> <span class='ocrx_word' id='word_1_1552' title='bbox 2290 2481 2480 2519; x_wconf 86' lang='lat' dir='ltr'>perfricentur.</span> <span class='ocrx_word' id='word_1_1553' title='bbox 2493 2481 2593 2521; x_wconf 85' lang='lat' dir='ltr'>plural.</span> 
     </span>
    </p>
   </div>
   <div class='ocr_carea' id='block_1_22' title="bbox 1483 2520 2630 2559">
    <p class='ocr_par' dir='ltr' id='par_1_68' title="bbox 1483 2520 2630 2559">
     <span class='ocr_line' id='line_1_167' title="bbox 1483 2520 2630 2559; baseline 0.002 -11"><span class='ocrx_word' id='word_1_1554' title='bbox 1483 2521 1591 2559; x_wconf 81' lang='lat' dir='ltr'>Acopa,</span> <span class='ocrx_word' id='word_1_1555' title='bbox 1620 2526 1708 2552; x_wconf 71' lang='lat' dir='ltr'>orum.</span> <span class='ocrx_word' id='word_1_1556' title='bbox 1729 2521 1936 2552; x_wconf 80' lang='lat' dir='ltr'>Medicamenta</span> <span class='ocrx_word' id='word_1_1557' title='bbox 1952 2520 2154 2553; x_wconf 80' lang='lat' dir='ltr'>lassitudines&amp;</span> <span class='ocrx_word' id='word_1_1558' title='bbox 2172 2520 2344 2556; x_wconf 76' lang='lat' dir='ltr'>fatigationes</span> <span class='ocrx_word' id='word_1_1559' title='bbox 2364 2520 2491 2549; x_wconf 83' lang='lat' dir='ltr'>levantia.</span> <span class='ocrx_word' id='word_1_1560' title='bbox 2523 2520 2592 2550; x_wconf 90' lang='lat' dir='ltr'>Plin.</span> <span class='ocrx_word' id='word_1_1561' title='bbox 2624 2546 2630 2550; x_wconf 75' lang='lat'>.</span> 
     </span>
    </p>
   </div>
   <div class='ocr_carea' id='block_1_23' title="bbox 1438 2558 2596 3124">
    <p class='ocr_par' dir='ltr' id='par_1_69' title="bbox 1496 2558 2596 2707">
     <span class='ocr_line' id='line_1_168' title="bbox 1499 2558 2596 2597; baseline 0 -10"><span class='ocrx_word' id='word_1_1562' title='bbox 1499 2558 1547 2587; x_wconf 91' lang='lat' dir='ltr'>lib.</span> <span class='ocrx_word' id='word_1_1563' title='bbox 1560 2569 1602 2594; x_wconf 87' lang='lat'>29.</span> <span class='ocrx_word' id='word_1_1564' title='bbox 1618 2569 1677 2597; x_wconf 87' lang='lat' dir='ltr'>cap.</span> <span class='ocrx_word' id='word_1_1565' title='bbox 1694 2569 1717 2596; x_wconf 85' lang='lat'>3.</span> <span class='ocrx_word' id='word_1_1566' title='bbox 1730 2561 1781 2589; x_wconf 69' lang='grc' dir='ltr'>ἃς.</span> <span class='ocrx_word' id='word_1_1567' title='bbox 1804 2560 1843 2589; x_wconf 89' lang='lat' dir='ltr'>Ad</span> <span class='ocrx_word' id='word_1_1568' title='bbox 1857 2559 1950 2588; x_wconf 87' lang='lat' dir='ltr'>omnia</span> <span class='ocrx_word' id='word_1_1569' title='bbox 1960 2567 2019 2595; x_wconf 82' lang='lat' dir='ltr'>quae</span> <span class='ocrx_word' id='word_1_1570' title='bbox 2032 2558 2126 2596; x_wconf 85' lang='lat' dir='ltr'>acopis</span> <span class='ocrx_word' id='word_1_1571' title='bbox 2139 2564 2510 2595; x_wconf 83' lang='lat' dir='ltr'>curantur,ungueutumque</span> <span class='ocrx_word' id='word_1_1572' title='bbox 2523 2559 2596 2596; x_wconf 74' lang='lat' dir='ltr'>pari—</span> 
     </span>
     <span class='ocr_line' id='line_1_169' title="bbox 1499 2595 2593 2634; baseline -0.001 -8"><span class='ocrx_word' id='word_1_1573' title='bbox 1499 2604 1540 2626; x_wconf 85' lang='lat' dir='ltr'>ter</span> <span class='ocrx_word' id='word_1_1574' title='bbox 1560 2598 1586 2626; x_wconf 71' lang='grc' dir='ltr'>δι</span> <span class='ocrx_word' id='word_1_1575' title='bbox 1606 2598 1842 2629; x_wconf 86' lang='lat' dir='ltr'>medicamentum</span> <span class='ocrx_word' id='word_1_1576' title='bbox 1862 2598 1908 2626; x_wconf 85' lang='lat' dir='ltr'>est.</span> <span class='ocrx_word' id='word_1_1577' title='bbox 1939 2596 2014 2625; x_wconf 81' lang='lat' dir='ltr'>conf.</span> <span class='ocrx_word' id='word_1_1578' title='bbox 2038 2605 2080 2633; x_wconf 89' lang='lat'>31.</span> <span class='ocrx_word' id='word_1_1579' title='bbox 2095 2605 2120 2634; x_wconf 93' lang='lat'>7.</span> <span class='ocrx_word' id='word_1_1580' title='bbox 2160 2595 2277 2625; x_wconf 60' lang='lat' dir='ltr'>Budaeus</span> <span class='ocrx_word' id='word_1_1581' title='bbox 2291 2617 2298 2629; x_wconf 90' lang='lat'>,</span> <span class='ocrx_word' id='word_1_1582' title='bbox 2325 2596 2452 2633; x_wconf 82' lang='lat' dir='ltr'>Acopos,</span> <span class='ocrx_word' id='word_1_1583' title='bbox 2478 2596 2593 2625; x_wconf 73' lang='lat' dir='ltr'>minime</span> 
     </span>
     <span class='ocr_line' id='line_1_170' title="bbox 1496 2632 2590 2700; baseline 0 -37"><span class='ocrx_word' id='word_1_1584' title='bbox 1496 2633 1741 2700; x_wconf 53' lang='lat' dir='ltr'>{agumfignificat</span> <span class='ocrx_word' id='word_1_1585' title='bbox 1788 2634 1922 2667; x_wconf 85' lang='lat' dir='ltr'>Pecuiiari</span> <span class='ocrx_word' id='word_1_1586' title='bbox 1944 2634 2035 2672; x_wconf 80' lang='lat' dir='ltr'>capite</span> <span class='ocrx_word' id='word_1_1587' title='bbox 2052 2634 2087 2663; x_wconf 90' lang='lat' dir='ltr'>de</span> <span class='ocrx_word' id='word_1_1588' title='bbox 2112 2633 2154 2663; x_wconf 87' lang='lat' dir='ltr'>his</span> <span class='ocrx_word' id='word_1_1589' title='bbox 2170 2633 2226 2670; x_wconf 85' lang='lat' dir='ltr'>agit</span> <span class='ocrx_word' id='word_1_1590' title='bbox 2247 2632 2358 2670; x_wconf 87' lang='lat' dir='ltr'>Celsus,</span> <span class='ocrx_word' id='word_1_1591' title='bbox 2387 2633 2464 2671; x_wconf 86' lang='lat' dir='ltr'>quod</span> <span class='ocrx_word' id='word_1_1592' title='bbox 2483 2633 2521 2667; x_wconf 86' lang='lat' dir='ltr'>est</span> <span class='ocrx_word' id='word_1_1593' title='bbox 2542 2643 2590 2670; x_wconf 73' lang='lat'>24.</span> 
     </span>
     <span class='ocr_line' id='line_1_171' title="bbox 1507 2683 1601 2707; baseline 0.011 -7"><span class='ocrx_word' id='word_1_1594' title='bbox 1507 2683 1514 2700; x_wconf 91' lang='grc'>1</span> <span class='ocrx_word' id='word_1_1595' title='bbox 1537 2683 1559 2701; x_wconf 88' lang='grc'>11</span> <span class='ocrx_word' id='word_1_1596' title='bbox 1578 2683 1601 2707; x_wconf 82' lang='grc' dir='ltr'>ς.</span> 
     </span>
    </p>

    <p class='ocr_par' dir='ltr' id='par_1_70' title="bbox 1440 2709 1729 2746">
     <span class='ocr_line' id='line_1_172' title="bbox 1440 2709 1729 2746; baseline 0.003 -7"><span class='ocrx_word' id='word_1_1597' title='bbox 1440 2709 1558 2746; x_wconf 60' lang='lat' dir='ltr'>Acon,</span> <span class='ocrx_word' id='word_1_1598' title='bbox 1579 2709 1610 2739; x_wconf 89' lang='lat' dir='ltr'>V.</span> <span class='ocrx_word' id='word_1_1599' title='bbox 1628 2720 1729 2741; x_wconf 64' lang='lat' dir='ltr'>Acro.</span> 
     </span>
    </p>

    <p class='ocr_par' dir='ltr' id='par_1_71' title="bbox 1440 2744 2592 2861">
     <span class='ocr_line' id='line_1_173' title="bbox 1440 2744 2592 2785; baseline -0.001 -9"><span class='ocrx_word' id='word_1_1600' title='bbox 1440 2748 1461 2777; x_wconf 82' lang='lat' dir='ltr'>A</span> <span class='ocrx_word' id='word_1_1601' title='bbox 1472 2757 1536 2776; x_wconf 80' lang='lat' dir='ltr'>COR</span> <span class='ocrx_word' id='word_1_1602' title='bbox 1547 2757 1612 2783; x_wconf 83' lang='lat' dir='ltr'>NA,</span> <span class='ocrx_word' id='word_1_1603' title='bbox 1638 2758 1667 2776; x_wconf 60' lang='grc' dir='ltr'>ξε.</span> <span class='ocrx_word' id='word_1_1604' title='bbox 1692 2746 1802 2785; x_wconf 56' lang='lat' dir='ltr'>[Enopiae</span> <span class='ocrx_word' id='word_1_1605' title='bbox 1818 2747 1834 2783; x_wconf 89' lang='lat'>]</span> <span class='ocrx_word' id='word_1_1606' title='bbox 1854 2746 1947 2776; x_wconf 89' lang='lat' dir='ltr'>Herba</span> <span class='ocrx_word' id='word_1_1607' title='bbox 1962 2747 2002 2775; x_wconf 89' lang='lat' dir='ltr'>est</span> <span class='ocrx_word' id='word_1_1608' title='bbox 2019 2756 2054 2777; x_wconf 85' lang='lat' dir='ltr'>ex</span> <span class='ocrx_word' id='word_1_1609' title='bbox 2077 2755 2178 2782; x_wconf 80' lang='lat' dir='ltr'>genere</span> <span class='ocrx_word' id='word_1_1610' title='bbox 2190 2744 2376 2777; x_wconf 84' lang='lat' dir='ltr'>aculeatarum</span> <span class='ocrx_word' id='word_1_1611' title='bbox 2387 2766 2395 2780; x_wconf 90' lang='lat'>,</span> <span class='ocrx_word' id='word_1_1612' title='bbox 2417 2744 2523 2783; x_wconf 84' lang='lat' dir='ltr'>spinam</span> <span class='ocrx_word' id='word_1_1613' title='bbox 2544 2745 2592 2775; x_wconf 85' lang='lat' dir='ltr'>ha-</span> 
     </span>
     <span class='ocr_line' id='line_1_174' title="bbox 1478 2783 2591 2822; baseline -0.001 -9"><span class='ocrx_word' id='word_1_1614' title='bbox 1478 2784 1545 2813; x_wconf 88' lang='lat' dir='ltr'>bens</span> <span class='ocrx_word' id='word_1_1615' title='bbox 1564 2795 1614 2822; x_wconf 90' lang='lat' dir='ltr'>pro</span> <span class='ocrx_word' id='word_1_1616' title='bbox 1630 2785 1713 2820; x_wconf 89' lang='lat' dir='ltr'>folio,</span> <span class='ocrx_word' id='word_1_1617' title='bbox 1746 2784 1894 2815; x_wconf 86' lang='lat' dir='ltr'>vernaculo</span> <span class='ocrx_word' id='word_1_1618' title='bbox 1914 2785 2001 2815; x_wconf 90' lang='lat' dir='ltr'>Cnico</span> <span class='ocrx_word' id='word_1_1619' title='bbox 2020 2784 2128 2819; x_wconf 85' lang='lat' dir='ltr'>similis,</span> <span class='ocrx_word' id='word_1_1620' title='bbox 2159 2783 2252 2812; x_wconf 86' lang='lat' dir='ltr'>colore</span> <span class='ocrx_word' id='word_1_1621' title='bbox 2269 2790 2363 2812; x_wconf 82' lang='lat' dir='ltr'>tamen</span> <span class='ocrx_word' id='word_1_1622' title='bbox 2378 2783 2458 2819; x_wconf 88' lang='lat' dir='ltr'>rufo,</span> <span class='ocrx_word' id='word_1_1623' title='bbox 2477 2783 2591 2817; x_wconf 84' lang='lat' dir='ltr'>succum</span> 
     </span>
     <span class='ocr_line' id='line_1_175' title="bbox 1476 2821 2332 2861; baseline 0 -10"><span class='ocrx_word' id='word_1_1624' title='bbox 1476 2823 1609 2860; x_wconf 78' lang='lat' dir='ltr'>pinguem</span> <span class='ocrx_word' id='word_1_1625' title='bbox 1624 2824 1649 2852; x_wconf 69' lang='lat' dir='ltr'>Sc</span> <span class='ocrx_word' id='word_1_1626' title='bbox 1666 2823 1844 2861; x_wconf 77' lang='lat' dir='ltr'>sanguineum</span> <span class='ocrx_word' id='word_1_1627' title='bbox 1858 2822 1986 2851; x_wconf 86' lang='lat' dir='ltr'>fundens.</span> <span class='ocrx_word' id='word_1_1628' title='bbox 2009 2822 2077 2851; x_wconf 88' lang='lat' dir='ltr'>Plin.</span> <span class='ocrx_word' id='word_1_1629' title='bbox 2098 2821 2146 2850; x_wconf 91' lang='lat' dir='ltr'>lib.</span> <span class='ocrx_word' id='word_1_1630' title='bbox 2157 2831 2201 2850; x_wconf 86' lang='lat'>21.</span> <span class='ocrx_word' id='word_1_1631' title='bbox 2214 2831 2273 2858; x_wconf 83' lang='lat' dir='ltr'>cap.</span> <span class='ocrx_word' id='word_1_1632' title='bbox 2291 2824 2332 2851; x_wconf 75' lang='grc'>16,</span> 
     </span>
    </p>

    <p class='ocr_par' dir='ltr' id='par_1_72' title="bbox 1438 2857 2590 3124">
     <span class='ocr_line' id='line_1_176' title="bbox 1438 2857 2586 2898; baseline -0.001 -10"><span class='ocrx_word' id='word_1_1633' title='bbox 1438 2859 1607 2896; x_wconf 73' lang='lat' dir='ltr'>Aconum,</span> <span class='ocrx_word' id='word_1_1634' title='bbox 1629 2861 1747 2898; x_wconf 56' lang='lat' dir='ltr'>[bangor]</span> <span class='ocrx_word' id='word_1_1635' title='bbox 1769 2859 1896 2889; x_wconf 88' lang='lat' dir='ltr'>describit</span> <span class='ocrx_word' id='word_1_1636' title='bbox 1914 2859 2002 2888; x_wconf 91' lang='lat' dir='ltr'>Diosc.</span> <span class='ocrx_word' id='word_1_1637' title='bbox 2022 2859 2070 2891; x_wconf 68' lang='lat' dir='ltr'>lib.</span> <span class='ocrx_word' id='word_1_1638' title='bbox 2085 2869 2177 2896; x_wconf 57' lang='lat' dir='ltr'>neap.</span> <span class='ocrx_word' id='word_1_1639' title='bbox 2190 2869 2215 2888; x_wconf 85' lang='lat'>2.</span> <span class='ocrx_word' id='word_1_1640' title='bbox 2244 2858 2312 2888; x_wconf 81' lang='lat' dir='ltr'>Plin.</span> <span class='ocrx_word' id='word_1_1641' title='bbox 2333 2857 2381 2888; x_wconf 92' lang='lat' dir='ltr'>lib.</span> <span class='ocrx_word' id='word_1_1642' title='bbox 2403 2868 2448 2894; x_wconf 75' lang='lat'>25.</span> <span class='ocrx_word' id='word_1_1643' title='bbox 2469 2868 2529 2897; x_wconf 91' lang='lat' dir='ltr'>cap.</span> <span class='ocrx_word' id='word_1_1644' title='bbox 2545 2868 2586 2896; x_wconf 83' lang='lat'>¹3-</span> 
     </span>
     <span class='ocr_line' id='line_1_177' title="bbox 1477 2896 2590 2934; baseline -0.001 -8"><span class='ocrx_word' id='word_1_1645' title='bbox 1477 2897 1511 2927; x_wconf 88' lang='lat' dir='ltr'>Et</span> <span class='ocrx_word' id='word_1_1646' title='bbox 1526 2902 1569 2927; x_wconf 86' lang='lat'>26.</span> <span class='ocrx_word' id='word_1_1647' title='bbox 1584 2909 1607 2934; x_wconf 82' lang='lat'>5.</span> <span class='ocrx_word' id='word_1_1648' title='bbox 1633 2898 1813 2933; x_wconf 82' lang='lat' dir='ltr'>Hermolaus,</span> <span class='ocrx_word' id='word_1_1649' title='bbox 1830 2897 1972 2932; x_wconf 83' lang='lat' dir='ltr'>Ruellius,</span> <span class='ocrx_word' id='word_1_1650' title='bbox 1997 2898 2022 2926; x_wconf 68' lang='grc' dir='ltr'>δι</span> <span class='ocrx_word' id='word_1_1651' title='bbox 2045 2897 2090 2925; x_wconf 88' lang='lat' dir='ltr'>alii</span> <span class='ocrx_word' id='word_1_1652' title='bbox 2113 2896 2202 2926; x_wconf 89' lang='lat' dir='ltr'>multi.</span> <span class='ocrx_word' id='word_1_1653' title='bbox 2262 2896 2339 2932; x_wconf 85' lang='lat' dir='ltr'>Quid</span> <span class='ocrx_word' id='word_1_1654' title='bbox 2356 2902 2449 2925; x_wconf 89' lang='lat' dir='ltr'>autern</span> <span class='ocrx_word' id='word_1_1655' title='bbox 2468 2896 2500 2925; x_wconf 92' lang='lat' dir='ltr'>sit</span> <span class='ocrx_word' id='word_1_1656' title='bbox 2520 2896 2590 2925; x_wconf 85' lang='lat' dir='ltr'>Aco-</span> 
     </span>
     <span class='ocr_line' id='line_1_178' title="bbox 1476 2933 2589 2970; baseline 0.001 -7"><span class='ocrx_word' id='word_1_1657' title='bbox 1476 2946 1538 2970; x_wconf 88' lang='lat' dir='ltr'>rus,</span> <span class='ocrx_word' id='word_1_1658' title='bbox 1556 2936 1601 2964; x_wconf 83' lang='lat' dir='ltr'>seu</span> <span class='ocrx_word' id='word_1_1659' title='bbox 1622 2937 1740 2967; x_wconf 83' lang='lat' dir='ltr'>Acorum</span> <span class='ocrx_word' id='word_1_1660' title='bbox 1755 2958 1765 2970; x_wconf 74' lang='lat'>.,</span> <span class='ocrx_word' id='word_1_1661' title='bbox 1787 2945 1844 2964; x_wconf 90' lang='lat' dir='ltr'>non</span> <span class='ocrx_word' id='word_1_1662' title='bbox 1864 2935 1925 2964; x_wconf 86' lang='lat' dir='ltr'>satis</span> <span class='ocrx_word' id='word_1_1663' title='bbox 1943 2942 2047 2966; x_wconf 85' lang='lat' dir='ltr'>norunt</span> <span class='ocrx_word' id='word_1_1664' title='bbox 2067 2935 2243 2964; x_wconf 80' lang='lat' dir='ltr'>recentiores,</span> <span class='ocrx_word' id='word_1_1665' title='bbox 2284 2934 2341 2969; x_wconf 62' lang='lat' dir='ltr'>Ego</span> <span class='ocrx_word' id='word_1_1666' title='bbox 2362 2934 2421 2970; x_wconf 59' lang='lat' dir='ltr'>(ait</span> <span class='ocrx_word' id='word_1_1667' title='bbox 2437 2933 2589 2964; x_wconf 71' lang='lat' dir='ltr'>Manardue</span> 
     </span>
     <span class='ocr_line' id='line_1_179' title="bbox 1475 2963 2588 3010; baseline 0 -9"><span class='ocrx_word' id='word_1_1668' title='bbox 1475 2973 1522 3002; x_wconf 91' lang='lat' dir='ltr'>lib.</span> <span class='ocrx_word' id='word_1_1669' title='bbox 1544 2974 1594 3008; x_wconf 85' lang='lat'>6.)</span> <span class='ocrx_word' id='word_1_1670' title='bbox 1615 2974 1722 3010; x_wconf 88' lang='lat' dir='ltr'>quoties</span> <span class='ocrx_word' id='word_1_1671' title='bbox 1746 2983 1828 3005; x_wconf 86' lang='lat' dir='ltr'>acoro</span> <span class='ocrx_word' id='word_1_1672' title='bbox 1852 2983 1921 3010; x_wconf 92' lang='lat' dir='ltr'>opus</span> <span class='ocrx_word' id='word_1_1673' title='bbox 1941 2973 1993 3007; x_wconf 85' lang='lat' dir='ltr'>est,</span> <span class='ocrx_word' id='word_1_1674' title='bbox 2012 2982 2071 3000; x_wconf 90' lang='lat' dir='ltr'>non</span> <span class='ocrx_word' id='word_1_1675' title='bbox 2086 2972 2188 3008; x_wconf 74' lang='lat' dir='ltr'>vulgari</span> <span class='ocrx_word' id='word_1_1676' title='bbox 2210 2972 2257 3000; x_wconf 84' lang='lat' dir='ltr'>illa</span> <span class='ocrx_word' id='word_1_1677' title='bbox 2271 2963 2382 3006; x_wconf 84' lang='lat' dir='ltr'>radice,</span> <span class='ocrx_word' id='word_1_1678' title='bbox 2415 2973 2441 3001; x_wconf 70' lang='grc' dir='ltr'>δε</span> <span class='ocrx_word' id='word_1_1679' title='bbox 2458 2972 2588 3007; x_wconf 86' lang='lat' dir='ltr'>injucun-</span> 
     </span>
     <span class='ocr_line' id='line_1_180' title="bbox 1474 3008 2586 3046; baseline -0.001 -7"><span class='ocrx_word' id='word_1_1680' title='bbox 1474 3011 1502 3041; x_wconf 91' lang='lat' dir='ltr'>di</span> <span class='ocrx_word' id='word_1_1681' title='bbox 1523 3011 1633 3046; x_wconf 87' lang='lat' dir='ltr'>odoris,</span> <span class='ocrx_word' id='word_1_1682' title='bbox 1660 3011 1706 3041; x_wconf 88' lang='lat' dir='ltr'>sed</span> <span class='ocrx_word' id='word_1_1683' title='bbox 1718 3018 1816 3041; x_wconf 79' lang='lat' dir='ltr'>vocato</span> <span class='ocrx_word' id='word_1_1684' title='bbox 1837 3010 1986 3039; x_wconf 84' lang='lat' dir='ltr'>aromatico</span> <span class='ocrx_word' id='word_1_1685' title='bbox 2007 3009 2112 3038; x_wconf 88' lang='lat' dir='ltr'>calamo</span> <span class='ocrx_word' id='word_1_1686' title='bbox 2133 3010 2173 3038; x_wconf 87' lang='lat' dir='ltr'>uti</span> <span class='ocrx_word' id='word_1_1687' title='bbox 2189 3008 2328 3041; x_wconf 87' lang='lat' dir='ltr'>consuevi.</span> <span class='ocrx_word' id='word_1_1688' title='bbox 2366 3009 2501 3038; x_wconf 86' lang='lat' dir='ltr'>Antonius</span> <span class='ocrx_word' id='word_1_1689' title='bbox 2519 3019 2586 3039; x_wconf 85' lang='lat' dir='ltr'>vero</span> 
     </span>
     <span class='ocr_line' id='line_1_181' title="bbox 1473 3046 2587 3086; baseline -0.002 -8"><span class='ocrx_word' id='word_1_1690' title='bbox 1473 3048 1552 3078; x_wconf 78' lang='lat' dir='ltr'>Musa</span> <span class='ocrx_word' id='word_1_1691' title='bbox 1565 3071 1572 3083; x_wconf 93' lang='lat'>,</span> <span class='ocrx_word' id='word_1_1692' title='bbox 1591 3049 1698 3085; x_wconf 84' lang='lat' dir='ltr'>Quam,</span> <span class='ocrx_word' id='word_1_1693' title='bbox 1716 3049 1823 3086; x_wconf 89' lang='lat' dir='ltr'>inquit,</span> <span class='ocrx_word' id='word_1_1694' title='bbox 1853 3047 1994 3085; x_wconf 79' lang='lat' dir='ltr'>galangam</span> <span class='ocrx_word' id='word_1_1695' title='bbox 2013 3057 2047 3086; x_wconf 79' lang='lat' dir='ltr'>ap</span> <span class='ocrx_word' id='word_1_1696' title='bbox 2070 3046 2174 3082; x_wconf 82' lang='lat' dir='ltr'>ellatis,</span> <span class='ocrx_word' id='word_1_1697' title='bbox 2199 3057 2279 3076; x_wconf 86' lang='lat' dir='ltr'>verus</span> <span class='ocrx_word' id='word_1_1698' title='bbox 2300 3046 2468 3076; x_wconf 85' lang='lat' dir='ltr'>Dioscoridis</span> <span class='ocrx_word' id='word_1_1699' title='bbox 2489 3056 2587 3077; x_wconf 76' lang='lat' dir='ltr'>acorus</span> 
     </span>
     <span class='ocr_line' id='line_1_182' title="bbox 1470 3057 2583 3124; baseline -0.001 -9"><span class='ocrx_word' id='word_1_1700' title='bbox 1470 3087 1525 3115; x_wconf 85' lang='lat' dir='ltr'>est:</span> <span class='ocrx_word' id='word_1_1701' title='bbox 1556 3087 1630 3124; x_wconf 86' lang='lat' dir='ltr'>quod</span> <span class='ocrx_word' id='word_1_1702' title='bbox 1650 3087 1719 3124; x_wconf 77' lang='lat' dir='ltr'>saepe</span> <span class='ocrx_word' id='word_1_1703' title='bbox 1744 3087 1776 3116; x_wconf 84' lang='lat' dir='ltr'>ab</span> <span class='ocrx_word' id='word_1_1704' title='bbox 1797 3085 2026 3115; x_wconf 77' lang='lat' dir='ltr'>excellentissimo</span> <span class='ocrx_word' id='word_1_1705' title='bbox 2046 3057 2204 3114; x_wconf 59' lang='lat' dir='ltr'>Eeoniceno</span> <span class='ocrx_word' id='word_1_1706' title='bbox 2225 3085 2331 3113; x_wconf 74' lang='lat' dir='ltr'>dictum</span> <span class='ocrx_word' id='word_1_1707' title='bbox 2349 3085 2474 3116; x_wconf 89' lang='lat' dir='ltr'>memini.</span> <span class='ocrx_word' id='word_1_1708' title='bbox 2523 3085 2583 3118; x_wconf 76' lang='lat' dir='ltr'>vid,</span> 
     </span>
    </p>
   </div>
   <div class='ocr_carea' id='block_1_24' title="bbox 1474 3122 2058 3162">
    <p class='ocr_par' dir='ltr' id='par_1_73' title="bbox 1474 3122 2058 3162">
     <span class='ocr_line' id='line_1_183' title="bbox 1474 3122 2058 3162; baseline -0.003 -9"><span class='ocrx_word' id='word_1_1709' title='bbox 1474 3124 1541 3153; x_wconf 85' lang='lat' dir='ltr'>Cels.</span> <span class='ocrx_word' id='word_1_1710' title='bbox 1560 3133 1621 3160; x_wconf 89' lang='lat'>321.</span> <span class='ocrx_word' id='word_1_1711' title='bbox 1644 3124 1722 3162; x_wconf 83' lang='lat' dir='ltr'>Apul.</span> <span class='ocrx_word' id='word_1_1712' title='bbox 1733 3125 1767 3153; x_wconf 88' lang='lat' dir='ltr'>de</span> <span class='ocrx_word' id='word_1_1713' title='bbox 1778 3122 1861 3153; x_wconf 90' lang='lat' dir='ltr'>Herb.</span> <span class='ocrx_word' id='word_1_1714' title='bbox 1873 3133 1932 3160; x_wconf 86' lang='lat' dir='ltr'>cap.</span> <span class='ocrx_word' id='word_1_1715' title='bbox 1945 3126 1970 3151; x_wconf 92' lang='lat'>6.</span> <span class='ocrx_word' id='word_1_1716' title='bbox 1981 3124 2058 3157; x_wconf 67' lang='grc'>8188.</span> 
     </span>
    </p>
   </div>
   <div class='ocr_carea' id='block_1_25' title="bbox 1432 3159 2584 3198">
    <p class='ocr_par' dir='ltr' id='par_1_74' title="bbox 1432 3159 2584 3198">
     <span class='ocr_line' id='line_1_184' title="bbox 1432 3159 2584 3198; baseline -0.003 -5"><span class='ocrx_word' id='word_1_1717' title='bbox 1432 3163 1524 3193; x_wconf 83' lang='lat' dir='ltr'>Acos</span> <span class='ocrx_word' id='word_1_1718' title='bbox 1534 3172 1597 3192; x_wconf 64' lang='lat' dir='ltr'>Min</span> <span class='ocrx_word' id='word_1_1719' title='bbox 1607 3184 1615 3197; x_wconf 87' lang='lat'>,</span> <span class='ocrx_word' id='word_1_1720' title='bbox 1639 3172 1668 3191; x_wconf 73' lang='lat' dir='ltr'>ae.</span> <span class='ocrx_word' id='word_1_1721' title='bbox 1694 3164 1708 3198; x_wconf 91' lang='lat'>[</span> <span class='ocrx_word' id='word_1_1722' title='bbox 1722 3160 1832 3196; x_wconf 60' lang='grc' dir='ltr'>ἀκοσμία</span> <span class='ocrx_word' id='word_1_1723' title='bbox 1844 3161 1856 3196; x_wconf 95' lang='grc'>]</span> <span class='ocrx_word' id='word_1_1724' title='bbox 1878 3160 1981 3190; x_wconf 88' lang='lat' dir='ltr'>Rerum</span> <span class='ocrx_word' id='word_1_1725' title='bbox 2000 3160 2142 3197; x_wconf 77' lang='lat' dir='ltr'>congeries</span> <span class='ocrx_word' id='word_1_1726' title='bbox 2152 3159 2298 3196; x_wconf 64' lang='lat' dir='ltr'>indigesta,</span> <span class='ocrx_word' id='word_1_1727' title='bbox 2319 3159 2440 3195; x_wconf 78' lang='lat' dir='ltr'>confusa,</span> <span class='ocrx_word' id='word_1_1728' title='bbox 2452 3162 2478 3190; x_wconf 59' lang='lat' dir='ltr'>S&lt;</span> <span class='ocrx_word' id='word_1_1729' title='bbox 2488 3161 2584 3190; x_wconf 68' lang='lat' dir='ltr'>incon.</span> 
     </span>
    </p>
   </div>
   <div class='ocr_carea' id='block_1_26' title="bbox 1469 3197 2584 3240">
    <p class='ocr_par' dir='ltr' id='par_1_75' title="bbox 1469 3197 2584 3240">
     <span class='ocr_line' id='line_1_185' title="bbox 1469 3197 2584 3240; baseline 0 -12"><span class='ocrx_word' id='word_1_1730' title='bbox 1469 3200 1534 3229; x_wconf 86' lang='lat' dir='ltr'>dita.</span> <span class='ocrx_word' id='word_1_1731' title='bbox 1584 3199 1707 3229; x_wconf 82' lang='lat' dir='ltr'>Acofinia</span> <span class='ocrx_word' id='word_1_1732' title='bbox 1731 3200 1813 3230; x_wconf 82' lang='lat' dir='ltr'>etiam</span> <span class='ocrx_word' id='word_1_1733' title='bbox 1827 3198 1955 3227; x_wconf 84' lang='lat' dir='ltr'>Dedecus</span> <span class='ocrx_word' id='word_1_1734' title='bbox 1977 3200 2003 3227; x_wconf 60' lang='grc' dir='ltr'>ἃ</span> <span class='ocrx_word' id='word_1_1735' title='bbox 2022 3198 2187 3234; x_wconf 69' lang='lat' dir='ltr'>indignitas,</span> <span class='ocrx_word' id='word_1_1736' title='bbox 2215 3200 2240 3228; x_wconf 66' lang='grc' dir='ltr'>δι</span> <span class='ocrx_word' id='word_1_1737' title='bbox 2256 3198 2336 3227; x_wconf 77' lang='lat' dir='ltr'>status</span> <span class='ocrx_word' id='word_1_1738' title='bbox 2356 3197 2461 3240; x_wconf 67' lang='lat' dir='ltr'>publici</span> <span class='ocrx_word' id='word_1_1739' title='bbox 2479 3206 2584 3236; x_wconf 84' lang='lat' dir='ltr'>pertur-</span> 
     </span>
    </p>
   </div>
   <div class='ocr_carea' id='block_1_27' title="bbox 1424 3235 2584 3315">
    <p class='ocr_par' dir='ltr' id='par_1_76' title="bbox 1422 3235 2584 3315">
     <span class='ocr_line' id='line_1_186' title="bbox 1471 3235 2580 3275; baseline -0.001 -9.042"><span class='ocrx_word' id='word_1_1740' title='bbox 1471 3237 1544 3266; x_wconf 82' lang='lat' dir='ltr'>batio</span> <span class='ocrx_word' id='word_1_1741' title='bbox 1556 3260 1563 3273; x_wconf 90' lang='lat'>,</span> <span class='ocrx_word' id='word_1_1742' title='bbox 1585 3247 1670 3275; x_wconf 86' lang='lat' dir='ltr'>quum</span> <span class='ocrx_word' id='word_1_1743' title='bbox 1687 3237 1836 3273; x_wconf 90' lang='lat' dir='ltr'>unicuique</span> <span class='ocrx_word' id='word_1_1744' title='bbox 1856 3236 1945 3264; x_wconf 86' lang='lat' dir='ltr'>ordini</span> <span class='ocrx_word' id='word_1_1745' title='bbox 1969 3235 2020 3265; x_wconf 64' lang='lat' dir='ltr'>suae</span> <span class='ocrx_word' id='word_1_1746' title='bbox 2041 3237 2113 3264; x_wconf 85' lang='lat' dir='ltr'>vices</span> <span class='ocrx_word' id='word_1_1747' title='bbox 2131 3235 2230 3273; x_wconf 79' lang='lat' dir='ltr'>suaque</span> <span class='ocrx_word' id='word_1_1748' title='bbox 2242 3235 2360 3272; x_wconf 81' lang='lat' dir='ltr'>dignitas</span> <span class='ocrx_word' id='word_1_1749' title='bbox 2376 3245 2433 3264; x_wconf 89' lang='lat' dir='ltr'>non</span> <span class='ocrx_word' id='word_1_1750' title='bbox 2446 3236 2580 3265; x_wconf 82' lang='lat' dir='ltr'>constant.</span> 
     </span>
     <span class='ocr_line' id='line_1_187' title="bbox 1424 3272 2584 3315; baseline -0.003 -11"><span class='ocrx_word' id='word_1_1751' title='bbox 1424 3276 1452 3289; x_wconf 41' lang='grc' dir='ltr'>’Μ</span> <span class='ocrx_word' id='word_1_1752' title='bbox 1469 3276 1534 3312; x_wconf 84' lang='lat' dir='ltr'>Quo</span> <span class='ocrx_word' id='word_1_1753' title='bbox 1552 3275 1636 3304; x_wconf 88' lang='lat' dir='ltr'>verbo</span> <span class='ocrx_word' id='word_1_1754' title='bbox 1655 3274 1813 3305; x_wconf 82' lang='lat' dir='ltr'>Plutarchus</span> <span class='ocrx_word' id='word_1_1755' title='bbox 1829 3274 1926 3302; x_wconf 86' lang='lat' dir='ltr'>statum</span> <span class='ocrx_word' id='word_1_1756' title='bbox 1946 3273 2117 3313; x_wconf 59' lang='lat' dir='ltr'>Reipublicae</span> <span class='ocrx_word' id='word_1_1757' title='bbox 2142 3280 2267 3311; x_wconf 86' lang='lat' dir='ltr'>tempore</span> <span class='ocrx_word' id='word_1_1758' title='bbox 2284 3272 2350 3304; x_wconf 83' lang='lat' dir='ltr'>belli</span> <span class='ocrx_word' id='word_1_1759' title='bbox 2369 3273 2463 3304; x_wconf 82' lang='lat' dir='ltr'>Civilis</span> <span class='ocrx_word' id='word_1_1760' title='bbox 2489 3273 2584 3315; x_wconf 80' lang='lat' dir='ltr'>appel-</span> 
     </span>
    </p>
   </div>
   <div class='ocr_carea' id='block_1_28' title="bbox 1464 3312 1687 3342">
    <p class='ocr_par' dir='ltr' id='par_1_77' title="bbox 1464 3312 1687 3342">
     <span class='ocr_line' id='line_1_188' title="bbox 1464 3312 1687 3342; baseline -0.004 0"><span class='ocrx_word' id='word_1_1761' title='bbox 1464 3312 1538 3342; x_wconf 87' lang='lat' dir='ltr'>lavit.</span> <span class='ocrx_word' id='word_1_1762' title='bbox 1562 3313 1687 3342; x_wconf 69' lang='lat' dir='ltr'>Budaeus.</span> 
     </span>
    </p>
   </div>
   <div class='ocr_carea' id='block_1_29' title="bbox 1432 3347 2579 3387">
    <p class='ocr_par' dir='ltr' id='par_1_78' title="bbox 1432 3347 2579 3387">
     <span class='ocr_line' id='line_1_189' title="bbox 1432 3347 2579 3387; baseline -0.002 -8"><span class='ocrx_word' id='word_1_1763' title='bbox 1432 3351 1450 3379; x_wconf 81' lang='lat' dir='ltr'><strong>A</strong></span> <span class='ocrx_word' id='word_1_1764' title='bbox 1459 3360 1475 3380; x_wconf 85' lang='lat' dir='ltr'>c</span> <span class='ocrx_word' id='word_1_1765' title='bbox 1484 3361 1500 3379; x_wconf 94' lang='lat' dir='ltr'>o</span> <span class='ocrx_word' id='word_1_1766' title='bbox 1509 3361 1520 3380; x_wconf 91' lang='lat' dir='ltr'>s</span> <span class='ocrx_word' id='word_1_1767' title='bbox 1527 3362 1550 3381; x_wconf 76' lang='lat' dir='ltr'><strong>M</strong></span> <span class='ocrx_word' id='word_1_1768' title='bbox 1559 3361 1576 3380; x_wconf 82' lang='lat' dir='ltr'>u</span> <span class='ocrx_word' id='word_1_1769' title='bbox 1585 3361 1596 3380; x_wconf 88' lang='lat' dir='ltr'>s</span> <span class='ocrx_word' id='word_1_1770' title='bbox 1606 3372 1614 3387; x_wconf 89' lang='lat'>,</span> <span class='ocrx_word' id='word_1_1771' title='bbox 1629 3351 1646 3380; x_wconf 92' lang='lat' dir='ltr'>i.</span> <span class='ocrx_word' id='word_1_1772' title='bbox 1660 3349 1825 3386; x_wconf 47' lang='grc' dir='ltr'>[ἅκσσμεῷα]</span> <span class='ocrx_word' id='word_1_1773' title='bbox 1842 3349 1986 3380; x_wconf 81' lang='lat' dir='ltr'>inornatus</span> <span class='ocrx_word' id='word_1_1774' title='bbox 1994 3371 2001 3384; x_wconf 90' lang='lat'>,</span> <span class='ocrx_word' id='word_1_1775' title='bbox 2012 3349 2181 3386; x_wconf 86' lang='lat' dir='ltr'>incomptus.</span> <span class='ocrx_word' id='word_1_1776' title='bbox 2201 3347 2310 3377; x_wconf 86' lang='lat' dir='ltr'>Lucret.</span> <span class='ocrx_word' id='word_1_1777' title='bbox 2323 3347 2408 3380; x_wconf 84' lang='lat' dir='ltr'>utitur</span> <span class='ocrx_word' id='word_1_1778' title='bbox 2426 3348 2443 3378; x_wconf 94' lang='lat' dir='ltr'>l.</span> <span class='ocrx_word' id='word_1_1779' title='bbox 2456 3359 2482 3384; x_wconf 88' lang='lat'>4.</span> <span class='ocrx_word' id='word_1_1780' title='bbox 2499 3357 2579 3385; x_wconf 82' lang='lat'>1153.</span> 
     </span>
    </p>
   </div>
   <div class='ocr_carea' id='block_1_30' title="bbox 1462 3492 2367 3608">
    <p class='ocr_par' dir='ltr' id='par_1_79' title="bbox 1462 3492 2367 3608">
     <span class='ocr_line' id='line_1_190' title="bbox 1920 3492 2151 3531; baseline -0.004 -8"><span class='ocrx_word' id='word_1_1781' title='bbox 1920 3492 2121 3529; x_wconf 55' lang='lat' dir='ltr'>&#39;twvoemiiastotc</span> <span class='ocrx_word' id='word_1_1782' title='bbox 2136 3497 2151 3531; x_wconf 89' lang='lat'><em>]</em></span> 
     </span>
     <span class='ocr_line' id='line_1_191' title="bbox 1465 3532 2367 3577; baseline -0.003 -14"><span class='ocrx_word' id='word_1_1783' title='bbox 1465 3534 1621 3577; x_wconf 78' lang='lat' dir='ltr'>Quiescere.</span> <span class='ocrx_word' id='word_1_1784' title='bbox 1660 3536 1718 3566; x_wconf 90' lang='lat' dir='ltr'>Cic.</span> <span class='ocrx_word' id='word_1_1785' title='bbox 1743 3545 1783 3572; x_wconf 86' lang='lat'>13.</span> <span class='ocrx_word' id='word_1_1786' title='bbox 1805 3536 1858 3564; x_wconf 82' lang='lat' dir='ltr'>Att.</span> <span class='ocrx_word' id='word_1_1787' title='bbox 1877 3543 1918 3571; x_wconf 86' lang='lat'>34.</span> <span class='ocrx_word' id='word_1_1788' title='bbox 1953 3534 2063 3563; x_wconf 83' lang='lat' dir='ltr'>Vita-udi</span> <span class='ocrx_word' id='word_1_1789' title='bbox 2087 3533 2185 3563; x_wconf 84' lang='lat' dir='ltr'>caloris</span> <span class='ocrx_word' id='word_1_1790' title='bbox 2207 3532 2284 3563; x_wconf 73' lang='lat' dir='ltr'>caula</span> <span class='ocrx_word' id='word_1_1791' title='bbox 2298 3532 2367 3561; x_wconf 83' lang='lat' dir='ltr'>Lam</span> 
     </span>
     <span class='ocr_line' id='line_1_192' title="bbox 1462 3581 1660 3608; baseline 0.015 -8"><span class='ocrx_word' id='word_1_1792' title='bbox 1462 3581 1660 3608; x_wconf 84' lang='lat' dir='ltr'>acquieveram.</span> 
     </span>
    </p>
   </div>
   <div class='ocr_carea' id='block_1_31' title="bbox 2179 3494 2578 3571">
    <p class='ocr_par' dir='ltr' id='par_1_80' title="bbox 2179 3494 2578 3571">
     <span class='ocr_line' id='line_1_193' title="bbox 2179 3494 2577 3531; baseline -0.005 -7"><span class='ocrx_word' id='word_1_1793' title='bbox 2179 3496 2232 3524; x_wconf 74' lang='lat' dir='ltr'>ere.</span> <span class='ocrx_word' id='word_1_1794' title='bbox 2254 3494 2304 3523; x_wconf 78' lang='lat' dir='ltr'>Pro</span> <span class='ocrx_word' id='word_1_1795' title='bbox 2320 3494 2388 3528; x_wconf 70' lang='lat' dir='ltr'>finiri</span> <span class='ocrx_word' id='word_1_1796' title='bbox 2402 3494 2436 3523; x_wconf 90' lang='lat' dir='ltr'>ici</span> <span class='ocrx_word' id='word_1_1797' title='bbox 2455 3494 2577 3531; x_wconf 90' lang='lat' dir='ltr'>ponitur,</span> 
     </span>
     <span class='ocr_line' id='line_1_194' title="bbox 2366 3494 2578 3571; baseline -0.005 -10"><span class='ocrx_word' id='word_1_1798' title='bbox 2366 3494 2486 3571; x_wconf 41' lang='lat' dir='ltr'>“treis</span> <span class='ocrx_word' id='word_1_1799' title='bbox 2499 3532 2578 3568; x_wconf 68' lang='lat' dir='ltr'>horas</span> 
     </span>
    </p>
   </div>
   <div class='ocr_carea' id='block_1_32' title="bbox 1465 3605 2629 3649">
    <p class='ocr_par' dir='ltr' id='par_1_81' title="bbox 1465 3605 2629 3649">
     <span class='ocr_line' id='line_1_195' title="bbox 1465 3605 2629 3649; baseline -0.002 -12"><span class='ocrx_word' id='word_1_1800' title='bbox 1465 3609 1641 3646; x_wconf 80' lang='lat' dir='ltr'>Aequiescere</span> <span class='ocrx_word' id='word_1_1801' title='bbox 1652 3621 1700 3649; x_wconf 87' lang='lat' dir='ltr'>per</span> <span class='ocrx_word' id='word_1_1802' title='bbox 1713 3609 1920 3640; x_wconf 84' lang='lat' dir='ltr'>translationem</span> <span class='ocrx_word' id='word_1_1803' title='bbox 1930 3607 2047 3638; x_wconf 88' lang='lat' dir='ltr'>dicimus</span> <span class='ocrx_word' id='word_1_1804' title='bbox 2057 3630 2064 3642; x_wconf 97' lang='lat'>,</span> <span class='ocrx_word' id='word_1_1805' title='bbox 2084 3618 2169 3645; x_wconf 87' lang='lat' dir='ltr'>quum</span> <span class='ocrx_word' id='word_1_1806' title='bbox 2179 3607 2339 3637; x_wconf 88' lang='lat' dir='ltr'>Remittitur</span> <span class='ocrx_word' id='word_1_1807' title='bbox 2355 3606 2435 3635; x_wconf 88' lang='lat' dir='ltr'>dolor</span> <span class='ocrx_word' id='word_1_1808' title='bbox 2444 3629 2452 3642; x_wconf 93' lang='lat'>,</span> <span class='ocrx_word' id='word_1_1809' title='bbox 2467 3613 2514 3635; x_wconf 90' lang='lat' dir='ltr'>aut</span> <span class='ocrx_word' id='word_1_1810' title='bbox 2526 3605 2577 3636; x_wconf 82' lang='lat' dir='ltr'>alia</span> <span class='ocrx_word' id='word_1_1811' title='bbox 2624 3633 2629 3645; x_wconf 70' lang='grc'><em>,</em></span> 
     </span>
    </p>
   </div>
   <div class='ocr_carea' id='block_1_33' title="bbox 1464 3644 2576 3869">
    <p class='ocr_par' dir='ltr' id='par_1_82' title="bbox 1481 3644 2576 3758">
     <span class='ocr_line' id='line_1_196' title="bbox 1483 3644 2576 3683; baseline -0.002 -8"><span class='ocrx_word' id='word_1_1812' title='bbox 1483 3647 1566 3676; x_wconf 82' lang='lat' dir='ltr'>animi</span> <span class='ocrx_word' id='word_1_1813' title='bbox 1585 3649 1714 3678; x_wconf 77' lang='lat' dir='ltr'>molestia.</span> <span class='ocrx_word' id='word_1_1814' title='bbox 1746 3648 1803 3676; x_wconf 88' lang='lat' dir='ltr'>Cic.</span> <span class='ocrx_word' id='word_1_1815' title='bbox 1818 3657 1840 3676; x_wconf 90' lang='lat'>1.</span> <span class='ocrx_word' id='word_1_1816' title='bbox 1855 3647 1889 3675; x_wconf 90' lang='lat' dir='ltr'>de</span> <span class='ocrx_word' id='word_1_1817' title='bbox 1899 3646 1956 3675; x_wconf 88' lang='lat' dir='ltr'>Fin.</span> <span class='ocrx_word' id='word_1_1818' title='bbox 1974 3651 2017 3678; x_wconf 79' lang='lat'>82.</span> <span class='ocrx_word' id='word_1_1819' title='bbox 2037 3646 2072 3674; x_wconf 86' lang='lat' dir='ltr'>de</span> <span class='ocrx_word' id='word_1_1820' title='bbox 2092 3646 2268 3683; x_wconf 81' lang='lat' dir='ltr'>improbitate</span> <span class='ocrx_word' id='word_1_1821' title='bbox 2286 3645 2421 3681; x_wconf 82' lang='lat' dir='ltr'>loquens.</span> <span class='ocrx_word' id='word_1_1822' title='bbox 2441 3644 2525 3676; x_wconf 83' lang='lat' dir='ltr'>Cuius</span> <span class='ocrx_word' id='word_1_1823' title='bbox 2546 3645 2576 3673; x_wconf 90' lang='lat' dir='ltr'>in</span> 
     </span>
     <span class='ocr_line' id='line_1_197' title="bbox 1481 3682 2574 3722; baseline -0.001 -10"><span class='ocrx_word' id='word_1_1824' title='bbox 1481 3685 1574 3713; x_wconf 86' lang='lat' dir='ltr'>animo</span> <span class='ocrx_word' id='word_1_1825' title='bbox 1586 3686 1721 3721; x_wconf 63' lang='lat' dir='ltr'>versatur,</span> <span class='ocrx_word' id='word_1_1826' title='bbox 1747 3693 1888 3722; x_wconf 82' lang='lat' dir='ltr'>nunquam</span> <span class='ocrx_word' id='word_1_1827' title='bbox 1907 3683 1968 3711; x_wconf 89' lang='lat' dir='ltr'>finit</span> <span class='ocrx_word' id='word_1_1828' title='bbox 1986 3693 2050 3711; x_wconf 87' lang='lat' dir='ltr'>cuin</span> <span class='ocrx_word' id='word_1_1829' title='bbox 2068 3683 2214 3720; x_wconf 83' lang='lat' dir='ltr'>respirare,</span> <span class='ocrx_word' id='word_1_1830' title='bbox 2230 3692 2371 3719; x_wconf 70' lang='lat' dir='ltr'>nunquam</span> <span class='ocrx_word' id='word_1_1831' title='bbox 2393 3682 2574 3720; x_wconf 75' lang='lat' dir='ltr'>acquiescere.</span> 
     </span>
     <span class='ocr_line' id='line_1_198' title="bbox 1483 3720 2315 3758; baseline 0 -8"><span class='ocrx_word' id='word_1_1832' title='bbox 1483 3722 1560 3750; x_wconf 78' lang='lat' dir='ltr'>Idem</span> <span class='ocrx_word' id='word_1_1833' title='bbox 1577 3733 1600 3755; x_wconf 82' lang='grc'>4.</span> <span class='ocrx_word' id='word_1_1834' title='bbox 1625 3724 1707 3753; x_wconf 75' lang='lat' dir='ltr'>Acad.</span> <span class='ocrx_word' id='word_1_1835' title='bbox 1722 3733 1766 3757; x_wconf 82' lang='lat'>25.</span> <span class='ocrx_word' id='word_1_1836' title='bbox 1783 3732 1804 3758; x_wconf 81' lang='lat'>3.</span> <span class='ocrx_word' id='word_1_1837' title='bbox 1828 3722 1923 3758; x_wconf 84' lang='lat' dir='ltr'>Quum</span> <span class='ocrx_word' id='word_1_1838' title='bbox 1933 3730 1961 3748; x_wconf 86' lang='lat' dir='ltr'>es</span> <span class='ocrx_word' id='word_1_1839' title='bbox 1973 3729 2138 3755; x_wconf 84' lang='lat' dir='ltr'>commotus,</span> <span class='ocrx_word' id='word_1_1840' title='bbox 2159 3720 2315 3758; x_wconf 83' lang='lat' dir='ltr'>acquiescis.</span> 
     </span>
    </p>

    <p class='ocr_par' dir='ltr' id='par_1_83' title="bbox 1464 3756 2574 3869">
     <span class='ocr_line' id='line_1_199' title="bbox 1464 3756 2574 3796; baseline -0.003 -9"><span class='ocrx_word' id='word_1_1841' title='bbox 1464 3759 1639 3795; x_wconf 83' lang='lat' dir='ltr'>Acquiescere</span> <span class='ocrx_word' id='word_1_1842' title='bbox 1655 3761 1683 3789; x_wconf 89' lang='lat' dir='ltr'>in</span> <span class='ocrx_word' id='word_1_1843' title='bbox 1703 3771 1731 3789; x_wconf 86' lang='lat' dir='ltr'>re</span> <span class='ocrx_word' id='word_1_1844' title='bbox 1747 3760 1836 3796; x_wconf 81' lang='lat' dir='ltr'>aliqua</span> <span class='ocrx_word' id='word_1_1845' title='bbox 1849 3781 1856 3793; x_wconf 92' lang='lat'>,</span> <span class='ocrx_word' id='word_1_1846' title='bbox 1882 3758 1973 3795; x_wconf 77' lang='lat' dir='ltr'>autin</span> <span class='ocrx_word' id='word_1_1847' title='bbox 1992 3757 2083 3794; x_wconf 79' lang='lat' dir='ltr'>aliquo</span> <span class='ocrx_word' id='word_1_1848' title='bbox 2104 3758 2217 3787; x_wconf 82' lang='lat' dir='ltr'>homine</span> <span class='ocrx_word' id='word_1_1849' title='bbox 2229 3780 2236 3793; x_wconf 95' lang='lat'>,</span> <span class='ocrx_word' id='word_1_1850' title='bbox 2265 3767 2328 3789; x_wconf 87' lang='lat' dir='ltr'>cum</span> <span class='ocrx_word' id='word_1_1851' title='bbox 2351 3757 2469 3795; x_wconf 72' lang='lat' dir='ltr'>quadam</span> <span class='ocrx_word' id='word_1_1852' title='bbox 2489 3756 2574 3787; x_wconf 85' lang='lat' dir='ltr'>animi</span> 
     </span>
     <span class='ocr_line' id='line_1_200' title="bbox 1481 3794 2574 3835; baseline -0.003 -11"><span class='ocrx_word' id='word_1_1853' title='bbox 1481 3796 1637 3833; x_wconf 76' lang='lat' dir='ltr'>voluptate,</span> <span class='ocrx_word' id='word_1_1854' title='bbox 1657 3799 1803 3835; x_wconf 85' lang='lat' dir='ltr'>quieteque</span> <span class='ocrx_word' id='word_1_1855' title='bbox 1821 3796 1963 3825; x_wconf 74' lang='lat' dir='ltr'>consistere</span> <span class='ocrx_word' id='word_1_1856' title='bbox 1980 3797 2004 3824; x_wconf 56' lang='grc' dir='ltr'>ἃ</span> <span class='ocrx_word' id='word_1_1857' title='bbox 2025 3795 2155 3827; x_wconf 61' lang='lat' dir='ltr'>oblectui</span> <span class='ocrx_word' id='word_1_1858' title='bbox 2175 3796 2204 3824; x_wconf 89' lang='lat' dir='ltr'>in</span> <span class='ocrx_word' id='word_1_1859' title='bbox 2220 3805 2247 3824; x_wconf 89' lang='lat' dir='ltr'>re</span> <span class='ocrx_word' id='word_1_1860' title='bbox 2260 3795 2358 3832; x_wconf 80' lang='lat' dir='ltr'>aliqui,</span> <span class='ocrx_word' id='word_1_1861' title='bbox 2381 3796 2408 3823; x_wconf 89' lang='lat' dir='ltr'>in</span> <span class='ocrx_word' id='word_1_1862' title='bbox 2429 3804 2481 3832; x_wconf 87' lang='lat' dir='ltr'>qua</span> <span class='ocrx_word' id='word_1_1863' title='bbox 2500 3794 2574 3831; x_wconf 85' lang='lat' dir='ltr'>prius</span> 
     </span>
     <span class='ocr_line' id='line_1_201' title="bbox 1481 3831 2573 3869; baseline -0.003 -8"><span class='ocrx_word' id='word_1_1864' title='bbox 1481 3834 1509 3861; x_wconf 88' lang='lat' dir='ltr'>iii</span> <span class='ocrx_word' id='word_1_1865' title='bbox 1527 3834 1612 3862; x_wconf 80' lang='lat' dir='ltr'>dubio</span> <span class='ocrx_word' id='word_1_1866' title='bbox 1631 3842 1677 3864; x_wconf 87' lang='lat' dir='ltr'>aut</span> <span class='ocrx_word' id='word_1_1867' title='bbox 1699 3834 1873 3863; x_wconf 65' lang='lat' dir='ltr'>solicitudine</span> <span class='ocrx_word' id='word_1_1868' title='bbox 1892 3834 1999 3861; x_wconf 78' lang='lat' dir='ltr'>animus</span> <span class='ocrx_word' id='word_1_1869' title='bbox 2014 3832 2111 3861; x_wconf 73' lang='lat' dir='ltr'>fuill‘et.</span> <span class='ocrx_word' id='word_1_1870' title='bbox 2145 3834 2201 3861; x_wconf 76' lang='lat' dir='ltr'>Cic.</span> <span class='ocrx_word' id='word_1_1871' title='bbox 2224 3843 2248 3868; x_wconf 85' lang='lat'>9.</span> <span class='ocrx_word' id='word_1_1872' title='bbox 2277 3834 2328 3863; x_wconf 72' lang='lat' dir='ltr'>Art.</span> <span class='ocrx_word' id='word_1_1873' title='bbox 2354 3843 2392 3861; x_wconf 81' lang='grc'>10.</span> <span class='ocrx_word' id='word_1_1874' title='bbox 2425 3831 2573 3869; x_wconf 75' lang='lat' dir='ltr'>Acquiesco</span> 
     </span>
    </p>
   </div>
   <div class='ocr_carea' id='block_1_34' title="bbox 1480 3869 2573 3935">
    <p class='ocr_par' dir='ltr' id='par_1_84' title="bbox 1480 3869 2573 3935">
     <span class='ocr_line' id='line_1_202' title="bbox 1480 3869 2573 3935; baseline -0.004 -35"><span class='ocrx_word' id='word_1_1875' title='bbox 1480 3872 1556 3900; x_wconf 82' lang='lat' dir='ltr'>enim</span> <span class='ocrx_word' id='word_1_1876' title='bbox 1569 3872 1688 3901; x_wconf 74' lang='lat' dir='ltr'>scribens</span> <span class='ocrx_word' id='word_1_1877' title='bbox 1703 3873 1737 3901; x_wconf 80' lang='lat' dir='ltr'>&#39;.id</span> <span class='ocrx_word' id='word_1_1878' title='bbox 1750 3882 1794 3905; x_wconf 78' lang='lat' dir='ltr'>te,</span> <span class='ocrx_word' id='word_1_1879' title='bbox 1819 3871 2012 3908; x_wconf 57' lang='lat' dir='ltr'>&amp;legemem-a.</span> <span class='ocrx_word' id='word_1_1880' title='bbox 2037 3870 2196 3906; x_wconf 76' lang='lat' dir='ltr'>Aequiesco.</span> <span class='ocrx_word' id='word_1_1881' title='bbox 2206 3871 2236 3899; x_wconf 84' lang='lat' dir='ltr'>id</span> <span class='ocrx_word' id='word_1_1882' title='bbox 2248 3870 2303 3905; x_wconf 86' lang='lat' dir='ltr'>est,</span> <span class='ocrx_word' id='word_1_1883' title='bbox 2318 3870 2458 3899; x_wconf 72' lang='lat' dir='ltr'>Oblectet.</span> <span class='ocrx_word' id='word_1_1884' title='bbox 2494 3869 2573 3935; x_wconf 63' lang='lat' dir='ltr'>lde-dm</span> 
     </span>
     <span class='ocr_line' id='line_1_203' title="bbox 2555 3915 2570 3932; baseline 0 0"><span class='ocrx_word' id='word_1_1885' title='bbox 2555 3915 2570 3932; x_wconf 74' lang='lat' dir='ltr'>C</span> 
     </span>
    </p>
   </div>
   <div class='ocr_carea' id='block_1_35' title="bbox 2287 1559 2637 1613">
    <p class='ocr_par' dir='ltr' id='par_1_85' title="bbox 2287 1559 2637 1613">
     <span class='ocr_line' id='line_1_204' title="bbox 2287 1559 2637 1613; baseline 0.003 -8"><span class='ocrx_word' id='word_1_1886' title='bbox 2287 1575 2359 1607; x_wconf 87' lang='lat' dir='ltr'>Sunt</span> <span class='ocrx_word' id='word_1_1887' title='bbox 2369 1573 2416 1612; x_wconf 90' lang='lat' dir='ltr'>qui</span> <span class='ocrx_word' id='word_1_1888' title='bbox 2427 1573 2479 1605; x_wconf 88' lang='lat' dir='ltr'>hos</span> <span class='ocrx_word' id='word_1_1889' title='bbox 2486 1574 2604 1613; x_wconf 79' lang='lat' dir='ltr'>malint,</span> <span class='ocrx_word' id='word_1_1890' title='bbox 2634 1559 2637 1565; x_wconf 37' lang='grc' dir='ltr'>Ι</span> 
     </span>
    </p>
   </div>
   <div class='ocr_carea' id='block_1_36' title="bbox 2658 2758 2667 3641">
    <p class='ocr_par' dir='ltr' id='par_1_86' title="bbox 2658 2758 2667 3641">
     <span class='ocr_line' id='line_1_205' title="bbox 2658 2758 2667 3641; baseline 0 0"><span class='ocrx_word' id='word_1_1891' title='bbox 2658 2758 2667 3641; x_wconf 95' lang='lat' dir='ltr'> </span> 
     </span>
    </p>
   </div>
  </div>
 </body>
</html>
