2667 4145
255 130 303 166 34
660 117 687 150 A
784 117 813 150 C
909 114 939 148 C

296 199 423 234 Pensuni,
442 198 619 228 proverbialis
630 198 727 226 sermo.
748 196 834 226 Plaut.
845 194 973 225 Bacchid.
987 203 1010 227 ς.
1023 202 1046 220 2.
1061 200 1103 227 3³-
1122 190 1184 233 Ego
1193 188 1309 227 pensum
1319 197 1415 217 meum

298 238 391 275 lepide
402 237 544 266 accurabt).
583 236 644 264 Hoc
658 235 704 270 est,
722 235 830 264 Curabo
839 241 869 262 ut
878 232 994 261 efficiam
1008 228 1159 265 quodmihi
1174 228 1336 256 mandatum
1348 226 1393 267 est:

259 276 281 305 A
291 285 308 303 c
317 286 333 303 c
344 286 360 303 u
369 286 384 303 a
394 286 412 303 A
422 284 441 302 Τ
451 285 467 303 c
477 284 498 307 s,
520 284 543 302 a.
556 283 611 302 um.
630 274 779 308 [immam
808 267 968 304 πυκιμηδικ]
992 266 1145 302 Diligenter
1153 271 1279 293 curatum
1290 267 1315 293 ἃ
1326 266 1415 302 perte-

296 314 392 341 t‘tum:
417 318 466 345 ut,
489 311 723 339 Acciirataoratio.
767 309 822 337 Liv.
844 319 870 342 4.
892 305 958 334 Bell.
978 303 1088 332 Maced.
1120 303 1175 332 Sed
1197 303 1322 332 oratione
1331 302 1415 331 etiam

297 350 382 387 longa
401 351 425 378 ἃ
436 356 561 377 accurata
570 348 717 376 insectatus
735 346 765 375 sit
782 345 955 382 rogationem
970 341 1097 369 nostram-

297 389 430 417 Accusata
447 386 662 415 commendatio.
685 385 742 413 Cic.
762 384 834 413 Fam.
854 381 899 409 lib.
924 388 968 418 Αις.
989 388 1029 415 17.

297 427 430 454 Accurata
453 424 583 452 orationis
602 423 690 460 copia.
723 421 780 450 Cic.
806 430 827 448 1.
860 418 894 446 dc
915 418 991 459 Orat.
1011 421 1054 452 38.

297 464 447 491 Accuratus
469 461 592 498 corporis
613 460 713 489 cultus.
739 458 813 495 apud
833 454 903 484 Gell.
925 453 972 482 lib.
994 464 1017 483 1.
1037 464 1096 492 cap.
1120 465 1144 490 5.

298 500 465 529 Accuratior.
497 498 643 527 Deleclum
664 496 861 525 accuratiorem
882 491 991 521 habere.
1012 491 1068 521 Liv.
1089 503 1113 526 ς.
1137 501 1180 529 37.

297 536 501 566 Accuriitill'iiiia
518 535 660 572 diligentia
678 541 786 562 tuarum
809 531 950 559 literarum
964 529 1023 559 sum
1041 530 1143 559 mirum
1163 530 1192 558 in
1204 529 1321 558 modum
1342 528 1418 557 dele-

319 577 415 604 ctatus.
439 574 495 602 Cic.
510 574 561 601 Att.
581 572 627 600 lib.
647 581 671 607 7.
686 580 708 605 3.
730 571 818 608 princ.

297 613 463 642 Accuratuin
478 613 503 640 &a
520 610 683 646 exquisitum
700 607 813 635 dicendi
828 615 922 644 genus.
957 605 1015 634 Cic.
1028 606 1057 633 in
1071 605 1155 634 Bruto
1167 611 1230 641 283.

297 651 438 679 ,Accuratae
457 649 548 676 literae.
576 647 632 675 Cic.
647 647 700 674 Att.
715 644 762 674 lib.
784 654 824 680 13.
863 643 904 672 Ad
915 653 999 680 quem
1015 643 1226 672 accurariffimas
1236 642 1329 672 literas
1340 640 1414 671 dedi.

298 691 433 717 Accurata
451 685 568 718 malitia,
589 682 716 713 Studiose
735 683 900 719 excogitata.
923 681 1008 710 Plaut.
1021 681 1136 710 Trucul.
1153 691 1177 710 2.
1194 691 1217 716 ς.
1230 691 1274 710 20.

297 726 437 755 Accusatae
455 721 628 752 adorantium
646 730 751 758 preces.
791 720 858 749 Plin.
885 719 983 756 Paneg.
1003 728 1027 756 3.
1050 730 1074 756 5.

298 763 449 792 Accusatus
466 761 561 788 sermo.
586 759 643 788 Cic.
667 769 688 787 r.
709 759 744 787 de
764 758 840 787 Orat.
866 766 928 793 233.

298 801 463 829 Accusatum
481 797 588 826 habere.
607 796 693 825 Plaut.
708 796 837 825 Bacchid.
857 805 879 832 3.
919 817 925 823 .
942 804 986 823 21.
1017 794 1076 833 lpse
1091 794 1167 831 quod
1178 795 1207 823 in
1216 793 1243 822 se
1253 793 1316 827 fuit,
1337 802 1418 822 accu-

318 845 406 865 ratum
421 835 519 865 habuit.
533 834 609 871 quod
623 833 729 872 pofl‘et,
742 835 793 864 «Sec.
816 834 885 863 Satis
905 832 1031 862 Plautine
1052 833 1175 867 dictum,
1202 841 1253 869 pro
1268 831 1415 860 accuravit.

318 875 348 903 ld
362 874 418 908 est,
443 872 570 902 Studiose
590 873 702 901 curavit.

259 913 332 942 Acc
343 922 358 940 u
369 921 463 939 RATF.
475 933 483 946 ,
502 911 569 939 Adv.
592 909 730 947 qualitatis
757 909 918 946 [ἐπιμελιῖς]
946 908 1109 945 Diligenter.
1128 907 1249 936 Curiose.
1272 906 1329 935 Cic.
1346 916 1368 934 1.
1382 906 1418 934 de

294 949 529 1016 ΙξΙίηρᾉεςλιιῐεὶῑίωε
536 948 677 986 explicari.
705 947 783 977 ldem
794 946 970 982 adBrutum,
991 946 1089 975 Literis
1099 952 1157 974 tam
1165 951 1292 975 accurate
1300 944 1415 983 scriptis.

324 1011 329 1016 .
366 997 400 1016 ic.
435 994 465 1016 tt.
480 998 502 1021 ς.
521 997 562 1015 ri.

293 1025 428 1055 Accurate
447 1024 605 1053 defendere.
628 1023 686 1055 Cic.
708 1024 738 1052 in
754 1022 847 1052 Parad.

292 1064 430 1093 Accurate
449 1064 475 1092 ok
492 1063 611 1099 cogitate
625 1062 729 1098 aliquid
740 1060 865 1089 scribere.
888 1060 946 1089 Cic.
959 1069 1011 1097 pro
1025 1058 1124 1088 Archia
1141 1063 1183 1092 18.

293 1101 429 1131 Accurate
441 1100 623 1137 &diligenter
633 1099 779 1137 disputare.
812 1098 870 1127 Cic.
885 1109 906 1127 1.
920 1098 954 1127 dc
964 1098 1028 1127 Nat.
1038 1097 1120 1126 Deor.
1137 1106 1179 1132 15.

294 1139 430 1168 Accurate
442 1140 468 1168 ἆ
482 1137 615 1175 exquirite
625 1137 761 1175 disputare
772 1137 807 1165 de
817 1146 845 1164 re
856 1135 955 1172 aliqua.
978 1135 1035 1165 Cic,
1050 1135 1079 1163 in
1089 1134 1163 1163 Brut.
1178 1143 1242 1171 277.

293 1176 424 1206 Studiose
442 1183 624 1213 accurateque
638 1176 729 1204 facere
742 1174 855 1211 aliquid.
879 1174 936 1202 Cic.
949 1174 978 1202 in
987 1172 1072 1202 Bruto
1081 1176 1125 1206 86.

294 1215 430 1244 Accurate
447 1224 511 1243 cum
526 1213 618 1251 aliquo
640 1223 719 1250 agere
734 1218 780 1248 ut,
802 1213 855 1242 δῖε.
886 1211 945 1241 Cic.
963 1212 1017 1240 Att.
1031 1210 1078 1240 lib.
1095 1214 1136 1240 16.
1151 1221 1175 1247 ς.

294 1252 473 1282 Perscribere.
502 1252 559 1280 Cic.
575 1253 628 1280 Att.
651 1251 698 1280 lib.
717 1256 743 1284 8.
767 1253 807 1279 16.

295 1291 338 1320 Ad
361 1289 482 1327 aliquem
495 1289 620 1319 scribere.
642 1288 700 1318 Cic.
717 1290 771 1318 Att.
794 1287 840 1316 lib.
858 1298 881 1323 ς.
906 1297 946 1316 11.

295 1329 474 1362 Acctiratius,
492 1328 558 1356 Adv.
584 1327 742 1356 Accuratius
763 1325 906 1355 aedificare.
929 1323 994 1354 Caes.
1019 1327 1045 1352 6.
1064 1323 1132 1352 Bell.
1154 1322 1223 1352 Gall.
1246 1331 1291 1351 21.

294 1365 502 1395 Accuratiffime
514 1387 522 1400 ,
543 1365 613 1394 lbid.
636 1363 841 1394 Accuratissime
858 1362 992 1392 accusare.
1015 1361 1087 1399 Nep.
1096 1361 1127 1390 in
1137 1360 1195 1398 Lys.
1207 1370 1269 1398 cap.
1282 1370 1308 1396 4.
1332 1359 1419 1389 Accu-

314 1403 445 1433 ratillime
461 1401 544 1432 tutari
563 1402 679 1432 causam.
703 1402 760 1431 Cic.
775 1413 798 1437 5.
821 1401 895 1430 Fam.
922 1410 963 1437 17.

256 1442 483 1472 ACCURA'mo
494 1463 501 1475 ,
530 1440 654 1469 Verbale.
677 1441 692 1475 [
706 1439 867 1474 hminum]
888 1439 971 1468 Actus
986 1437 1043 1476 ipse
1060 1437 1184 1466 curandi.
1210 1435 1268 1465 Cic.
1293 1435 1328 1464 de
1345 1434 1415 1465 Clar.

294 1480 371 1509 Orat.
393 1485 457 1516 238.
477 1479 511 1508 At
524 1478 716 1512 inveniendis,
732 1477 993 1515 componendisque
1003 1475 1084 1504 rebus
1101 1476 1170 1504 mira
1187 1474 1335 1503 accuratio.

255 1519 450 1552 neccaro,
474 1518 514 1551 ri,
531 1516 607 1551 sum,
630 1516 808 1552 [mevrrmm
830 1514 964 1550 ὲπττεεχω]
986 1515 1040 1543 ere.
1063 1513 1105 1542 Ad
1121 1512 1226 1550 aliquid
1237 1534 1245 1547 ,
1265 1510 1309 1540 vel
1324 1510 1359 1540 ad
1370 1509 1417 1540 ali-

294 1565 379 1592 quem
389 1565 506 1584 eurrere.
529 1555 586 1583 Cic.
601 1564 625 1583 2.
639 1553 674 1582 de
684 1553 777 1582 Divin.
793 1558 853 1588 138.
892 1551 934 1582 Ita
950 1551 1031 1581 nobis
1048 1551 1124 1581 dicto
1138 1550 1284 1581 audientes
1302 1548 1374 1585 sunt,
1386 1554 1417 1577 ut

293 1592 375 1623 simul
388 1600 471 1630 atque
487 1592 605 1621 velimus
615 1614 623 1626 ,
650 1592 816 1620 accurrant?

293 1632 488 1661 Accurrehuc.
519 1630 583 1659 Ter.
604 1629 712 1658 Phorm.
737 1640 760 1663 ς.
784 1639 809 1667 7.
832 1638 876 1664 40.

293 1670 419 1699 Accurrit
440 1669 566 1698 Romam,
591 1668 649 1697 Cic.
672 1676 696 1704 3.
721 1666 778 1697 Off.
804 1676 865 1696 112.

292 1708 419 1736 Accurrit
429 1707 462 1736 ad
475 1717 528 1735 nie.
551 1706 615 1735 Ter.
629 1706 697 1734 Eun.
711 1715 766 1740 2-3·
782 1714 826 1741 43.
853 1703 940 1739 Cic.9.
953 1701 1059 1739 Fam.4.
1080 1702 1322 1733 Nosaccurremus
1331 1701 1366 1731 ad
1376 1706 1413 1731 te.

291 1746 442 1775 Accurrere
461 1745 489 1773 in
508 1743 708 1773 Tusculanum.
731 1742 788 1772 Cic.
816 1753 856 1777 ις.
884 1743 938 1770 Att.
966 1751 989 1777 3.

290 1784 441 1813 Accurrere
459 1782 550 1811 alicui.
571 1782 603 1811 ld
627 1782 683 1816 est,
703 1781 738 1810 ad
760 1779 891 1818 aliquem.
915 1780 980 1809 Stat.
1001 1789 1026 1809 2.
1042 1778 1132 1809 Theb.

291 1821 407 1859 Rapidis
426 1826 573 1850 accurrunt
588 1819 715 1857 passibus.
739 1819 806 1848 Stat.
822 1828 844 1854 3.
870 1817 961 1847 Theb.
980 1828 1045 1853 410.

291 1861 432 1894 Accurro,
456 1866 487 1888 ut
498 1857 617 1887 sciscam.
641 1857 729 1887 Plaut.
750 1857 849 1894 Amph.
877 1867 900 1891 ς.
924 1866 947 1885 1.
972 1865 1014 1892 17.

254 1900 277 1930 A
286 1908 328 1928 cc
337 1908 355 1927 U
364 1908 380 1927 R
391 1909 406 1927 R
415 1910 423 1927 r
433 1906 452 1927 Τ
461 1908 479 1927 υ
489 1907 503 1926 R
514 1920 521 1933 ,
543 1895 654 1935 imperf.
667 1896 756 1926 Tacit.
769 1894 816 1924 lib.
832 1905 854 1923 1.
869 1895 938 1923 Ann.
950 1904 995 1923 21.
1027 1892 1185 1923 Accurritur
1194 1891 1228 1920 ab
1237 1890 1377 1920 universis.

254 1938 467 1971 Accuasus,
487 1938 526 1965 us.
552 1932 770 1971 [πιπδςόμημφι]
791 1933 881 1962 Tacit.
893 1932 939 1961 lib.
958 1942 980 1961 1.
1008 1932 1079 1962 Arm.
1097 1939 1142 1968 27.
1156 1929 1275 1959 accursu
1290 1929 1415 1959 multitu-

294 1975 367 2003 dinis
386 1976 527 2011 protectus
542 1973 587 2002 est.
613 1973 675 2002 Sen.
699 1972 728 2000 in
748 1970 863 2009 Hippol.
886 1976 950 2006 894.

364 2011 457 2049 Liquit
471 2012 621 2049 stuprator,
640 2011 744 2039 civium
767 2008 909 2038 accursum
927 2008 1038 2037 timens.

291 2049 425 2079 Accursus
442 2049 655 2087 provinciarum.
686 2048 775 2077 Tacit.
788 2047 854 2077 Hist„
869 2058 895 2081 4.
908 2056 953 2082 25.

253 2088 470 2118 Accusiossu
483 2098 503 2116 ir
522 2087 648 2122 Colonia,
670 2085 836 2121 Ptolemaeo,
858 2084 929 2114 Urbs
948 2082 1129 2121 Allobrogum
1142 2083 1173 2111 in
1193 2081 1298 2117 Gallia,
1326 2079 1412 2110 hodie

290 2125 511 2163 Gratianopolis,
533 2124 616 2161 vulgo
630 2146 638 2158 ,
658 2124 785 2153 Grenoble.

253 2167 415 2198 Acci-,5807
436 2165 602 2199 [U‘Wssffffla
623 2161 738 2194 tfioeum'cu,
764 2161 907 2195 αἷποέομοᾳ,
926 2157 1010 2194 κρίνω,
1031 2155 1095 2187 >snm
1119 2157 1223 2193 βρέφει]
1241 2166 1293 2186 are,
1329 2155 1413 2185 Com-

290 2202 406 2240 ponitur
414 2210 449 2230 ex
456 2201 496 2230 Ad
505 2203 531 2229 ἃ
549 2199 630 2233 Cuso,
652 2199 728 2236 quod
742 2209 757 2228 a
768 2199 848 2228 Cudo
859 2198 1007 2227 deducitur
1020 2207 1025 2226 :
1058 2196 1124 2225 licet
1133 2195 1222 2239 ipsum
1234 2194 1305 2224 Cuso
1319 2194 1349 2222 in
1362 2192 1412 2223 usu

290 2239 398 2268 nonsit.
430 2238 511 2267 Unde
526 2248 583 2266 non
595 2237 702 2271 desunt,
713 2237 871 2274 quidicaiit,
886 2246 921 2265 ex
932 2235 972 2264 Ad
986 2234 1114 2269 &Causa,
1137 2235 1183 2263 {eu
1197 2232 1307 2267 Causor,
1321 2232 1412 2260 causa-

290 2278 337 2311 ris,
349 2277 490 2314 componi.
516 2276 559 2305 fist
569 2282 663 2304 autem
676 2276 721 2310 (ut
730 2276 767 2303 ait
776 2275 864 2304 Valla)
876 2273 1010 2307 accusare,
1021 2272 1066 2301 vel
1077 2272 1152 2310 apud
1162 2271 1278 2307 judiees,
1290 2269 1411 2307 velapud

291 2315 378 2344 alium
390 2315 514 2352 qucnviS,
539 2314 622 2343 etiarn
635 2313 709 2350 apud
720 2312 799 2341 illuni
822 2312 912 2350 ipsum
923 2321 1006 2348 quem
1017 2311 1126 2339 accuses
1135 2332 1143 2345 ,
1162 2308 1311 2346 significare
1327 2314 1411 2346 atque

291 2353 436 2382 ostendere
448 2352 567 2389 aliquem
580 2350 711 2389 peccasse.
756 2350 830 2380 Huic
845 2349 998 2388 opponitur
1016 2348 1183 2377 Defendere.

291 2390 423 2420 Accusare
438 2391 464 2419 δι
474 2389 608 2419 Excusare
620 2411 627 2423 ,
650 2389 794 2418 contraria.
825 2388 882 2418 cic.
897 2388 931 2416 ad
944 2387 981 2424 Q.
993 2386 1066 2415 fratr.
1078 2385 1124 2415 lib.
1139 2395 1163 2415 2.
1176 2395 1202 2415 2.
1233 2384 1356 2414 Primum
1365 2394 1411 2413 me

311 2428 361 2457 tibi
381 2427 482 2457 excuso
492 2428 520 2456 in
532 2438 566 2456 eo
576 2427 633 2464 ipso
646 2449 654 2462 ,
673 2427 703 2455 in
713 2436 768 2463 quo
785 2433 811 2455 te
820 2425 928 2455 accuso.

290 2465 423 2496 Accusare
437 2466 552 2495 crimine
563 2465 664 2502 aliquo.
687 2464 745 2493 Cic.
760 2473 783 2500 3.
797 2464 872 2493 Verr.
885 2473 930 2500 43.
952 2463 1014 2492 Suis
1034 2463 1114 2491 certis
1127 2461 1302 2500 propriisque
1319 2460 1411 2490 mimi,

310 2504 392 2532 nibus
407 2503 548 2533 accusabo.
582 2503 637 2532 Sed
649 2502 746 2540 saepius
765 2503 858 2528 {mama
875 2512 931 2531 vox
945 2501 1086 2535 Crimine,
1109 2500 1177 2528 utin
1187 2499 1241 2537 seq.

291 2541 404 2579 Capitis.
428 2541 486 2570 Cic.
507 2551 531 2570 2.
550 2541 585 2569 de
606 2540 664 2569 Fin.
688 2550 732 2577 27.
754 2539 820 2569 Eam
836 2546 968 2577 tanquam
985 2549 1017 2568 ca
1026 2538 1083 2567 ntis
1097 2536 1213 2566 accuset.

290 2579 393 2609 Probri.
416 2578 502 2608 Plaut.
523 2578 622 2616 Amph.
645 2587 669 2644 ἶ.
688 2588 710 2607 1.
726 2588 766 2606 10.
815 2578 907 2614 Quam
926 2577 967 2606 vir
982 2578 1011 2605 in
1024 2582 1120 2605 ontem
1139 2575 1234 2613 probri
1244 2573 1409 2612 Amphitruo

309 2617 425 2647 accusat.
448 2617 505 2646 Cic.
526 2626 576 2654 pro
596 2615 642 2653 Syl
656 2626 670 2644 a
684 2637 692 2650 ,
723 2615 779 2652 Qui
795 2615 912 2644 alterum
935 2615 1134 2649 coniurationis
1155 2611 1272 2642 accuset.

289 2654 385 2685 Probri
402 2655 477 2693 apud
496 2653 641 2692 populum.
664 2652 721 2683 Liv.
735 2664 757 2689 ς.
780 2652 847 2683 Bell.
860 2653 927 2683 Pun.
950 2652 1063 2690 Aliquot
1080 2658 1219 2681 matronas
1234 2651 1309 2689 apud
1319 2660 1410 2689 popu-

309 2693 370 2723 lum
389 2692 483 2732 probri
503 2691 673 2721 accusarunt.

288 2731 425 2761 Ambitus.
448 2730 505 2760 Cic.
520 2740 570 2768 pro
585 2729 675 2758 Coelio
694 2732 735 2758 16.
755 2728 827 2758 Item
839 2729 911 2758 inter
930 2728 1048 2758 Sicarios
1067 2729 1093 2759 δε
1111 2727 1146 2758 de
1164 2726 1312 2757 Veneficiis
1329 2736 1410 2758 accu-

307 2768 371 2798 sare.
396 2768 452 2797 Cic.
470 2777 520 2806 pro
532 2766 610 2797 Rosc.
626 2768 714 2796 Amer.
727 2777 770 2802 90.

289 2806 448 2836 Gravissime
466 2805 594 2842 aliquem.
616 2804 674 2834 Cic.
698 2805 753 2834 Att.
773 2803 821 2833 lib.
846 2814 888 2834 11.
916 2813 957 2841 13.
987 2805 1014 2834 ὃς
1036 2814 1078 2840 15.
1101 2812 1143 2832 11.

287 2844 396 2874 Leviter
418 2844 547 2880 aliquem.
575 2842 633 2872 Cic.
659 2852 682 2879 3.
705 2842 779 2872 Fam.
804 2852 844 2871 11.

288 2882 423 2912 Liberius.
446 2882 502 2910 Cic.
527 2892 549 2910 1.
574 2880 648 2910 Fam.
673 2890 695 2909 1.

287 2919 418 2950 Inertiam
434 2919 551 2955 alicujus
564 2941 571 2953 ,
590 2927 641 2956 pro
662 2917 797 2956 Culpare,
818 2917 1021 2955 reprehendere
1034 2939 1042 2953 ,
1062 2918 1226 2954 vituperare.

287 2958 332 2987 Sic
353 2957 484 2987 Accusare
501 2958 616 2991 vitium,
638 2955 761 2993 culpam,
773 2962 821 2984 aut
830 2956 935 2984 crimen
944 2955 1068 2991 alicujus.
1103 2955 1165 2984 Hoc
1177 2954 1231 2989 est,
1249 2953 1320 2983 Eum
1330 2954 1365 2985 de
1376 2964 1409 2984 ea

306 3005 334 3024 re
352 2997 515 3033 vituperare,
527 2994 579 3023 live
592 2993 805 3032 reprehendere,
820 2994 846 3023 Sc
856 2994 894 3022 est
903 2993 987 3030 figura
1003 2993 1112 3022 Graeca:
1135 2993 1199 3029 quia
1209 2992 1305 3021 Latine
1313 2993 1408 3030 potius

308 3034 420 3068 dixeris,
432 3032 688 3066 Accusareiiiertiae,
699 3030 830 3068 perfidiae.
846 3038 893 3059 aut
906 3030 1030 3060 accusare
1047 3031 1081 3060 dc
1092 3031 1198 3065 inertia,
1220 3031 1271 3060 &c
1300 3030 1358 3060 Cic.
1372 3031 1408 3060 ad

307 3070 343 3106 Q.
357 3071 429 3100 fratr.
451 3071 523 3100 Nam
534 3069 746 3108 quodinertiain
755 3068 864 3098 accusas
872 3068 1098 3098 adolescentium.

288 3108 418 3174 chusare
425 3109 564 3138 avaritiam
574 3110 599 3138 &a
609 3107 763 3146 perfidiam.
788 3107 884 3145 Nepos
896 3107 926 3136 in
936 3106 1030 3144 Lysan.
1042 3108 1077 3136 ad
1087 3107 1133 3136 fin„
1156 3105 1188 3135 V.
1200 3105 1310 3136 Bosium
1320 3106 1350 3135 in
1365 3107 1408 3136 in-

307 3156 316 3174 (
327 3156 376 3176 ice.

288 3182 520 3220 Desperationem.
545 3183 602 3213 Cic.
629 3187 655 3213 6.
676 3183 751 3213 Fam.
777 3194 799 3212 1.

286 3220 391 3251 fidem.
415 3221 499 3251 Plaut.
522 3222 608 3252 Mete.
632 3232 656 3251 2.
686 3231 709 3257 3.
731 3227 775 3257 ὃς.

288 3258 419 3296 Operam.
444 3259 527 3289 Plaut.
546 3260 634 3289 Merc.
660 3268 683 3295 3.
709 3269 730 3288 1.
755 3269 799 3295 25.

288 3296 419 3325 Accusare
439 3297 552 3326 tahulas.
588 3296 708 3334 Quintil.
737 3296 784 3326 lib.
812 3307 834 3332 5.
856 3306 915 3334 cap.
936 3307 960 3331 ς.

289 3333 452 3374 Dictum-de
464 3335 577 3371 persona
590 3357 598 3369 ,
619 3335 705 3373 lignis.
722 3334 852 3372 culpare,
874 3334 1026 3371 objurgare.
1060 3332 1125 3362 Ter.
1145 3331 1245 3361 Heaut.
1270 3341 1293 3361 1.
1315 3341 1338 3362 1.
1356 3343 1402 3369 49.

308 3371 442 3407 Quotidie
454 3372 620 3402 accusabam.
665 3373 711 3402 Sic

288 3409 418 3438 Accusare
433 3408 551 3445 aliquem
562 3411 596 3438 de
608 3420 635 3439 re
645 3410 742 3447 aliqua.
773 3409 830 3438 Cic.
847 3419 869 3438 1.
888 3410 942 3438 Att.
957 3419 980 3443 ς.
1016 3408 1083 3437 Νοη
1097 3407 1271 3436 committam
1279 3407 1403 3445 posthac,

309 3455 338 3475 ut
349 3456 393 3475 me
404 3446 528 3475 accusare
539 3448 572 3475 dc
584 3448 757 3484 epistolarum
776 3446 944 3484 negligentia
954 3445 1046 3484 possis.

287 3484 418 3513 Accusare
430 3484 464 3512 de
476 3485 598 3513 crimine.
628 3486 684 3514 Cic.
698 3496 748 3524 pro
760 3485 839 3515 Rosc.
850 3488 937 3514 Amer.
951 3495 994 3520 90.
1018 3484 1060 3513 De
1072 3482 1218 3512 veneficiis
1229 3482 1399 3511 accusabant.

286 3521 418 3551 Accusare
427 3521 541 3550 alterum
553 3522 587 3550 de
599 3522 690 3552 altero.
723 3523 784 3552 Cic.
803 3533 825 3552 1..
837 3524 890 3552 Att.
909 3534 931 3552 i.
954 3522 1017 3551 Hoc
1028 3521 1062 3550 ad
1072 3527 1099 3550 te
1108 3520 1217 3557 scripsi,
1239 3521 1314 3556 quod
1325 3520 1347 3549 is
1356 3530 1402 3549 me

307 3559 432 3588 accusare
448 3559 483 3587 de
501 3566 528 3588 te
548 3559 658 3588 solebat.

287 3596 418 3625 Accusare
435 3597 462 3624 in
482 3607 509 3624 rc
531 3596 620 3633 aliqua
637 3597 760 3626 alterum.
793 3598 849 3627 Cion
868 3608 918 3635 pro
940 3597 1015 3635 Sylla
1032 3601 1075 3633 63.
1101 3597 1190 3632 Atque
1208 3595 1238 3623 in
1252 3604 1284 3624 ea
1303 3604 1331 3623 re
1351 3604 1401 3632 per

307 3633 422 3662 Lucium
438 3633 580 3662 Caecilium
599 3634 671 3671 Sylla
689 3635 836 3664 accusatur.

287 3671 418 3700 Accusare
434 3672 563 3700 invicem.
586 3671 704 3707 Quintil.
724 3671 771 3701 lib.
793 3682 817 3709 7.
842 3683 902 3711 cap.
926 3683 949 3709 3.

286 3708 400 3737 Accusas
416 3708 515 3737 idme.
537 3710 611 3745 apud
631 3708 713 3738 l'laut.
735 3709 862 3739 Triiiuin.
883 3722 903 3740 1.
920 3721 944 3741 2.
959 3721 1001 3747 59.
1021 3710 1155 3748 figurate:
1180 3717 1231 3745 pro
1241 3706 1335 3741 Obid‚
1354 3705 1400 3735 vel

309 3745 347 3774 Dc
365 3756 416 3779 co,
440 3752 469 3774 ut
485 3746 571 3774 multa
594 3747 746 3782 ejusmodi,
774 3748 921 3784 praesertim
942 3748 1017 3786 apud
1038 3754 1141 3785 poetas.

250 3785 394 3813 Accusa
407 3793 444 3811 Ns
459 3805 467 3817 ,
491 3786 516 3812 Sc
537 3784 772 3819 AccusATUS,
793 3785 887 3814 Partic.
920 3787 976 3815 Cic.
997 3787 1049 3815 Ati.
1065 3787 1091 3815 ὅ(
1105 3785 1139 3813 de
1153 3785 1220 3823 Opt.
1237 3782 1306 3812 Gen.
1319 3781 1396 3810 Orat.

288 3821 358 3858 Nep.
380 3831 405 3855 4.
420 3830 444 3848 2.
458 3824 482 3848 6.
506 3823 530 3849 &-
548 3824 572 3848 (›.
585 3829 609 3855 3.
626 3833 651 3856 4.

249 3859 468 3888 ACCUSATOR
482 3879 489 3890 ,
510 3857 633 3885 verbale,
656 3856 818 3895 [uffinffgfy-
830 3881 837 3892 7
857 3859 867 3883 ὁ
885 3856 970 3886 διώκων
985 3860 997 3895 ]
1021 3860 1079 3896 Qui
1098 3858 1212 3888 accusat,
1246 3857 1303 3886 Cic.
1320 3867 1341 3885 1.
1361 3856 1398 3886 de

287 3896 345 3938 lfin.
368 3894 521 3931 Ple-riuique
531 3895 719 3936 improborum
731 3897 802 3925 laelii
816 3896 1204 3933 suspicioiiilequitiir‚tleiiide
1216 3896 1304 3926 sermo
1316 3901 1397 3933 atque

286 3934 368 3968 sama,
387 3938 447 3961 tum
457 3933 594 3961 accusator
603 3954 610 3967 ,
628 3940 687 3961 tum
696 3934 791 3968 judei:-

1906 105 1934 140 A
2027 105 2057 140 C
2154 104 2182 139 E

1507 183 1653 214 Accusator
1663 183 1698 212 de
1707 184 1752 212 via
1765 185 1837 214 citur
1846 185 2048 216 consuetudine
2060 187 2180 223 antiqua.
2201 184 2302 215 Festus.
2326 183 2413 220 Quod
2430 184 2504 214 valet
2518 185 2563 221 (ut
2573 196 2638 216 cen.

1526 222 1565 251 set
1574 221 1736 264 Turnebus&
1750 223 1936 252 accusatorem
1951 234 2028 253 reum
2039 225 2116 253 citari
2139 224 2174 252 de
2195 223 2238 252 via
2248 244 2256 257 ,
2276 224 2302 251 Sc
2313 223 2350 251 rei
2362 223 2476 251 nomine
2487 225 2634 254 contineri.

1527 260 1560 289 In
1570 260 1651 288 editis
1664 281 1672 293 ,
1686 258 1728 287 De
1738 259 1766 287 vi
1776 261 1880 289 accitur
1892 260 2022 299 scriptum
2033 263 2080 297 est,
2096 261 2143 290 sed
2154 259 2296 294 mendose,
2307 266 2339 288 ut
2348 260 2423 289 idem
2434 261 2578 291 existimat.

1508 297 1656 363 Aclcusator
1666 306 1729 325 acer
1738 298 1764 326 <St
1774 298 1895 328 acerbus.
1920 298 1976 331 Cic.
1993 301 2023 329 in
2031 300 2117 330 Bruto
2130 302 2190 336 136.
2220 297 2278 335 Qii
2288 297 2359 328 nihil
2371 298 2497 333 remittit,
2516 297 2560 328 vel
2572 308 2638 328 con,

1529 346 1538 364 c
1549 342 1623 364 onat.

1510 373 1663 403 Districtior
1681 371 1827 401 accusator.
1857 373 1947 405 Tacit.
1970 375 2019 404 lib.
2041 386 2067 411 4.
2089 376 2159 404 Ann.
2173 377 2215 410 36.

1512 411 1611 440 Mutus
1634 409 1781 438 accusator.
1812 410 1843 440 V.
1864 423 1885 440 M
1895 422 1966 442 UTU
1976 423 1997 442 s.

1511 448 1658 490 Accusator
1675 446 1824 477 vehemens
1839 450 2014 480 &molestus
2050 450 2107 479 Cic.
2129 450 2159 478 in
2178 448 2263 478 Bruto
2287 458 2348 484 130.

1511 487 1703 514 Accu1.1torcm
1723 495 1881 523 comparare
1902 490 1931 517 in
1954 489 2083 525 aliquem.
2106 487 2136 516 V.
2162 497 2179 516 c
2189 497 2235 515 om
2245 496 2347 516 PARo.

1511 523 1607 565 Moliri
1620 521 1806 565 accusatorem
1816 526 1841 565 ἃ
1853 526 1977 555 crimina.
2001 526 2104 555 lisdem
2112 523 2278 553 Consulibus
2288 530 2366 553 atrox
2375 525 2433 554 odii
2444 526 2595 563 Agrippina
2603 534 2636 555 ac

1530 561 1625 604 Lolliae
1636 560 1749 600 intensa,
1760 567 1835 598 quod
1844 563 1937 593 secum
1949 564 1983 593 de
1994 562 2172 592 matrimonio
2186 562 2320 599 principis
2333 563 2495 598 certavisset,
2522 563 2637 593 molitur

1530 600 1685 640 crimina&
1695 599 1938 639 accusatorem,qui
1947 602 2081 637 objiceret
2091 599 2246 635 ChaldaeOS,
2259 600 2366 637 Magos,
2380 601 2637 639 interrogatumque

1530 635 1666 678 Apollinis
1674 635 1757 665 Clarii
1765 637 1940 668 simulacrum
1949 639 2029 677 super
2039 639 2144 676 nuptiis
2157 638 2338 675 imperatoris.
2353 638 2444 668 Tacit.
2458 650 2500 668 12.
2514 640 2633 669 Ann.22.

1511 676 1817 718 Acciiiatorenrponere
1827 677 1872 705 vel
1883 687 2025 715 apponere
2035 676 2126 705 alicui.
2148 675 2205 705 Cic.
2223 685 2246 704 1.
2264 675 2338 705 Verr.
2356 686 2401 712 74.
2426 676 2573 707 Accusator
2585 687 2634 706 au-

1531 719 1588 741 tem
1607 718 1758 748 apponitur
1772 714 1838 743 civis
1853 714 1996 744 Romanus
2014 715 2049 743 de
2064 712 2247 744 creditoribus
2261 712 2518 750 Lampsacenorum.

1511 749 1688 815 Accusatores
1711 750 1822 782 struere.
1855 752 1994 783 Tacit.11.
2015 753 2085 782 Arm.
2100 761 2141 782 12.
2190 751 2350 788 Qiominus
2361 751 2475 781 strueret
2483 753 2635 782 crimina&

1531 797 1598 816 accu
1612 793 1710 817 atores.

1511 824 1682 869 Accusatoris
1692 835 1797 856 nornen
1806 827 1944 858 sustinere.
1967 829 2057 858 Tacit.
2076 839 2102 865 4.
2126 828 2197 857 Ann.
2218 836 2260 862 59.
2289 826 2413 857 Subditis
2428 829 2476 864 qui
2496 827 2634 857 accusato.

1528 873 1588 892 rum
1600 872 1715 892 nomina
1729 863 1897 896 sustinerent.
1939 866 2001 896 Hoc
2012 867 2051 896 est
2061 889 2069 902 ,
2097 866 2132 896 Se
2147 864 2343 903 profiterentur
2360 866 2539 895 accusatores.

1474 902 1496 932 A
1506 911 1547 947 cc
1556 911 1575 929 u
1583 911 1595 930 s
1603 911 1621 929 A
1630 910 1649 928 Τ
1658 911 1675 929 o
1684 911 1699 929 R
1709 912 1717 929 1
1727 912 1745 930 υ
1754 912 1766 932 s
1777 925 1786 939 ,
1806 904 1865 940 Adj.
1889 902 2088 941 [wwpgnoe‘c]
2120 903 2207 940 Quod
2225 903 2262 932 ad
2278 902 2484 934 accusationem
2501 904 2631 944 pertinet.

1512 939 1569 968 Cic.
1595 948 1637 967 πο
1652 937 1762 970 Cluent.
1781 950 1823 970 11.
1856 942 1923 972 Nori
1942 942 2111 972 accusatorio
2129 942 2232 971 animo.

1510 978 1584 1006 Accu
1598 977 1717 1019 atorium
1735 979 1890 1010 artificium.
1920 980 1978 1010 Cic.
1997 991 2048 1019 pro
2060 980 2140 1011 Rosc.
2157 980 2246 1010 Amer.
2258 990 2305 1017 49.

1507 1015 1557 1050 Jus
1577 1014 1634 1043 Cic.
1654 1024 1705 1052 pro
1724 1015 1812 1046 Flacc.
1836 1028 1878 1053 14.

1512 1052 1637 1091 Spiritus.
1668 1052 1726 1082 Liv.
1742 1063 1767 1084 2.
1790 1054 1824 1084 ab
1841 1055 1874 1086 U.
1891 1055 1923 1086 C.

1474 1091 1496 1120 A
1505 1099 1522 1121 c
1531 1100 1548 1119 c
1556 1100 1594 1133 us
1603 1100 1622 1118 A
1630 1099 1649 1118 T
1657 1100 1674 1119 o
1684 1100 1714 1119 [υ
1723 1101 1737 1120 E
1747 1114 1763 1135 ,⁵
1777 1093 1844 1123 Adv.
1865 1094 2071 1131 [wwpeanic]
2092 1093 2149 1123 Cic.
2161 1102 2188 1123 2.
2211 1093 2285 1123 Verr.
2301 1097 2362 1131 176.
2386 1093 2430 1123 Ne
2442 1094 2502 1131 quis
2516 1093 2572 1123 hoc
2585 1103 2633 1125 me

1511 1137 1597 1171 magis
1613 1128 1790 1166 accusatorie,
1809 1130 1892 1168 quam
1903 1131 1990 1161 libere
2004 1131 2101 1161 dixisse
2119 1132 2274 1161 arbitretur.
2295 1131 2353 1161 Liv.
2372 1141 2413 1160 10.
2437 1131 2504 1161 Bell.
2520 1131 2632 1162 Maced.

1511 1166 1572 1202 Jani
1583 1165 1654 1195 illud
1663 1176 1745 1204 quam
1753 1168 1920 1199 accusatorie
1929 1171 1942 1198 ἶ)
1963 1170 2025 1199 Hoc
2038 1170 2091 1205 est,
2113 1170 2213 1199 Aninio
2229 1171 2255 1200 &
2264 1169 2354 1199 studio
2365 1169 2520 1199 accusandi.

1474 1205 1497 1234 A
1505 1214 1521 1234 c
1529 1214 1546 1233 c
1556 1214 1573 1233 u
1585 1214 1597 1233 s
1607 1214 1626 1232 A
1634 1214 1653 1233 T
1661 1206 1913 1249 R1}·(‚·[0'emd⁷g⁷m]
1934 1207 2005 1244 Quae
2016 1209 2155 1246 vituperat
2170 1214 2218 1237 aut
2228 1207 2416 1245 reprehendit.
2433 1207 2520 1237 Plaut.
2529 1207 2631 1242 Asin.3.

1515 1253 1537 1285 ¹:
1558 1252 1598 1271 10.
1620 1241 1665 1271 Tu
1676 1243 1744 1272 mihi
1755 1244 1905 1275 accusatrix
1916 1245 1990 1275 ades.
2016 1245 2085 1275 Plin.
2105 1245 2189 1284 Epist.
2204 1256 2245 1275 10.
2258 1248 2301 1282 67.
2344 1245 2453 1275 Notum
2473 1245 2634 1275 accusatrici

1510 1290 1569 1316 ejus
1580 1280 1706 1310 facerem.
1736 1283 1763 1311 &
1772 1282 1883 1318 Trajan.
1913 1283 1999 1321 Epist.
2023 1283 2077 1321 seq.

1473 1318 1521 1348 Ac
1530 1328 1593 1347 cus
1602 1328 1664 1361 ciri
1673 1329 1690 1347 o
1703 1341 1711 1354 ,
1737 1321 1807 1350 onis.
1826 1321 1844 1351 f.
1868 1322 1881 1358 [
1894 1322 2023 1359 »μηνςίι
2033 1343 2042 1357 ,
2065 1318 2196 1356 odviam]
2216 1322 2300 1350 Actus
2317 1320 2374 1358 ipse
2392 1321 2565 1351 saccusandi:
2587 1321 2635 1350 cui

1510 1363 1663 1400 opponitur
1673 1356 1811 1387 Defensio.

1508 1394 1653 1423 Accusatio
1664 1417 1672 1430 ,
1690 1395 1878 1438 'estExpositio
1896 1398 1956 1434 ejus
1975 1398 2116 1432 criminis,
2136 1397 2216 1432 cujus
2232 1397 2293 1434 quis
2305 1405 2367 1425 reus
2388 1395 2529 1433 legitimus
2542 1396 2632 1426 faetus

1528 1432 1566 1461 est
1575 1454 1583 1467 ,
1601 1433 1676 1477 apud
1687 1433 1811 1469 judicem
1820 1457 1830 1471 ,
1850 1436 1929 1471 cujus
1940 1436 1975 1464 de
1984 1445 2017 1465 ea
2027 1446 2056 1465 re
2068 1435 2146 1464 notio
2161 1435 2208 1464 est.
2230 1434 2382 1464 Hotoman.

1509 1470 1704 1513 Accu—sationes
1723 1472 1879 1510 adpoenam
1889 1474 2044 1511 sanguinis,
2061 1472 2105 1502 vel
2116 1473 2240 1510 corporis
2260 1472 2461 1511 coercitionem
2469 1472 2628 1511 pertinent:

1527 1509 1657 1537 Actiones
1670 1519 1735 1538 vero
1748 1511 1783 1540 ad
1792 1521 1905 1548 poenam
1915 1512 2112 1549 pecuniariam.
2135 1510 2313 1548 Oldendorp.
2458 1519 2462 1523 ·

1509 1545 1620 1589 Intenta
1631 1547 1778 1583 accusatio,
1791 1548 1824 1577 ab
1834 1549 1955 1579 Intendo
1964 1572 1972 1585 ,
1983 1560 2034 1587 pro
2044 1550 2190 1579 intentata.
2212 1548 2302 1578 Tacit.
2316 1551 2342 1577 6.
2353 1548 2423 1577 Ann.
2437 1558 2462 1583 4.
2486 1547 2562 1577 Inter
2571 1557 2632 1585 quae

1526 1584 1656 1627 Haterius
1670 1585 1788 1624 Agrippa
1807 1586 1940 1617 Consules
1959 1588 2025 1617 anni
2035 1588 2135 1627 prioris
2145 1586 2242 1618 invasit
2253 1608 2261 1622 ,
2280 1596 2329 1617 cur
2346 1592 2445 1616 mutua
2453 1585 2630 1615 accusatione

1517 1629 1635 1662 „intenta
1645 1645 1654 1658 ,
1672 1633 1748 1653 nunc
1765 1623 1874 1655 silerent
1886 1626 1900 1655 ‘2

1507 1659 1656 1690 Licentior.
1679 1660 1710 1690 V.
1732 1673 1748 1690 L
1755 1672 1765 1690 1
1773 1672 1790 1691 c
1798 1672 1812 1691 Ε
1820 1673 1847 1692 T.

1507 1699 1702 1741 Accusationes
1713 1699 1858 1737 capeffere.
1879 1701 1969 1731 Tacit.
1979 1701 2048 1731 Ann.
2059 1700 2137 1736 lib.4.
2153 1710 2196 1736 52.
2217 1700 2290 1730 Mox
2298 1699 2469 1738 capessendis
2481 1700 2631 1729 accusatio-

1527 1737 1619 1772 nibus,
1626 1744 1678 1780 'aut
1686 1747 1747 1767 reos
1757 1740 1885 1775 tutando,
1895 1739 2240 1777 prosperioreeloquentiae
2250 1748 2334 1776 quani
2345 1748 2456 1769 morum
2465 1737 2538 1767 fama
2546 1738 2607 1767 fuit.

1507 1775 1719 1818 Accusationem
1734 1777 1759 1805 Sc
1777 1776 1914 1812 judicium
1931 1777 2060 1806 conflare.
2099 1777 2129 1807 V.
2149 1786 2165 1805 c
2175 1786 2302 1806 ONFLO.
2343 1787 2345 1790 ⁴

1507 1813 1718 1856 Accusationem
1732 1820 1832 1881 lpetere
1849 1816 1879 1844 in
1894 1815 2023 1852 aliquem.
2066 1814 2185 1852 Quintil.
2203 1813 2251 1844 lib.
2265 1826 2288 1849 ς.
2301 1824 2361 1852 cap.
2382 1823 2424 1850 13.

1507 1851 1717 1880 Accusationem
1757 1851 1894 1882 hetorices
1908 1853 2039 1890 profiteri.
2078 1851 2196 1890 Quintil.
2206 1852 2254 1882 lib.
2264 1862 2289 1881 2.
2309 1862 2368 1889 cap.
2385 1861 2427 1888 17.
2458 1851 2557 1888 Agrion
2571 1851 2630 1888 qui-

1526 1889 1594 1955 demf
1608 1889 1729 1956 {Tetraxsit
1741 1889 1789 1919 fibi
1796 1890 1974 1930 inscriptione
1994 1890 2052 1929 ipsa
2065 1890 2168 1927 fidem,
2193 1900 2247 1928 qua
2264 1890 2415 1919 rhetorices
2425 1888 2629 1920 accusationem

1525 1937 1576 1964 pro
1591 1937 1605 1955 e
1629 1937 1661 1956 us
1681 1937 1696 1956 e
1720 1951 1726 1956 .

1505 1964 1698 2008 Accusationes
1708 1974 1844 1995 exercere.
1866 1966 1956 1996 Tacit.
1968 1967 2035 1997 Hist.
2049 1976 2074 1997 2.
2091 1977 2131 1996 10.
2152 1965 2246 2004 ipsum
2257 1965 2383 2003 Crispum
2395 1965 2507 1995 easdem
2520 1964 2628 1996 accusa-

1524 2009 1615 2047 tiones
1626 2013 1691 2032 cum
1704 2004 1818 2041 praemio
1831 2005 1981 2034 exercuiffe
1990 2006 2184 2035 meminerant.
2237 2004 2300 2033 Hoc
2314 2004 2352 2033 est
2362 2026 2370 2040 ‚
2391 2011 2422 2032 ut
2437 2003 2512 2032 idem
2528 2003 2628 2033 author·

1524 2041 1630 2070 ibidem
1649 2048 1747 2077 vocat,
1767 2041 1927 2072 Delationes
1943 2043 2075 2074 factitare.
2113 2042 2201 2080 Quod
2219 2044 2246 2074 δ’(
2262 2041 2322 2073 Cic.
2341 2043 2373 2072 in
2391 2041 2477 2072 Bruto
2500 2051 2561 2079 130.
2586 2041 2629 2071 di-

1524 2080 1565 2107 xit
1585 2078 1794 2108 Accusationem
1809 2079 1941 2111 faelitare.

1505 2116 1656 2147 Instituere.
1692 2117 1724 2146 V.
1743 2128 1753 2146 1
1763 2127 1783 2146 N
1792 2127 1874 2147 srr‘r
1885 2128 1904 2148 u
1912 2128 1939 2148 ο.

1505 2154 1646 2184 Instruere.
1685 2155 1717 2184 V.
1748 2166 1757 2184 i
1766 2158 1916 2186 NS'TRUO.

1503 2192 1536 2222 ln
1561 2193 1764 2223 accusationem
1777 2193 1893 2230 alicujus
1916 2194 1999 2223 coire.
2028 2193 2061 2223 V.
2082 2203 2183 2224 cono.

1503 2230 1654 2269 Suscipere.
1684 2231 1774 2260 Tacit.
1800 2232 1869 2262 Ann.
1892 2236 1917 2261 6.
1938 2242 1962 2270 7.

1503 2268 1578 2299 Inter
1586 2268 1789 2298 accusationem
1799 2270 1825 2299 ἃ
1835 2269 2067 2299 maledicentiam.
2089 2268 2146 2299 Cic.
2160 2278 2211 2307 pro
2221 2267 2313 2298 Coelio
2325 2279 2348 2304 ς.
2364 2267 2457 2303 Aliud,
2471 2268 2571 2306 inquit,
2585 2269 2625 2300 est

1522 2307 1698 2343 maledicere,
1709 2307 1784 2337 aliud
1794 2307 1927 2337 accusare.
1949 2308 2100 2342 Accusatio,
2111 2308 2218 2336 crimen
2229 2306 2372 2342 desiderat,
2387 2315 2446 2335 rem
2460 2313 2492 2335 ut
2500 2306 2624 2344 definiat,

1521 2345 1666 2374 hominem
1678 2352 1709 2374 ut
1720 2351 1808 2380 notet,
1835 2352 1998 2382 argumento
2007 2345 2115 2383 probet,
2133 2345 2200 2374 teste
2210 2344 2364 2374 confirmet.
2404 2342 2568 2375 Maledictio
2578 2355 2625 2375 au·
2666 2376 2667 2382 ¹

1521 2390 1579 2412 tem
1590 2383 1658 2413 nihil
1678 2383 1761 2413 habet
1777 2384 1909 2421 propoliti
1919 2406 1927 2419 ‚
1948 2390 2046 2421 praeter
2056 2382 2273 2412 contumeliam:
2306 2392 2368 2419 quae
2382 2381 2579 2420 sipetulantius
2587 2384 2626 2420 ja-

1522 2423 1619 2456 ctatur,
1640 2421 1812 2451 convitium:
1835 2421 1853 2450 si
1871 2421 1997 2457 facetius,
2016 2421 2156 2450 urbanitas
2173 2421 2342 2450 nominatur.

1464 2460 1734 2495 Accusiissrcrs,
1755 2460 1782 2489 δε
1804 2468 1828 2488 e.
1858 2460 1874 2495 [
1887 2456 2015 2495 αᾶπκτὲς]
2038 2459 2123 2496 Quod
2145 2458 2319 2488 accusatione
2339 2463 2387 2487 aut
2410 2457 2626 2496 reprehenfione

1502 2498 1619 2535 dignum
1630 2497 1675 2526 est.
1698 2497 1761 2527 Hoc
1775 2497 1830 2532 est,
1861 2497 2016 2534 Quodjure
2030 2497 2150 2526 accusari
2165 2496 2210 2527 vel
2220 2495 2386 2534 reprehendi
2397 2496 2495 2534 potest.
2517 2496 2575 2527 Cic.
2594 2508 2622 2534 4.

1502 2535 1583 2566 Tusc.
1612 2544 1655 2573 75.
1690 2535 1819 2572 Quorum
1829 2535 1957 2564 omnium
1968 2534 2127 2575 accusabilis
2147 2535 2185 2563 est
2200 2534 2358 2572 turpitudo,

1464 2573 1486 2603 A
1494 2583 1511 2603 c
1520 2583 1536 2602 c
1546 2584 1561 2602 u
1570 2584 1582 2603 s
1591 2583 1608 2602 A
1617 2583 1636 2601 Τ
1643 2585 1652 2601 1
1660 2584 1679 2602 v
1687 2583 1706 2602 u
1714 2583 1726 2602 s
1747 2572 1821 2602 casus
1831 2595 1839 2608 ,
1860 2574 1875 2609 [
1887 2574 2023 2608 οοὶποιπιὴ]
2045 2573 2236 2602 Grammaticis
2257 2572 2358 2601 dicitur
2367 2593 2375 2606 ,
2397 2572 2444 2608 qui
2451 2571 2535 2600 etiam
2543 2572 2625 2602 Ineu-

1498 2612 1598 2641 sativus
1608 2610 1652 2640 vel
1663 2610 1819 2641 causativus
1830 2633 1838 2646 ,
1856 2610 1894 2640 cst
1904 2611 2018 2647 quirem
2030 2611 2161 2648 significat
2171 2616 2232 2639 tum
2241 2609 2356 2638 infinitis
2364 2610 2511 2638 verborum
2523 2619 2538 2638 a
2546 2611 2621 2648 prio-
2662 2619 2663 2622 ¹

1498 2659 1537 2685 re,
1557 2656 1617 2678 turn
1630 2649 1782 2678 activorum
1795 2648 1948 2678 transitioni
1963 2649 2211 2680 accommodatam.
2248 2647 2298 2677 Per
2307 2647 2383 2676 hunc
2394 2646 2438 2676 vel
2453 2646 2622 2685 accusamus,

1500 2687 1545 2717 vel
1556 2687 1667 2717 laudare
1676 2687 1818 2716 videmur:
1846 2686 1920 2716 unde
1940 2689 1966 2717 St
1981 2686 2147 2716 Laudativus
2166 2686 2275 2715 dicitur.
2660 2687 2661 2695 ¹

1463 2725 1536 2757 Ace
1548 2734 1670 2762 usvro,
1690 2729 1743 2758 are.
1765 2724 1901 2763 frequent.
1922 2725 1956 2754 ab
1970 2723 2075 2755 Accuso
2087 2746 2096 2760 ,
2115 2724 2192 2763 apud
2205 2723 2293 2755 Plaut.
2317 2722 2426 2754 Mostel.
2441 2731 2464 2759 3.
2479 2732 2505 2754 2.
2521 2732 2566 2761 23.

1911 2801 1939 2838 A
2035 2801 2066 2836 C
2160 2799 2188 2836 E

1464 2878 1548 2913 Ace,
1567 2877 1601 2907 V.
1624 2887 1708 2907 Aen.
1857 2887 1870 2902 ο
2666 2895 2667 2906 2

1463 2917 1624 2951 Act-uia,
1646 2926 1677 2945 ae.
1699 2911 1835 2951 [ἀεηδιί]
1858 2912 1955 2943 Latine
1967 2912 2114 2948 Securitas,
2136 2912 2266 2950 pigritia,
2291 2912 2408 2947 inertia,
2429 2910 2563 2947 socordia,
2574 2917 2622 2941 tae-
2653 2907 2655 2943 J

1501 2954 1587 2987 dium,
1600 2954 1714 2983 tristitia.
1736 2952 1839 2990 Vulgus
1849 2952 1943 2989 inepte
1954 2951 2094 2980 Accidiam
2110 2950 2238 2988 appellat.
2262 2950 2320 2979 Cic.
2337 2951 2390 2979 Att.
2418 2959 2458 2979 12.
2478 2961 2524 2987 45.
2545 2949 2619 2981 conf.
2653 2948 2654 2951 ¹

1502 2991 1561 3027 JCt.
1582 2993 1611 3021 in
1623 2991 1730 3021 Calvini
1740 2990 1803 3020 Lex.
1828 2989 1898 3019 Voss'.
1909 2990 1943 3017 de
1953 2989 2006 3018 Vit.
2018 2989 2103 3018 Serin.
2127 2988 2171 3017 Du
2189 2988 2289 3017 Fresne
2304 2989 2333 3016 in
2347 2987 2430 3017 Gloff.

1463 3029 1485 3058 A
1495 3039 1533 3058 cc
1544 3032 1621 3059 Dici
1632 3051 1640 3064 ,
1660 3031 1677 3065 [
1689 3026 1828 3063 A‘umiuffli]
1848 3026 1946 3064 Populi
1957 3027 2071 3056 suerunt
2084 3027 2112 3055 in
2129 3031 2225 3063 quarta
2236 3027 2350 3064 regione
2363 3025 2447 3055 Italia:
2456 3047 2466 3060 ,
2486 3025 2534 3062 qui
2549 3025 2620 3056 olim
2651 3040 2652 3043 ¹

1497 3067 1648 3105 IEquicolis
1658 3072 1817 3104 paruerunt.
1842 3065 1872 3093 V.
1886 3064 1954 3094 Plin.
1974 3064 2022 3093 lib.
2043 3074 2067 3099 3.
2090 3074 2150 3103 cap.
2165 3074 2207 3093 12.
2650 3069 2651 3075 ¹

1462 3105 1483 3134 A
1493 3115 1531 3134 cr.
1543 3116 1584 3133 LA
1598 3127 1606 3140 ,
1628 3105 1681 3134 sive
1696 3105 1739 3133 Ac
1750 3114 1823 3138 ηπ,
1845 3104 1859 3138 [
1875 3102 1976 3137 Α’κίλη]
1996 3102 2098 3131 Civitas
2109 3102 2146 3130 est
2158 3100 2256 3139 Lyciae,
2274 3101 2313 3129 ita
2322 3100 2395 3130 dicta
2409 3100 2442 3131 ab
2453 3100 2538 3130 Acelo
2548 3101 2618 3131 Her·
2649 3105 2650 3133 ζ

1498 3142 1567 3172 culis
1578 3142 1726 3172 &Malidis
1735 3140 1887 3180 Omphales
1898 3139 2007 3168 famula:¹
2016 3139 2082 3169 filio.
2104 3139 2150 3169 Ste
2173 3140 2198 3168 h.
2216 3139 2250 3167 de
2263 3139 2329 3168 Urb.
2648 3141 2650 3175 J

1462 3180 1483 3209 A
1493 3191 1509 3209 c
1519 3190 1582 3209 sic
1592 3192 1623 3215 M,
1636 3179 1765 3216 [Α’κελον]
1776 3178 1930 3216 'Oppidum
1938 3177 2022 3206 ltalia:
2034 3178 2063 3206 in
2078 3187 2127 3206 ora
2159 3183 2314 3206 enetoruin.
2336 3176 2367 3206 V.
2384 3175 2452 3205 Plin.
2466 3185 2539 3212 c.19.
2550 3174 2618 3212 l.13.
2647 3195 2656 3208 .

1461 3221 1596 3254 Aesim,
1616 3217 1753 3254 [A‘nepta]
1784 3216 1868 3246 Mons
1883 3215 1958 3245 estin
1967 3215 2098 3253 Alpibus,
2120 3225 2199 3253 aquo
2209 3215 2324 3253 profluit
2333 3214 2420 3243 amnis
2428 3214 2522 3243 Varus.
2547 3213 2617 3245 Prin.
2646 3225 2647 3237 i

1499 3255 1546 3285 lib.
1562 3265 1585 3292 3.
1612 3266 1671 3294 cap.
1693 3265 1716 3289 5.

1461 3294 1677 3328 AchTE'rA,
1699 3292 1834 3328 [ἁκένπιπκ
1852 3291 1868 3325 3
1888 3290 1920 3319 ld
1928 3290 1984 3326 est,
2011 3290 2067 3319 {ine
2078 3290 2188 3320 Puiictis
2197 3296 2243 3320 aut
2257 3290 2374 3319 Centris.
2413 3288 2458 3318 Sic
2477 3288 2619 3331 appellan-

1497 3339 1542 3360 tur
1555 3331 1679 3368 puriores
1693 3328 1820 3365 crystalli.
1842 3328 1910 3357 Plin.
1930 3328 1979 3356 lib.
2001 3337 2043 3365 37.
2063 3338 2121 3366 cap.
2135 3339 2160 3358 2.
2183 3329 2217 3358 de
2229 3327 2359 3366 crystallis
2374 3348 2382 3362 ‚
2402 3326 2538 3362 Quaeiine
2548 3327 2616 3356 vitio
2643 3358 2644 3363 ¹

1499 3369 1579 3403 sunt,
1597 3378 1679 3406 puras
1699 3366 1753 3396 effe
1773 3365 1896 3400 malunt,
1920 3372 2047 3395 acenteta
2063 3366 2243 3404 appellantes.
2642 3378 2643 3388 ι

1459 3407 1571 3442 Aeso,
1592 3407 1640 3441 ui,
1671 3405 1784 3442 [ὀξύνω]
1805 3406 1858 3433 ὅτε.
1893 3404 2009 3432 Aciduin
2029 3403 2091 3433 efl'e.
2113 3405 2198 3433 Acere
2208 3404 2305 3432 vinum
2315 3402 2426 3437 dicitur,
2442 3411 2506 3430 curn
2517 3401 2546 3429 in
2556 3410 2616 3430 ace·
2641 3419 2643 3439 ¹.

1496 3451 1557 3473 tuni
1572 3443 1757 3480 degeneravit.
1794 3441 1863 3470 Cato
1874 3441 1908 3469 de
1922 3440 1953 3470 R.
1970 3441 2001 3470 R.
2026 3451 2085 3479 cap.
2102 3447 2162 3477 148.
2186 3441 2249 3470 Vini
2266 3441 2295 3469 in
2312 3439 2407 3468 culeos
2419 3438 2538 3476 singulos
2550 3449 2618 3475 qua-
2641 3452 2642 3455 ¹

1496 3482 1624 3518 ‹li-agente
1644 3482 1669 3510 ἃ
1688 3479 1799 3517 {ir-igulae
1810 3488 1885 3508 urnae
1901 3479 2056 3514 dabuntur,
2077 3480 2153 3515 quod
2164 3488 2254 3516 neque
2269 3483 2345 3507 accat
2359 3499 2366 3509 ,
2393 3487 2483 3514 neque
2494 3482 2612 3505 muceat.
2640 3472 2642 3495 l

1492 3519 1562 3548 Inde
1572 3519 1603 3547 rit
1612 3518 1730 3552 Acesco,
1751 3519 1865 3546 Acetum
1880 3538 1888 3551 ,
1910 3518 1936 3545 &a
1950 3517 2051 3545 Acidus
2069 3517 2245 3553 adjectivum.
2266 3515 2331 3553 Ulp.
2358 3514 2408 3544 lib.
2421 3526 2447 3550 9.
2469 3515 2489 3551 §.
2503 3514 2552 3546 ult.
2577 3513 2611 3546 D.

1498 3557 1533 3585 dc
1549 3556 1675 3585 contrah.
1687 3565 1739 3585 em.
1758 3555 1872 3584 Simodo
1886 3554 1983 3583 vinum
1994 3555 2076 3583 acuit.
2638 3551 2640 3563 ⁵

1458 3595 1613 3629 Accsco,
1636 3593 1750 3630 [ὸξιὶζω]
1772 3593 1809 3627 ui,
1830 3601 1883 3620 ere.
1905 3591 2022 3620 Acidum
2032 3591 2098 3621 fieri.
2139 3590 2276 3621 Columel.
2289 3591 2336 3620 lib.
2354 3600 2396 3620 12.
2412 3599 2472 3628 cap.
2486 3592 2530 3620 26.

1494 3631 1527 3660 In
1545 3642 1600 3668 quo
1619 3641 1683 3667 agro
1701 3631 1797 3660 vinum
1817 3629 1939 3658 acelcere
1954 3628 2028 3657 solet.
2064 3629 2131 3659 Hor.
2151 3639 2173 3658 1.
2197 3629 2278 3667 Epist.
2301 3638 2327 3658 2.
2358 3639 2401 3663 54.

1567 3670 1711 3698 sincerum
1729 3667 1766 3697 est
1784 3667 1832 3696 nili
1848 3677 1895 3695 vas
1910 3688 1917 3702 ,
1943 3667 2130 3704 quodcunque
2146 3667 2284 3701 infundis,
2313 3665 2419 3695 acescit.
2637 3679 2638 3682 ¹
2653 3670 2661 3677 ·’

1494 3707 1561 3735 Acui
1579 3707 1748 3743 praeteritum
1766 3705 1799 3734 ab
1820 3703 1929 3733 Acesco.
1976 3704 2038 3741 Uip.
2069 3710 2109 3738 18.
2132 3704 2231 3742 Digest.
2258 3705 2298 3733 tit.
2323 3704 2358 3733 de
2379 3703 2463 3732 Peric.
2488 3702 2515 3731 ἃ
2538 3709 2612 3730 com·
2650 3718 2651 3724 κ

1512 3745 1598 3772 modo
1613 3745 1650 3773 rei
1670 3743 1809 3777 venditae,
1840 3742 1868 3771 Si
1880 3742 1978 3770 vinum
1995 3742 2141 3770 venditum
2165 3742 2286 3776 acuerit,
2305 3740 2351 3770 vel
2368 3740 2435 3778 quid
2457 3739 2534 3768 aliud
2553 3737 2612 3768 vitii
2645 3750 2650 3766 ι·

1509 3781 1684 3810 riistinuorit:
1707 3781 1738 3809 i'd
1748 3780 1786 3810 rest
1800 3801 1808 3814 ,
1825 3779 1929 3808 factum
1947 3779 2030 3808 fuerit
2044 3780 2174 3814 acidum,
2195 3789 2306 3808 acorem
2324 3778 2501 3808 contraxerit.

1456 3819 1659 3853 Acssscizrxis,
1694 3818 1817 3854 [οέύνων]
1837 3817 1904 3845 Plin.
1926 3815 1972 3845 lib.
1996 3826 2036 3844 11.
2060 3826 2119 3854 cap.
2144 3821 2183 3845 16.
2231 3816 2357 3852 Quarum
2378 3816 2510 3851 injuriam
2528 3813 2610 3843 celer-
2632 3823 2647 3829 ¹·

1490 3857 1557 3885 rime
1569 3857 1690 3885 sentiunt
1701 3855 1783 3884 mella
1794 3876 1802 3890 ,
1817 3854 1860 3884 vel
1878 3854 1996 3882 minimo
2011 3855 2088 3883 tactu
2110 3855 2179 3884 roris
2199 3854 2361 3883 acescentia.

1456 3895 1551 3923 Acci<
1563 3916 1570 3928 ,
1592 3895 1654 3923 oris.
1680 3903 1718 3921 m.
1750 3894 1763 3927 [
1779 3892 1884 3926 ὀξύτης]
1914 3891 2027 3920 verbale
2050 3892 2083 3920 ab
2103 3893 2176 3921 Aceo
2188 3913 2195 3925 ,
2217 3893 2302 3929 Sapor
2314 3891 2427 3924 acidus,
2450 3896 2480 3919 ut
2498 3889 2528 3917 in
2544 3889 2609 3917 vino
2632 3893 2657 3917 ’,τ

1492 3932 1636 3970 postquam
1650 3931 1740 3960 acuit:
1770 3930 1840 3959 iterii
1852 3929 1883 3959 iri
1900 3928 1973 3958 malo
1992 3930 2115 3967 punico,
2145 3932 2171 3959 §c
2190 3929 2250 3959 aliis
2270 3929 2352 3959 rebus
2367 3929 2480 3959 acidum
2497 3926 2609 3994 ssscggm
2642 3931 2664 3952 ¹·

2529 3974 2543 3993 a
2579 3971 2610 3992 ns
