2600 4177
484 147 514 183 C
609 151 625 184 I
723 149 754 184 V

102 228 178 258 Civis
188 225 333 266 'Peregrina
341 230 366 260 ἃ
375 229 455 259 Exuli
466 229 1006 267 oppositus.Cic.4.Acad.176.Postremo
1016 230 1103 260 solum
1110 230 1210 265 civem,

122 267 210 296 solum
222 268 356 298 liberum:
380 268 538 305 insipientes
547 277 644 296 omnes
660 269 829 304 peregrinos,
840 269 948 303 exules,
968 269 1064 303 servos,
1086 268 1210 297 furiosos.

101 302 225 333 Libertas
240 305 350 334 civium.
393 306 449 334 Cic.
460 314 508 342 pro
520 304 613 334 Rabir.
627 305 714 334 Posth.
728 314 769 341 53.
792 306 889 340 Neque
902 316 963 343 ego,
984 307 1028 335 cui
1038 305 1164 334 omnium
1174 306 1214 334 ci-

119 342 193 370 vium
204 339 315 370 libertas
329 342 472 371 clariffima
482 341 571 370 fuifl‘et
584 363 591 375 ,
612 351 703 371 meam
713 343 897 380 projeciileni.

102 376 239 408 Parricida
256 379 368 408 civium.
407 379 464 408 Cic.
486 388 508 407 1.
520 379 549 407 in
560 379 639 408 Catil.
651 389 694 413 29·
718 380 798 409 Certe
812 381 965 410 verendum
980 380 1048 410 milii
1063 390 1119 409 non
1137 388 1212 414 erat,

119 416 233 450 nequid,
248 415 301 444 hoc
312 416 447 454 parricida
462 416 566 446 civium
580 417 729 446 intersecto
745 439 752 453 ,
774 419 885 447 invidiae
905 419 975 447 inihi
986 419 1016 447 in
1026 418 1213 456 posteritatem

120 452 295 481 redundaret.

101 488 174 518 'Clari
182 490 266 519 cives.
288 490 406 525 Quintil.
422 490 471 519 lib.
485 501 508 525 ς.
532 499 593 528 cap·
609 500 652 521 11.

102 527 245 556 Clarillimi
255 528 362 557 cives&
374 528 540 557 summiviri.
583 528 640 558 Cic.
654 537 677 558 1.
689 529 716 557 in
728 529 807 559 Catil.
821 538 865 565 ²9·
888 530 997 559 Etenim
1016 530 1034 558 si
1046 529 1144 558 summi
1162 529 1213 558 viri

122 563 294 594 &clarissimi
310 565 401 598 cives,
422 566 584 599 Saturnini,
605 568 631 595 ὅ(
648 567 835 595 Gracchorum
847 589 854 601 ,
877 569 903 596 &
916 567 1003 596 Flacci
1017 590 1025 602 ,
1049 569 1075 595 St
1096 566 1214 604 superio-

123 611 182 630 rum
196 602 382 638 complurium
390 603 521 640 sanguine
531 613 587 632 non
599 604 684 632 modo
698 604 724 632 se
735 614 793 633 non
806 605 1046 638 contaminarunt,
1063 606 1114 633 διε.

104 637 221 676 Egen'tes
239 640 312 668 cives
327 642 352 669 Sc
370 640 448 670 servi.
485 642 543 670 Cic.
556 651 606 679 pro
627 641 726 671 Milon.
740 649 782 677 37.
809 642 956 671 Servorum
977 644 1002 672 ἃ
1023 643 1163 679 egentium
1178 641 1216 669 ci-

123 677 198 706 vium
210 699 217 711 ,
238 678 263 706 ἃ
275 677 491 707 facinorosorum
505 679 586 708 arinis
598 688 675 708 mccs
692 679 775 715 cives,
797 680 866 709 meis
883 680 1012 715 consiliis,
1032 678 1215 718 periculisque

123 713 257 749 servatos,
278 725 328 751 pro
339 725 384 745 nie
395 716 480 752 objici
491 717 579 746 nolui.
1143 732 1144 736 ¹

104 749 218 781 Infimus
228 753 306 782 civis.
347 753 377 783 V.
399 764 436 782 iN
446 765 482 783 PF.
493 765 509 783 R
521 765 538 783 u
548 764 570 784 s.

104 788 203 819 insitus
215 790 284 819 urbi.
324 790 355 820 V.
378 801 386 819 i
399 801 419 820 N
429 802 441 820 s
451 802 464 820 R
476 803 490 820 a
500 802 527 821 o.

104 826 238 856 Perditus.
261 828 317 856 Cic.
331 838 356 858 2.
370 829 398 858 in
409 829 489 859 Catil.
506 839 547 858 12.

84 888 91 893 .,
104 863 292 894 Potentiorum
306 867 407 896 civium
418 867 533 904 superba
543 867 649 897 limina.
669 866 766 896 Horat.
777 867 866 905 Epod.
879 876 906 898 ².
920 866 946 902 8.

104 901 201 932 Rarus.
224 901 342 933 Martiai.
354 904 400 933 lib.
418 914 458 933 12.
473 913 515 940 5³·
637 935 638 938 ,

196 940 312 970 Nummi
323 952 408 979 quum
420 942 472 972 tibi
483 943 551 976 sint,
573 941 694 979 opesque
708 947 791 971 tantae
804 965 811 977 ,

197 978 322 1014 Quantas
330 981 396 1009 civis
405 981 489 1010 habet
499 1002 507 1016 ,
529 980 642 1009 Paterne
657 1002 664 1013 ,
688 990 763 1009 rarus
774 1003 781 1015 ,
803 982 854 1010 Sic.

105 1010 257 1045 Romanus.
297 1017 355 1046 Cic.
372 1027 397 1055 7.
413 1018 487 1047 Verr.
502 1020 563 1053 146.
585 1017 622 1046 Ut
634 1019 718 1046 etiam
729 1018 773 1046 illa
783 1028 837 1047 vox
851 1019 877 1047 Sc
890 1017 937 1046 illa
947 1017 1105 1056 imploratio
1115 1039 1122 1053 ‚
1142 1017 1217 1048 Civis

123 1053 265 1083 Romanus
275 1053 334 1084 sum
345 1077 352 1089 ,
374 1066 433 1093 quae
442 1055 514 1094 saepe
522 1054 617 1085 multis
628 1055 656 1084 in
668 1055 773 1085 ultimis
780 1056 859 1085 terris
871 1065 955 1093 opem
968 1057 1040 1086 inter
1053 1056 1180 1086 barbaros
1191 1057 1218 1086 8(

123 1090 239 1120 salutem
251 1091 333 1128 tulit,
346 1095 397 1123 ἃς.

104 1127 240 1158 Romana.
276 1129 334 1160 Cic.
369 1141 398 1160 ro
408 1131 490 1160 Corn.
502 1130 577 1160 Balb.
592 1140 634 1166 55.
664 1131 711 1160 Sic
720 1130 794 1168 apud
804 1131 968 1160 Terentium
981 1154 988 1166 ,
1011 1132 1080 1161 And.
1093 1141 1117 1162 1.
1133 1139 1157 1168 3.
1172 1133 1214 1161 16.

126 1166 199 1196 Civis
211 1167 306 1197 Attica.
346 1141 396 1203 lit,
416 1169 494 1198 Civis
503 1168 715 1204 Halicarnaffia‚
736 1169 811 1206 apud
821 1169 893 1207 Nep.
904 1179 930 1200 2.
943 1179 967 1199 1.
979 1179 1006 1200 2.

103 1202 232 1233 Seditiofi
243 1205 325 1236 cives.
349 1208 406 1236 Cic.
419 1218 446 1242 4.
461 1207 541 1236 Acad.
557 1214 599 1243 13.

105 1241 223 1279 Trepidi
233 1243 316 1273 cives.
340 1244 411 1282 Virg.
426 1254 467 1274 12.
485 1245 546 1274 JEn.
566 1250 628 1280 58³.

106 1279 242 1309 Asciscere
254 1282 353 1311 civem.
376 1283 432 1312 Cic.
445 1293 494 1320 pro
503 1282 585 1311 Corn.
598 1281 674 1311 Balb.
689 1290 732 1316 ιο.

104 1316 168 1354 Egit
183 1317 309 1384 Rlokr-nana
325 1319 386 1350 suos
398 1320 533 1350 discordia
549 1320 623 1349 cives
636 1341 644 1355 ,
665 1318 774 1349 Bellum
785 1318 881 1349 Romae
900 1320 1060 1350 intestinum
1075 1321 1136 1351 fuit.
1157 1319 1219 1350 Pro-

123 1363 192 1392 pert.
218 1366 225 1384 i
240 1375 254 1385 ..
265 1367 289 1387 1.
299 1366 343 1387 22.
360 1369 383 1393 ς.

104 1393 203 1423 Arcere
213 1393 332 1431 aliquem
341 1396 443 1426 civium
454 1406 470 1425 a
479 1395 552 1431 vita,
572 1395 753 1432 fortunisque.
794 1395 853 1425 Cic.
867 1406 890 1425 1.
903 1396 931 1424 in
943 1396 1022 1425 Catil.
1037 1404 1079 1432 33.
1101 1396 1176 1426 Tum
1187 1401 1219 1425 tu

123 1430 253 1469 ¹luppiter
263 1454 271 1468 ‚
290 1434 343 1463 &a
363 1433 441 1463 hunc
450 1435 474 1463 δι
486 1433 569 1470 hujus
578 1433 665 1463 socios
676 1443 691 1462 a
703 1434 757 1462 tuis
768 1434 821 1462 aris
831 1455 839 1469 ,
859 1434 1011 1471 ceterisque
1026 1434 1138 1471 templis
1156 1444 1170 1463 a
1179 1436 1220 1463 'te-

125 1470 176 1498 ctis
187 1469 262 1499 urbis
271 1480 303 1500 ac
311 1472 451 1501 moenibus
463 1494 470 1504 ,
492 1482 506 1500 a
518 1472 572 1501 vita
583 1493 591 1506 ,
611 1471 782 1508 fortunisque
793 1472 898 1501 civium
910 1473 1038 1501 omnium
1052 1471 1166 1501 arcebis.

104 1506 232 1536 Clamare
244 1508 369 1538 secivem
380 1510 545 1539 Romanum.
587 1510 644 1539 Cic.
658 1519 683 1545 7.
701 1509 774 1538 Verr.
789 1513 851 1545 146.
874 1510 970 1546 Quum
980 1511 1001 1539 is
1020 1510 1067 1546 qui
1080 1509 1108 1540 se
1129 1510 1220 1540 civem

124 1544 281 1575 Romanum
291 1547 344 1577 effe
354 1548 500 1583 clamaret,
521 1548 550 1576 in
560 1557 673 1577 crucem
682 1554 817 1584 ageretur.

104 1581 258 1614 Continere
267 1585 341 1615 cives
351 1585 447 1615 eadem
461 1586 597 1622 aequitate.
628 1585 661 1615 In
681 1595 698 1614 c
709 1595 725 1614 o
736 1595 755 1614 N
764 1594 784 1613 T
794 1596 804 1613 1
813 1594 835 1614 N
845 1594 860 1614 ι
869 1594 896 1614 o.

105 1619 177 1650 Dare
189 1621 277 1651 civem
289 1623 409 1661 populis.
429 1624 476 1653 Sil.
490 1623 537 1653 lib.
550 1629 574 1658 8.
586 1633 650 1659 409.

105 1656 177 1688 Dare
188 1659 293 1690 civibus
306 1661 403 1691 urbem
413 1683 421 1697 ,
442 1661 589 1691 Civitatem
603 1661 733 1691 condere.
754 1660 828 1697 Virg.
846 1671 870 1696 ς.
886 1661 947 1690 AEn.
961 1662 1024 1696 631.

197 1697 269 1733 Quis
276 1699 405 1736 prohibet
413 1708 507 1728 muros
516 1700 606 1735 jacere
616 1721 623 1734 ,
645 1701 671 1729 ἃ
679 1699 744 1728 dare
757 1699 865 1728 civibus
875 1699 970 1728 urbem
980 1700 993 1728 ‘2

106 1733 265 1766 Defendere
276 1738 366 1766 civem
377 1747 392 1767 a
406 1737 540 1774 periculo.
579 1737 612 1768 In
633 1747 651 1766 D
661 1747 697 1766 aa
705 1747 719 1766 a
728 1746 748 1766 N
759 1747 777 1765 D
789 1746 815 1766 o.

105 1769 210 1802 lnferre
220 1774 323 1804 samem
333 1775 448 1805 civibus.
470 1775 528 1806 Cic.
538 1785 564 1810 9.
577 1776 631 1806 Art.
646 1784 688 1804 12.

105 1807 255 1848 Negligere
266 1812 380 1842 salutem
391 1813 503 1843 civium.
526 1813 583 1844 Cic.
597 1822 619 1842 1.
633 1813 662 1842 in
674 1812 754 1842 Catil.
766 1817 811 1846 28.

104 1847 275 1885 Relinquere
286 1851 441 1881 incolumes
449 1851 533 1881 cives.
573 1851 631 1881 Cic.
647 1860 673 1880 2.
690 1852 719 1880 in
728 1850 845 1880 Catil.2.

126 1892 185 1915 tum
195 1897 356 1918 mucronem
366 1911 374 1923 ,
389 1895 420 1918 ut
431 1888 528 1924 voluit,
544 1889 660 1919 extulit:
682 1889 758 1926 quod
768 1888 838 1918 vivis
848 1888 929 1917 nobis
939 1887 1057 1925 egressus
1068 1888 1122 1917 est:
1144 1887 1221 1924 qnod

123 1924 150 1952 ei
162 1923 264 1955 ferrum
273 1927 308 1955 de
316 1927 445 1957 manibus
457 1927 636 1957 extorsimus:
658 1927 734 1964 quod
745 1926 901 1956 incolumes
915 1926 999 1961 cives,
1020 1925 1095 1963 quod
1105 1926 1221 1956 stantem

122 1963 222 1993 urbem
231 1964 344 2001 reliquit
355 1987 363 2000 ,
383 1966 434 1995 &a

105 1998 216 2030 Tenere
227 2002 284 2036 jura
293 2003 404 2032 civium.
426 2003 484 2032 Cic.
497 2012 519 2032 1.
532 2003 561 2032 in
573 2002 652 2033 Catil.
664 2008 710 2037 28.

105 2037 231 2068 Tradere
241 2040 297 2069 vias
307 2041 475 2079 optimarum
483 2041 583 2070 artium
593 2041 710 2071 civibus.
730 2040 785 2070 Cic.
799 2049 825 2069 2.
836 2039 871 2069 de
884 2040 978 2070 Divin.
993 2048 1016 2069 1.
1048 2077 1055 2084 -

107 2075 182 2106 Civis
194 2077 259 2106 hinc
266 2077 312 2107 est.
352 2077 465 2108 Terent.
475 2079 545 2108 And.
557 2089 580 2114 ς.
597 2089 619 2109 1.
635 2089 677 2114 1⁴·
700 2078 778 2108 illam
789 2078 856 2107 hinc
868 2079 958 2107 civem
968 2076 1021 2107 esse
1030 2082 1118 2106 aiunt.

69 2112 93 2143 C
102 2123 111 2142 i
120 2123 138 2143 v
146 2117 158 2144 ῖ
167 2124 187 2143 T
197 2125 216 2144 Α
227 2125 239 2144 s
247 2137 255 2151 ‚
275 2116 337 2146 atis,
360 2117 379 2146 f,
402 2113 521 2152 [πόλις]
541 2127 557 2147 a
568 2116 681 2147 Civibus
692 2116 830 2155 appellata
843 2116 882 2145 est
894 2138 902 2152 ‚
923 2115 995 2153 quasi
1007 2114 1120 2145 Civium
1129 2113 1224 2144 multi-

107 2153 175 2181 tudo
187 2171 194 2183 ‚
218 2153 261 2182 vel
273 2155 366 2192 potius
380 2154 556 2184 Universitas.

105 2189 208 2220 Civitas
220 2193 332 2230 proprie
344 2192 480 2222 inincolis
490 2215 499 2227 ,
520 2193 549 2221 in
559 2202 643 2223 unam
654 2192 814 2222 societatem
829 2191 931 2227 iunetis
943 2213 951 2226 ,
971 2191 1117 2220 aestimatur
1132 2201 1141 2227 3
1163 2198 1223 2220 non

124 2229 155 2258 in
178 2229 301 2259 :edificiis
313 2252 320 2265 ,
341 2230 399 2259 Cic.
417 2231 492 2268 apud
514 2231 639 2260 Nonium
653 2253 660 2266 ,
684 2242 708 2265 5.
722 2240 767 2266 27.
805 2229 1043 2265 Conjunstionem
1064 2230 1201 2258 tectorum
1212 2251 1221 2264 ,

123 2267 272 2305 oppidum,
294 2267 339 2297 vel
351 2268 447 2298 urbem
456 2268 675 2306 appellaverunt,
693 2268 815 2297 delubris
824 2268 982 2296 distinclam
993 2267 1136 2304 spatiisque
1148 2276 1223 2296 com-

123 2305 263 2335 munibus.
301 2306 403 2335 Omnis
414 2316 479 2344 ergo
489 2307 610 2345 populus
623 2330 631 2344 ,
653 2307 700 2344 qui
711 2306 748 2335 est
761 2305 823 2336 talis
840 2314 931 2334 coetus
943 2305 1140 2341 multitudinis,
1159 2313 1224 2342 qua-

74 2346 75 2349 ’
124 2342 179 2372 lem
189 2343 304 2382 exposui
316 2365 324 2379 ,
344 2344 440 2374 civitas
455 2344 501 2374 est.

106 2380 182 2418 Quid
195 2381 225 2410 fit
236 2382 338 2411 Civitas
349 2404 357 2417 ,
379 2382 517 2412 succinere
536 2383 562 2412 8<
580 2382 720 2420 eleganter
739 2380 871 2410 describit
882 2381 940 2410 Cic.
951 2381 986 2410 de
999 2381 1095 2411 Somn.
1108 2381 1182 2418 Scip.
1194 2391 1221 2416 4.

124 2418 285 2448 Nihilenim
296 2420 333 2449 est
343 2420 381 2449 illi
392 2421 512 2458 principi
521 2421 579 2450 Deo
589 2442 598 2455 ,
619 2421 665 2457 qui
677 2429 790 2449 emnem
801 2419 876 2448 hunc
886 2419 1023 2448 mundum
1035 2420 1125 2462 regit,
1147 2419 1224 2462 quod

145 2457 239 2486 uidem
248 2458 276 2486 in
287 2458 366 2487 terris
375 2458 421 2487 siat
431 2461 575 2496 acceptius
587 2480 595 2493 ,
616 2468 700 2494 quam
710 2457 832 2491 consilia,
852 2456 996 2493 coetusque
1005 2457 1152 2487 hominum
1163 2464 1224 2492 jure

137 2495 220 2524 ociati
231 2517 237 2527 .
259 2505 318 2532 quac
329 2497 457 2526 civitates
472 2496 656 2535 appellantur.
696 2496 773 2525 ldem
786 2504 837 2532 pro
852 2495 926 2524 Sext.
941 2505 985 2530 91.
1014 2494 1089 2527 Tum
1101 2504 1224 2525 conven-

61 2564 63 2567 ,
121 2532 208 2562 ticula
222 2532 369 2563 homiuum
383 2556 391 2569 ,
413 2544 473 2571 quae
484 2534 576 2572 postea
585 2535 709 2563 civitates
720 2533 872 2562 nominatae
886 2532 957 2562 sunt.

105 2571 240 2600 Civitas&
251 2581 300 2608 pro
310 2571 374 2600 loco
385 2594 393 2606 ,
415 2574 440 2602 ἃ
451 2582 501 2610 pro
515 2573 622 2610 oppido
632 2595 640 2607 ,
660 2574 688 2602 se
712 2581 763 2610 pro
780 2572 841 2606 jure
858 2580 970 2607 quoque
991 2570 1117 2600 omnium
1133 2571 1159 2600 &
1171 2580 1223 2608 pro

123 2608 271 2638 hominum
287 2609 468 2639 multitudine
483 2610 593 2645 dicitur,
615 2611 706 2648 inquit
726 2609 834 2638 Verrius
853 2609 967 2638 Flaccus
986 2609 1062 2646 apud
1082 2609 1222 2645 Gellium,

129 2652 169 2681 ¹8·
185 2656 211 2683 7.
224 2647 297 2676 conf.
310 2648 424 2684 Coquej.
437 2649 472 2676 ad
483 2649 623 2686 ssugustin.
636 2649 672 2677 de
684 2648 744 2677 Civ.
758 2647 810 2676 Dei
821 2668 830 2682 ,
853 2658 875 2676 1.
892 2657 934 2683 ις.
946 2657 975 2684 p.
987 2653 1029 2682 58.

872 1849 959 1886 Quod
970 1859 1034 1878 vero
1049 1858 1107 1878 non
1124 1858 1221 1879 cruen-

17 2703 25 2710 .-
69 2720 78 2727 -.
103 2684 227 2720 Civitas,
249 2695 298 2722 pro
309 2685 402 2720 Urbe,
423 2692 471 2715 aut
483 2687 600 2724 oppido.
642 2685 700 2716 Liv.
714 2693 758 2720 29·
773 2690 817 2721 38.
831 2695 871 2721 pr.
893 2684 1135 2714 Eademaestatein
1144 2684 1224 2714 Brut-

124 2723 170 2751 tiis
178 2722 333 2760 Clampetia
351 2723 494 2753 aConsule
506 2731 605 2762 capta,
626 2723 793 2757 Consentia,
815 2724 841 2752 ἃ,
862 2722 993 2752 Pandosia
1005 2744 1014 2759 ‚
1036 2724 1063 2753 δι
1084 2722 1223 2761 ignobiles

122 2760 181 2790 aliae
192 2761 319 2790 civitates
329 2761 472 2791 voluntate
483 2762 512 2791 in
522 2763 698 2791 deditionem
706 2767 853 2790 venerunt.
1131 2783 1132 2786 ,

104 2796 174 2827 Urbs
192 2799 334 2828 &civ-itas.
374 2799 432 2829 Cic.
443 2812 470 2836 4.
488 2800 572 2830 Acad.
588 2803 647 2836 136.
669 2798 796 2836 Denique
816 2798 917 2836 scripta
935 2797 1068 2836 Lycurgi,
1089 2798 1220 2835 Solonis,

122 2845 179 2865 xii
195 2836 304 2866 tabulas
313 2837 435 2872 nostras,
457 2848 514 2867 non
525 2837 579 2867 effe
596 2837 692 2876 leges?
714 2847 751 2866 ne
770 2836 851 2866 urbes
871 2836 992 2873 denique
1013 2844 1059 2866 aut
1077 2837 1220 2873 civitates,

122 2874 171 2903 nisi
182 2884 242 2911 quae
251 2874 338 2904 essent
351 2874 516 2913 sapientium
528 2876 541 2905 e?

102 2911 238 2942 Civitates
252 2915 278 2942 {it
288 2914 449 2951 municipia.
490 2914 547 2944 Cic.
562 2923 612 2952 pro
625 2913 735 2942 Muren.
746 2921 792 2949 47.
815 2911 942 2941 Graviter
954 2911 1198 2943 homineshonesti
1210 2932 1218 2948 ,

78 2957 79 2961 ¹
122 2956 204 2986 atque
214 2951 241 2979 in
252 2950 304 2980 suis
314 2951 474 2981 civitatibus
485 2954 511 2982 δι
522 2952 682 2989 municipiis
695 2950 801 2988 gratiosi
812 2949 945 2980 tulerunt.

102 2984 191 3017 Patria
211 2988 339 3018 civitatis.
378 2990 435 3018 Cic.
452 2999 478 3018 2.
494 2991 530 3020 de
546 2990 642 3027 Legib.
654 2997 679 3025 ς.
712 2989 769 3025 Ego
788 2997 833 3017 me
853 2987 965 3017 hercule
983 2988 1009 3017 ἃ
1029 2987 1069 3017 illi
1087 2989 1114 3018 &
1131 2989 1223 3018 omni-

122 3025 172 3055 bus
190 3026 380 3070 municipibus
399 3027 467 3057 duas
485 3027 539 3057 effe
556 3027 655 3058 censeo
673 3028 792 3065 patrias:
814 3035 899 3055 unam
913 3032 1017 3055 naturae
1028 3048 1036 3061 ,
1057 3026 1171 3056 alteram
1184 3028 1222 3057 ci·

74 3086 79 3091 .
121 3071 221 3093 vitatis.

72 3100 74 3102 ’
102 3101 203 3131 Clades
213 3101 332 3132 civitatis
343 3103 514 3141 importuna.
554 3103 611 3132 Cic.
622 3101 657 3132 de
665 3102 739 3131 Clar.
752 3102 829 3131 Orat.
843 3109 904 3137 3³2.
931 3100 984 3130 Etsi
995 3100 1104 3130 cursum
1114 3102 1221 3139 ingenii

123 3140 179 3174 tui,
202 3139 298 3175 Brute,
319 3141 421 3178 premit
431 3141 490 3170 haec
498 3142 657 3179 importuna
671 3140 764 3169 clades
775 3139 902 3169 civitatis.
1046 3177 1051 3183 .

103 3176 376 3208 Commemoratione
389 3179 507 3208 civitatis
519 3179 615 3208 omnia
628 3178 744 3207 verbera
760 3177 938 3215 depulsurum
949 3198 956 3212 ‚
977 3182 1187 3215 cruentumque
1205 3188 1221 3207 a

122 3225 239 3252 corpore
250 3215 423 3251 dejecturum
434 3217 622 3247 arbitrabatur.
645 3216 702 3245 Cic.
714 3226 740 3252 7.
756 3215 828 3245 Verr.
843 3219 903 3244 161.

102 3251 272 3282 Desiderium
283 3254 410 3284 civitatis.
449 3254 507 3284 Cic.
520 3261 571 3292 pro
584 3254 674 3283 Domo
687 3259 731 3291 87.
754 3252 819 3283 Non
830 3253 949 3282 decretis
958 3252 1042 3282 Italiae
1051 3275 1059 3289 ‚
1082 3262 1140 3283 non
1154 3253 1221 3283 defi.

123 3291 200 3319 derio
210 3291 339 3321 civitatis.
379 3292 500 3321 Subaudi
512 3292 631 3323 Reduffi
641 3291 712 3321 sunt.

103 3327 302 3396 Dsiiiimillgtudo
312 3331 386 3359 enim
398 3330 542 3360 civitatum
550 3331 710 3360 varietatem
720 3329 787 3366 Juris
795 3327 894 3358 habeat
903 3327 1011 3358 necesse
1022 3329 1069 3358 est.
1098 3328 1156 3359 Cic.
1168 3339 1220 3367 pro

142 3376 206 3396 vorn.
243 3367 295 3397 alb.
312 3377 354 3402 3¹·

103 3402 196 3433 Homo
205 3404 353 3434 multarum
364 3405 515 3435 civitatum.
552 3405 612 3435 Cic.
624 3415 675 3443 pro
688 3405 771 3434 Corn.
791 3403 866 3433 Balb.
879 3412 939 3447 ³0·.
956 3403 1051 3441 Itaque
1069 3405 1098 3434 in
1119 3405 1221 3435 Graecis

123 3442 280 3472 civitatibus
289 3443 415 3473 videmus
426 3466 434 3478 ,
456 3443 568 3474 Athenis
580 3443 705 3473 Rhodios
716 3464 724 3477 ‚
745 3442 972 3472 Lacedaemonios
982 3463 989 3475 ‚
1012 3449 1120 3472 ceteros
1139 3443 1221 3472 undi.

124 3489 177 3516 que
187 3479 282 3509 ascribi
295 3502 303 3516 ,
324 3481 529 3518 multarumque
536 3480 589 3510 effe
601 3481 712 3511 eosdem
724 3480 852 3509 homines
862 3480 1014 3509 civitatum.

103 3515 152 3551 Jus
163 3518 280 3548 civitatis
292 3517 398 3548 honore
406 3518 601 3556 digniilimum.
625 3519 682 3548 Cic.
691 3528 742 3548 oro
756 3518 839 3547 Corn.
851 3517 926 3547 Balb.
937 3526 983 3553 4².

104 3553 222 3592 Largitio
243 3558 268 3585 δι
281 3557 497 3586 communicatio
508 3556 637 3586 civitatis.
678 3550 737 3585 Cio.
757 3565 805 3593 pro
818 3555 901 3584 Corn.
916 3555 990 3584 Balb.
1004 3564 1048 3591 31.
1069 3555 1220 3593 Nunquam

123 3594 160 3621 est
170 3593 318 3623 intermiil'a
329 3605 344 3623 a
357 3595 509 3630 majoribus
519 3595 615 3623 nostris
628 3593 735 3630 largitio
747 3596 771 3623 ὁὶ
779 3593 997 3623 communicatio
1008 3593 1140 3623 civitatis.

134 3639 215 3659 omen
227 3632 344 3661 civitatis
355 3631 450 3661 nobile
461 3631 599 3662 &illustre
608 3632 683 3670 apud
691 3641 797 3661 omnes.
839 3631 897 3659 Cic.
910 3640 935 3665 7.
952 3630 1027 3659 Verr.
1042 3635 1103 3660 166.
1124 3632 1152 3660 Si
1167 3631 1221 3661 tibi

122 3667 220 3704 ignoto
230 3670 304 3706 apud
316 3670 426 3706 ignotos
436 3692 445 3704 ,
466 3670 541 3707 apud
552 3670 681 3698 barbaros
692 3691 699 3702 .
720 3669 795 3706 apud
806 3668 933 3697 homines
948 3669 977 3697 in
987 3669 1117 3697 extremis
1136 3676 1220 3706 atque

122 3705 228 3734 ultimis
239 3707 367 3743 gentibus
375 3708 476 3745 positos
490 3729 498 3744 ,
520 3707 616 3737 nobile
629 3709 655 3737 ἂ
667 3707 768 3736 illustre
779 3708 855 3743 apud
866 3715 963 3735 omnes
975 3709 1079 3736 nomen
1090 3714 1143 3736 tuae
1156 3708 1222 3737 civi..

123 3743 185 3771 tatis
198 3743 354 3779 profuiil'et:
376 3747 427 3775 Sic.

103 3774 215 3810 Nomen
225 3781 343 3811 civitatis
353 3782 425 3820 apud
436 3782 557 3820 aliquem
565 3780 665 3813 valere.
706 3781 765 3811 Cic.
777 3791 802 3817 7.
817 3780 892 3810 Verr.
905 3784 967 3816 165.
990 3782 1069 3819 Apud
1078 3788 1106 3811 te
1116 3792 1222 3812 nomen

72 3854 75 3856 .
124 3816 243 3847 civitatis
268 3828 302 3849 ne
325 3824 434 3850 tantum
458 3821 571 3858 quidem
599 3819 711 3850 valuisse
725 3841 733 3854 ,
766 3826 796 3848 ut
827 3818 993 3848 dilationem
1019 3819 1140 3857 aliquam
1162 3830 1222 3851 cru.

123 3855 179 3890 cis,
198 3857 249 3885 &cs

104 3888 215 3922 Nomen
229 3894 345 3924 civitatis
356 3895 502 3933 implorare
514 3897 539 3925 δι
551 3895 686 3933 usurpare.
709 3893 768 3923 Cic.
785 3902 809 3929 7.
824 3893 898 3922 Verr.
914 3896 975 3923 162.

105 3929 182 3959 Salus
194 3931 311 3961 civitatis
326 3933 421 3962 nititur
433 3934 462 3963 in
473 3933 575 3969 aliquo.
597 3934 654 3963 Cic.
667 3933 703 3961 de
713 3932 807 3961 Somn.
819 3932 894 3968 Scip.
909 3940 933 3968 3.

105 3967 196 4036 &agilis
206 3969 357 4039 civitlatum.
380 3971 499 4008 Quintil.
517 3971 565 4001 lib.
575 3980 601 4001 2.
613 3980 672 4007 cap.
688 3974 728 4000 16.

189 4015 205 4035 ο
217 4016 241 4036 1..
278 4030 284 4038 η

1697 153 1723 187 C
1818 155 1834 188 I
1924 157 1956 189 V
2366 171 2428 205 531

1315 229 1390 261 Vires
1402 233 1428 262 ἃ
1437 241 1528 263 mores
1539 234 1664 264 civitatis.
1691 233 1810 271 Quintil.
1822 235 1870 264 lib.
1882 245 1906 270 ς.
1918 245 1979 273 cap.
1992 241 2017 269 8.

1314 268 1498 305 Usurpsitione
1508 273 1533 301 St
1546 273 1688 301 mentione
1697 273 1814 302 civitatis
1823 273 1925 310 assequi
1936 275 2050 311 aliquid.
2073 274 2131 304 Cic.
2142 284 2168 311 7.
2181 275 2256 306 Verr.
2271 282 2330 311 ¹65.
2352 281 2432 317 Apud

1333 314 1361 334 te
1371 306 1515 349 Vra-torem
1527 310 1543 337 {i
1557 320 1612 337 non
1626 310 1761 344 effugi-im
1771 332 1779 344 ,
1801 320 1837 339 ne
1849 320 1954 340 moram
1969 313 2083 348 quidem
2103 314 2200 343 mortis
2212 336 2219 350 ,
2241 318 2383 347 mentione
2395 328 2435 348 at-

1333 353 1386 380 que
1399 348 1573 380 ulurpatione
1583 349 1698 376 civitatis
1708 347 1808 385 assequi
1819 349 1933 385 poro-it?

1315 380 1354 409 Ei:
1364 382 1473 410 civitati·
1487 384 1576 421 aliqua
1592 386 1773 422 ampliilimus
1784 386 1890 422 aliquis.
1912 387 1970 416 Cic.
1981 396 2031 424 pro
2042 387 2125 416 Corn.
2138 388 2214 418 Balb.
2229 400 2271 423 50.

1314 417 1396 484 ³³5⁸}
1407 420 1511 450 civitas.
1553 421 1610 452 Cic.
1627 432 1650 451 ι.
1664 423 1699 452 de
1709 423 1767 452 Fin.
1788 424 1887 460 Neque
1898 425 1974 454 enini
1985 425 2080 454 civitas
2089 426 2118 454 in
2131 424 2267 457 seditione
2281 430 2369 466 potest
2379 430 2432 460 effe

1354 466 1383 483 CB
1399 466 1422 485 a.

1313 491 1447 522 Bellicosa
1458 496 1561 524 civitas.
1603 496 1634 526 V.
1658 508 1672 525 r,
1681 508 1695 526 ι
1708 509 1723 526 ι.
1733 509 1748 525 L
1758 508 1777 527 u
1790 509 1819 528 M.

1314 529 1475 560 Clariiliniae
1487 534 1621 562 civitates.
1644 535 1763 571 Quintil.
1777 536 1825 566 lib.
1838 545 1864 565 1.
1879 547 1940 573 cap.
1952 545 1979 566 2.

1314 567 1545 641 Cssiiililpiigdatior
1557 572 1652 600 civitas
1669 572 1758 601 studio
1768 595 1776 608 ,
1798 583 1863 603 cura
1872 577 1897 604 ὅ(
1910 574 2055 614 diligentia
2069 575 2194 612 alicujus.
2217 578 2274 607 Cic.
2287 588 2337 616 pro
2348 580 2432 610 Corn.

1312 641 1467 707 Fgcderata.
1505 645 1561 674 Cic.
1572 654 1597 682 7.
1611 646 1686 677 Verr.
1699 657 1741 684 53.
1776 648 1839 678 Hoc
1863 649 2032 679 Netinorum
2052 651 2188 681 foederata
2205 653 2302 682 civitas
2319 654 2434 691 publice

1353 687 1410 710 icit.

1315 717 1426 747 Graves
1467 718 1525 762 Cic..
1539 728 1565 756 7.
1584 720 1658 750 Verr.
1672 730 1733 758 134.
1755 722 1773 751 i.
1786 732 1811 752 e.
1834 723 1974 753 Gravitatc
1985 734 2092 755 morum
2107 726 2280 758 aestimandae.

1314 754 1445 797 Honesta.
1487 758 1546 786 Cic.
1561 767 1585 792 ς.
1597 757 1671 787 Verr.
1686 763 1728 792 56.
1752 760 1941 790 Huichomini
1953 784 1960 797 ,
1985 762 2098 798 judices
2110 787 2117 799 ,
2139 764 2259 794 honessae
2281 767 2337 802 (al.
2349 767 2435 799 hone-

1335 792 1470 828 stislimae)
1491 795 1609 824 civitatis
1620 796 1806 826 honestissimo
1818 819 1826 831 ,
1839 800 1890 827 ἃς.

1317 829 1465 859 Honestior
1475 832 1586 868 civitas,
1608 843 1690 869 quam
1705 836 1757 864 &a
1799 836 1857 864 Cic.
1873 846 1923 873 pro
1933 836 2022 867 Flacc.
2032 841 2077 874 64.
2100 838 2177 869 Num
2193 841 2334 873 honestior
2348 842 2386 874 est
2397 844 2436 874 ci-

1335 868 1403 896 vitas
1415 868 1579 906 Pergamena
1589 893 1595 904 ,
1618 880 1698 907 quam
1714 872 1838 909 Smyrnae
1848 874 1861 900 ‘2

1315 905 1451 941 Humilis,
1476 907 1584 936 Urbsin
1598 909 1653 936 imo
1666 909 1723 938 fita.
1744 910 1809 939 Seri.
1819 910 1931 947 Thyest.
1945 921 1968 947 5.

1316 942 1459 973 Immunes
1469 944 1594 974 civitates
1605 947 1630 975 Sc
1645 946 1748 976 liberae.
1787 946 1818 977 V.
1847 959 1857 977 1
1866 959 1887 977 M
1897 959 1917 977 M
1928 959 1943 977 υ
1956 959 1976 978 Ν
1986 960 1997 978 ι
2008 958 2030 979 s.

1315 980 1411 1010 Lauta.
1455 982 1484 1010 V.
1506 993 1523 1010 ι.
1534 992 1554 1011 A
1563 991 1608 1011 υτ
1617 993 1635 1012 u
1645 993 1666 1013 s.

1314 1018 1423 1049 Libera.
1445 1019 1505 1049 Cic.
1521 1030 1544 1050 1.
1558 1021 1677 1059 Philipp.
1689 1033 1717 1057 4.

1316 1055 1453 1095 Locuples
1463 1058 1560 1095 copiis.
1602 1059 1634 1088 ln
1655 1071 1669 1088 L
1679 1070 1695 1089 o
1703 1070 1721 1089 c
1730 1068 1771 1089 ur
1781 1071 1797 1089 i.
1805 1069 1851 1090 as.

1316 1094 1467 1124 maledica.
1510 1096 1540 1125 In
1562 1107 1581 1125 M
1593 1106 1610 1125 A
1621 1108 1692 1127 Lus.

1316 1132 1434 1170 Optime
1444 1134 1550 1163 merita.
1593 1135 1651 1164 Cic.
1665 1146 1715 1174 pro
1726 1136 1809 1166 Corn.
1825 1136 1900 1166 Balb.
1915 1145 1958 1173 34.
1980 1137 2081 1175 Neque
2091 1139 2167 1168 enim
2186 1140 2223 1169 est
2234 1150 2327 1172 meum
2341 1165 2349 1179 ,
2369 1153 2436 1174 con-

1335 1177 1377 1199 tra
1394 1171 1439 1214 jus
1457 1173 1565 1208 optime
1582 1175 1685 1203 meritae
1704 1174 1842 1210 civitatis,
1864 1182 1960 1204 contra
1978 1176 2144 1212 opinionem
2161 1179 2319 1217 vetustatis,
2341 1191 2437 1212 contra

1334 1210 1526 1238 auctoritatem
1538 1211 1654 1240 Senatus
1669 1211 1771 1241 dicere.

1317 1246 1394 1275 Bene
1403 1253 1509 1276 morata
1523 1249 1548 1277 ἃ
1562 1248 1632 1278 benc
1643 1250 1799 1279 constituta.
1839 1249 1872 1279 In
1892 1261 1913 1278 M
1924 1260 1940 1279 o
1951 1259 1972 1279 s.

1316 1284 1391 1313 Bene
1402 1291 1512 1314 moratae
1523 1287 1656 1317 civitates.
1679 1289 1737 1317 Cic.
1752 1298 1774 1317 1.
1788 1287 1824 1316 de
1837 1288 1914 1317 Orat.
1928 1294 1972 1323 85.

1316 1322 1416 1351 Nostra
1426 1323 1532 1352 civitas.
1573 1324 1589 1353 i.
1604 1334 1627 1353 e.
1650 1325 1703 1354 Ubi
1714 1326 1771 1354 nati
1781 1324 1882 1355 sumus.
1906 1325 2046 1356 Hannibal
2057 1326 2131 1363 apud
2143 1327 2201 1358 Liv.
2214 1337 2256 1364 30.
2275 1338 2317 1366 ιο.
2340 1330 2438 1368 Quod.

1337 1369 1449 1397 cunque
1469 1362 1625 1398 egerimus,
1647 1370 1735 1392 ratum
1754 1363 1782 1392 id
1803 1364 1928 1393 civitates
1944 1365 2041 1393 nostrae
2061 1365 2192 1394 habiturae
2208 1366 2278 1395 sunt.
2322 1369 2434 1401 Nostrae,

1337 1398 1355 1427 i.
1370 1408 1410 1465 esd
1418 1398 1498 1428 Unde
1506 1399 1620 1437 quisque
1633 1402 1754 1430 nostrum
1763 1401 1801 1430 est
1813 1423 1821 1436 ,
1843 1402 1936 1437 Quam
1955 1401 2067 1440 quisque
2082 1402 2205 1433 nostrum
2219 1405 2336 1442 patriam
2357 1408 2440 1438 habet

1336 1446 1370 1465 au
1408 1446 1519 1467 ornum.

1317 1472 1530 1504 Prudentissima
1539 1476 1644 1505 civitas.
1668 1476 1788 1513 Quintil.
1801 1476 1848 1506 lib.
1864 1488 1888 1512 ς.
1900 1487 1960 1514 cap.
1972 1487 2015 1507 11.

1317 1512 1384 1541 sine
1395 1512 1463 1549 lege.
1503 1513 1623 1550 Quintil.
1639 1514 1687 1543 lib.
1701 1526 1724 1549 ς.
1741 1525 1800 1551 cap.
1816 1525 1827 1543 1
1836 1525 1858 1544 r.
1888 1515 1922 1543 Ut
1935 1525 2054 1552 corpora
2075 1516 2166 1545 nostra
2186 1517 2242 1547 sine
2265 1526 2359 1549 mente
2375 1542 2383 1555 ,
2403 1521 2442 1551 ita

1339 1550 1434 1579 civitas
1444 1551 1500 1617 {inde
1511 1551 1572 1589 lege
1585 1574 1594 1587 ‚
1615 1552 1799 1590 suispartibus
1809 1575 1818 1588 ,
1840 1561 1870 1582 ut
1880 1555 1970 1582 nervis
1983 1564 2014 1583 ac
2035 1553 2166 1591 sanguine
2178 1576 2186 1590 ,
2207 1558 2233 1585 ὁὶ
2250 1558 2380 1587 membris
2401 1560 2444 1588 uti

1339 1597 1398 1616 non
1408 1597 1472 1625 pote
1499 1612 1505 1618 .

1320 1626 1481 1655 Abstrahere
1493 1627 1634 1657 civitatem
1650 1637 1666 1657 a
1676 1628 1795 1657 servitio.
1836 1629 1868 1659 In
1889 1639 1909 1658 A
1918 1639 1933 1657 B
1941 1638 1953 1657 s
1962 1639 1981 1658 T
1991 1639 2007 1657 a
2016 1638 2036 1658 Α
2046 1638 2067 1658 Η
2078 1639 2104 1659 ο,

1318 1664 1524 1694 Administrare.
1565 1666 1623 1694 Cic.
1640 1677 1662 1696 1.
1676 1666 1757 1696 offic.
1769 1672 1813 1699 88.
1833 1666 1867 1696 Et
1877 1673 1972 1696 tamen
1990 1667 2027 1696 ita
2045 1668 2189 1704 probanda
2207 1669 2245 1698 est
2258 1670 2442 1701 mansuetudo

1338 1709 1421 1738 atque
1431 1702 1580 1732 clementia
1590 1725 1598 1738 ,
1620 1711 1651 1733 ut
1659 1705 1822 1733 adhibeatur
1835 1705 1954 1742 Reipub.
1967 1705 2046 1734 causa
2057 1706 2184 1735 severitas
2193 1729 2201 1741 ,
2222 1707 2278 1736 sine
2289 1718 2343 1745 qua
2356 1711 2443 1739 admi.

1338 1741 1442 1769 nistrari
1451 1741 1549 1770 civitas
1559 1751 1617 1770 non
1627 1742 1727 1780 potest.
1769 1743 1798 1772 V.
1822 1752 1841 1771 A
1852 1753 1869 1771 D
1880 1755 1902 1771 M
1912 1754 1921 1771 i
1932 1752 1951 1771 N
1961 1754 1970 1771 1
1981 1752 1992 1772 s
2003 1752 2023 1771 T
2031 1753 2047 1772 a
2056 1753 2082 1773 o.

1318 1778 1438 1808 Adoriri.
1478 1779 1510 1808 ln
1532 1789 1550 1808 Α
1563 1790 1579 1808 o
1590 1789 1632 1808 oa
1642 1791 1651 1808 i
1660 1789 1675 1809 c
1684 1790 1710 1809 a.

1317 1816 1424 1853 ringere
1435 1816 1577 1846 civitatem
1590 1818 1714 1847 hostibus
1725 1818 1900 1856 recipiendis.
1937 1818 1995 1847 Cic.
2016 1828 2066 1856 pro
2077 1818 2160 1849 Corn.
2172 1819 2249 1850 Balb.
2264 1829 2307 1855 π.
2339 1823 2445 1852 Romu-

1336 1853 1379 1883 lus
1391 1854 1497 1884 loedere
1506 1855 1608 1884 Sabino
1621 1856 1728 1892 docuit,
1741 1857 1825 1885 etiam
1839 1855 1963 1886 hostibus
1973 1858 2142 1895 recipiendis
2154 1860 2247 1896 augeri
2267 1859 2339 1890 hanc
2349 1862 2445 1891 civita-

1337 1898 1395 1920 tem
1406 1900 1545 1929 oportere.
1671 1924 1674 1927 ,

1319 1929 1476 1959 Conciliare
1487 1931 1636 1961 civitatem.
1675 1932 1707 1961 ln
1729 1942 1769 1961 co
1777 1942 1798 1961 N
1809 1942 1826 1961 c
1836 1943 1845 1961 1
1855 1943 1872 1960 L
1881 1942 1891 1960 i
1901 1942 1928 1962 0.

1319 1967 1454 2007 Conferre
1465 1969 1553 1997 studia
1565 1971 1589 1998 ἃ
1601 1969 1736 1999 beneficia
1746 1971 1775 1999 in
1787 1971 1938 2000 civitatem.
1980 1970 2038 2001 Cic.
2051 1979 2103 2009 pro
2116 1971 2199 2002 Corn.
2212 1972 2289 2003 Balb.
2302 1983 2347 2011 43.

1316 2005 1478 2041 'Conjuncla
1488 2007 1586 2036 officiis
1602 2008 1707 2038 civitas.
1748 2008 1780 2038 In
1800 2018 1817 2038 e
1828 2019 1844 2037 o
1855 2018 1872 2037 N
1882 2018 1892 2043 J
1904 2018 1921 2037 u
1931 2018 1951 2036 N
1961 2018 1979 2037 G
1991 2018 2017 2038 ο.

1318 2043 1493 2074 Constituere
1508 2046 1536 2073 in
1547 2046 1657 2074 civitate
1670 2045 1779 2083 legibus
1795 2046 1925 2083 aliquem.
1965 2046 2023 2076 Cic.
2033 2056 2087 2084 pro
2101 2047 2180 2077 Arch.
2195 2050 2221 2077 6.
2255 2048 2338 2078 Hunc
2358 2048 2445 2080 Hera.

1338 2081 1470 2111 eliensem
1482 2083 1577 2112 multis
1588 2084 1746 2113 civitatibus
1759 2085 1915 2122 expetitum
1927 2105 1936 2119 ,
1956 2084 1985 2113 in
2006 2084 2060 2114 hac
2080 2092 2174 2115 autem
2189 2086 2296 2124 legibus
2315 2088 2445 2118 constitu-

1337 2125 1399 2149 tum
1413 2141 1421 2156 ,
1443 2120 1478 2149 de
1489 2121 1577 2150 nostra
1588 2122 1702 2152 civitate
1713 2122 1881 2157 ejiciemus?
1908 2121 2033 2152 Subaudi
2045 2122 2150 2153 Civem.

1321 2156 1475 2196 Continere
1486 2159 1626 2188 civitatem
1637 2160 1665 2187 in
1676 2159 1779 2189 officio.
1819 2160 1852 2190 In
1873 2169 1890 2188 c
1900 2170 1916 2188 o
1926 2169 1947 2188 Ν
1957 2168 1976 2188 Τ
1986 2170 1995 2188 1
2004 2169 2024 2189 N
2035 2170 2049 2189 a
2059 2170 2086 2190 o.

1319 2196 1458 2225 Contaeta
1468 2197 1562 2226 civitas
1574 2197 1657 2226 rabie.
1698 2197 1730 2227 In
1758 2207 1776 2226 c
1786 2207 1803 2226 o
1811 2207 1832 2227 N
1842 2207 1862 2226 Τ
1870 2208 1879 2226 1
1891 2207 1912 2226 N
1921 2207 1939 2226 G
1949 2207 1976 2227 ο.

1320 2233 1469 2263 Convertit
1481 2233 1506 2263 se
1520 2234 1616 2264 civitas
1627 2235 1657 2264 in
1668 2234 1799 2272 aliquem.
1838 2235 1897 2265 Cic.
1914 2235 1943 2264 in
1953 2235 2049 2266 Somn.
2066 2236 2140 2273 Scip.
2159 2246 2183 2273 3.
2204 2236 2238 2267 In
2256 2243 2285 2268 te
2305 2248 2392 2268 unum
2406 2244 2445 2269 at.-

1339 2281 1394 2308 que
1409 2273 1437 2300 in
1448 2278 1527 2302 tuum
1535 2282 1639 2302 nemen
1648 2273 1675 2302 se
1685 2281 1741 2302 tota
1749 2279 1897 2303 convertet
1906 2274 2014 2303 civitas.
2037 2284 2087 2311 pro
2099 2275 2236 2305 Homines
2247 2277 2373 2307 civitatis.

1321 2308 1430 2345 Ejicere
1442 2309 1563 2347 aliquem
1576 2321 1590 2340 e
1602 2312 1722 2341 civitate.
1745 2312 1802 2341 Cic.
1814 2321 1865 2348 pro
1877 2311 1969 2340 Domo
1979 2332 1987 2348 2
2011 2317 2056 2347 88.

1319 2347 1450 2377 Evertere
1460 2348 1585 2378 funditus
1595 2350 1747 2379 civitatem.
1788 2349 1847 2379 Cic.
1859 2353 1886 2379 6.
1900 2349 1975 2379 Verr.
1992 2354 2037 2387 76.
2060 2350 2220 2381 Universam
2236 2351 2263 2381 se
2277 2352 2403 2382 funditus
2413 2352 2444 2381 il.

1336 2381 1398 2415 {am
1408 2385 1565 2417 eversurum
1575 2387 1628 2416 ess‘e
1638 2387 1780 2416 civitatem
1794 2387 1959 2417 minabatur.

1320 2423 1458 2454 Execrata
1466 2424 1646 2454 Phocaeorum
1657 2426 1761 2454 civitas.
1786 2425 1881 2455 Horat.
1895 2424 1986 2463 Epod.
1998 2428 2041 2455 16.
2054 2433 2097 2461 17.

1276 2486 1277 2490 ,
1322 2461 1355 2491 ln
1370 2461 1459 2491 oculis
1471 2463 1592 2492 civitatis
1602 2463 1706 2500 aliquid
1719 2462 1773 2492 effe
1785 2462 1898 2492 fastum.
1939 2462 1997 2492 Cic.
2008 2473 2057 2501 pro
2067 2464 2159 2493 Domo
2174 2474 2234 2494 101.
2260 2465 2293 2496 ln
2304 2475 2336 2495 ea
2345 2466 2445 2504 possim

1340 2500 1443 2529 intueri
1452 2500 1568 2530 domum
1580 2510 1670 2530 meam
1679 2501 1797 2530 eversam
1807 2510 1865 2530 non
1876 2501 1910 2530 ab
1920 2500 2034 2530 inimico
2046 2511 2109 2531 meo
2120 2524 2128 2536 ,
2150 2502 2197 2531 sed
2213 2503 2247 2532 ab
2268 2504 2345 2533 hoste
2369 2514 2447 2534 com-

1340 2538 1419 2567 muni
1430 2559 1438 2573 2
1459 2539 1485 2567 ἃ
1494 2538 1529 2567 ab
1540 2539 1641 2568 eodem
1651 2540 1806 2568 extrufftam
1819 2561 1827 2574 ‚
1849 2540 1875 2568 &
1887 2539 2002 2576 positam
2014 2541 2042 2568 in
2053 2539 2143 2569 oculis
2153 2541 2281 2571 civitatis.

1320 2575 1402 2605 Ferre
1411 2575 1572 2614 suffragium
1584 2586 1642 2605 non
1655 2578 1690 2606 de
1699 2577 1767 2606 civis
1776 2599 1784 2612 ‚
1805 2576 1852 2605 sed
1864 2577 1985 2606 civitatis
1996 2577 2091 2607 salute.
2123 2578 2181 2608 Cic.
2195 2589 2244 2615 pro
2262 2580 2351 2610 Domo
2361 2590 2405 2617 90.

1312 2608 1456 2644 ‘inducere
1467 2614 1498 2643 in
1509 2614 1653 2644 civitatem
1663 2625 1722 2644 rem
1735 2613 1996 2653 perniciosissimam.
2031 2615 2090 2645 Cic.
2108 2626 2132 2645 ι.
2151 2616 2234 2647 offic.
2249 2623 2293 2655 85.

1322 2651 1466 2681 Instituere
1478 2652 1613 2681 civitates.
1633 2653 1692 2682 Cic.
1712 2662 1735 2682 1.
1748 2648 1876 2684 devotae
1892 2657 1935 2686 86.

1319 2689 1457 2719 Invadere
1466 2690 1616 2720 civitatem.
1638 2690 1758 2727 Quintil.
1773 2690 1820 2724 lib.
1836 2701 1859 2720 1.
1875 2700 1935 2726 cap.
1949 2693 1974 2721 6.

1320 2727 1353 2757 In
1368 2727 1510 2764 largienda
1519 2728 1632 2758 civitate
1641 2738 1748 2766 parcus.
1770 2728 1828 2758 Cic.
1843 2738 1892 2765 pro
1901 2729 1985 2759 Corn.
1999 2728 2074 2758 Balb.
2088 2740 2110 2765 ς.

1319 2766 1501 2808 llllunitajure
1510 2766 1607 2795 civitas
1619 2788 1626 2801 ,
1648 2769 1673 2796 Si
1683 2767 1804 2796 libertas.
1827 2766 1884 2796 Cic.
1898 2777 1949 2805 pro
1958 2767 2049 2797 Domo
2061 2776 2106 2803 77.

1317 2803 1595 2840 Persequicivitatem
1605 2804 1688 2834 bello.
1729 2803 1794 2834 Caes.
1809 2815 1832 2840 ς.
1843 2804 1910 2834 Bell.
1921 2805 1991 2835 Gall.
2003 2816 2026 2836 1.
2051 2806 2109 2836 Nisi
2116 2806 2145 2835 id
2152 2805 2288 2843 fecerint,
2309 2806 2364 2837 sese
2383 2807 2443 2837 bel-

1340 2841 1367 2870 lo
1382 2842 1526 2871 civitatem
1537 2841 1745 2879 persecuturum
1758 2843 1938 2873 demonstrat.

1320 2879 1459 2917 Suspensti
1468 2889 1499 2908 ac
1507 2879 1622 2909 solicita.
1643 2880 1703 2910 Cic.
1718 2891 1768 2918 pro
1780 2880 1871 2910 Domo
1882 2884 1928 2916 96.

1317 2917 1422 2946 Civitas
1432 2918 1533 2946 dicitur
1541 2918 1624 2947 etiam
1633 2917 1681 2954 Jus
1690 2918 1803 2948 civium.
1838 2919 1955 2956 Hocque
1969 2919 2012 2954 jus
2023 2919 2125 2957 triplex
2136 2918 2189 2948 fuit
2200 2919 2274 2956 apud
2286 2919 2439 2951 Romanos.

1338 2956 1455 2984 Summo
1467 2957 1492 2985 Sc
1503 2956 1627 2985 maximo
1640 2956 1764 2985 Romana
1773 2956 1944 2986 tribuebatur
1957 2957 2077 2986 Civitas:
2100 2958 2258 2994 proximum
2271 2967 2328 2987 erat
2340 2958 2442 2987 Latini-

1336 2999 1395 3022 tas:
1419 2992 1548 3022 ultimum
1558 2994 1764 3030 minimumque
1775 2994 1858 3024 Italia:
1868 2995 1920 3030 jus.
1961 2995 2071 3031 Quibus
2091 2995 2182 3024 modis
2201 2995 2290 3024 Latini
2311 3002 2441 3033 poterant

1335 3031 1398 3060 fieri
1406 3031 1525 3060 Romani
1533 3032 1617 3061 cives.
1640 3032 1670 3062 V.
1691 3031 1786 3070 Sigon.
1799 3032 1835 3061 de
1852 3033 1943 3069 Antiq.
1953 3032 2019 3068 Jure
2039 3033 2096 3062 Civ.
2115 3032 2196 3061 Rom..
2218 3043 2278 3070 cap.
2294 3042 2316 3062 1.
2337 3033 2438 3064 Onust-

1336 3069 1450 3098 Panvin.
1462 3068 1570 3100 Comin.
1584 3079 1608 3106 3.
1621 3070 1656 3099 de
1671 3070 1740 3108 Rep.
1754 3070 1871 3099 Roman.
1886 3072 1911 3099 Sc
1921 3070 2072 3108 Span'nem.
2092 3070 2122 3099 in
2133 3070 2210 3100 Orbe
2220 3070 2357 3101 Romano.

1317 3107 1448 3136 Adimere
1459 3106 1541 3136 alicui
1553 3108 1705 3138 civitatem.
1747 3108 1777 3137 V.
1806 3118 1825 3137 Λ
1835 3119 1852 3137 D
1863 3119 1872 3136 i
1881 3119 1902 3137 M
1914 3118 1939 3137 o.

1317 3145 1469 3182 Ademptio
1487 3145 1615 3175 civitatis.
1652 3146 1710 3176 Cic.
1729 3157 1779 3184 pro
1792 3145 1883 3176 Domo
1896 3151 1939 3181 98·
1970 3145 2002 3175 Id
2019 3151 2111 3175 autern
2128 3152 2159 3175 ut
2178 3145 2245 3174 effe:
2261 3146 2439 3184 faciendum,

1337 3192 1399 3249 n'ms)
1407 3183 1588 3221 ademptione
1595 3184 1732 3219 civitatis,
1754 3184 1801 3213 sed
1811 3183 1877 3213 tecti
1887 3205 1896 3219 ,
1918 3186 1943 3213 δε
1954 3193 2047 3220 aquae,
2070 3185 2096 3213 ἃ
2111 3183 2184 3221 ignis
2194 3184 2391 3215 interdictione
2402 3185 2441 3215 fa-

1336 3229 1379 3249 cie
1401 3227 1456 3250 ant.

1316 3258 1436 3296 Adipisci
1449 3259 1476 3288 &
1486 3258 1601 3296 perdere
1610 3259 1763 3288 civitatem.
1795 3258 1854 3288 Cic.
1867 3267 1919 3295 pro
1929 3258 2011 3287 Corn.
2023 3257 2097 3287 Balb.
2109 3266 2152 3293 30.
2175 3258 2237 3287 Vidi
2248 3265 2361 3295 egomet
2371 3269 2440 3290 non-

1336 3295 1429 3326 nullos
1442 3297 1726 3334 imperitoshomines
1738 3296 1844 3325 nostros
1858 3297 1932 3324 cives
1947 3295 2060 3324 Athenis
2077 3296 2107 3324 in
2124 3304 2240 3325 numero
2257 3298 2386 3332 judicum
2400 3307 2440 3328 at.

1333 3343 1390 3371 que
1401 3335 1626 3372 Areopagitarum
1638 3356 1647 3370 ⁷
1668 3343 1744 3365 certa
1755 3334 1844 3368 tribu,
1866 3342 1941 3362 certo
1952 3343 2085 3368 nurnerO,
2108 3343 2195 3370 quuin
2205 3335 2363 3371 'ignorarent
2377 3336 2394 3365 fi
2406 3337 2439 3365 il-

1334 3371 1391 3401 lam
1404 3373 1544 3402 civitatem
1556 3372 1643 3401 ess'ent
1653 3373 1766 3410 adepti,
1787 3372 1859 3400 hanc
1875 3370 1900 3399 le
1915 3371 2085 3408 perdidiffe,
2106 3372 2155 3400 nisi
2167 3372 2342 3409 ,postliminio
2360 3383 2439 3404 recu-

1334 3410 1482 3447 peraffent.

1316 3448 1449 3477 Amittere
1459 3447 1608 3477 civitatem.
1631 3447 1691 3476 Cic.
1704 3456 1754 3483 pro
1765 3445 1867 3475 Caecin.
1882 3455 1945 3475 100.

1315 3485 1449 3515 Asciscere
1464 3487 1493 3514 in
1505 3486 1654 3514 civitatem.
1695 3485 1726 3514 ln
1749 3495 1767 3513 A
1778 3494 1789 3513 s
1799 3494 1817 3512 e
1828 3494 1837 3512 i
1848 3493 1860 3512 s
1871 3493 1888 3512 c
1898 3494 1924 3513 o.

1315 3523 1568 3553 Ascriberecivitati
1584 3525 1608 3552 Sc
1619 3523 1647 3551 in
1657 3523 1807 3551 civitatem.
1847 3521 1879 3550 In
1901 3532 1919 3550 Λ
1931 3531 1942 3550 s
1953 3530 1970 3550 c
1981 3531 1996 3550 a
2005 3532 2014 3550 r
2024 3532 2039 3550 Β
2049 3530 2075 3552 o.

1316 3561 1417 3591 Ascribi
1429 3561 1596 3590 civitatibus.
1635 3560 1695 3589 Cic.
1708 3570 1757 3596 pro
1767 3558 1846 3588 Arch.
1861 3569 1902 3588 10.
1927 3559 2004 3596 Quid
2013 3561 2050 3589 est
2060 3560 2135 3597 quod
2148 3560 2184 3590 de
2193 3561 2252 3596 eius
2262 3561 2373 3592 civitate
2384 3563 2435 3593 du-

1338 3599 1431 3627 bitetis
1443 3621 1450 3633 ,
1471 3598 1619 3636 praesertim
1632 3607 1716 3634 quum
1728 3596 1787 3626 aliis
1796 3606 1908 3633 quoque
1919 3598 2077 3635 civitatibus
2089 3598 2172 3627 fuerit
2182 3598 2337 3637 ascriptus‘.>

1316 3636 1454 3673 Consequi
1466 3637 1604 3665 civitatem
1618 3634 1754 3663 beneficio
1763 3633 1927 3670 aliquorum.
1946 3636 2008 3664 Cic.
2021 3645 2070 3672 pro
2081 3636 2164 3665 Corn.
2176 3637 2253 3666 Balb.
2265 3647 2276 3673 3
2286 3648 2308 3667 i.

1316 3674 1389 3704 Dare
1397 3674 1547 3702 ciritatem.
1588 3672 1645 3701 Cic.
1658 3681 1707 3708 prc
1716 3673 1799 3700 Corn.
1810 3672 1885 3700 Balb.
1900 3682 1942 3708 ςς.
1966 3675 2037 3703 Ante
2054 3674 2195 3704 civitatem
2209 3672 2378 3706 Veheiifibus
2392 3677 2438 3706 da-

1337 3721 1394 3740 tam
1404 3733 1412 3746 ,
1435 3711 1469 3739 de
1479 3711 1587 3740 senatus
1598 3709 1748 3743 sententia,
1762 3710 1813 3738 Sec.

1317 3749 1418 3780 Dicare
1430 3748 1455 3776 se
1469 3749 1497 3776 in
1510 3749 1660 3776 civitatem.
1701 3747 1758 3776 Cic.
1770 3756 1820 3783 pro
1831 3746 1913 3776 Corn.
1929 3747 2004 3778 Balb.
2017 3753 2063 3782 28.
2085 3746 2187 3780 Peritus
2201 3759 2265 3779 vero
2280 3752 2362 3780 nostri
2379 3761 2438 3780 mo-

1338 3788 1374 3816 ris
1384 3796 1415 3815 ac
1425 3786 1491 3821 juris
1501 3795 1584 3813 nenio
1595 3794 1717 3822 unquam
1727 3787 1775 3822 qui
1786 3784 1858 3813 hanc
1869 3785 2010 3815 civitatem
2020 3787 2139 3817 retinere
2153 3789 2237 3818 vellet
2247 3809 2256 3824 ,
2277 3788 2305 3817 in
2320 3790 2400 3818 aliam
2411 3789 2438 3818 se

1338 3825 1477 3853 civitatem
1488 3822 1599 3851 dicaxn't.

1318 3862 1430 3892 Donate
1442 3861 1553 3889 civitate
1562 3859 1692 3896 aliquem.
1734 3859 1793 3889 Cic.
1804 3869 1855 3897 pro
1868 3859 1951 3890 Corn.
1969 3861 2043 3892 Balb.
2058 3871 2102 3899 30.
2132 3862 2170 3892 Ex
2188 3874 2241 3900 qua
2258 3862 2339 3892 nobis
2355 3864 2441 3892 inter-

1323 3928 1326 3929 .
1340 3900 1445 3928 dictam
1455 3898 1488 3926 sit
1498 3919 1506 3933 ,
1528 3904 1657 3935 utneque
1670 3896 1799 3926 asciscere
1810 3897 1899 3927 civem
1909 3920 1916 3933 ,
1938 3906 1985 3928 aut
1996 3901 2107 3930 civitate
2119 3901 2222 3930 donare
2232 3900 2372 3938 ponimus.

1320 3936 1422 3967 Merita
1435 3945 1498 3972 erga
1512 3935 1649 3973 populum
1668 3935 1718 3964 Ro.
1734 3934 1885 3972 allegantes
1911 3936 2058 3968 Latinitate
2068 3959 2076 3974 ,
2108 3939 2153 3968 vel
2178 3939 2288 3968 civitate
2313 3938 2438 3967 donavit.

1339 3975 1415 4003 Suet.
1428 3974 1457 4002 in
1470 3974 1587 4012 Augusto
1599 3983 1659 4011 cap.
1671 3982 1715 4009 47.
1737 3972 1771 4003 H.
1783 3973 1823 4002 St.

1815 4010 1870 4041 Xx
1881 4020 1899 4041 x
1919 4020 1936 4043 2
2324 4013 2439 4050 Eripere
