2600 4177
483 58 509 91 A
604 51 641 93 N
739 58 772 92 G

90 138 165 176 quod
181 138 215 168 sic
234 138 377 168 confirmat
386 138 560 180 Lampridius
570 137 600 166 in
612 137 686 167 Alei<-
699 147 723 167 c.
737 148 782 175 27.
805 139 879 170 Tum
895 141 956 171 sutis
969 143 1022 173 esse
1036 144 1188 180 constituit,

88 184 120 204 ut
130 176 239 212 Equites
255 176 373 205 Romani
390 186 406 204 a
418 176 595 205 Senatoribus
606 174 675 203 clavi
687 176 817 212 qualitate
828 178 1057 210 discernerentur.
1082 183 1188 211 Addam

91 215 118 242 δι
138 213 271 244 Paterculi
289 214 474 248 testimonium
491 213 526 241 de
536 212 707 247 Maecenaoe,
729 215 775 248 qui
790 215 818 243 in
830 216 950 252 Equellri
975 218 1071 247 ordine
1083 219 1188 255 semper

90 251 189 280 'mansit
201 273 208 286 ‚
223 251 259 280 fic
269 249 411 279 scribentis
421 272 429 284 ‚
451 250 565 287 Quippe
574 249 645 278 vixit
655 252 768 286 angusto
779 252 856 282 clavo
867 264 938 291 pene
948 263 1095 284 contentus
1107 276 1116 289 ,
1136 266 1190 285 nee

91 289 195 323 majora
207 288 336 324 consequi
347 288 449 325 potuit.
473 287 518 315 sed
530 297 587 315 non
597 293 653 315 tam
668 289 781 325 optavit.
801 289 819 319 l.
835 299 860 320 2.
873 301 896 320 c.
908 298 952 326 88.
992 292 1023 322 V.
1043 300 1109 321 mox
1130 303 1149 321 A
1159 302 1191 321 Ν-

94 329 382 354 G'usrxcLAvius
403 326 429 354 δι
448 324 518 353 infra
537 333 635 353 eLAv
648 334 696 354 us.

14 388 23 390 ,
74 355 141 392 Dies
162 362 281 400 angusta.
302 361 368 391 Stat.
382 371 404 390 i.
426 362 514 391 Theb.

73 397 236 466 gifferentia
252 399 370 436 angusta.
395 399 463 428 Plin.
474 398 522 428 lib.
535 408 579 428 21.
594 405 653 436 cap.
669 409 692 434 5.

42 437 52 441 ‘
102 436 312 474 isputationibus
321 437 473 473 angustis&
484 436 599 466 concilis
608 436 716 472 illigari.
752 437 811 468 Cic.
825 448 851 468 2.
863 439 897 469 de
908 440 984 470 Orat.
999 445 1044 470 61.

72 474 176 510 Fauces
187 474 382 511 angustissimae.
407 474 472 503 Caes.
486 484 507 503 1.
520 474 587 503 Bell.
608 473 687 503 Civil.
701 484 745 507 25.

73 508 196 542 habenis
208 512 324 548 angustis
334 515 437 548 equum
448 511 631 549 compescere.
652 511 758 542 Tibull.
770 512 817 542 lib.
835 525 858 543 1.
873 526 897 549 4.
915 525 925 544 i
934 525 955 544 1.

71 548 345 586 Interrogatiunculis
353 550 472 587 angustis
491 559 614 586 mngere.
637 549 695 579 Cic.
715 561 741 585 4.
756 550 790 579 ile
801 551 860 581 Fin.
873 561 897 589 7.

73 586 160 616 Littus
176 586 329 623 angustum.
354 586 423 624 Virg.
440 596 463 623 3.
500 587 543 616 Ἦ.
556 597 620 622 419.

72 622 178 654 Mensa.
199 624 262 653 Seii.
276 624 388 661 Thyest.
404 635 427 660 5.
449 624 593 661 Tutusque
604 623 698 654 mensa
722 624 829 663 capitur
841 628 950 664 angusta
967 627 1052 657 cibus.

34 669 35 672 ’
72 657 146 691 Nox.
168 660 251 690 ovid.
268 670 292 697 3.
306 663 396 691 Amor.
413 670 491 698 7.25.
803 666 814 673 ²

46 735 49 738 Δ
74 698 178 737 Odoris
188 700 292 736 angusti
301 699 368 729 rosa.
391 699 459 729 Plin.
470 699 648 738 lib.21.cap.
657 710 683 736 4.
708 701 727 730 i.
751 710 776 730 e.
798 710 856 731 non
867 701 921 731 late
937 702 962 732 sc
973 701 1131 740 spargentis.

29 736 39 744 “’
73 736 170 765 Oratio
186 737 304 774 angusta.
341 735 373 767 V.
400 747 520 767 cocu».
531 745 584 766 To.

33 807 35 811 ι
72 773 218 811 pauperies
236 773 355 812 angusta.
375 774 443 804 Hor.
460 783 484 812 3.
508 775 597 804 Carni.
612 782 638 804 2.
654 777 676 804 i.

152 812 301 848 Angustam
312 834 320 847 ‚
341 813 443 847 amici,
464 813 627 850 pauperiem
644 812 704 851 pati

152 848 289 879 Robustus
307 851 362 880 acri
382 850 482 880 militia
505 860 575 888 puer

153 885 310 917 Condiscat.

73 915 143 954 Pace
160 926 270 962 angusta
289 925 350 955 frui.
389 925 472 955 Ovid.
490 932 516 954 2.
539 925 574 954 de
585 924 673 954 Ponto
684 947 692 960 ,
716 936 740 962 5.
754 932 796 961 18.
819 927 930 957 emend.
946 927 1030 958 codd.
1045 928 1169 966 Angusta.

73 960 186 991 Pectore
196 963 309 1000 angusto
323 964 449 1001 ingentes
460 963 567 992 animos
577 963 683 992 versant
692 973 757 1001 apes
766 986 774 999 ‚
795 965 833 993 ait
842 965 915 1002 Virg.
926 977 954 1002 4.
972 967 1073 1004 Georg.
1088 973 1133 1004 83.

72 999 165 1029 Rebus
176 1001 304 1037 angustis.
326 1000 393 1030 Hor.
405 1011 431 1030 2.
449 1000 540 1030 Carni.
562 1011 603 1030 10.
616 1011 660 1030 21.
682 1001 700 1031 i.
718 1010 742 1031 e.
764 1002 897 1033 Adversis.

153 1036 248 1067 Rebus
273 1039 393 1076 angustis
415 1037 554 1068 animosus
576 1045 658 1076 atque

153 1074 241 1105 Fortis
259 1086 369 1114 appare.

72 1107 175 1142 Saxum
188 1114 335 1151 angustius.
364 1113 465 1143 Lucan.
474 1113 523 1143 lib.
534 1119 560 1148 8.
572 1117 636 1148 862.

0 1150 7 1173 ἲ·
45 1151 47 1154 ⁴
70 1149 182 1180 Semitae
191 1151 389 1188 angustissimae.
412 1152 470 1181 Cic.
482 1161 508 1182 2.
524 1153 558 1181 de
573 1152 645 1190 Lege
655 1151 715 1188 Agr.
729 1161 775 1187 95.

72 1187 219 1225 Temporis
230 1190 334 1226 angusti
343 1189 440 1219 manfit
451 1190 603 1219 concordia
622 1189 732 1219 discors.
755 1189 856 1220 Lucan.
867 1191 915 1221 lib.
932 1200 954 1221 1.
967 1197 1013 1228 98.

71 1224 183 1255 Umbrae
193 1228 280 1256 imum
289 1227 513 1265 angustissimum.
535 1227 604 1257 Plin.
621 1228 669 1256 lib.
680 1237 704 1256 2.
719 1237 779 1266 cap.
794 1238 804 1256 1
814 1238 836 1257 1.

69 1263 217 1330 Adduciioe
235 1265 265 1294 in
281 1265 434 1303 angustum.
466 1265 524 1295 Cic.
538 1266 572 1295 de
582 1266 692 1296 Amicit.
706 1274 752 1295 20.
786 1265 934 1297 Contracta
944 1277 986 1297 res
997 1269 1023 1298 ὃς
1033 1268 1152 1299 εάἀυξὶᾱ
1163 1269 1192 1298 in

88 1310 126 1331 an
147 1312 162 1330 u
189 1308 244 1332 um.

71 1311 171 1368 'Clutidi
186 1340 215 1368 in
229 1341 381 1378 angustum.
403 1340 487 1371 Ovid.
507 1350 549 1377 13.
562 1341 632 1370 Met.
646 1349 712 1378 407.

72 1376 210 1406 Concludi
224 1378 254 1406 in
264 1388 379 1416 parvum
389 1380 416 1408 δε
426 1380 569 1416 angustum
583 1378 687 1408 locuni.
718 1378 778 1408 Cic.
795 1388 819 1409 1.
846 1379 903 1409 Off.
916 1389 959 1417 53.

69 1414 255 1482 antrdahere,
276 1416 306 1445 in
326 1418 526 1454 angustumque
540 1416 709 1446 concludere
725 1416 946 1455 perturbationes
960 1419 1055 1449 animi.
1087 1419 1145 1449 Cic.
1163 1429 1188 1455 4.

115 1462 146 1482 ca
168 1476 174 1482 .

57 1489 104 1520 ·1n
112 1491 256 1528 angustum
268 1492 376 1530 oppido
393 1502 469 1522 nunc
478 1501 547 1521 meae
558 1498 694 1529 coguntur
704 1492 802 1530 copiae.
824 1492 887 1522 Ter.
901 1493 1001 1523 Heaut.
1019 1505 1045 1529 4.
1057 1503 1082 1524 2.
1094 1505 1119 1525 2.
1154 1521 1156 1523 ,

72 1527 193 1558 Tcnuari
207 1529 237 1557 iri
247 1530 386 1567 angustam
406 1530 586 1560 subtilitatem
602 1536 686 1560 venas
698 1552 706 1566 ‚
727 1531 797 1560 adeo
816 1537 847 1560 ut
857 1531 966 1569 sanguis
980 1540 1125 1570 penetrare
1135 1540 1193 1562 non

91 1566 296 1604 poffit‚—tradit
308 1567 375 1597 Plin.
388 1567 434 1597 lib.
452 1579 461 1597 i
472 1580 493 1597 i.
512 1578 573 1606 cap.
589 1577 633 1604 37.

71 1602 104 1634 In
118 1604 261 1642 angustum
278 1606 381 1635 venire.
411 1606 477 1636 .ci‘c.
493 1616 542 1644 pro
555 1605 646 1635 Plane.
663 1616 706 1642 54.

70 1640 224 1708 hang-usto
236 1652 309 1672 noxa
318 1643 364 1687 est.
397 1643 466 1674 Cels.
481 1643 530 1673 lib.
542 1649 568 1678 8.
584 1653 645 1682 cap.
655 1655 683 1680 4.
723 1643 752 1673 Si
767 1643 796 1673 in
813 1644 926 1682 angusto
946 1655 1020 1675 noxa
1033 1645 1088 1681 est,
1109 1643 1185 1675 duo:

56 1688 57 1691 ¹
103 1691 111 1708 i
130 1688 200 1710 atius
232 1687 287 1710 atet
327 1688 386 1710 tria.
662 1702 667 1704 —

47 1719 54 1722 ⁴
71 1717 189 1755 Angusta
198 1690 312 1748 viarurii.
335 1719 407 1756 Virg.
425 1728 451 1748 2.
468 1719 530 1749 AEn.
546 1723 608 1756 332.
632 1718 685 1749 Ubi
693 1719 812 1756 Servius,
836 1719 952 1757 Angusta
961 1720 1067 1750 viarum
1078 1742 1086 1755 ,
1111 1721 1193 1750 Vicos

89 1756 235 1793 angustos:
257 1765 288 1785 ut
297 1756 350 1792 est,
371 1757 406 1786 Et
418 1757 497 1786 strata
511 1758 626 1787 viarum.
658 1757 747 1787 Tacit.
760 1768 786 1793 4.
818 1757 886 1787 Hist.
901 1768 943 1794 35.
986 1759 1043 1795 Qui
1055 1767 1155 1797 pontes
1167 1761 1194 1789 ὃς

90 1793 198 1822 viarum
212 1794 324 1832 angusta
333 1795 491 1824 insiderent.

71 1831 221 1898 AssggstuS,
239 1841 290 1870 pro
300 1833 436 1871 Paupere:
459 1840 490 1862 ut
497 1832 655 1871 Legatarlus
665 1832 811 1870 angustus,
833 1833 862 1862 in
879 1833 898 1864 l.
910 1833 1016 1872 penult.
1042 1833 1076 1864 D.
1093 1833 1128 1863 de
1139 1833 1195 1864 Usu

9 1887 11 1889 >
115 1879 129 1898 a
151 1869 258 1899 itation.

0 1928 3 1938 A
36 1902 219 1941 numism,
242 1907 308 1938 Adv.
330 1908 428 1938 Arete:
449 1908 504 1938 five
525 1909 622 1946 (utita
636 1908 749 1945 dicam)
771 1909 886 1939 Stric‘te:
910 1915 941 1939 ut
954 1910 1070 1947 Anguste
1089 1909 1195 1945 sedere,

6 1948 10 1967 ι’
71 1945 147 1982 apud
156 1944 282 1975 Macrob.
298 1956 322 1975 2.
335 1946 442 1976 Saturn.
457 1956 480 1982 3.

69 1983 216 2050 Aggilixstiff
226 1983 423 2014 diffunduntur
432 1985 546 2014 radices.
569 1983 596 2014 h.
619 1993 644 2013 e.
666 1984 762 2014 Minus
772 1983 827 2014 late
839 1984 1044 2015 diffunduntur.
1066 1985 1150 2015 Varro
1168 1995 1192 2015 1.

111 2030 125 2049 e
146 2021 168 2050 '.
209 2031 258 2050 .ca
281 2044 287 2051 .
337 2045 344 2051 .
887 2027 889 2030 ’

71 2058 187 2096 Anguste
196 2059 238 2088 uti
247 2031 338 2097 aiiqiiii
347 2070 385 2089 re.
407 2059 471 2089 Caes.
486 2069 510 2097 3.
524 2059 592 2089 Bell.
607 2060 689 2090 Civil.
705 2064 747 2090 16.
768 2060 809 2090 Ad
825 2070 882 2090 rem
893 2061 1101 2091 frumentariam
1112 2070 1196 2100 expe-

78 2096 241 2133 diendam,
263 2107 317 2134 qua
337 2097 447 2135 anguste
459 2098 594 2128 utebatur.

57 2134 187 2172 anguste
200 2135 249 2164 scri
272 2142 339 2165 tum.
361 2137 378 2165 i.
397 2145 421 2165 e.
456 2136 611 2171 Tenuster,
635 2137 726 2172 arete,
747 2135 872 2166 exiliter:
902 2136 948 2166 cui
963 2137 1100 2166 contraria
1121 2136 1193 2173 sunt,

73 2172 156 2207 ‚Late
170 2195 178 2208 ‚
200 2144 318 2208 diffipise.
340 2173 460 2212 copiose.
484 2174 542 2204 Cic.
562 2184 613 2212 pro
636 2175 747 2204 Muren.

71 2209 220 2241 Brevius&
232 2222 266 2241 an
287 2212 369 2241 ustius
385 2212 574 2247 concludere3
596 2213 642 2242 cui
661 2213 831 2242 contrarium
844 2213 882 2242 est
895 2235 903 2249 ‚
923 2212 1043 2242 Uberius
1062 2214 1089 2244 δε
1111 2212 1195 2243 fusius

3 2250 11 2258 '
91 2248 238 2287 disputare.
267 2221 326 2278 Cic.
345 2259 370 2279 2.
385 2249 419 2278 de
433 2250 497 2279 Nat.
510 2250 592 2280 Deor.
604 2260 649 2280 20.

71 2285 188 2324 Anguste
203 2289 228 2317 ἃ
242 2287 352 2317 exiliter
362 2287 474 2324 dicere,
498 2288 537 2318 est
545 2288 708 2318 Atticorum.
739 2288 797 2318 Cic.
817 2289 851 2318 de
869 2288 939 2318 Clar.
958 2288 1035 2318 Orat.
1047 2293 1112 2323 288.

16 2329 22 2340 “
71 2323 158 2358 Preffe
168 2326 195 2354 ἃ
210 2325 322 2363 anguste
333 2334 392 2355 rem
406 2326 531 2355 definire.
553 2325 611 2355 Cic.
622 2326 652 2355 in
664 2326 741 2356 Orat.
759 2337 769 2355 1
778 2336 820 2363 17.

68 2361 217 2402 uAngnstius
239 2363 365 2402 pabulari
379 2385 387 2398 ⁷
419 2363 458 2393 est
467 2364 563 2393 Minus
579 2364 681 2393 habere
693 2365 772 2402 spatii
794 2365 922 2394 locorum
932 2364 967 2393 ad
982 2363 1192 2402 pabuland‘um:

91 2400 176 2430 veluti
189 2411 275 2439 quum
293 2401 396 2431 milites
413 2402 451 2431 ita
468 2408 633 2440 premuntur
644 2402 679 2432 ab
692 2402 816 2432 hostibus
827 2425 835 2438 ‚
857 2402 950 2432 utlate
969 2402 1132 2440 pabulatum
1153 2403 1194 2432 ire

90 2442 150 2467 hon
159 2438 250 2469 liceat.
273 2439 338 2468 Caes.
354 2449 376 2468 i.
391 2439 457 2469 Bell.
473 2439 553 2469 Civil.
571 2451 614 2476 59.

73 2471 303 2515 Utangustissi'me
316 2477 478 2515 Pompeium
486 2478 651 2507 contineret.
672 2478 691 2507 i.
708 2487 732 2507 e.
754 2477 861 2507 Uteum
870 2483 1008 2517 premeret
1015 2483 1098 2515 atque
1109 2479 1195 2508 atsta-

91 2522 132 2544 ret
142 2515 215 2544 intra
224 2515 354 2553 angustos
363 2515 476 2545 limites.
500 2515 566 2545 Caes.
581 2525 605 2552 3.
621 2515 688 2545 Bell.
701 2516 782 2546 Civil.
797 2526 842 2551 45.

10 2566 15 2573 ·›
39 2551 361 2583 ANGUSTICLAVHJ
372 2563 384 2582 s
398 2575 406 2587 ‚
435 2553 585 2591 Dignitatis
603 2564 709 2583 nomen
721 2576 729 2588 ,
751 2554 873 2592 Equestri
889 2553 981 2582 ordini
1001 2555 1191 2585 conveniens:

12 2586 18 2593 '
75 2595 106 2620 ut
114 2589 276 2620 Laticlaviiis
287 2591 440 2622 Senatorio.
491 2592 565 2621 Hinc
575 2598 683 2629 patrem
701 2591 781 2621 suum
801 2593 944 2621 tribunum
967 2592 1195 2629 angusticlavium

8 2633 17 2666 ζ,
54 2624 151 2659 ,fuisse
169 2628 333 2658 Othoniano
344 2628 419 2658 bello
437 2629 587 2659 Suetonius
607 2630 696 2665 dicii,
718 2630 786 2660 Oth.
808 2639 867 2668 cap.
888 2639 931 2659 10.
986 2629 1017 2659 V.

74 2664 101 2696 δι
119 2665 204 2704 paulo
219 2666 299 2705 supra
318 2667 349 2696 in
368 2677 521 2696 ANGUST
532 2675 579 2696 us.

21 2718 25 2724 ·
68 2712 234 2741 Νουετο,
255 2706 270 2740 [
285 2705 378 2741 mrim]
397 2708 451 2734 are.
472 2705 623 2743 Angustum
634 2705 801 2735 seuAretum
813 2705 913 2745 facere.
939 2703 1042 2734 Lucan.
1056 2705 1074 2735 l.
1092 2714 1192 2744 5-233·

68 2768 69 2771 ,
152 2742 215 2779 Qia
234 2743 317 2771 maris
335 2743 459 2780 angustat
473 2744 566 2772 fauces
582 2743 674 2772 saxosa
695 2744 820 2773 Caristos.
878 2745 942 2772 Seri.
965 2744 994 2772 in
1005 2743 1144 2773 Consolat.
1159 2745 1195 2773 ad

11 2807 15 2823 .=
74 2778 214 2810 Albinum.
251 2781 294 2848 &Si
309 2780 474 2810 desiderabit
487 2780 627 2811 servorum
638 2781 748 2811 turbam
760 2803 769 2816 ‚
791 2791 851 2818 quae
870 2781 986 2810 domum
1005 2783 1120 2818 quanvis
1137 2792 1196 2811 ma-

93 2823 156 2847 nam
176 2828 210 2848 an
273 2825 309 2848 et.

12 2872 19 2876 ==
40 2826 273 2886 niseum-agiis
283 2878 291 2892 ‚
312 2857 327 2892 [
342 2857 407 2885 ςενᾶν
423 2857 438 2892 ]
458 2863 519 2887 atus
532 2879 540 2892 ‚
569 2858 595 2886 ὁὶ
607 2856 705 2886 andus.
738 2856 836 2886 Partic.
851 2855 940 2885 Catul.
952 2856 1052 2893 Argon.
1067 2860 1112 2892 65.
1128 2866 1190 2895 357.

57 2928 60 2930 ¹
153 2894 238 2930 Cuius
246 2895 298 2923 iter
304 2894 377 2924 caesis
386 2895 530 2932 angustans
538 2903 686 2932 corporum
695 2895 808 2924 acervis.
849 2894 906 2923 Cic.
916 2894 946 2936 in
954 2894 1048 2923 Somn.
1061 2895 1135 2933 Scip.
1143 2906 1153 2924 i
1161 2907 1186 2931 5.

8 2947 9 2951 =
28 2934 30 2937 '
61 2940 66 2953 -’
75 2930 174 2961 Omnis
185 2933 262 2961 enim
271 2935 342 2961 terra
352 2940 412 2969 quae
419 2932 520 2962 colitur
530 2933 632 2962 avobis
643 2954 650 2967 ‚
672 2932 812 2971 angustata
825 2931 974 2961 verticibus
989 2954 996 2966 ‚
1014 2932 1145 2962 lateribus
1155 2934 1194 2962 la-

72 2969 136 2999 tior.
161 2970 228 3000 Plin.
241 2970 289 3000 lib.
303 2979 346 3008 17.
358 2979 419 3008 cap.
432 2976 457 3005 8.
498 2970 590 3000 Puteis
599 2981 646 3000 ore
655 2971 811 3008 angustatis.
833 2970 897 3000 Scn.
912 2970 947 2998 de
959 2970 1101 3007 Tranquil.
1116 2971 1191 3007 vitae,

71 3005 123 3037 lib.
148 3019 170 3038 1.
190 3018 252 3046 cap.
267 3013 293 3043 8.
333 3008 508 3046 Angustanda
520 3015 593 3038 certe
601 3009 769 3047 patrimonia
781 3008 858 3043 sunt,
880 3013 911 3037 ut
921 3008 1012 3037 minus
1027 3009 1062 3037 ad
1080 3008 1193 3044 injurias

75 3039 193 3076 fortunae
206 3046 288 3076 simus
309 3047 436 3084 expositi.

69 3082 257 3120 ΙῙῘῦὑεΤΙΑ,
289 3094 319 3114 ae.
353 3085 487 3121 [ἐῖιὸτηῆ
514 3081 673 3120 ςενοχωθῖοι]

75 3129 159 3151 arum.
193 3122 264 3151 Sunt
274 3121 347 3151 Loca
356 3122 427 3152 adeo
437 3122 548 3160 angusta
558 3124 584 3151 &
599 3120 724 3151 difficilia
740 3143 749 3157 ,
769 3128 801 3150 ut
813 3122 859 3150 vix
868 3122 973 3151 transiri
984 3128 1086 3158 queant
1099 3131 1106 3151 z
1129 3131 1195 3159 qua-

15 3161 22 3170 ’
75 3157 114 3188 {es
122 3158 185 3189 sunt
199 3161 252 3189 viae
260 3161 289 3189 in
299 3160 466 3197 quibusdam
474 3160 625 3189 montibus.
647 3159 711 3189 Caes.
728 3170 751 3194 ς.
766 3158 834 3189 Bell.
849 3159 919 3189 Gall.
941 3169 1001 3197 cap.
1018 3169 1064 3195 49.
1102 3159 1193 3189 Castra

8 3211 10 3218 v
23 3209 25 3214 ¹
73 3198 202 3235 angustiis
215 3199 321 3227 viarum
331 3208 415 3235 quam
427 3198 549 3227 maxime
561 3197 668 3236 potest,
690 3196 836 3226 contrahit.
1026 3235 1031 3241 ι

24 3235 33 3252 Ἳ
64 3233 209 3273 ,Angustiae
219 3235 354 3265 locorum.
378 3236 440 3274 Ulp.
456 3235 474 3265 l.
489 3246 515 3266 2.
529 3237 549 3274 §.
561 3235 612 3265 ult.
633 3235 668 3265 D.
688 3235 828 3272 Quernad.
840 3235 944 3265 testam.
957 3240 1091 3273 aperiant.

22 3272 32 3298 '-
75 3272 203 3311 Angustia
213 3274 355 3303 orationis.
386 3273 444 3303 Cic.
458 3283 484 3303 2.
507 3273 543 3303 de
553 3274 616 3303 Nat.
629 3273 713 3303 Deor.
730 3277 775 3303 26.
806 3274 935 3311 Angustia
950 3280 1045 3303 autem
1056 3271 1193 3303 conclusae

94 3311 225 3341 orationis
236 3322 295 3341 non
304 3311 385 3341 facile
397 3311 423 3341 se
435 3311 492 3350 ipsa
502 3317 614 3341 tutatur.
695 3349 699 3352 .
1031 3348 1037 3353 α
1115 3348 1121 3354 ,

4 3362 29 3387 ιχ,
76 3347 204 3386 Angustia
214 3350 298 3379 aerarii
309 3371 317 3385 ‚
339 3349 435 3386 Quum
445 3359 533 3387 pauca
544 3348 698 3378 admodum
713 3349 834 3387 pecunia
844 3348 911 3378 esset
926 3348 955 3377 iri
964 3357 1066 3378 aerario.
1090 3347 1149 3377 Cic.
1163 3356 1190 3378 2.

2 3398 12 3422 .'
30 3416 31 3420 ,
71 3395 73 3397 ·
96 3386 130 3415 de
140 3386 212 3425 Lege
223 3389 282 3425 Agr.
293 3391 336 3424 36.
358 3388 558 3423 Sic‚Angustiae
573 3387 844 3425 pecuniaepublicae‚
863 3386 942 3416 Idem
955 3396 996 3416 12.
1020 3386 1095 3416 Fani.
1106 3395 1152 3422 29.

2 3428 6 3440 ¹
28 3432 35 3456 ι
77 3420 128 3453 Rei
143 3425 283 3455 familiaris
299 3425 430 3463 angustia.
455 3426 512 3454 Cic.
529 3425 658 3455 inl’artit.
675 3434 736 3454 112.

29 3468 35 3490 'r
77 3460 117 3491 Ex
127 3461 180 3492 suis
189 3463 318 3500 angustiis
331 3485 339 3498 ,
363 3463 473 3492 alterius
484 3462 630 3493 sustentare
649 3463 822 3492 tenuitatem.
845 3461 903 3491 Cic.
920 3464 962 3490 16.
977 3460 1053 3490 Fam.
1065 3471 1110 3491 21.
1143 3499 1148 3505 Ι

26 3510 31 3524 ·
74 3497 196 3530 Pectoris
208 3501 345 3538 angustiae.
368 3501 426 3530 Cic.
438 3501 468 3530 in
478 3501 565 3530 Pison.
580 3511 625 3537 24.
648 3500 784 3538 Magnum
792 3510 896 3531 nomen
909 3500 1060 3542 etst3magna
1075 3499 1191 3542 species,

34 3549 38 3558 ·
94 3546 193 3575 magna
210 3539 346 3576 dignitas.
368 3548 466 3576 magna
484 3539 608 3575 majestas
623 3538 766 3568 Consulis:
788 3547 846 3566 non
869 3543 985 3580 capiunt
998 3538 1128 3580 angustiae
1142 3546 1193 3581 pe-

96 3576 176 3605 noris
188 3577 237 3605 »tui
247 3598 255 3612 ‚
277 3586 335 3606 non
349 3577 447 3615 recipit
456 3576 552 3606 levitas
567 3578 615 3606 ista
627 3598 635 3611 ‚
658 3586 717 3605 non
733 3576 835 3613 egestas
849 3575 936 3604 animi
950 3597 958 3610 ‚
979 3584 1037 3604 non
1048 3575 1192 3604 infirmitas

93 3612 198 3650 ingenii
224 3614 352 3649 sustinet,
373 3624 431 3643 iion
446 3614 594 3644 insolentia
609 3624 701 3643 rerum
717 3613 899 3643 secundarum
920 3618 1026 3642 tantam
1045 3612 1192 3650 personam

92 3656 155 3680 tani.
163 3659 272 3688 gravem
283 3674 291 3687 ‚
310 3659 367 3681 tam
377 3652 508 3682 severam.
921 3686 925 3692 ,
1131 3688 1136 3694 ,

77 3687 209 3727 Angustiae
222 3691 248 3719 &
263 3691 365 3719 fauces.
397 3690 455 3719 Cic.
469 3700 494 3719 2.
508 3690 543 3719 de
552 3689 625 3727 Lege
634 3689 695 3727 Agr.
705 3693 750 3719 26.
778 3688 808 3718 In
822 3688 952 3726 angustiis
973 3692 1055 3726 atque
1063 3687 1192 3718 faucibus

20 3759 25 3766 .
73 3737 78 3741 ¹
97 3726 206 3756 Graeciae
217 3727 366 3757 Corinthus
379 3728 418 3757 est
449 3727 524 3757 osita.
562 3728 656 3757 Isthmi
674 3727 845 3765 periphrasis.

76 3763 207 3802 Angustiae
228 3770 402 3803 temporum,
451 3766 478 3795 bi
498 3765 639 3800 difficilia,
671 3767 697 3795 ὁὶ
710 3765 782 3803 quasi
794 3763 912 3801 maligna
921 3763 984 3792 sunt
999 3768 1126 3802 tempora
1145 3769 1193 3793 aut

0 3806 38 3835 *R*
75 3821 78 3824 -
94 3808 206 3840 propter
222 3802 312 3838 bella,
333 3810 380 3832 aut
388 3804 491 3833 famem
506 3805 631 3833 &rerum
640 3803 739 3841 penuri
796 3824 804 3837 ‚
826 3801 936 3831 aliudve
947 3801 1194 3831 incommodorum

7 3839 38 3868 ὐἷ’
95 3846 187 3876 gelius.
209 3840 268 3870 Cic.
285 3851 306 3869 1·
320 3841 356 3870 de
368 3841 444 3870 Orat.
462 3851 486 3876 3.
508 3841 563 3870 Sed
575 3842 708 3870 tamenin
716 3840 744 3869 hi
790 3840 816 3870 el
825 3839 1015 3877 asperitatibus
1030 3849 1131 3874 remim
1147 3839 1193 3868 vel

0 3879 31 3934 ln
67 3899 71 3904 .
95 3877 222 3916 angustiis
232 3879 366 3917 temporis
381 3901 390 3915 ,
410 3878 544 3917 obsequar
553 3879 650 3919 studiis
664 3879 772 3909 nostris.
811 3878 891 3908 Idem
903 3886 927 3915 3.
938 3877 1012 3907 Verr.
1025 3883 1087 3914 148.
1110 3877 1193 3908 Diem

1048 2639 1194 2660 CLAVUS

704 3076 874 3121 frequentius
904 3083 943 3122 pl.
967 3085 987 3112 A
996 3093 1017 3112 N
1025 3093 1043 3112 c
1053 3093 1072 3112 u
1080 3090 1092 3113 s
1101 3093 1121 3112 T
1130 3094 1140 3112 1
1147 3090 1172 3113 ia
1183 3105 1192 3119 ,

1669 75 1693 108 A
1790 74 1825 108 Ν
1917 77 1932 110 I
2331 95 2398 130 ¹⁹7

1305 150 1446 194 praestirijit
1464 153 1540 190 operi
1558 153 1688 194 faciundo
1706 153 1820 184 Calend.
1834 155 1967 185 Deceiiib.
1981 156 2054 187 locat
2063 161 2170 191 circiter
2180 163 2244 192 Idus
2258 166 2398 204 Septemb.

1307 188 1434 222 angustiis
1453 197 1586 227 temporis
1604 191 1791 221 excluduntur
1815 203 1919 222 omnes.
1960 194 2022 224 Hoc
2039 198 2072 225 ad
2087 203 2219 236 temporis
2240 203 2401 234 brevitatem

1307 226 1490 254 i'clercnduni.

1288 262 1414 303 Angustia
1433 265 1584 298 temporis,
1606 265 1706 295 dicitur
1715 267 1797 296 etiam
1806 267 1981 304 singulariter.
2004 269 2076 299 Paul.
2097 272 2155 302 inl.
2178 274 2243 304 Non
2259 278 2343 306 enim.
2365 279 2389 308 D

1308 306 1341 325 ex*
1353 300 1426 333 quib.
1439 301 1508 329 caus.
1521 303 1614 335 major.
2393 303 2399 309 .

1290 330 1440 364 'Verborum
1456 339 1592 380 angustie
1626 340 1684 369 Cic.
1704 351 1753 378 pro
1762 342 1865 371 Caeein.
1879 348 1923 377 534.
1960 343 1993 371 Et
2009 354 2052 373 me
2065 355 2099 374 ei(
2113 347 2166 376 hoc
2183 349 2232 380 (ut
2244 351 2402 387 iradicani)

1307 380 1406 408 campo
1426 377 1576 410 requitatis:
1608 377 1642 405 ad
1655 379 1714 407 istas
1725 380 1869 409 verborum
1883 381 2035 417 angustum,
2064 384 2090 412 ot
2101 384 2134 412 ad
2147 394 2244 416 omnes
2265 388 2406 420 literarum

1307 409 1421 444 angulos
1437 418 1555 440 revocas.

1289 445 1423 488 Aniiul'lize
1435 448 1517 476 cti-am
1528 450 1657 479 dicuntur
1668 474 1675 486 ‚
1698 453 1791 489 Quum
1812 455 1871 492 quis
1883 455 1966 484 tantis
1984 455 2192 488 difficultatibus
2202 464 2335 497 premitur
2374 472 2404 495 ut

1309 481 1410 511 nesciat
1425 494 1479 526 quo
1490 485 1514 526 se
1526 495 1629 516 vertere
1642 489 1749 519 debeat.
1769 492 1826 520 Cic.
1838 494 1872 521 de
1886 493 1952 522 Fato
1967 502 2006 529 i7.
2032 496 2166 531 Angustiis
2178 501 2276 535 urgeri.
2345 487 2352 500 ’

1290 517 1432 561 Adductiis
1449 531 1479 563 'in
1497 523 1614 565 liminius
1626 528 1766 561 angustias.
1800 529 1858 558 Cic.
1881 541 1930 567 pro
1949 530 2046 567 Quint.
2070 543 2109 567 19.

1289 557 1418 622 Aplgulbltia
1429 558 1538 588 videtur
1559 561 1664 590 dictum
1678 573 1726 599 pro
1747 567 1851 603 Angore
1863 577 1877 596 a
1888 568 2014 605 chisco.

1251 629 1483 660 Aucusiira
1495 641 1522 665 S,
1551 634 1566 669 [
1581 632 1669 663 §ircim
1684 637 1697 671 ]
1724 637 1864 669 Vctustum
1876 651 1978 671 nornen
1999 652 2047 679 pro
2065 645 2208 679 Angustiis.
2246 650 2342 679 Accius
2362 651 2407 681 Al-

1290 667 1431 713 plieliiioea
1443 690 1451 703 ‚
1473 669 1527 712 Sed
1537 673 1727 713 angustitiitein
1741 676 1871 706 inclusim
1888 690 1918 708 :ic
1929 679 1995 709 saxis
2007 680 2164 718 squalidam.
2201 684 2278 716 ldeni
2291 688 2320 716 in
2333 688 2406 718 Paeo-

1290 715 1345 740 na,
1367 706 1467 735 Saxum
1479 706 1507 734 id
1528 707 1594 736 lacit
1610 711 1809 746 aiigullitateni.
1833 715 1941 745 Nonius
1956 727 1980 746 2.
1998 724 2039 753 38.

1251 825 1426 863 ΑΝΗέιο,
1456 829 1471 864 [
1486 826 1626 864 ἁθμοάνω,
1650 830 1766 866 ὶῶνμιάνω
1781 833 1793 869 J
1825 838 1878 864 are.
1906 846 1940 865 ex

1289 872 1402 894 mutata.
1440 866 1483 895 Est
1498 877 1582 903 quum
1594 877 1627 896 ex
1642 868 1736 904 cursu,
1758 878 1804 899 aut
1819 872 1872 900 :ilio
1891 884 1956 910 quoi

2058 569 2088 599 V.
2113 570 2142 599 in
2164 582 2403 607 FAMiLlARIS.

1959 839 2007 881 Am
2031 842 2057 870 δε
2076 843 2147 873 Halo
2158 846 2278 883 compos
2300 857 2328 876 m
2345 850 2372 878 in
2387 859 2407 878 n

1354 903 1360 907 ,
1381 903 1388 908 ,
1475 905 1479 909 .
1577 906 1582 909 ἰ
1773 909 1777 912 γ
1912 912 1915 913 7
1959 886 1986 905 'is
2006 877 2097 908 labore
2109 882 2283 918 vehementi,
2305 887 2406 915 crebris

1290 905 1361 939 quali
1373 904 1534 946 liiigultihiis
1545 903 1697 941 spiraturac
1710 907 1861 944 respiratur.
1900 913 2035 943 Coluniel.
2050 916 2094 945 li'o.
2108 928 2132 946 2.
2145 930 2204 948 cun.
2220 930 2241 956 3.
2271 922 2324 951 Sed
2343 932 2408 953 ante

1288 940 1324 982 ad
1338 941 1419 983 pra‘ic
1430 942 1467 970 iia
1478 941 1562 970 boves
1580 943 1693 980 relegari
1703 954 1759 973 non
1771 947 1886 983 expedit
1902 970 1909 983 ‚
1931 959 2012 985 quain
2024 951 2117 983 sudare
2127 950 2207 986 atoue
2217 959 2344 990 anhelare
2359 961 2409 990 de-

1289 977 1390 1006 fierint.
1413 982 1426 1007 t
1442 979 1496 1008 vid.
1510 979 1544 1008 de
1559 980 1636 1010 Rem.
1650 982 1739 1011 Amor.
1753 992 1814 1018 394.
2164 985 2170 993 ¹
2301 981 2306 989 ⁸

1370 1016 1510 1054 Principio
1528 1016 1590 1046 clivi
1611 1019 1700 1048 noster
1724 1020 1835 1050 :inhelat
1854 1031 1949 1058 equus.

1289 1053 1443 1089 Anhelare,
1465 1063 1514 1092 pro
1540 1055 1678 1086 Emittere.
1701 1058 1759 1087 Cic.
1780 1068 1804 1088 2.
1830 1060 1864 1088 de
1883 1060 2039 1091 Nar.Deor.
2056 1074 2115 1094 iii.

1370 1091 1445 1121 Tum
1461 1092 1585 1135 gelidum
1603 1094 1694 1123 valido
1722 1096 1757 1125 de
1782 1099 1894 1134 pectore
1914 1098 1997 1136 frigus
2019 1102 2157 1133 anhelans.

1310 1138 1397 1157 corno
1412 1129 1542 1167 loquitur.

1290 1166 1507 1210 Amnis‘anhelat
1515 1177 1624 1205 vapore.
1646 1167 1715 1200 Plin.
1728 1170 1774 1200 lib.
1788 1182 1810 1206 5.
1825 1181 1886 1210 cap.
1902 1183 1926 1208 9.
1950 1174 2069 1205 Phialam
2080 1178 2209 1215 appellari
2222 1182 2325 1212 funt-:m
2337 1185 2407 1219 ejus,

1308 1214 1451 1247 mergique
1472 1206 1503 1248 in
1522 1206 1668 1249 cuniculos
1689 1208 1778 1245 ipsum
1796 1219 1905 1239 amnem
1919 1233 1927 1247 ‚
1955 1222 2057 1250 vapore
2080 1216 2271 1254 anlieliiiitmii,
2294 1221 2408 1252 t'uniidis

1310 1242 1438 1271 cautibus
1457 1243 1504 1272 ubi
1528 1245 1667 1273 conditur.

1290 1279 1429 1309 Anhelans
1451 1290 1574 1318 campus.
1597 1282 1666 1311 Stat.
1682 1292 1723 1312 11.
1737 1283 1826 1314 Theb.
1845 1294 1886 1323 i7.

1449 1333 1487 1340 —·
1515 1320 1541 1348 δε
1559 1319 1736 1363 anhelantem
1753 1322 1857 1352 coelesti
1875 1324 2003 1361 sulphure
2018 1335 2157 1363 campum.
2214 1329 2242 1358 li.
2260 1341 2283 1362 e.
2306 1333 2410 1364 Odor-is

1310 1363 1443 1393 vaporem
1465 1356 1604 1394 sulphurei
1621 1358 1798 1389 exhalantem
1808 1362 1868 1398 post
1883 1362 2017 1392 vibratum
2030 1373 2045 1393 e
2062 1365 2135 1394 coelo
2148 1365 2261 1397 l'ulincn.
2298 1370 2366 1406 Virg.
2382 1384 2407 1407 5.

1310 1393 1372 1422 AEn.
1392 1400 1454 1429 254.
1581 1396 1650 1425 Acer
1668 1397 1808 1427 anhelanti
1827 1399 1928 1429 similis.
2342 1402 2348 1407 ⁸

1291 1430 1426 1461 Anhelare
1437 1432 1577 1475 praelium.-
1596 1433 1622 1462 h.
1636 1443 1660 1462 e.
1684 1435 1844 1466 Anhelituin
1855 1437 1956 1467 ducere
1964 1438 2179 1476 frequentiorem
2188 1453 2243 1480 prae
2252 1443 2409 1476 lassitudine

1309 1470 1606 1508 'contractainpraelio
1628 1471 1695 1501 Stat.
1720 1483 1761 1502 11.
1787 1474 1876 1504 Theb.
1893 1484 1917 1512 7.
1942 1476 1977 1505 de
1990 1476 2069 1513 jove,
2102 1477 2106 1480 ”

1451 1523 1488 1528 -
1507 1507 1627 1545 Phlegrae
1646 1509 1691 1539 seu
1710 1510 1791 1540 fessus
1816 1512 1928 1542 anhelet

1372 1544 1465 1574 Praelia
1477 1567 1484 1579 .
1506 1547 1532 1575 &
1549 1546 1688 1582 Encelado
1707 1548 1859 1578 fumantem
1880 1550 2044 1587 impre'iTerit
2060 1553 2180 1584 AEtnam.

1292 1581 1427 1614 Anlielate
1446 1583 1552 1627 scelus,
1572 1593 1622 1621 per
1641 1586 1858 1616 translationem.
1890 1588 1949 1618 Cic.
1963 1599 1988 1617 2.
2008 1591 2036 1618 in
2058 1591 2137 1622 Catil.
2160 1603 2182 1622 i.
2224 1592 2350 1624 Tandem
2361 1597 2410 1627 ali-

1312 1621 1443 1657 quando,
1465 1622 1605 1657 Quirites,
1627 1622 1774 1653 Catilinam
1791 1624 1929 1655 furentem
1950 1627 2066 1657 audacia
2079 1651 2086 1663 ‚
2108 1628 2194 1659 scelus
2214 1632 2407 1671 anhelantem,

1311 1658 1416 1701 ‘pestem
1427 1660 1521 1696 patriae
1540 1659 1643 1689 nefarie
1660 1660 1823 1691 molientem
1838 1685 1846 1698 ‚
1878 1663 1929 1693 Sec.
1958 1665 1984 1693 h.
2002 1673 2026 1694 e.
2050 1667 2091 1694 Ad
2107 1666 2194 1696 scelus
2214 1671 2290 1698 omni
2306 1681 2408 1702 conatu

1312 1697 1484 1733 aipirantem.
1509 1697 1630 1740 'Author
1649 1699 1686 1727 ad
1702 1699 1825 1729 Herenn.
1849 1700 1897 1730 lib.
1916 1714 1943 1738 4.
1966 1706 2010 1736 68.
2044 1704 2182 1734 Anhelans
2195 1715 2230 1735 ex
2248 1707 2344 1738 infimo
2360 1721 2410 1748 pc-

1290 1760 1293 1762 ,
1313 1735 1387 1762 {tore
1411 1734 1611 1764 crudelitatem.

1256 1769 1306 1800 AN
1316 1781 1335 1799 H
1345 1781 1359 1800 a
1368 1782 1385 1800 1.
1394 1781 1440 1800 AT
1450 1782 1487 1801 us
1498 1795 1506 1808 ‚
1529 1772 1624 1802 Partic.
1661 1772 1744 1803 Ovid.
1761 1784 1801 1804 iz.
1819 1775 1900 1813 Epist.
1916 1787 1958 1812 15.

1374 1809 1436 1838 Isset
1450 1810 1593 1840 anhelatos
1611 1821 1669 1840 non
1685 1813 1897 1849 praemedicatus
1915 1816 1950 1843 ad
1970 1815 2056 1852 ignes.

1294 1845 1427 1888 Anhelata
1439 1848 1532 1891 uerba.
1543 1848 1611 1882 .Cic.
1624 1854 1647 1885 3.
1659 1849 1694 1878 de
1704 1849 1781 1879 Orat.
1801 1857 1843 1886 38.
1884 1853 1957 1881 Nolo
1968 1854 2085 1891 exprimi
2097 1854 2188 1885 literas
2199 1858 2333 1894 putidius,
2344 1860 2412 1890 nolo

1314 1884 1452 1914 obscuiari
1460 1885 1645 1924 negligentius
1654 1909 1662 1922 ,
1683 1887 1750 1916 nolo
1761 1889 1843 1918 verba
1853 1890 1962 1919 exiliter
1972 1892 2129 1922 exanimata
2139 1895 2215 1924 exire
2230 1917 2237 1930 ‚
2258 1896 2323 1926 noio
2337 1899 2417 1928 infla-

1313 1928 1341 1951 ta
1358 1924 1383 1952 &
1400 1923 1528 1954 anhelata
1544 1925 1659 1961 gravius.
1693 1925 1741 1954 Sil.
1756 1925 1804 1955 lib.
1821 1937 1862 1962 14.
1882 1934 1943 1963 380.

1257 1959 1280 1989 A
1289 1969 1309 1989 N
1320 1970 1339 1988 H
1351 1970 1364 1989 ε
1373 1971 1390 1989 L
1399 1970 1476 1990 AN‘r
1486 1971 1524 1990 ER
1534 1983 1542 1997 ‚
1565 1962 1631 1991 Adv.
1661 1962 1732 1992 Cum
1752 1964 1877 1994 anhelitu
1889 1976 1896 2001 ·,
1918 1967 1985 1996 item
1998 1967 2167 1998 Festinanter
2177 1992 2185 2005 ,
2206 1971 2319 2008 cupide.
2351 1974 2413 2003 Am.

1294 1998 1379 2042 mian.
1394 2002 1436 2028 16.
1453 2009 1495 2032 15.
1534 1999 1640 2036 (Vales.
1657 2001 1723 2037 ιο.)
1745 2002 1912 2033 Anhelanter
1931 2006 2012 2034 avido
2034 2006 2110 2036 flatu.
2134 2008 2172 2036 ita
2192 2007 2415 2048 Lindenbrogius

1295 2036 1398 2073 aliique
1416 2036 1521 2074 legunt.
2353 2043 2363 2049 “

1257 2073 1494 2103 ANHELATOR
1509 2097 1517 2109 ,
1540 2075 1602 2104 oris.
1624 2084 1661 2104 m.

2255 1107 2296 1137 De
2313 1109 2408 1148 Capri-

1320 2112 1325 2117 ,
1353 2112 1358 2117 ⁵
1427 2113 1432 2118 ι
1508 2113 1513 2118 .
1557 2114 1562 2118 Ι
1683 2075 1892 2114 [ἂσθκψπκὲς]
1913 2079 2079 2118 Suspiriosus
2098 2091 2104 2111 2
2127 2083 2202 2119 quod
2219 2084 2318 2114 vitium
2328 2087 2416 2116 conli-

1294 2112 1339 2140 stit
1351 2122 1380 2140 in
1394 2111 1515 2150 spirandi
1536 2113 1706 2143 difficultate.
1730 2115 1799 2145 Plin.
1818 2116 1865 2146 lib.
1877 2125 1921 2147 22.
1940 2127 2003 2156 cap.
2023 2129 2068 2157 23.
2099 2120 2327 2159 Anhelatoribus‚
2349 2126 2414 2154 &in

1294 2149 1357 2179 tuffi
1368 2150 1473 2179 vetusta
1489 2160 1553 2180 cum
1569 2158 1650 2187 porro
1663 2161 1697 2181 ex
1711 2160 1789 2182 aceto
1805 2154 1892 2184 datur.

1257 2186 1506 2223 ΛΝΗειΑῑ-ιο,
1528 2190 1598 2218 finis.
1621 2189 1639 2218 f.
1662 2188 1778 2226 [ἅαὶιιφ
1795 2192 1809 2226 ]
1831 2192 1958 2229 Spirandi
1976 2193 2133 2224 difficultas
2165 2195 2315 2228 Plin.l.21.
2328 2209 2350 2228 c.
2364 2209 2411 2229 21.

1295 2224 1443 2255 Prodest&
1461 2226 1671 2264 orthopnoicis,
1694 2229 1720 2257 &
1740 2229 1919 2260 anhelationi.
1953 2231 2031 2261 Ideni
2052 2233 2099 2261 lib.
2113 2242 2156 2267 ²3·
2176 2244 2237 2271 cap.
2252 2245 2274 2265 1.
2297 2237 2413 2266 Anhela-

1294 2263 1437 2299 tionibus‚
1458 2263 1577 2299 luxatis,
1602 2265 1632 2293 in
1643 2265 1753 2295 succida
1762 2266 1825 2296 laria
1840 2268 2007 2306 impositum.
2048 2270 2078 2298 V.
2103 2270 2237 2302 Harduin.

1256 2300 1307 2331 AN
1318 2310 1338 2330 H
1350 2304 1467 2330 ἓιὶτυ
1478 2312 1490 2331 s
1502 2324 1509 2336 ‚
1532 2303 1571 2332 us.
1593 2312 1630 2331 m.
1651 2302 1764 2339 [ἅθκφ
1778 2305 1793 2340 ]
1816 2305 1873 2343 Ipse
1891 2305 2000 2344 spii-itus
2016 2309 2098 2337 anxie
2118 2310 2205 2339 acius.

1293 2339 1377 2377 ffiger
1399 2339 1547 2369 anhelitus.
1587 2340 1660 2378 Virg.
1679 2352 1702 2376 5.
1722 2342 1784 2372 IEn.
1803 2353 1866 2380 43²·

1487 2393 1526 2399 —
1545 2378 1632 2408 vastos
1650 2380 1738 2416 quatit
1755 2390 1826 2418 aeger
1842 2381 1979 2411 anhelitus
2001 2388 2082 2412 artus.

1293 2414 1402 2444 Aridus.
1424 2415 1508 2445 Ovid.
1524 2426 1565 2445 10.
1585 2416 1653 2445 Met.
1674 2421 1738 2454 663.

1373 2453 1470 2483 Aridus
1490 2460 1505 2483 a
1522 2453 1588 2483 iaffo
1611 2454 1741 2484 veniebat
1757 2455 1896 2486 anhelitus
1914 2467 1971 2487 ore.

1293 2489 1403 2520 Creber.
1430 2491 1502 2529 Virg.
1521 2503 1544 2527 5.
1570 2492 1632 2521 AEn.
1649 2502 1710 2528 199.
1751 2507 1790 2514 ——
1809 2501 1869 2524 tum
1890 2496 1985 2525 creber
2005 2495 2143 2527 anhelitus
2163 2503 2237 2528 artus

1372 2529 1508 2566 Aridaque
1529 2539 1576 2559 ora
1591 2531 1687 2567 quatit.

1292 2565 1433 2596 Sublimis.
1448 2567 1522 2597 flor.
1536 2578 1558 2596 i.
1571 2567 1661 2597 Carm.
1683 2579 1724 2603 i5.
1741 2577 1784 2605 31.
1876 2569 1994 2600 Sublimi
2015 2571 2102 2609 fugies
2123 2573 2216 2603 mollis
2240 2574 2373 2605 anhelitu..

1290 2604 1410 2642 'Captare
1428 2604 1603 2642 anhelitum.⁴
1634 2605 1717 2636 Ovid.
1731 2618 1757 2642 4.
1780 2606 1851 2636 Met.
1863 2616 1908 2644 72.

1291 2641 1408 2671 Movere
1420 2643 1565 2672 anhelitus.
1589 2643 1647 2673 Cic.
1672 2654 1695 2673 1.
1721 2644 1779 2674 Off.
1794 2652 1855 2681 131.
1897 2646 1938 2675 Ne
1952 2647 1981 2675 in
1996 2646 2217 2678 festinationibus
2234 2649 2408 2688 suscipiamus

1310 2680 1411 2709 nimias
1439 2680 1610 2711 celeritates:
1644 2692 1705 2720 quae
1725 2693 1810 2720 quum
1842 2683 1931 2719 fiunt,
1957 2684 2095 2715 anhelitus
2123 2694 2287 2723 moventur,
2317 2689 2407 2718 vultus

1290 2724 1606 2794 affglsseliuss'nhenmm.
1640 2756 1726 2787 Plaut.
1742 2757 1822 2796 Epid.
1838 2767 1864 2787 2.
1881 2768 1906 2788 2.
1919 2767 1964 2789 21.

1289 2792 1418 2823 Reddere
1430 2795 1456 2823 Sc
1467 2795 1590 2832 recipere
1606 2795 1769 2825 anhelitum.
1793 2796 1862 2826 Plin.
1879 2796 1926 2826 lib.
1937 2807 1962 2833 9.
1977 2807 2039 2842 cap.
2049 2805 2075 2835 7.
2115 2799 2175 2829 Nec
2198 2799 2311 2837 piscium
2325 2800 2405 2830 bran-

1309 2832 1385 2861 chias
1395 2831 1529 2862 habentes
1540 2855 1547 2867 ‚
1570 2831 1724 2862 anhelitum
1742 2834 1857 2863 reddere
1868 2856 1877 2869 ,
1898 2844 1930 2864 ac
1948 2845 1997 2873 per
2015 2846 2088 2866 vices
2108 2838 2229 2874 recipere
2243 2839 2405 2869 existimant.

1290 2869 1437 2899 Anhelitus
1449 2871 1717 2909 terrarum,Spiritus
1726 2871 1905 2901 vehementer
1915 2873 2056 2911 impulsus.
2081 2874 2137 2904 Cic.
2158 2886 2178 2903 i.
2198 2876 2231 2904 de
2242 2875 2404 2913 Divin.1i4.

1309 2907 1400 2936 Credo
1416 2908 1500 2937 etiam
1518 2907 1656 2938 anhelitus
1673 2910 1808 2946 quosdam
1827 2909 1904 2940 suiffe
1919 2915 2052 2941 terrarum
2063 2933 2070 2947 ‚
2093 2912 2191 2949 quibus
2207 2914 2307 2943 inflatae
2329 2924 2406 2944 men-

1308 2951 1368 2980 tes,
1390 2945 1502 2975 oracula
1526 2946 1684 2976 funderent.

1289 2983 1435 3012 Anhelitus
1455 2983 1537 3018 vini,
1568 2984 1686 3021 Spiritus
1706 2984 1839 3021 foetidus,
1861 2986 1957 3015 crebro
1977 2988 2113 3016 eruciatus
2130 2996 2163 3016 ex
2180 2987 2266 3016 nimia
2282 2988 2339 3017 vini
2358 2999 2407 3026 po-

1308 3021 1422 3050 tation‘e.
1445 3021 1503 3050 Cic.
1520 3021 1579 3050 Post
1590 3023 1647 3052 red.
1663 3023 1692 3051 iri
1702 3023 1794 3052 Senat.
1814 3034 1855 3058 15.
1910 3024 1973 3053 Non
1983 3025 2092 3053 teillius
2104 3033 2305 3061 unguentorum
2318 3027 2406 3061 odor,

1309 3068 1368 3087 nori
1382 3059 1439 3088 vini
1449 3059 1587 3088 anhelitus
1597 3082 1604 3094 ‚
1626 3069 1684 3089 non
1694 3061 1770 3090 frons
1778 3061 1922 3090 calamistri
1934 3069 2029 3091 notata
2039 3062 2154 3099 vestigiis
2168 3084 2176 3097 ‚
2201 3064 2229 3091 in
2239 3073 2300 3092 cam
2311 3065 2407 3102 cogni-

1309 3097 1415 3127 tionem
1425 3097 1582 3126 adducebat
1594 3099 1606 3125 ἰ)

1251 3131 1302 3164 ΑΝ
1312 3143 1331 3163 Η
1341 3137 1384 3164 Ei„
1395 3145 1412 3163 u
1423 3144 1435 3163 s
1446 3157 1453 3170 ‚
1474 3135 1534 3171 Adj.
1559 3136 1574 3171 [
1588 3132 1736 3168 ἀοθκμπηρς
1751 3136 1765 3170 ]
1789 3136 1930 3173 Quicquid
1943 3136 2059 3165 anhelat.
2095 3136 2167 3173 Virg.
2179 3147 2204 3166 2.
2227 3137 2326 3175 Georg.
2341 3148 2368 3175 ¹3
2378 3151 2402 3173 5.

1444 3173 1638 3203 —Scsenibus
1649 3173 1843 3203 mendicantur
1853 3174 1966 3203 anhelis.
2006 3175 2022 3202 i.
2041 3183 2063 3202 e.
2082 3174 2247 3204 Susiiriosis.
2270 3175 2348 3205 ldciii
2361 3187 2404 3206 12.

1288 3209 1350 3239 AEn.
1364 3219 1428 3247 790.
1467 3227 1505 3231 —
1524 3211 1621 3240 Martis
1641 3211 1743 3240 anheli.
1781 3212 1798 3241 i.
1821 3222 1844 3241 e.
1865 3211 1951 3246 Belli,
1972 3212 2046 3246 quod
2057 3186 2171 3242 anhelos
2181 3213 2233 3242 sive
2243 3213 2406 3245 anhelantes

1286 3246 1362 3277 facit.
1387 3248 1465 3277 [dem
1477 3259 1499 3277 1.
1522 3249 1620 3285 Georg.
1634 3259 1697 3284 250.

1369 3285 1483 3323 Nosque
1502 3287 1550 3315 ubi
1569 3288 1673 3324 primus
1687 3287 1764 3324 equis
1777 3287 1869 3315 oriens
1889 3286 1988 3315 afflavit
2006 3286 2121 3316 anhelis,

1287 3322 1416 3358 Anhelis‚
1437 3324 1524 3353 Cursu
1541 3324 1743 3353 anhelantibus.

1287 3359 1388 3390 Febres
1403 3361 1516 3391 anhelae.
1539 3362 1623 3391 Ovid.
1640 3373 1661 3391 1.
1672 3363 1706 3391 de
1718 3362 1823 3396 Ponto,
1847 3371 1888 3390 10.
1905 3371 1928 3396 5.

1283 3398 1352 3466 ff'itis
1370 3398 1478 3428 anhela.
1500 3400 1606 3428 Lucret.
1628 3399 1675 3428 lib.
1687 3411 1713 3434 4.
1727 3405 1789 3435 873.

1316 3435 1379 3465 ullis
1400 3437 1498 3466 anhela
1519 3447 1604 3474 aegros
1622 3438 1710 3473 quatit
1725 3436 1791 3465 sues.
1827 3435 1898 3472 Virg.
1920 3444 1944 3470 3.
1964 3434 2062 3472 Georg.
2075 3446 2138 3473 497.

1249 3472 1327 3503 ANH
1338 3475 1456 3504 §Drios
1467 3497 1475 3510 ‚
1496 3476 1513 3504 i,
1536 3485 1573 3504 m.
1596 3473 1737 3510 [amesae
1753 3474 1767 3508 ]
1789 3473 1896 3507 Herba,
1916 3474 2017 3502 notiori
2028 3476 2143 3504 ncniirie
2152 3475 2301 3508 Narciffus.
2324 3479 2403 3517 Apul.

1288 3511 1323 3541 de
1331 3511 1415 3542 Herb.
1428 3522 1489 3551 cap.
1504 3524 1546 3549 55.
1584 3512 1616 3542 ln
1626 3511 1712 3549 Lugd.
1724 3511 1786 3541 cod.
1804 3511 1951 3548 Anaeydros
1966 3512 2083 3541 editum.

1678 3576 1704 3609 A
1800 3573 1836 3608 N
1934 3574 1949 3611 1

1249 3626 1273 3657 A
1281 3634 1301 3654 N
1309 3635 1319 3654 1
1328 3629 1347 3654 a
1356 3632 1377 3654 'r
1385 3635 1403 3654 R
1411 3635 1428 3655 o
1438 3636 1455 3654 t.
1465 3635 1482 3654 0
1495 3635 1513 3654 c
1521 3627 1538 3654 ’ἑ
1550 3634 1569 3653 Τ
1577 3634 1593 3653 o
1603 3634 1614 3654 s
1628 3646 1636 3659 ‚
1658 3625 1672 3660 [
1687 3623 1899 3658 ἁνιοιτξολέγητῶν
1914 3625 1929 3659 ]
1948 3624 2050 3655 dicitur
2057 3626 2183 3657 Rationis
2193 3629 2308 3658 medicae
2319 3629 2406 3667 impe-

1287 3664 1365 3693 ritus.
1405 3663 1558 3696 Vitruvius.
1581 3662 1678 3698 Neque
1693 3668 1757 3691 vero
1778 3661 1876 3697 debet,
1899 3672 1952 3691 nec
1963 3665 2051 3701 potest
2061 3666 2227 3695 architectus
2247 3666 2299 3695 esse
2318 3678 2405 3704 grain-

1287 3701 1405 3730 maticus
1416 3700 1492 3729 velut
1508 3699 1675 3728 Aristarchus
1685 3721 1692 3734 ‚
1714 3699 1760 3728 sed
1777 3709 1834 3728 non
1845 3710 2041 3737 agrammatus:
2065 3712 2118 3731 nec
2131 3703 2249 3733 musicus
2263 3712 2293 3733 ut
2308 3706 2403 3733 Aristo-

1287 3748 1394 3772 xenus.
1425 3737 1471 3766 sed
1482 3746 1539 3765 non
1550 3736 1672 3766 amusos:
1696 3747 1748 3767 nec
1764 3737 1853 3774 pistor
1866 3746 1894 3767 ut
1907 3738 2014 3776 Apelles
2026 3761 2034 3773 ,
2054 3739 2101 3768 sed
2119 3741 2266 3778 graphidos
2283 3752 2341 3771 non
2355 3743 2404 3770 ini-

1286 3776 1409 3815 peritus:
1437 3783 1490 3803 nec
1499 3773 1596 3811 plastes
1609 3774 1847 3811 quemadmodum
1865 3776 1966 3813 Myron
1977 3776 2021 3806 seu
2036 3777 2189 3814 Polycletus
2201 3801 2208 3813 ‚
2232 3779 2279 3808 sed
2290 3781 2404 3808 rationis

1286 3813 1407 3852 plasticae
1420 3821 1478 3841 non
1490 3812 1598 3848 ignarus
1610 3821 1617 3840 ;
1640 3822 1692 3841 nec
1705 3812 1800 3842 denuo
1815 3813 1940 3843 medicus
1950 3822 1980 3843 ut
1992 3814 2189 3852 Hippocrates,
2211 3816 2321 3845 sednon
2331 3818 2407 3845 ania-

1286 3850 1454 3886 trologetos:
1476 3849 1568 3878 necin
1580 3851 1684 3879 creteris
1693 3851 1828 3879 doctrinis
1839 3850 2009 3888 singulariter
2020 3853 2159 3883 excellens
2170 3876 2178 3890 ,
2199 3854 2285 3883 sedin
2295 3855 2337 3883 his
2347 3863 2405 3882 non

1285 3887 1440 3926 imperitus.
1479 3886 1522 3918 Ex
1537 3886 1649 3917 Budaeo.
1690 3888 1721 3919 V.
1742 3887 1820 3918 Baldi
1832 3888 1900 3959 [ἐπὶ.
1923 3889 2026 3920 Vitriiv.
2037 3900 2064 3929 p.
2074 3896 2100 3926 8.

2191 3288 2258 3324 ,Ubi
2272 3289 2381 3320 Servius
2394 3300 2404 3325 3

2278 3929 2406 3958 Aures«
