2600 4177
447 102 478 138 C
567 103 602 138 Ο
693 98 734 137 Μ
1703 97 1733 135 C
1831 98 1867 134 Ο
1964 99 2003 134 Μ

74 175 195 212 Reddita
206 182 294 212 comis
304 183 347 213 sua
358 194 429 213 cura.
451 184 540 213 Valet.
553 188 580 216 8.
594 185 693 222 Argon.
703 188 768 220 238.

76 216 212 253 Reliizare.
240 221 306 249 Hor.
321 231 340 249 ι,
357 222 446 250 Carm.
465 232 487 254 ς.
502 233 527 255 4.

76 257 234 286 Renodare.
267 260 287 286 i.
298 268 322 287 e.
346 259 375 287 ln
385 259 491 287 nodum
502 258 641 294 colligere.
663 258 730 288 Hor.
740 258 830 297 Epod.
844 269 854 288 1
864 268 886 289 1.
897 267 944 297 4².

79 294 277 326 Riqentcomae
289 302 400 324 terrore.
424 296 542 333 Ovid.3.
564 296 632 326 Met.
648 306 710 325 100.

78 330 188 367 Ruptae.
213 333 296 361 Ovid.
311 343 352 362 21.
370 334 452 370 Epist.

78 368 161 398 Scissa
172 379 252 399 coma
263 392 270 404 ,
292 370 422 406 siqnificat
433 369 565 400 Habitum
576 370 686 399 seminae
699 372 851 400 moerentis.
875 372 948 409 Virg.
961 381 987 407 9.
998 371 1059 402 AEn.
1074 375 1139 407 478.

79 406 193 473 Solvlere
203 417 297 437 comas
308 401 332 437 ἃ
342 408 457 445 Fingere
464 417 559 438 comas
570 430 578 443 ,
600 409 618 437 i.
628 417 652 437 e.
675 418 863 446 componere,
883 410 1027 439 contraria.
1058 406 1203 446 Sen.Hip=

98 453 155 481 po.
179 454 204 473 v.
220 453 281 481 270.

161 482 281 511 Noctem
292 482 410 518 querelis
419 482 514 518 ducit3
537 483 627 512 attolli
644 483 723 518 jubet

2353 104 2418 143 583

1252 183 1425 215 CoMsssus
1442 204 1449 215 ,
1473 181 1530 215 Adi.
1553 179 1717 217 [mixtim]
1737 181 1816 211 Idem
1834 180 1909 217 quod
1930 180 2072 209 Comatus.
2113 179 2181 209 Plin.
2194 179 2242 209 lib.
2259 183 2300 209 16.
2318 189 2378 218 cap.
2392 184 2419 211 6.

1292 220 1417 249 llemeiis
1441 226 1554 248 vocatur
1565 242 1572 255 ,
1595 220 1706 248 brevior
1728 220 1753 248 ἃ
1774 220 1802 247 in
1818 219 1913 247 orbem
1935 217 2055 247 comosa.
2096 217 2174 247 Idem
2189 217 2236 246 lib.
2253 221 2297 246 26.
2318 228 2378 254 cap.
2392 224 2419 252 8.

1293 257 1513 286 Comosissimum
1527 267 1560 286 cx
1576 257 1709 286 omnibus
1727 258 1852 285 maxime
1868 255 2021 284 cauliculis.

1257 294 1306 323 Co
1316 305 1333 322 M
1346 304 1362 322 A
1376 304 1392 322 c.
1405 304 1417 322 iz
1427 305 1445 323 N
1458 305 1470 322 r
1486 316 1493 328 ,
1516 295 1607 323 Herba
1621 317 1626 328 ,
1649 295 1727 329 cujus
1740 294 1868 323 meminit
1880 293 1946 323 Plin.
1960 293 2007 321 lib.
2019 302 2062 328 ²9·
2076 300 2138 328 cap.
2153 300 2178 327 3.

1259 332 1335 360 Com
1348 341 1393 359 Ao
1405 336 1472 360 {ixia
1485 354 1492 361 .
1515 342 1552 360 cs.
1575 332 1617 361 vel
1641 334 1688 362 Co
1701 344 1719 360 M
1732 343 1750 360 M
1762 342 1780 360 A
1793 342 1810 360 c
1822 341 1863 360 RN
1875 341 1888 359 n
1900 353 1908 365 ,
1931 331 2122 366 [Κομμαγηνὴ]
2145 330 2206 359 Asiae
2224 330 2299 367 regio
2310 330 2357 364 est,
2376 331 2426 369 Sy-

1296 370 1342 397 rizc
1357 379 1429 406 pars,
1449 369 1528 406 supra
1540 369 1665 399 Ciliciam
1678 371 1706 398 in
1717 376 1808 398 ortum
1819 369 1876 405 sita,
1891 376 1965 397 trans
1981 368 2119 397 Amanum
2134 375 2279 396 montem:
2303 371 2425 399 excurrit

1284 407 1331 434 -ad
1343 407 1427 443 usque
1444 407 1686 444 Mesopotamiam,
1698 407 1836 444 Euphrate
1847 406 2023 441 intermedio,
2045 412 2077 435 ut
2087 405 2249 435 Ptolemaeus
2257 405 2429 438 docettabu.

1300 443 1325 472 la
1338 444 1401 473 Asiae
1415 454 1439 478 ⁴·
1481 445 1547 473 Inde
1560 445 1711 480 Comageni
1723 445 1789 474 dit-“ii
1803 445 1957 482 Pomponio
1971 444 2019 473 lib.
2037 453 2060 473 1.
2072 453 2099 474 2.

1263 480 1285 510 C
1295 491 1312 510 o
1323 492 1343 510 M
1356 490 1374 509 A
1389 491 1406 509 o
1417 491 1460 509 EN
1471 492 1488 510 u
1499 492 1510 510 s
1520 504 1527 516 ,
1550 492 1565 511 a
1576 504 1584 516 ,
1605 492 1661 511 um.
1686 483 1746 518 Adj.
1769 482 1868 517 juven.
1881 486 1908 511 6.
1920 483 1973 512 Sat.
1990 487 2053 517 548.

161 519 320 556 iterumque
331 521 397 556 poni
409 530 526 558 corpus:
552 524 577 551 &
588 521 655 550 solvi
668 531 762 551 comas
772 542 780 557 ‚

160 556 314 593 Rursusque
328 558 403 595 fingi.

81 593 252 631 sparguntur
263 604 409 631 comaeper
421 601 513 633 caput.
534 595 620 626 Ovid.
633 605 658 632 3.
675 596 709 626 de
725 597 788 625 Arte
801 596 859 626 Am.
875 601 921 634 76.

82 631 224 660 Steterunt
234 641 330 661 comae.
352 633 426 670 Virg.
439 643 465 662 2.
480 633 541 663 AEn.
555 643 619 670 774.

176 669 333 707 Obstupui,
356 671 544 708 steteruntque
557 681 645 701 coma:
656 694 664 705 ,
686 672 712 701 Sc
724 680 779 700 vox
789 670 916 702 faucibus
928 672 1012 702 liaesit.

83 704 221 743 Stringere
233 717 325 737 comas
336 709 420 738 vittis.
448 709 520 746 Virg.
535 718 561 738 2.
578 710 679 747 Georg.
694 714 756 744 368.

82 745 270 781 Subliringere
280 745 373 782 ligatas
384 757 479 777 comas
490 756 566 777 auro.
580 747 680 776 Lucan.
695 756 719 779 ι.
733 751 796 780 ²81.
807 746 826 775 i.
840 756 863 776 e.
879 748 966 777 Aureo
977 748 1052 776 nodo
1063 744 1204 784 colligare.

83 781 185 811 Tonsa.
211 783 281 820 Virg.
299 794 322 817 ς.
339 785 474 820 AEn.556.
498 786 551 814 i.e.
574 784 751 822 Composita,
772 785 1031 821 utinquitServius.
1067 785 1137 814 Nam
1148 794 1210 821 pro-

102 821 165 857 prie
174 820 267 849 Comae
278 821 339 851 sunt
356 823 419 852 Non
436 823 495 852 caesi
508 823 610 861 capilli.
648 822 749 858 [Errat
766 822 892 856 Servius,
913 823 1049 860 siquidem
1060 822 1154 852 Tonsa
1164 832 1212 851 co-

103 867 171 887 rona
181 859 284 888 dicitur
294 860 370 889 versu
386 861 435 889 illo
447 883 454 895 ,
475 870 535 898 quae
547 866 656 890 comam
668 858 780 897 pressit,
801 869 860 889 non
869 870 958 890 coma.
978 860 1052 891 conf.
1070 869 1095 897 3.
1110 860 1209 897 Georg.

105 904 151 924 21.
192 896 224 925 V.
249 897 357 927 Salmas.
371 908 463 928 exerc.
492 898 557 927 Plin.
571 908 632 936 pag.
646 907 707 927 100.

84 932 207 962 Trahere
217 934 300 964 alicui
310 945 429 966 comam.
451 936 524 973 Virg.
541 945 564 965 1.
577 936 640 966 AEn.
652 945 717 972 477.

85 970 196 1000 Variare
206 982 300 1002 comas
311 975 410 1012 positu.
450 974 536 1003 Ovid.
553 983 578 1003 2.
596 974 667 1004 Met.
684 980 749 1008 4¹2.
770 973 788 1002 i.
800 982 825 1002 e.
847 972 927 1003 Varie
942 973 1098 1012 disponere.

85 1008 188 1038 Velaraz
199 1019 294 1040 comm.
329 1012 400 1049 Virg.
416 1020 440 1048 3.
456 1012 518 1042 JEn.
530 1022 596 1047 4ος.
624 1011 678 1041 Ubi
690 1011 800 1040 Servius
815 1011 916 1042 Comas
926 1013 1036 1041 vittatas
1045 1010 1173 1050 exponit.

85 1046 283 1077 Vinflicomas
294 1049 394 1079 fronde
428 1050 495 1080 Hor.
509 1059 535 1079 2.
554 1049 637 1087 Epist.
654 1059 676 1079 1.
694 1058 755 1078 110.

85 1083 174 1113 Coma
185 1106 192 1119 ,
215 1095 264 1122 per
276 1088 470 1126 metaphoram
483 1088 566 1117 etiam
579 1088 615 1116 de
629 1087 779 1116 Arboribus
789 1109 797 1121 ,
818 1087 965 1117 fruticibus
976 1109 984 1121 ,
1008 1085 1194 1116 arundinibus
1203 1105 1211 1120 ,

105 1123 131 1151 ἅ
142 1121 234 1151 herbis
246 1124 358 1155 dicitur.
399 1126 467 1155 Plin.
481 1126 528 1155 lib.
543 1134 584 1155 12.
598 1135 658 1163 cap.
671 1134 717 1160 ας.
746 1125 855 1154 Folium
870 1125 982 1155 balsami
996 1125 1159 1163 proximum
1169 1132 1214 1153 ru-

104 1166 140 1189 tae
151 1169 286 1198 perpetua
300 1173 388 1192 coma.
413 1164 485 1199 Virg.
497 1175 524 1199 4.
537 1163 638 1200 Georg.
655 1172 714 1198 137.

168 1198 218 1227 [lle
229 1209 340 1230 comam
357 1201 512 1238 mollisjam
528 1207 588 1230 tum
603 1200 739 1230 tondebat
752 1200 873 1231 acanthi.

86 1234 223 1266 Arborum
234 1247 330 1268 conize.
352 1239 419 1268 Hor.
435 1250 461 1274 4.
483 1239 572 1268 Carm.
584 1248 609 1276 7.
619 1248 645 1268 2.

86 1272 224 1304 Arboreae.
248 1276 332 1305 Ovid.
345 1286 371 1305 2.
386 1279 477 1306 Amor.
491 1281 532 1306 16.
549 1280 593 1312 36.

180 1313 345 1351 Frigidaque
353 1315 482 1344 arboreas
492 1315 615 1344 mulceat
623 1324 688 1344 aura
701 1324 807 1345 comas.

86 1348 252 1381 Nemorum.
277 1352 345 1382 Hor.
360 1363 381 1382 1.
395 1353 486 1382 Carm.
497 1362 542 1382 21.
554 1363 578 1389 ς.

87 1386 270 1425 Papavereae,
291 1391 309 1420 i.
323 1400 347 1420 e.
371 1390 468 1420 Comae
478 1398 659 1429 papaverum.
679 1390 765 1421 Ovid.
777 1401 804 1427 4.
818 1390 885 1420 Fast.
901 1395 965 1427 438.
987 1389 1104 1419 Videtur
1114 1385 1216 1418 intelli-

107 1435 172 1463 gere
182 1436 231 1464 per
248 1428 348 1458 Comas
358 1450 366 1462 ,
389 1429 486 1465 Capita
496 1428 553 1467 ipsa
561 1428 606 1458 seu
618 1428 714 1465 scapos
726 1438 732 1458 :
754 1438 846 1466 neque
858 1429 934 1458 enim
946 1428 1050 1458 habent
1062 1436 1156 1457 comas
1168 1436 1218 1470 pa-

106 1473 218 1500 pavera.
258 1467 347 1502 [Sine
358 1466 446 1496 dubio
457 1467 568 1497 Florem
579 1467 721 1504 intelligit.
760 1467 806 1496 Sic
822 1466 976 1496 Narcissum
995 1471 1156 1496 comantem
1175 1464 1218 1494 di-

107 1501 149 1530 xit
161 1502 298 1540 Virgilius.

89 1538 237 1577 Populeae,
259 1542 353 1571 Comae
365 1509 696 1580 popuiiarbmoid.
712 1551 735 1571 r.
755 1543 846 1572 Amor.
858 1551 884 1581 7.
900 1552 944 1580 54.

172 1578 206 1607 Ut
218 1589 303 1616 quum
314 1581 449 1618 populeas
457 1581 574 1610 ventilat
588 1590 653 1610 aura
664 1590 767 1610 comas.

89 1613 170 1644 Sacra
180 1616 249 1646 lauri
261 1627 350 1647 coma.
374 1619 445 1656 Virg.
460 1628 485 1654 7.
500 1619 562 1650 ffin.
576 1622 621 1647 60.

90 1652 229 1684 Decutere
244 1665 350 1686 comas.
372 1664 421 1691 ut,
442 1657 541 1686 Bruma
552 1656 670 1686 decussit
681 1665 777 1686 comas
787 1655 926 1686 arborum.
950 1654 1015 1686 Sen.
1027 1655 1118 1686 OEth.
1131 1664 1160 1691 4.

89 1690 276 1723 Luxuriarein
289 1694 398 1732 patulas
408 1704 512 1724 comas.
536 1695 620 1725 Ovid.
634 1695 669 1724 de
677 1694 757 1724 Nuce
767 1717 774 1729 ,
796 1703 841 1730 30.

88 1728 181 1759 Posuit
190 1731 271 1761 arbor
282 1741 376 1761 comas
387 1755 394 1766 ,
417 1733 527 1762 Nudata
540 1733 578 1762 est
588 1732 670 1762 foliis.
695 1732 767 1770 Virg.
784 1742 826 1761 12.
839 1732 902 1762 AEn.
918 1741 982 1767 209.

90 1766 238 1798 Succineta
253 1780 364 1805 comas,
386 1770 544 1809 hirsutaque
554 1771 657 1800 vertice
668 1771 760 1808 pinus.
783 1770 868 1800 Ovid.
885 1780 926 1800 10.
945 1771 1016 1800 Met.
1032 1777 1095 1806 103.

91 1804 184 1835 Tonsa
198 1817 292 1838 comas
303 1808 392 1838 arbos.
414 1809 499 1838 Ovid.
513 1819 554 1839 11.
569 1809 638 1838 Met.
649 1819 694 1845 47.

91 1841 267 1875 Tremefacta
279 1856 361 1876 coma
373 1846 477 1876 arboris
486 1847 633 1877 concussae.
659 1847 730 1883 Virg.
739 1855 765 1876 2.
778 1845 840 1876 AEn.
852 1850 916 1882 629.

1379 519 1506 555 Spondet
1518 526 1670 548 amatorem
1681 528 1807 549 tenerum
1816 542 1824 555 ,
1846 520 1889 549 vel
1899 520 1992 549 divitis
2004 519 2065 548 orbi

1378 556 1587 585 Testamentum
1601 557 1698 593 ingens
1709 579 1717 593 ,
1739 558 1837 587 calidae
1849 558 1984 595 pulmone
2000 555 2139 587 columbae

1378 593 1510 623 Tradato
1524 616 1532 627 ,
1554 595 1698 624 Armenius
1708 617 1715 629 ,
1735 595 1778 625 vel
1793 596 1969 631 Comagenus
1980 594 2106 633 aruspex.

1299 630 1360 660 Rex
1380 632 1532 661 Antiochus
1544 632 1730 668 Comagenus.
1754 633 1812 662 Cic.
1830 643 1871 666 ις.
1885 632 1958 663 Fam.
1976 643 1999 661 1.

1263 670 1284 699 C
1295 673 1311 699 ὃ
1322 680 1341 697 Μ
1350 672 1366 697 A
1378 678 1395 696 c
1404 672 1419 697 ἒ
1429 679 1448 697 Ν
1459 679 1476 697 υ
1487 680 1506 698 Μ
1517 691 1524 703 ,
1547 670 1564 698 i.
1587 679 1613 697 n.
1639 670 1890 704 Medicamentum,
1911 670 1955 699 vel
1972 670 2165 705 Unguentum,
2182 669 2257 706 quod
2270 666 2430 704 wewam-'r

1299 713 1381 735 vocat
1390 706 1510 736 Galenus
1525 708 1553 736 in
1563 708 1644 735 tertio
1661 707 1697 736 de
1709 708 1832 737 Sanitate
1841 708 1962 738 tuenda:
1987 718 2002 737 a
2012 709 2172 744 Comagene
2189 708 2273 744 Syriae
2292 714 2370 745 parte
2388 708 2431 736 di-

1301 745 1396 777 etum,
1418 746 1532 774 auctore
1553 744 1642 773 Plinio
1662 745 1698 773 de
1718 744 1880 778 Anseribus,
1901 745 1918 774 l.
1931 755 1955 774 c.
1970 747 1996 775 δι
2015 746 2062 775 lib.
2077 755 2120 774 10.
2145 755 2205 783 cap.
2220 754 2265 775 22.
2297 745 2432 775 Meminit

1300 781 1438 817 Pompon.
1448 782 1475 810 in
1486 782 1503 810 l.
1516 792 1560 811 21.
1575 783 1597 819 §.
1614 792 1636 810 1.
1655 782 1687 810 D.
1702 783 1737 811 de
1750 792 1806 812 aur.
1819 785 1909 819 &arg

1264 819 1450 854 CoMANA,
1473 829 1562 849 orum.
1585 829 1612 848 n.
1635 819 1674 856 pl.
1697 820 1768 849 Urbs
1779 820 1973 858 Cappadociae.
2013 820 2045 849 V.
2068 829 2135 849 mox
2158 829 2322 851 cOMANi.

1265 858 1286 887 C
1297 860 1369 886 oMA
1380 866 1399 885 N
1412 868 1421 885 1
1432 879 1440 891 ,
1461 857 1618 893 [Kamani]
1641 857 1726 886 Valet.
1740 867 1764 895 7.
1780 860 1879 895 Argon.
1893 862 1956 894 636.

1458 895 1629 924 —exset‘tos
1642 894 1741 924 lacerat
1758 895 1871 924 Bellona
1881 895 2031 924 Comanos.
2114 893 2189 924 Sacri
2203 895 2271 925 servi
2290 895 2353 925 sunt
2372 896 2434 926 Bel-

1302 929 1393 965 lonae,
1415 931 1622 969 dictiabipsius
1632 933 1691 961 deae
1701 933 1786 967 fano,
1807 933 1882 969 quod
1905 933 1945 962 illi
1966 934 2089 962 Comana
2102 941 2222 965 vocant.
2243 940 2290 962 aut
2312 934 2346 963 ab
2364 934 2434 970 ejus-

1303 970 1369 999 dem
1381 970 1503 999 nominis
1515 971 1644 1004 civitate,
1666 972 1696 998 in
1710 980 1763 1006 qna
1778 970 1848 999 illud
1867 971 1963 1000 fanum
1976 971 2014 999 est
2027 971 2116 999 situm.
2156 971 2245 1000 Strab.
2262 972 2309 1000 lib.
2329 982 2370 1000 12.
2401 972 2433 1002 ln

1303 1008 1448 1037 Antitauro
1470 1009 1540 1045 (qui
1557 1018 1638 1037 mons
1655 1008 1692 1037 est
1715 1009 1871 1037 Cataonum
1889 1010 1917 1037 in
1939 1008 2121 1045 Cappadocia
2142 1010 2268 1045 majore)
2291 1009 2434 1040 convalles

1303 1045 1365 1075 sunt
1375 1045 1522 1082 prosundae
1535 1048 1560 1076 Sc
1570 1046 1698 1082 angustae,
1720 1046 1749 1075 in
1761 1046 1863 1083 quibus
1884 1047 1930 1075 sita
1942 1047 2003 1075 sunt
2014 1045 2150 1080 Comana,
2166 1048 2263 1076 civitas
2279 1054 2434 1077 memoratu

1306 1083 1391 1120 digna
1406 1106 1414 1118 ,
1437 1085 1463 1112 δι
1474 1083 1595 1112 Bellonae
1606 1085 1701 1113 fanum
1712 1086 1787 1120 quod
1796 1084 1836 1113 illi
1847 1084 1971 1113 Comana
1983 1090 2094 1113 vocant.
2138 1084 2174 1113 Ea
2184 1085 2279 1114 civitas
2288 1085 2434 1115 clarissima

1306 1122 1345 1150 est
1355 1140 1362 1151 ,
1385 1122 1594 1158 maximamque
1608 1123 1724 1151 numine
1735 1122 1891 1151 afflatorum
1902 1144 1910 1157 ,
1933 1123 1958 1151 ἃ
1970 1121 2109 1151 sacrorum
2118 1121 2257 1152 servorum
2279 1124 2437 1152 multitudi-

1306 1169 1372 1188 nem
1381 1159 1474 1188 habet.
1517 1160 1582 1188 Eam
1592 1159 1730 1189 Cataones
1740 1160 1883 1194 incolunt,
1906 1161 1953 1197 qui
1964 1169 2122 1196 quanquam
2136 1161 2192 1198 regi
2203 1160 2306 1189 subditi
2318 1162 2377 1197 lint,
2389 1171 2437 1198 pa-

1307 1204 1371 1226 rent
1381 1204 1473 1226 tamen
1484 1196 1619 1226 sacerdoti
1631 1220 1639 1233 ,
1661 1199 1707 1235 qui
1724 1198 1797 1234 fani,
1819 1199 1845 1228 δι
1857 1198 1996 1227 sacrorum
2004 1197 2140 1226 servorum
2149 1208 2248 1233 magna
2257 1207 2291 1227 ex
2300 1206 2376 1235 parte
2388 1199 2438 1228 do-

1308 1235 1401 1265 minus
1414 1235 1452 1264 est
1463 1257 1471 1269 ,
1494 1236 1540 1272 qui
1552 1242 1681 1272 tempore
1693 1246 1748 1272 quo
1758 1246 1809 1265 nos
1819 1236 1987 1273 peregrinati
1997 1235 2089 1264 sumus
2099 1235 2179 1272 supra
2189 1236 2233 1264 sex
2249 1236 2335 1265 millia
2347 1244 2436 1273 erant,

1307 1273 1491 1302 virisimulac
1511 1274 1649 1302 mulieres.
1691 1274 1767 1304 Fano
1787 1275 1864 1311 regio
1889 1275 1999 1309 adjacet
2016 1283 2075 1302 non
2095 1284 2177 1311 parvi
2191 1296 2199 1308 ,
2221 1276 2300 1308 cujus
2316 1274 2439 1305 fructum

1310 1320 1342 1340 ac
1359 1318 1527 1349 proventum
1539 1311 1665 1341 sacerdos
1676 1312 1786 1349 accipit.
1828 1313 1858 1341 ln
1878 1311 1987 1341 honore
2006 1311 2144 1340 secundus
2162 1313 2200 1341 est
2214 1312 2243 1340 in
2259 1312 2440 1349 Cappadocia

1319 1349 1371 1378 iost
1381 1359 1482 1387 regem.
1524 1349 1614 1387 Reges
1623 1359 1654 1379 ac
1665 1349 1820 1379 sacerdotes
1832 1350 2003 1386 frequentius
2014 1359 2048 1378 ex
2062 1349 2158 1378 eadem
2176 1349 2229 1379 esse
2248 1351 2382 1387 progenie
2398 1350 2439 1379 so-

1308 1359 1414 1416 iebant.
1457 1387 1519 1417 Hoc
1540 1387 1677 1416 sacrorum
1695 1398 1783 1425 genus
1804 1388 1913 1417 Orestes
1937 1397 2002 1417 cum
2019 1386 2112 1416 sorore
2130 1387 2272 1425 iphigenia
2294 1398 2309 1416 e
2327 1388 2440 1425 Scythia

1309 1425 1429 1455 Taurica
1444 1425 1499 1454 huc
1511 1425 1641 1454 videntur
1651 1425 1770 1456 attulisse
1780 1448 1788 1459 ,
1811 1436 1870 1463 qua:
1887 1426 1981 1454 Dianae
1995 1424 2163 1462 T22uropoiae
2177 1431 2275 1459 erant,
2294 1426 2440 1462 lugubrem

1310 1473 1422 1493 comam
1432 1464 1479 1492 hic
1490 1463 1655 1501 deposuisse,
1677 1473 1711 1493 ex
1724 1474 1778 1502 qua
1792 1465 1852 1492 urbi
1865 1473 1968 1492 *maren
1983 1463 1998 1491 d
2033 1473 2078 1492 um
2089 1464 2133 1492 est.
2174 1463 2252 1493 Idem
2268 1463 2303 1492 de
2315 1464 2442 1493 sacerdo-

1310 1502 1352 1530 tio
1363 1501 1552 1530 Comanorum
1564 1503 1666 1531 eodem
1677 1501 1726 1531 lib.
1740 1501 1824 1539 pauli·
1840 1503 1899 1538 ’,κοῦ
1913 1524 1921 1535 ,
1946 1502 2015 1530 lutri
2030 1501 2084 1530 loci
2105 1501 2171 1529 sacri
2193 1501 2329 1530 ambitum
2344 1502 2442 1531 utrius-

1311 1549 1366 1577 que
1379 1539 1538 1574 sucerdotis,
1555 1540 1639 1569 maris
1651 1539 1758 1570 scilicet
1771 1549 1803 1569 ac
1824 1540 1945 1573 semime,
1969 1539 2104 1568 habitatio
2113 1540 2158 1568 cii.
2199 1539 2305 1569 Fanum
2317 1549 2441 1577 quoque,

1311 1584 1411 1616 praeter
1423 1584 1544 1606 ceteram
1555 1576 1731 1615 religionem,
1750 1578 1876 1615 expresse
1888 1585 1962 1607 vetat
1971 1576 2111 1607 suillarum
2121 1578 2248 1606 carnium
2259 1577 2344 1610 esum,
2366 1579 2443 1608 unde

1310 1616 1406 1645 necin
1417 1621 1505 1645 totam
1517 1615 1614 1645 urbem
1627 1615 1806 1645 susinsertur.
1848 1616 1925 1645 idem
1946 1615 2031 1653 paulo
2052 1622 2133 1650 ante,
2157 1615 2213 1644 Alia
2230 1615 2293 1644 sunt
2317 1617 2443 1646 Comana

1310 1654 1436 1689 Pontica,
1446 1653 1548 1682 eodem
1560 1654 1676 1683 nomine
1690 1664 1745 1691 quo
1756 1654 1867 1687 maioris
1878 1654 2066 1691 Cappadociae
2077 1652 2210 1688 Comana,
2236 1655 2262 1683 &
2274 1654 2366 1682 eidem
2382 1656 2442 1684 deae

1311 1691 1488 1721 consecrata:
1511 1692 1618 1721 &inde
1630 1692 1742 1721 aedificii
1754 1692 1918 1729 exemplum
1931 1692 2072 1728 sumptum
2086 1691 2141 1720 est:
2164 1692 2189 1720 ἂι
2209 1691 2266 1720 sere
2289 1691 2368 1721 simili
2386 1694 2442 1722 ritu

1310 1729 1632 1765 utuntur&sacrorum,
1655 1731 1682 1759 Sc
1695 1730 1918 1764 divinationum,
1941 1732 1966 1759 St
1986 1728 2079 1759 cultus
2098 1738 2161 1764 erga
2170 1728 2345 1764 sacerdotes,
2366 1731 2392 1759 Sc
2410 1731 2444 1760 iis

1311 1768 1436 1797 maxime
1444 1790 1451 1802 ,
1474 1778 1533 1805 quae
1547 1774 1611 1797 ante
1622 1777 1699 1805 reges
1709 1767 1814 1797 fiebant
1825 1789 1833 1803 ,
1855 1768 1968 1805 quando
1982 1767 2023 1796 bis
2034 1768 2062 1796 in
2072 1776 2146 1795 anno
2156 1767 2254 1797 diebus
2265 1768 2338 1796 sestis
2359 1773 2443 1805 teuae

1311 1806 1378 1836 Deae
1390 1807 1481 1835 exitus
1491 1806 1690 1844 appellantur)
1711 1805 1837 1836 sacerdos
1847 1806 1976 1835 diadema
1987 1805 2109 1843 gestabat
2118 1827 2126 1841 ,
2147 1807 2174 1836 ἅ.
2193 1805 2331 1836 secundus
2344 1815 2402 1836 erat
2414 1807 2445 1836 in

1311 1844 1422 1873 honore
1434 1843 1493 1881 post
1504 1853 1607 1880 regem.

55 1879 159 1910 ΟὸΜῠ
170 1893 233 1919 LA,
255 1894 286 1913 ae.
307 1884 326 1913 f.
349 1885 448 1914 dimin.
473 1885 581 1914 Petron.
595 1891 656 1923 cap.
677 1891 720 1920 58.
1199 1918 1206 1926 Β

55 1917 179 1956 como,
200 1919 336 1957 [υμςέω]
356 1925 411 1951 are.
454 1922 541 1952 Coma
552 1923 657 1953 vestire.
697 1922 789 1952 Tacit.
805 1921 898 1951 Germ.
913 1926 956 1956 18.
969 1930 995 1957 3.
1017 1920 1146 1954 Munera,
1159 1929 1221 1957 qui-

92 1957 143 1986 bus
154 1968 225 1988 nova
235 1966 321 1997 nupta
332 1965 467 1990 comatur.
507 1960 627 1990 Tertull.
648 1961 683 1990 de
694 1960 797 1996 Pallio,
815 1969 876 1998 cap.
889 1969 912 1997 ς.
948 1959 1083 1990 Muscosae
1095 1958 1222 1988 lanosita-

94 1996 129 2024 tis
141 1994 274 2026 lautiores
287 1999 401 2028 conci-ize
413 2004 535 2028 comant.

57 2031 234 2069 Coimus.
256 2037 337 2065 antis.
360 2036 485 2072 [υμῶν]
507 2036 603 2066 Partic.
625 2035 681 2072 Qui
699 2035 858 2073 longiorem
878 2045 989 2065 comam
1013 2033 1107 2064 habet.
1148 2032 1220 2062 Plin.

91 2071 139 2101 lib.
158 2083 198 2102 io.
211 2083 271 2111 cap.
282 2078 326 2109 63.
350 2074 433 2111 Equae
450 2079 595 2104 comantes
613 2074 699 2111 gloria
716 2073 888 2112 superbiunt.
929 2071 1060 2104 Gell.lib.
1072 2081 1099 2109 3.
1117 2081 1179 2110 cap.
1192 2081 1219 2107 9.

91 2110 202 2147 Equum
213 2111 292 2141 fuisse
301 2112 400 2142 dicunt
414 2112 484 2142 flava
495 2114 521 2143 ἃ
534 2113 657 2142 comanti
668 2111 740 2147 juba.

92 2148 235 2185 Equorum
245 2150 317 2179 colla
325 2151 473 2180 comantia.
506 2152 525 2180 i.
539 2161 564 2180 e.
586 2148 674 2185 Jubae.
697 2149 769 2188 Virg.
784 2158 827 2180 12.
849 2148 910 2180 AEn.
924 2152 969 2184 36.

94 2186 192 2216 Crines
204 2195 358 2218 comantes.
380 2188 428 2218 Sil.
441 2188 491 2217 lib.
508 2192 550 2218 16.
563 2192 609 2217 60.

78 2225 187 2254 Cristae
201 2225 284 2263 galea:
294 2233 447 2256 comantes.
469 2226 542 2265 Virg.
557 2235 582 2262 3.
593 2225 655 2256 AEn.
666 2230 730 2261 468.

94 2262 180 2293 Galea
194 2273 320 2294 comans.
345 2264 417 2302 Virg.
432 2274 458 2294 2.
474 2265 534 2294 AEn.
553 2274 614 2301 39¹·

367 2318 406 2323 —
415 2302 450 2330 sic
461 2302 533 2332 satus
545 2323 553 2335 ‚
577 2301 681 2332 deinde
692 2307 852 2331 comantem

189 2339 327 2376 Androgei
338 2340 446 2377 galeam
458 2362 465 2373 ,
487 2340 749 2378 clypeiqueinsigne
764 2341 899 2369 decorum
1144 2374 1151 2382 ⁸

170 2376 326 2412 induitur.
421 2378 473 2407 Ubi
493 2379 620 2412 Servius,
643 2379 827 2414 Comantem,
849 2385 897 2407 aut
916 2376 1071 2406 cristatam:
1104 2384 1169 2413 quia
1188 2374 1224 2404 de

115 2415 211 2445 caudis
222 2416 385 2445 animalium
397 2416 540 2446 habebant
554 2418 654 2446 cristas.
677 2422 724 2451 ut,
746 2416 887 2454 Cristaque
898 2414 1020 2445 hirsutus
1030 2413 1141 2451 equina.
1172 2414 1226 2443 Aut

114 2462 209 2484 comas
218 2453 387 2483 habentem:
412 2462 442 2483 ut
453 2454 519 2484 Stat.
533 2464 558 2490 7.
569 2454 661 2484 Theb.
674 2457 737 2490 ³69·

382 2507 420 2512 —
430 2493 458 2521 in
468 2499 544 2531 terga
554 2499 699 2523 comantes

188 2528 255 2558 Non
270 2539 323 2567 ego
345 2529 520 2561 Abantiadas.

31 2572 33 2578 ¹
95 2565 206 2596 Humus
216 2577 332 2597 comans
343 2590 351 2603 ‚
373 2569 391 2597 i.
403 2578 427 2597 e.
450 2568 597 2598 Graminea
609 2591 617 2603 ,
639 2567 692 2597 five
708 2566 832 2597 herbosa.
853 2565 920 2596 Stat.
937 2577 961 2603 ς.
973 2565 1065 2597 Theb.
1081 2573 1143 2602 502.

80 2616 86 2624 ⁴
179 2604 229 2634 ille
242 2615 324 2642 gaves
334 2606 446 2642 oculos,
469 2607 685 2645 languentiaque
698 2616 745 2635 ora
759 2605 884 2635 comanti

1311 1882 1419 1912 Exsefti
1431 1878 1547 1911 Comani
1563 1883 1696 1911 dicuntur
1705 1891 1720 1911 a
1729 1881 1819 1911 Valer.
1834 1889 1860 1918 7.
1883 1881 1983 1918 Argon.
1997 1883 2060 1917 636.
2082 1880 2159 1918 quod
2178 1880 2206 1911 se
2226 1881 2325 1920 gladiis
2345 1887 2446 1920 petant

1334 1921 1437 1949 mutuis
1448 1941 1455 1955 ,
1478 1920 1639 1957 sanguinem
1652 1920 1680 1948 in
1693 1920 1831 1949 honorem
1849 1920 1912 1949 Deae
1928 1919 2089 1949 fundentes.

1275 1959 1298 1990 C
1308 1969 1325 1988 o
1335 1969 1355 1987 M
1366 1968 1383 1986 A
1394 1967 1413 1986 Ν
1424 1968 1438 1986 a
1446 1968 1467 1987 N
1476 1967 1488 1987 s
1497 1968 1510 1986 13
1518 1968 1530 1987 s
1539 1980 1546 1993 ,
1568 1958 1665 1996 Populi
1684 1957 1816 1987 Comanae
1829 1957 1949 1987 civitatis
1958 1979 1966 1993 ,
1988 1967 2048 1994 quae
2063 1957 2178 1987 Pontica
2200 1963 2266 1987 erat.
2289 1957 2407 1988 Modest.
2424 1958 2445 1988 l.

1316 1998 1344 2027 Si
1359 1996 1438 2025 duas.
1461 1996 1483 2033 §.
1500 1996 1561 2026 Hoc
1571 1996 1700 2034 amplius.
1724 1996 1758 2026 D.
1769 1997 1804 2025 de
1815 1995 1906 2025 excus.
1921 2001 1973 2024 tut.
2013 1995 2087 2025 Nam
2099 1996 2286 2025 Comanenses
2300 1996 2445 2033 sophistae,

1316 2034 1429 2068 autalii,
1441 2034 1457 2062 si
1472 2034 1657 2064 Neocaesareae
1667 2035 1799 2069 doceant,
1807 2040 1856 2063 aut
1866 2039 1975 2068 curent,
1992 2042 2049 2062 non
2061 2033 2164 2062 habent
2175 2035 2249 2070 apud
2260 2033 2449 2064 Comanenses

1316 2072 1542 2103 immunitatem:
1566 2074 1591 2102 Sc
1602 2072 1656 2102 hoc
1667 2072 1703 2102 ita
1714 2082 1729 2102 a
1741 2072 1811 2102 divis
1822 2072 1925 2101 Severo
1940 2073 1965 2100 &
1978 2071 2121 2100 Antonino
2136 2073 2316 2101 constitutum
2326 2073 2373 2101 est.

1277 2112 1300 2142 C
1309 2115 1326 2141 ὃ
1335 2122 1355 2140 Μ
1366 2121 1384 2139 A
1394 2121 1410 2139 R
1418 2119 1435 2139 c
1444 2118 1465 2139 H
1476 2120 1494 2139 u
1503 2119 1515 2139 s
1525 2132 1534 2146 ,
1556 2110 1574 2140 i.
1597 2120 1634 2140 m.
1657 2110 1858 2147 [κώμςιςχζῷυ]
1881 2109 1941 2139 Vici
1964 2109 2092 2146 magister
2118 2109 2165 2139 vel
2182 2109 2336 2140 Praesechs.
2358 2109 2449 2140 Plaut.

1318 2149 1400 2179 Curc.
1416 2157 1442 2178 2.
1474 2171 1479 2177 .
1511 2171 1517 2177 .

1277 2188 1300 2218 C
1310 2196 1327 2217 ο
1339 2199 1358 2216 Μ
1370 2196 1388 2215 A
1398 2196 1414 2215 a
1426 2197 1436 2214 1
1445 2157 1467 2221 ,3
1477 2156 1539 2215 Asiae
1556 2184 1655 2224 populi
1671 2184 1752 2223 super
1768 2185 1884 2223 Scythas
1896 2206 1904 2220 ,
1925 2184 2147 2222 Scytharumque
2170 2184 2276 2215 deserta
2288 2207 2296 2222 ,
2317 2195 2349 2216 ac
2368 2185 2450 2223 super

1318 2224 1447 2262 Caspium
1456 2223 1555 2253 sinum.
1588 2225 1628 2254 lix
1641 2223 1798 2261 Pomponio
1809 2223 1884 2254 Mela
1895 2222 1944 2252 lib.
1959 2233 1982 2251 1.
1998 2231 2025 2253 2.

1277 2264 1301 2294 C
1310 2275 1326 2293 o
1337 2275 1357 2292 M
1367 2265 1385 2292 A
1393 2273 1409 2291 R
1417 2272 1435 2292 u
1445 2272 1458 2291 s
1468 2284 1476 2297 ,
1497 2261 1662 2298 [Quagmfl
1685 2262 1762 2290 Penii
1773 2271 1869 2299 genus,
1881 2261 1956 2299 quod
1965 2260 2064 2290 Latine
2074 2260 2176 2290 Unedo
2191 2261 2304 2296 dicitur,
2326 2263 2352 2292 &
2365 2262 2452 2292 Arbu-

1318 2309 1363 2331 tus
1376 2301 1433 2331 alio
1454 2301 1579 2330 nomine.
1619 2299 1650 2328 V.
1674 2309 1693 2328 A
1704 2310 1720 2328 R
1729 2310 1744 2328 ις
1754 2310 1771 2328 υ
1780 2310 1799 2328 T
1811 2309 1827 2328 u
1836 2309 1856 2328 s.

1279 2340 1302 2369 C
1312 2351 1329 2369 o
1340 2351 1360 2368 M
1370 2349 1389 2368 A
1401 2348 1415 2367 R
1426 2349 1445 2368 u
1455 2348 1467 2367 s
1476 2360 1484 2373 ,
1506 2337 1679 2374 [xdstae&]
1700 2337 1798 2367 Portus
1808 2338 1847 2366 est
1866 2336 1900 2366 ad
1912 2336 1999 2366 sinum
2012 2336 2189 2366 Ambracium
2199 2358 2207 2372 ‚
2227 2337 2306 2373 juxta
2324 2337 2450 2376 Nicopo-

1319 2378 1367 2407 lim
1378 2399 1386 2413 ,
1404 2376 1537 2407 isthmum
1552 2376 1702 2405 stadiorum
1716 2375 1857 2413 sexaginta
1872 2375 2003 2404 efficient.
2028 2376 2130 2404 Auctor
2144 2375 2242 2404 Strabo
2255 2375 2302 2405 lib.
2318 2384 2344 2412 7.

1281 2415 1328 2445 Co
1338 2427 1359 2444 M
1369 2425 1387 2444 A
1398 2423 1410 2444 s
1420 2424 1431 2444 s
1441 2425 1457 2443 o
1468 2425 1484 2443 R
1494 2436 1502 2449 ,
1523 2414 1571 2443 ari.
1595 2413 1630 2443 sic
1640 2413 1792 2449 aliquando
1804 2422 1953 2451 perperam
1970 2413 2113 2449 scribitur3
2135 2413 2182 2443 sed
2206 2414 2308 2443 reditis
2327 2413 2449 2444 dicimus

1319 2454 1416 2483 COM1
1428 2462 1514 2482 ssoa
1532 2452 1609 2489 quod
1633 2452 1661 2481 V.
1684 2452 1713 2480 iri
1728 2451 1861 2481 siiOlOCO.

1279 2492 1303 2522 C
1312 2502 1329 2520 o
1338 2503 1359 2521 M
1369 2501 1389 2520 A
1399 2500 1418 2519 *r
1429 2500 1447 2519 A
1457 2500 1469 2519 s
1480 2512 1488 2526 ,
1510 2490 1599 2519 Pastor
1614 2489 1698 2519 Musis
1709 2489 1889 2519 charissimus.
1911 2488 1944 2518 V.
1967 2487 2109 2519 Musarum
2121 2488 2250 2519 volucres
2259 2512 2267 2524 ,
2288 2489 2318 2519 in
2339 2500 2360 2518 M
2370 2499 2407 2520 us
2416 2499 2447 2520 A.

1282 2531 1486 2562 CoMATus,
1512 2528 1542 2557 V.
1566 2537 1680 2556 COMA.

1281 2568 1304 2598 C
1314 2578 1330 2597 0
1341 2578 1384 2596 MR
1394 2577 1408 2595 iz
1418 2588 1427 2601 ,
1448 2565 1574 2602 [Κόμζη]
1597 2565 1676 2603 Asopi
1689 2565 1743 2594 filia
1753 2564 1808 2595 fuit
1818 2584 1826 2597 ‚
1853 2563 1994 2594 Chalcidis
2015 2570 2207 2601 cognomento
2218 2587 2225 2600 ,
2248 2573 2279 2595 ut
2294 2565 2449 2596 Eustathius

1319 2606 1430 2639 scribit,
1452 2605 1496 2633 cui
1509 2613 1592 2633 aeneae
1602 2610 1746 2632 armaturae
1758 2604 1954 2632 inventionem
1964 2611 2108 2640 acceptam
2119 2603 2253 2633 referunt.
2287 2604 2330 2633 De
2343 2614 2396 2641 qua
2406 2606 2448 2634 in-

30 2554 33 2570 1

31 2582 34 2596 1

32 2655 35 2670 l

17 2676 37 2734 1]
95 2679 199 2717 ,Iugum
210 2681 281 2710 filvae
294 2691 409 2711 comans
422 2702 431 2718 ‚
451 2681 577 2712 Frondes
589 2683 615 2712 &
628 2681 695 2711 folia
713 2680 843 2710 arborum
862 2679 1004 2709 dicuntur.
1027 2678 1116 2709 Valer-
1129 2686 1155 2714 3.
1182 2677 1228 2708 Ar-

177 2643 281 2680 mergit
291 2644 387 2673 humo.
1319 2641 1456 2673 tellexisse
1471 2642 1556 2671 Ovid.
1571 2652 1595 2675 τ.
1610 2641 1676 2670 Nlet.
1694 2647 1756 2677 383.
1771 2641 1882 2670 videtur
1894 2663 1901 2675 ,
1924 2651 2010 2677 quum
2023 2643 2124 2679 inquit,

0 2683 12 2711 vi
1400 2681 1517 2714 Adiacet
1527 2680 1569 2708 his
1579 2679 1697 2709 Pleuron
1708 2701 1716 2714 ,
1737 2680 1766 2708 in
1777 2689 1830 2717 qua
1842 2679 2046 2717 trepidantibus
2057 2679 2106 2709 alis

0 2728 3 2735 ·
17 2718 19 2721 ’
117 2728 182 2755 gon.
195 2730 261 2753 2²0³-
1401 2719 1510 2756 Ophias
1520 2716 1618 2754 effugit
1629 2724 1773 2746 nautarum
1793 2717 1907 2746 vulnera
1921 2717 2039 2747 Combe.
2123 2717 2216 2754 Quam
2234 2716 2358 2747 Iambem
2377 2723 2450 2746 tran-

0 2740 22 2787 1·
97 2755 240 2788 Narcissus
249 2757 306 2788 sera
316 2767 440 2788 comans.
463 2758 481 2788 i.
493 2767 517 2788 e.
538 2758 605 2788 Sero
616 2758 698 2787 flores
709 2756 824 2786 habens.
847 2755 920 2794 Virg.
935 2766 961 2791 4.
985 2754 1086 2792 Georg.
1105 2763 1168 2785 122.
1319 2756 1541 2787 stulitPIanudes
1554 2777 1562 2792 ,
1583 2756 1624 2785 uti
1644 2756 1774 2784 meminit
1786 2754 1913 2785 Caecilius
1927 2755 2103 2785 Minutianus
2118 2755 2261 2794 Apuleius.
2301 2756 2331 2785 V.
2354 2756 2449 2785 Burm.

385 2811 422 2817 -
432 2805 485 2825 nec
495 2795 550 2825 sera
562 2803 722 2825 comantem

178 2832 349 2868 Narcissum,
370 2833 488 2863 autflexi
497 2833 640 2863 tacuissem
652 2834 745 2862 vimen
758 2831 881 2862 acanthi.
963 2831 1083 2861 Servius.
1125 2868 1131 2874 ·

100 2869 159 2900 Ore
166 2872 290 2901 comanti
300 2881 377 2901 ruere
388 2873 468 2910 supra
478 2873 622 2911 quidpiam
631 2893 639 2908 ,
661 2872 679 2901 i.
692 2881 716 2901 e.
739 2871 797 2900 Ore
804 2870 893 2900 comis
902 2870 977 2899 τεᾶς)
986 2869 1054 2899 dum
1065 2868 1224 2899 inclinatur.

119 2908 209 2939 Valet.
227 2919 252 2946 3.
270 2911 370 2947 Argon.
389 2920 399 2939 1
424 2913 450 2940 6.

99 2945 214 2976 Pectora
225 2949 367 2977 comantia
378 2969 386 2982 ,
428 2947 501 2978 ilosa.
524 2946 615 2977 Valet.
638 2957 663 2983 ς.
685 2947 784 2984 Argon.
797 2955 860 2983 594.

101 2984 185 3014 Pellis
199 2985 272 3014 villis
287 2996 412 3015 comans.
434 2986 525 3016 Valer.
536 2991 562 3019 8.
577 2987 675 3023 Argon.
691 2995 753 3014 122.

100 3022 172 3052 Setae
183 3023 324 3053 hircorum
338 3030 489 3054 comantes.
513 3024 585 3061 Virg.
601 3033 624 3061 3.
640 3024 739 3060 Georg.
756 3030 817 3057 312.

99 3060 186 3091 Stella
197 3070 311 3091 comatis
322 3084 330 3096 ,
352 3062 474 3095 Crinita,
495 3061 541 3091 seu
552 3063 693 3091 Cometes.
715 3060 798 3090 Ovid.
816 3069 859 3094 ις.
873 3058 943 3088 Met.
955 3066 1019 3096 749.

193 3097 226 3129 In
237 3099 309 3129 sidus
318 3107 423 3129 vertere
438 3109 545 3129 novum
557 3122 565 3135 ,
587 3100 749 3136 stellamque
759 3103 930 3128 comantem.

99 3135 181 3166 Silvae
191 3144 343 3167 comantes.
368 3138 455 3167 Valer.
477 3148 498 3167 i.
513 3139 613 3175 Argon.
625 3146 688 3172 429.

1321 2796 1356 2825 ad
1366 2795 1450 2825 Ovid.

1282 2833 1306 2863 C
1317 2844 1334 2863 o
1344 2845 1364 2862 Μ
1374 2844 1389 2862 Β
1400 2843 1414 2862 iz
1423 2841 1491 2862 NNr
1500 2841 1517 2860 o
1526 2854 1535 2867 ,
1553 2828 1753 2867 [σνμῖοιπίζω]
1772 2834 1822 2861 ire.
1854 2829 1940 2861 Gioff.
1957 2830 2004 2860 Gr.
2018 2830 2076 2860 Lat.

1282 2872 1305 2902 C
1315 2882 1332 2901 o
1342 2883 1361 2900 Μ
1371 2882 1385 2900 B
1394 2881 1407 2900 a
1418 2881 1438 2900 N
1447 2881 1466 2899 N
1476 2880 1493 2899 o
1502 2879 1521 2898 N
1531 2880 1544 2898 Ε
1555 2879 1566 2898 s
1577 2891 1585 2904 ,
1607 2870 1674 2899 dieti
1688 2869 1749 2898 sunt
1757 2891 1765 2905 ‚
1786 2869 1818 2898 In
1833 2870 1932 2899 eadem
1955 2868 2048 2898 benna
2067 2868 2202 2899 sedentes.
2242 2868 2338 2898 Benna
2354 2874 2450 2899 autem

1321 2910 1416 2946 lingua
1428 2908 1534 2939 Gallica
1545 2908 1582 2937 est
1596 2907 1722 2937 vehiculi
1731 2917 1828 2945 genus.
1858 2907 1951 2937 Festus
1962 2908 1992 2936 in
1999 2907 2102 2936 Benna.

1321 2948 1392 2976 Vide
1406 2948 1434 2976 in
1456 2955 1523 2975 aar<
1535 2955 1556 2974 N
1567 2955 1596 2975 A.
1623 2945 1657 2975 H.
1672 2946 1712 2975 St.

1284 2986 1307 3015 C
1316 2995 1334 3015 o
1343 2996 1363 3014 Μ
1372 2996 1387 3013 R
1397 2987 1408 3014 ῑ
1418 2995 1433 3013 s
1443 2995 1460 3013 o
1471 3006 1479 3017 ,
1502 2983 1578 3020 bibi,
1599 2983 1722 3013 bibitum
1733 3005 1741 3018 ‚
1762 2981 1919 3019 [συμπῖνω]
1945 2983 1999 3012 ere.
2021 2981 2111 3012 Simul
2135 2981 2246 3015 bibere,
2267 2988 2430 3019 compotare
2440 3003 2449 3017 ,

1321 3024 1365 3052 vel
1375 3031 1466 3053 totum
1477 3022 1581 3051 bibere.
1624 3021 1692 3051 Plin.
1702 3021 1750 3051 lib.
1765 3029 1809 3058 17.
1827 3031 1858 3050 ca
1883 3045 1888 3050 .
1909 3031 1950 3051 ιι.
1982 3020 2020 3050 Ut
2039 3020 2143 3055 solem,
2164 3019 2323 3057 pluviasque
2343 3020 2451 3048 combi-

1319 3061 1397 3090 bant.
1439 3059 1578 3090 Columel.
1593 3058 1640 3089 lib.
1651 3070 1692 3090 12.
1712 3069 1774 3098 cap.
1790 3069 1832 3089 10.
1856 3033 1926 3096 &aaz
1937 3068 2024 3096 quum
2038 3059 2081 3094 jus
2095 3058 2284 3094 combiberit,
2306 3057 2387 3087 simili
2399 3057 2452 3089 mi-

1321 3099 1392 3129 stura
1404 3108 1451 3128 vas
1466 3098 1632 3136 suppleatur.

1322 3138 1374 3167 Ara
1384 3146 1511 3166 cruorem
1522 3136 1705 3166 combiberat.
1730 3135 1817 3165 Ovid.
1832 3143 1874 3170 13.
1889 3134 1957 3165 Met.
1969 3143 2034 3170 410.

64 3210 65 3213 Ἰ
102 3174 170 3204 Tori
182 3176 298 3204 cervicis
310 3175 400 3205 leonis
410 3182 562 3205 comantes.
586 3176 650 3213 Virg
675 3185 714 3204 ia.
728 3173 786 3204 ffin.
797 3177 823 3203 6.
1158 3208 1164 3215 ¹

102 3212 179 3242 Astro
191 3220 350 3248 comantes,
371 3214 439 3243 dicti
454 3213 516 3243 sunt
527 3213 618 3243 Castor
629 3215 653 3243 &
664 3212 761 3243 Pollux
771 3234 779 3246 ,
800 3220 835 3241 ex
845 3218 963 3247 quorum
980 3209 1074 3239 fronte
1091 3208 1229 3248 plurimus

121 3258 216 3281 manat
226 3251 317 3289 fulgor
327 3274 335 3287 ,
357 3253 381 3282 ἃ
394 3252 425 3281 fit
435 3252 530 3281 allusio
545 3252 580 3281 ad
590 3252 666 3281 astra.
690 3251 776 3280 Valet.
788 3261 812 3286 5.
825 3252 924 3286 Argon.
938 3251 1000 3284 366.

376 3306 413 3310 —
426 3290 552 3326 astroque
565 3296 708 3319 comantes

195 3325 372 3364 Tyndaridas
382 3349 390 3361 ,
413 3328 470 3365 ipse
482 3328 592 3365 egregio
606 3327 793 3359 supereminet
805 3333 862 3354 ore.

47 3402 49 3409 ,
69 3362 90 3393 C
102 3373 117 3393 o
128 3374 148 3392 M
158 3367 174 3392 A
184 3373 203 3392 T
212 3375 231 3393 u
240 3374 252 3393 s
261 3387 267 3398 ,
291 3366 487 3402 [732÷75·<o'.4&]
511 3366 604 3395 Partic.
628 3366 684 3403 Qui
698 3365 854 3401 longiorem
867 3370 977 3390 comam
991 3359 1085 3390 habet.
1126 3358 1209 3390 Unde
1220 3383 1229 3396 ,

104 3401 219 3431 Comata
229 3401 326 3432 Gallia.
367 3403 456 3432 Gallia
475 3404 566 3433 omnis
585 3403 702 3432 Comata
723 3411 780 3431 uno
797 3401 912 3430 nomine
936 3395 1127 3442 appellata,·(
1139 3400 1230 3436 inquit

106 3438 176 3468 Plin.
188 3440 236 3469 lib.
246 3452 273 3475 4.
286 3450 347 3479 cap.
364 3442 429 3478 17.)
451 3443 479 3470 in
490 3442 542 3470 tria
555 3441 725 3480 populorum
748 3448 849 3477 genera
863 3437 997 3465 dividitur
1007 3458 1014 3470 ,
1034 3437 1162 3466 amnibus
1174 3447 1232 3466 ma-

105 3477 183 3506 xime
193 3478 329 3508 distincta.
372 3480 391 3507 A
404 3479 504 3509 Scalde
518 3480 553 3508 ad
565 3479 719 3515 Sequanam
731 3500 739 3513 ,
761 3477 868 3512 Belgica
882 3485 888 3505 ε
912 3475 947 3518 ab
957 3484 992 3503 eo
1003 3474 1038 3517 ad
1050 3475 1230 3510 Garumnam,

106 3515 230 3550 Celtica,
253 3517 406 3553 eademque
429 3517 624 3553 Lugdunensis.
665 3515 733 3546 Inde
752 3516 788 3544 ad
809 3517 928 3558 Pyrenaei
945 3519 1047 3540 montis
1064 3512 1234 3556 excursum',

106 3555 252 3589 Aquitania
267 3576 276 3589 ,
299 3556 455 3585 Aremorica
468 3562 532 3584 ante
543 3555 624 3584 dieta.
664 3555 783 3583 Videtur
805 3553 888 3590 igitur
908 3552 1032 3579 bomatae
1046 3559 1150 3578 nomen
1170 3550 1231 3579 reli-

108 3601 168 3628 quae
183 3591 277 3620 Galliae
290 3593 442 3622 convenire
454 3615 462 3628 ,
483 3592 584 3622 seclusa
607 3593 760 3622 Provincia.
801 3589 966 3620 Ptolemaeus
989 3597 1051 3616 eam
1065 3593 1155 3616 totam
1170 3588 1233 3617 Cel.

1322 3175 1468 3213 Laerymas
1480 3175 1651 3203 combibere.
1674 3174 1758 3204 Ovid.
1776 3184 1786 3202 1
1798 3183 1819 3202 i.
1835 3173 1917 3210 Epist.
1936 3183 1979 3208 54.

1403 3212 1545 3242 Contineo
1552 3213 1672 3249 gemitus
1683 3234 1691 3247 ,
1714 3211 1861 3249 elapsaque
1869 3210 1951 3239 verba
1964 3209 2103 3247 reprendo
2113 3231 2122 3246 ‚

1444 3251 1479 3280 Et
1490 3260 1575 3287 cogor
1586 3250 1719 3287 lacrymas
1732 3250 1893 3279 combibere
1904 3248 1961 3286 ipsa
1972 3257 2057 3277 meas.

1322 3287 1417 3319 Luxus
1426 3290 1596 3318 combibere.
1621 3288 1669 3317 Sil.
1682 3288 1730 3316 lib.
1745 3297 1786 3316 ιι.
1799 3297 1863 3322 403·

1404 3327 1554 3356 Combibat
1565 3325 1676 3363 illapsos
1691 3326 1846 3362 duc‘torper
1857 3323 1958 3354 viscera
1976 3322 2068 3353 luxus.

1346 3365 1381 3393 de
1395 3364 1530 3394 Annibale
1539 3365 1644 3402 Capuae
1655 3364 1778 3393 sedente.

1325 3402 1482 3432 Venenum.
1505 3403 1572 3432 Hor.
1591 3413 1610 3431 i.
1624 3402 1713 3430 Carm.
1727 3409 1770 3436 37.
1782 3405 1828 3431 28.
2112 3435 2118 3441 Ι
2237 3435 2243 3442 ·

1326 3440 1496 3470 Combibere
1505 3448 1592 3475 artes,
1615 3450 1663 3475 per
1673 3438 1892 3468 translationem.
1933 3436 1993 3465 Cic.
2009 3445 2032 3472 3.
2045 3435 2081 3465 de
2090 3435 2149 3465 Fin.
2161 3444 2188 3470 9.
2210 3435 2300 3465 Video
2308 3437 2452 3474 equidem,

1346 3479 1480 3515 inquam,
1500 3478 1547 3507 sed
1557 3484 1650 3506 tamen
1663 3477 1739 3505 inlici
1762 3475 1849 3505 debet
1868 3475 1911 3517 his·
1926 3474 2039 3504 artibus.
2060 3483 2127 3511 quas
2150 3473 2167 3502 si
2179 3495 2187 3509 ,
2207 3473 2275 3503 dum
2296 3476 2334 3504 est
2351 3481 2431 3507 tener
2443 3498 2452 3513 ‚

1349 3517 1535 3549 combiberit,
1558 3516 1592 3544 ad
1606 3516 1712 3551 majora
1723 3515 1816 3542 veniet
1829 3520 1955 3549 paratior.

1327 3553 1369 3585 Os
1379 3555 1516 3584 combibit
1526 3553 1659 3582 maculas.
1682 3552 1765 3582 Ovid.
1782 3562 1805 3585 ς.
1819 3551 1886 3579 Nlet.
1899 3560 1932 3586 45
1941 3560 1964 3585 ς.

1407 3592 1479 3621 Cum
1492 3591 1600 3628 liquido
1612 3591 1688 3619 mista
1698 3589 1823 3627 perfudit
1831 3589 1898 3617 diva
1914 3587 2038 3625 polenta.

2151 3321 2323 3354 vaticinium
2337 3324 2452 3356 Veneris

2110 3563 2147 3569 —
2162 3548 2328 3588 loquentem

52 3618 53 3638 ³
106 3629 246 3666 togalliam
259 3637 347 3660 vocat.
388 3631 447 3660 Cic.
459 3635 484 3665 8.
505 3630 603 3668 Philip.
617 3639 662 3666 27.
692 3629 829 3663 Galliam,
850 3627 960 3664 inquit,
980 3625 1119 3662 Togatam
1139 3627 1232 3656 remit-

27 3663 54 3734 ἲ,
111 3674 140 3695 to
150 3689 158 3701 ,
180 3668 324 3696 Comatam
335 3669 451 3704 postulo.
493 3668 524 3713 V:
547 3678 566 3697 G
575 3679 593 3697 A
605 3679 664 3712 ¹⁴¹⁴.¹
676 3679 703 3697 A.
714 3706 719 3712 ·

112 3704 242 3734 Comatus
255 3707 280 3735 ἃ
292 3707 390 3734 Calvus
401 3713 548 3736 contraria.
572 3706 689 3735 Martial.
702 3704 749 3734 lib.
763 3713 787 3734 x.
799 3713 844 3741 73.

16 3737 41 3784 ,ξ’
191 3742 291 3772 Calvus
302 3753 385 3780 quum
396 3745 478 3774 fueris
489 3767 497 3777 ,
519 3744 572 3774 eris
581 3751 718 3774 comatae.

110 3779 183 3809 Silva
193 3789 312 3810 comata.
335 3781 423 3811 Catul.
436 3796 460 3811 a.
478 3792 517 3811 ri.

56 3837 57 3857 1
75 3816 323 3852 CoMATuLus,
347 3820 403 3855 Adj.
427 3821 525 3849 dimin.
547 3819 662 3849 Hieron.
688 3817 772 3856 Epist.
792 3826 835 3846 ιο.
854 3815 889 3845 ad
909 3814 1018 3844 Furiam
1036 3814 1072 3844 de
1096 3814 1231 3845 viduitate

111 3854 387 3922 {wandalqumt'
408 3857 572 3888 Comatulos
584 3879 593 3894 ,
614 3864 763 3894 comptos,
783 3861 867 3892 atque
879 3853 994 3882 lascivos
1005 3853 1107 3883 domus
1120 3859 1174 3883 tuae
1193 3860 1233 3883 te-

142 3904 156 3922 a
167 3903 223 3922 ΠΟΠ
237 3904 262 3922 Vi
286 3902 359 3924 e'dnt.

22 3942 27 3950 ·=
58 3961 59 3971 ¹
77 3928 345 3965 GOMATORUJS,
366 3933 426 3968 Adj.
448 3932 576 3964 Crinalis.
597 3938 646 3969 ut,
667 3932 739 3961 Acus
751 3929 914 3960 comatoria.
937 3927 1047 3958 Petron.
1061 3937 1180 3966 cap.21.

12 4076 13 4079 η
60 4030 61 4094 l

61 4096 63 4147 i

1409 3629 1552 3659 Combibit
1566 3638 1596 3657 os
1608 3627 1738 3657 maculas.

1290 3667 1413 3697 CoMsi
1425 3677 1490 3696 ison
1503 3689 1511 3702 ,
1532 3667 1627 3703 passiv.
1649 3666 1735 3695 Ovid.
1753 3674 1796 3699 ¹5·
1816 3662 1885 3693 Met.
1897 3671 1961 3698 ²75-
2030 3699 2036 3705 -

1408 3706 1454 3734 Sic
1469 3705 1555 3733 modo
1567 3703 1753 3737 combibitur,
1776 3703 1851 3730 tedto
1864 3701 1949 3730 modo
1960 3705 2066 3737 gurgite
2077 3698 2168 3736 lapsus
2177 3721 2185 3734 ,
2207 3701 2260 3730 διε.

1289 3743 1338 3773 Co
1351 3754 1371 3772 Μ
1381 3745 1440 3772 1³3ss
1450 3753 1477 3776 o,
1500 3742 1570 3772 onis.
1593 3752 1630 3770 m.
1654 3736 1822 3776 [συμπότης]
1844 3738 2008 3775 Compotor.
2034 3738 2106 3767 Non.
2117 3747 2151 3766 ex
2162 3737 2249 3767 Lucil.
2258 3747 2349 3775 i.174.
2362 3739 2457 3776 Quam.

1330 3781 1483 3818 doquidem
1494 3779 1584 3817 reperi
1595 3780 1701 3815 magnis
1710 3777 1913 3807 combibonum
1923 3785 1957 3804 ex
1965 3776 2064 3813 copiis.
2105 3775 2161 3805 Cic.
2177 3787 2201 3810 o.
2217 3776 2292 3805 Fam.
2304 3787 2348 3811 25-
2375 3778 2403 3807 ln
2415 3778 2457 3808 his

1329 3818 1522 3848 controversiis
1533 3839 1541 3851 ,
1566 3827 1630 3854 quas
1642 3816 1730 3845 habeo
1739 3825 1804 3845 cum
1815 3815 1868 3844 tuis
1879 3812 2100 3852 combibonibus
2111 3814 2261 3851 Epicureis.

1290 3856 1313 3886 C
1323 3866 1340 3885 o
1350 3867 1370 3885 Μ
1380 3860 1442 3884 ΒῙΝ
1453 3866 1470 3884 o
1482 3877 1489 3889 ,
1510 3858 1564 3884 are.
1586 3855 1624 3883 est
1636 3853 1740 3883 Multos
1750 3854 1786 3882 ita
1794 3861 1965 3888 componere
1975 3874 1983 3887 ,
2004 3859 2035 3880 ut
2057 3852 2114 3880 bini
2136 3852 2186 3880 sirit
2197 3874 2204 3882 .
2225 3853 2254 3880 id
2266 3851 2303 3881 est
2312 3852 2367 3880 duo
2377 3851 2455 3881 simul

1330 3893 1484 3929 conjunCti.
1508 3893 1642 3922 Perottus.
1664 3891 1772 3929 August.
1786 3889 1906 3920 Confeff.
1917 3895 1943 3924 8.
1956 3895 1981 3919 ό.
2006 3890 2087 3920 Forte
2096 3890 2248 3918 combinati
2262 3890 2456 3926 spatiabantur.

1329 3931 1426 3961 Sidon.
1438 3941 1465 3967 9.
1487 3930 1572 3969 Epist.
1586 3936 1613 3965 8.
1634 3929 1775 3967 Obsequia
1785 3928 1951 3959 combinans
1961 3928 2084 3958 numeris
2092 3936 2199 3965 aequata
2209 3949 2218 3963 ,
2239 3937 2297 3956 nori
2307 3928 2420 3993 mCeritis.

2356 3974 2371 3992 o
2382 3974 2401 3992 Μ
2412 3974 2427 3992 Β
2438 3974 2459 3993 ι-
