2600 4177
513 101 543 135 C
640 103 675 138 O
773 103 809 138 N

135 179 213 218 Opes
223 182 425 212 convalescunt.
466 182 525 212 Liv.
541 192 563 212 1.
582 193 624 219 14.
647 184 794 214 Fidenates
812 185 894 215 nimis
906 185 1010 216 vicinas
1022 195 1109 223 prope
1120 185 1260 215 convales-

154 228 217 248 cere
230 229 298 257 opes
310 221 358 249 rati
370 242 378 254 ,
400 221 476 257 prius
490 231 571 257 quani
584 228 691 250 tantum
703 222 812 252 roboris
824 222 909 259 estet,
931 231 1063 260 quantum
1079 224 1201 252 futurum
1214 233 1262 262 ap-

157 257 271 291 parebat
281 279 288 292 ,
308 266 447 294 occupant
459 258 562 287 bellum
575 259 676 289 facere.

136 292 398 330 Opinioconvaluit.
439 295 575 324 Columel.
590 296 636 325 lib.
652 305 674 332 3.
687 306 746 334 cap.
759 305 785 333 7.
810 297 860 327 Cui
873 298 969 327 nostrse
984 298 1124 327 sententioe
1136 297 1192 327 scio
1203 307 1259 336 pa:-

158 340 196 360 ne
209 333 335 361 omniurn
348 332 529 370 agricolarum
542 333 675 362 diversam
688 335 742 364 esse
754 334 920 373 opinionem
931 358 939 371 ‚
959 346 1019 373 quae
1032 336 1067 365 de
1081 336 1197 366 amineis
1217 337 1258 365 in-

158 376 278 398 veterata
292 370 376 406 longo
385 371 440 405 jam
453 377 580 407 tempore
592 371 743 402 convaluit.

137 404 239 442 Pignus
250 407 426 436 convalescit.
448 407 584 437 Marcian.
600 409 627 437 in
642 408 659 437 l.
676 410 751 440 sicut.
773 410 794 447 ξ.
819 410 1003 440 venditionis.
1023 409 1056 439 D.
1076 409 1186 446 Quibus
1202 420 1261 439 mo-

157 444 200 473 dis
212 446 310 481 pignus
321 444 364 473 vel
376 445 494 482 liypoth.
508 445 556 475 sol.
578 446 664 482 Quod
682 447 720 476 ita
732 447 939 485 intelligemus,
959 456 989 478 ut
1006 449 1031 479 ἃ
1044 448 1063 477 li
1082 448 1203 485 legatum
1220 457 1262 478 re-

159 482 306 517 pudiatum
317 481 399 510 fuerit
409 504 417 514 .
438 482 611 513 convalescat
624 486 734 522 pignus.

140 518 239 549 Sensus
251 519 305 548 mei
314 520 491 549 convaluere.
515 521 601 551 Ovid.
616 532 639 551 1.
651 522 732 552 Trist.
746 531 770 558 3.
788 533 829 558 14.

141 556 341 585 convalescere
350 557 547 593 particulatim.
586 559 618 589 In
642 570 656 588 Ρ
668 571 686 589 A
696 570 712 589 a
722 570 758 589 τι
769 570 786 589 c
794 571 811 589 υ
823 571 838 588 1.
848 570 866 589 A
878 570 897 589 τ
906 571 914 588 1
924 571 954 591 Μ.

106 592 153 622 Co
165 603 465 624 NVALESCRNTrA
477 618 484 630 ‚
505 606 538 626 «τ.
559 597 578 626 f.
600 597 759 635 Symmach.
771 607 795 634 3.
809 598 889 635 Epist.
904 608 947 628 11.

105 630 129 658 C
137 641 154 659 0
163 641 183 660 N
192 641 209 660 v
219 641 238 659 A
249 633 284 660 ιῑ
294 642 311 659 o
320 641 336 660 o
350 654 358 667 ,
380 634 548 669 [πρεοπωῶ]
566 637 621 665 are.
645 635 729 665 Glois.
741 635 788 664 Gr.
798 635 854 664 Lat.

105 667 129 697 C
137 678 154 697 o
163 678 183 697 N
193 678 210 697 v
220 679 238 697 A
249 679 265 697 t.
273 679 329 698 Lis
338 691 345 704 ‚
368 670 398 699 is.
422 671 439 700 f.
463 673 644 708 [συνάγκειαι]
667 673 793 702 Planities
811 683 845 702 ex
856 673 933 701 omni
945 679 1022 710 parte
1032 670 1175 702 montibus
1184 672 1263 701 colli-

142 705 245 742 busque
256 708 471 746 comprehensa:
494 709 568 739 dicta
589 712 643 745 (ut
660 711 749 747 inquit
759 710 841 740 Varro
853 721 878 744 4.
891 711 939 746 3.)
961 710 1032 747 quasi
1055 710 1156 739 Cavata
1172 710 1260 739 vallis.

141 743 201 773 Liv.
218 750 301 810 1i138.
325 745 461 776 Etiniima
473 747 548 776 urbis
558 747 620 777 loca
629 749 701 778 circa
711 748 802 778 forum
812 770 819 784 ‚
840 747 959 784 aliasque
975 748 1132 784 interjectas
1143 747 1262 778 collibus

141 790 231 810 conva
255 792 293 811 es.

141 817 232 849 Roma
241 820 269 848 in
281 821 425 851 montibus
433 822 517 858 polita
528 824 553 852 8.-
563 822 744 853 convallibus.
766 822 825 853 Cic.
836 831 863 853 2.
875 823 909 853 de
920 823 992 861 Lege
1002 825 1062 862 Agr.
1073 832 1118 859 95.

142 857 274 894 Abrupta.
300 858 401 888 Lucan.
413 860 460 889 lib.
476 871 499 894 7.
516 870 578 896 174.

144 893 227 924 Cava.
257 894 328 933 Virg.
339 899 472 933 2.Georg.
488 903 549 931 186.

141 931 283 968 Depreffa.
308 935 378 972 Virg.
393 945 416 970 3.
434 937 532 972 Georg.
545 938 610 973 276.

142 970 275 1001 Obscura.
298 972 371 1010 Virg.
385 978 409 1003 6,
423 974 483 1003 IEn.
498 983 560 1010 139.

143 1007 249 1038 Virens.
274 1009 344 1047 Virg.
359 1015 384 1040 6.
398 1012 459 1041 ΙΕη.
474 1014 538 1048 679.

105 1043 182 1074 CoN
192 1056 235 1075 vA
245 1057 311 1077 tto
322 1070 330 1083 ‚
352 1052 406 1078 are.
431 1049 513 1078 Vallis
527 1049 652 1086 undique
664 1049 781 1078 munire.
802 1049 920 1080 Tertull.
941 1051 977 1080 de
997 1050 1061 1086 Jud.
1081 1049 1164 1080 Dom.
1179 1052 1205 1079 6.
1227 1049 1264 1079 de

144 1083 254 1120 Angelis
264 1106 272 1119 ‚
412 1087 632 1123 Convallantque
651 1087 741 1116 Deum
753 1097 816 1116 cum
830 1089 968 1122 majestate
978 1088 1104 1126 superna.

105 1119 129 1149 C
139 1130 156 1149 o
165 1130 184 1149 N
194 1131 210 1150 v
220 1131 239 1150 A
251 1133 267 1151 1.
276 1133 292 1151 1.
302 1126 318 1152 λ
329 1133 348 1153 τ
358 1133 375 1152 υ
384 1134 396 1153 s
405 1147 411 1158 ‚
434 1135 448 1154 a
460 1147 468 1159 ,
489 1135 546 1155 um.
569 1125 665 1154 Partic.
685 1125 756 1154 Gell.
771 1135 811 1155 12.
828 1135 869 1162 13.
892 1127 1000 1155 Oceani
1012 1126 1149 1156 undarum
1158 1125 1264 1155 ambitu

140 1165 218 1188 terrae
227 1169 325 1190 omnes
333 1162 505 1192 convallatae.

105 1195 129 1225 C
138 1206 154 1225 o
164 1206 183 1224 N
193 1207 237 1226 vA
249 1209 265 1226 1,
274 1209 290 1227 1.
299 1209 317 1228 A
326 1209 346 1228 *r
356 1210 389 1228 10
403 1222 410 1235 ‚
433 1202 504 1230 finis.
526 1200 546 1230 f.
567 1199 686 1230 Tertull.
698 1200 761 1231 adv.
775 1200 838 1236 Jud.
854 1210 915 1239 cap.
929 1206 956 1236 8.

105 1233 305 1265 CoNvAaio
319 1259 327 1271 ,
351 1240 405 1268 are.
429 1238 508 1276 Apul.

105 1271 181 1301 CoN
193 1282 237 1302 vA
250 1284 285 1303 111
298 1279 406 1310 Ario,
429 1277 498 1305 sinis.
522 1275 539 1305 f.
565 1275 705 1312 Augustin.

105 1308 128 1338 C
138 1320 154 1338 o
165 1319 210 1338 Nv
220 1315 235 1339 A
248 1322 285 1341 so
300 1335 308 1347 ‚
330 1313 562 1350 [συσκυιιὶξαμαι]
582 1316 637 1342 are.
674 1313 793 1342 Verbum
818 1323 833 1343 a
848 1314 1009 1344 Graecorum
1030 1314 1190 1344 imitatione
1211 1320 1264 1344 tra-

143 1349 239 1384 ctuum
260 1350 393 1387 fignificat
409 1352 512 1381 Furtini
527 1350 667 1388 colligere.
708 1351 866 1389 Figuratum
877 1362 892 1382 a
904 1352 1069 1389 colligendis
1081 1353 1163 1388 vasis,
1185 1353 1263 1382 utait

143 1385 279 1417 Donatus.
301 1389 364 1418 Ter.
377 1389 485 1418 Pliorm.
503 1399 561 1424 1-4·
574 1398 615 1424 13.

223 1425 333 1463 Aliquid
345 1427 528 1456 convasasl'em
538 1448 546 1461 ,
567 1433 651 1464 atque
669 1426 737 1456 hinc
749 1436 794 1455 me
804 1427 974 1463 conjicerem
984 1428 1112 1464 protinus
1120 1429 1151 1458 in
1162 1427 1261 1466 pedes.

142 1460 254 1492 Nonius
266 1474 292 1493 2.
308 1470 369 1499 146.
392 1464 545 1494 Convasare
556 1486 564 1499 ,
586 1465 689 1494 dicitur
702 1465 804 1494 Furtim
820 1466 915 1495 omnia
927 1466 1067 1503 colligere.

105 1497 128 1527 C
137 1509 154 1527 o
164 1509 183 1527 N
192 1510 235 1529 vA
244 1510 256 1530 s
265 1511 283 1530 A
294 1511 313 1530 τ
322 1512 361 1531 us
371 1524 380 1536 ‚
402 1513 417 1531 a
429 1525 437 1537 ‚
455 1513 511 1531 uni.
535 1502 629 1532 Partic.
654 1503 749 1531 Sidon.
766 1513 792 1538 7.
810 1503 892 1540 Epist.
908 1513 935 1533 2.

104 1536 128 1564 C
137 1547 154 1565 ο
166 1546 185 1565 N
195 1547 212 1566 ν
223 1548 242 1567 A
253 1548 265 1567 s
274 1549 293 1567 T
303 1549 322 1568 A
333 1549 352 1567 τ
363 1551 371 1568 1
382 1550 399 1568 0
410 1562 418 1575 ‚
439 1542 510 1570 onis.
532 1540 550 1569 f.
573 1550 588 1569 a
599 1541 743 1570 Convasto.
767 1541 906 1577 Augustin.

107 1573 333 1611 CoNvaeTo‚
354 1587 416 1613 are;
440 1581 465 1608 ὅ(
485 1579 740 1613 CoNvacrox‚
762 1579 826 1608 oris.
850 1579 880 1608 V.
903 1588 1093 1609 CONvario.

107 1611 155 1641 Co
165 1622 184 1641 N
195 1615 235 1642 vi}
245 1623 306 1648 iro,
327 1616 400 1651 vexi,
423 1618 534 1646 vectum
545 1638 553 1650 ‚
575 1616 716 1652 [συνοχέω]
737 1617 791 1645 ere.
815 1617 1005 1655 Comportare.
1028 1625 1059 1647 ut
1069 1639 1077 1653 ,
1099 1617 1263 1648 Convehere

143 1659 180 1679 aes
196 1652 319 1688 plaustris
330 1654 364 1682 ad
375 1655 508 1684 aerar'ium.
530 1654 586 1684 Liv.
600 1665 627 1689 4.
640 1658 685 1683 60.

143 1688 309 1720 Convehere
319 1692 432 1721 camelis
446 1692 561 1730 aliquid.
602 1692 671 1722 Plin.
687 1691 735 1721 lib.
756 1700 799 1721 12.
815 1701 876 1731 cap.
892 1702 935 1729 14.
956 1692 1036 1723 Thus
1050 1692 1203 1723 colleftum
1217 1693 1264 1723 Sa-

164 1725 259 1757 botam
270 1729 383 1758 camelis
395 1731 568 1760 convehitur.

144 1763 310 1796 Convehere
319 1767 456 1798 lintribus.
497 1768 556 1797 Cic.
571 1777 622 1805 pro
635 1766 736 1796 Milon.
751 1777 794 1803 7ς.
817 1766 946 1805 Repente
956 1768 1086 1798 lintribus
1104 1769 1134 1798 in
1150 1779 1212 1799 eam
1223 1769 1266 1799 in-

164 1802 252 1833 sulam
264 1826 272 1839 ‚
293 1806 438 1835 materiam
449 1828 456 1841 ,
477 1806 585 1836 calcem
597 1827 605 1838 ‚
626 1813 779 1841 caementa,
800 1813 883 1843 atque
899 1816 973 1835 arma
989 1807 1129 1836 convexit.

144 1840 310 1872 Convehere
318 1853 352 1873 ex
364 1844 480 1873 diverso.
522 1843 591 1873 Plin.
607 1842 656 1873 lib.
670 1853 711 1873 11.
725 1853 788 1881 cap.
803 1852 845 1879 30.
868 1844 904 1873 de
919 1844 1042 1874 formicis
1055 1866 1063 1880 ‚
1085 1844 1118 1875 Et
1131 1845 1265 1883 quoniam

165 1888 201 1908 ex
212 1880 317 1910 diverso
329 1882 510 1917 convehunt,
531 1881 616 1911 altera
629 1880 742 1911 alterius
755 1883 856 1919 ignara.

144 1915 311 1948 Convehere
326 1929 360 1948 ex
374 1920 504 1957 Hispania
517 1929 625 1949 merces
636 1941 644 1954 ‚
665 1919 682 1948 i.
693 1929 716 1949 e.
738 1921 889 1957 Apportare
900 1941 908 1954 ‚
929 1919 1076 1950 advehere.
1101 1919 1170 1950 Plin.
1185 1920 1263 1955 lib.8.

164 1964 227 1992 cap.
242 1964 284 1992 14.
305 1957 339 1987 Et
354 1959 428 1996 apud
440 1957 495 1988 Liv.
510 1967 533 1994 3.
545 1967 590 1994 23.
612 1957 776 1987 Convehere
793 1959 914 1995 praedam
929 1967 963 1986 ex
976 1958 1078 1988 castris.

106 1989 154 2020 Co
163 2002 182 2021 N
193 2002 209 2022 v
218 2003 232 2022 a
242 2004 259 2023 c
268 2004 286 2024 'r
295 2005 312 2024 u
322 2006 333 2025 s
345 2017 353 2031 ‚
374 2006 389 2025 a
401 2018 409 2031 ‚
430 2006 488 2026 um.
512 1996 611 2025 Partic.
633 1995 690 2024 Liv.
701 2005 746 2029 24.
759 1999 803 2032 36.
826 1996 1005 2024 Commeatus
1015 1996 1153 2026 convecti.

107 2029 155 2058 Co
165 2040 347 2068 Nvacrro,
364 2036 435 2063 onis.
457 2034 475 2063 f.
501 2034 639 2064 Ammian.
656 2043 697 2068 14.
713 2043 755 2062 ιο.
778 2034 902 2062 Annonae
912 2034 1061 2063 convectio
1072 2034 1109 2063 est
1121 2034 1265 2073 impedita.

108 2066 156 2097 Co
167 2077 186 2096 N
197 2078 214 2097 v
223 2079 237 2098 a
246 2079 263 2099 c
272 2079 316 2100 To
327 2082 342 2100 a
354 2093 361 2106 ‚
384 2072 447 2102 oris.
471 2081 508 2101 m.
532 2071 693 2108 [συνάκτης]
714 2071 771 2108 Qui
783 2071 811 2099 in
824 2071 922 2100 eadem
935 2072 1044 2108 navigat
1054 2073 1127 2101 navi.
1149 2074 1209 2102 Cic.
1221 2083 1264 2104 10.

146 2107 200 2135 Art.
215 2117 257 2143 17.
279 2108 356 2146 Quin
367 2110 451 2139 etiam
466 2110 529 2140 navi
540 2110 600 2145 ejus
613 2119 659 2138 me
670 2130 678 2142 ,
694 2110 725 2150 §t
739 2109 799 2146 ipso
813 2110 980 2138 convectore
991 2109 1100 2139 usurum
1110 2116 1189 2148 puto.

107 2142 130 2172 C
139 2153 156 2172 o
166 2153 187 2173 N
197 2155 213 2173 v
223 2155 315 2175 acro
326 2169 333 2180 .
354 2150 408 2177 are.
430 2148 567 2184 frequent.
589 2147 773 2183 [συνοχκμοα]
795 2146 865 2184 Virg.
876 2156 902 2182 9.
918 2146 980 2176 AEn.
991 2150 1054 2184 613.

224 2183 394 2215 Converftare
405 2186 482 2222 juvat
492 2186 598 2223 praedas
607 2207 615 2220 ,
637 2186 663 2214 Sc
676 2185 771 2213 vivere
781 2192 871 2222 rapto.

145 2219 238 2250 Scalas
253 2225 421 2253 convectant
431 2233 464 2252 ex
475 2223 610 2261 proximis
620 2223 698 2259 agris.
720 2222 812 2252 Tacit.
823 2232 847 2259 3.
860 2222 928 2252 Hist.
940 2230 985 2259 27.

107 2255 156 2286 Co
166 2268 184 2286 N
196 2269 308 2289 vtato
319 2282 326 2296 ‚
349 2262 452 2291 velli&
466 2261 531 2291 vulsi
543 2283 551 2296 ,
571 2260 679 2290 vulsum
692 2282 701 2295 .,
723 2261 818 2296 [carduo
828 2282 836 2295 ‚
857 2260 985 2295 ώιωτάω]
1007 2260 1062 2289 e're.
1093 2260 1174 2291 Idem
1191 2262 1268 2299 quod

146 2295 254 2328 Vellere
262 2298 306 2327 vel
321 2299 450 2329 Avellere.
492 2299 577 2329 Plaut.
593 2298 691 2336 Amph.
704 2309 730 2333 4.
744 2308 769 2327 2.
784 2298 894 2336 suppos.
907 2306 933 2334 3.
947 2308 986 2335 pr.
1018 2299 1089 2334 O-uis
1114 2306 1171 2330 tam
1194 2300 1268 2330 vasto

143 2333 250 2374 impete
264 2336 313 2366 has
322 2337 393 2367 fores
407 2343 466 2367 toto
479 2336 613 2367 convulsit
623 2336 758 2366 cardine?
792 2337 810 2366 i.
822 2346 846 2366 e.
870 2335 1038 2366 Concussit?

144 2373 288 2411 Virgilius,
460 2391 497 2396 -—
508 2374 645 2413 Cynthius
653 2384 747 2403 aurem

237 2412 320 2441 Vellit
330 2435 338 2448 ,
360 2414 385 2443 &
398 2413 555 2442 admonuit.
670 2412 701 2441 ln
714 2412 835 2450 quodam
848 2410 978 2449 Panegyr.
994 2422 1022 2449 p.
1033 2421 1098 2448 255.
1119 2421 1188 2442 meae
1198 2413 1266 2445 edit.

164 2448 346 2484 Convellerit‚
360 2461 410 2488 pro
426 2451 610 2480 Convulserit.
623 2450 659 2480 H.
674 2450 712 2480 St.
736 2451 812 2479 Prior
824 2449 902 2479 locus
915 2459 950 2479 ex
965 2449 1054 2479 Ecl.6.
1066 2459 1091 2485 3.
1104 2450 1135 2480 V.
1151 2460 1267 2483 avano.

145 2487 285 2517 Convulsa
296 2489 405 2518 sedibus
415 2489 523 2518 domus.
550 2489 618 2518 Plin.
634 2498 659 2524 7.
672 2487 755 2525 Epist.
769 2494 812 2521 18.

144 2526 242 2555 Armos
251 2526 418 2556 convellere.
456 2527 594 2556 Columel.
607 2526 653 2555 lib.
667 2530 692 2555 6.
708 2535 770 2564 cap.
786 2528 829 2556 16.
852 2525 906 2555 Bos
929 2524 1018 2556 obvia:
1035 2526 1122 2557 radici
1143 2525 1267 2559 oblucta-

162 2571 206 2593 tus
218 2564 350 2594 convellit
361 2574 460 2594 armos.
501 2566 524 2592 ll
537 2565 555 2591 s‘
574 2565 676 2602 espaule.

144 2601 267 2631 Claustra
279 2610 429 2640 portarum.
451 2603 518 2632 Stat.
534 2613 577 2632 11.
591 2601 682 2632 Theb.
695 2603 761 2637 296.

144 2640 261 2669 Glebam
274 2651 395 2669 vomere.
418 2640 519 2670 Catull.
532 2647 577 2670 62.
594 2652 622 2676 4.

144 2677 288 2715 Repagula
301 2678 460 2708 convellere
470 2701 478 2713 ‚
500 2686 582 2714 atque
591 2677 740 2715 effringere
753 2677 854 2708 valvas.
876 2677 935 2707 Cic.
947 2680 972 2708 6.
985 2677 1061 2709 Verr.
1077 2688 1124 2716 94.

144 2716 347 2746 Fundamenta.
369 2716 505 2746 Columel.
517 2716 564 2746 lib.
578 2726 601 2746 1.
612 2726 673 2754 cap.
685 2728 712 2751 4.

144 2754 251 2784 Gradus
260 2754 420 2784 convellere
435 2764 466 2783 ac
477 2764 629 2784 removere.
652 2753 711 2783 Cic.
723 2763 772 2791 pro
784 2753 876 2782 Domo
894 2763 937 2788 5⁴-

144 2793 216 2822 Saxa
226 2792 385 2822 convellere
396 2792 490 2822 infima
501 2793 599 2830 quibus
610 2792 794 2821 fundamenta
804 2791 1263 2824 continentur.Caes.2.Bell.Civ.11.

145 2830 314 2860 Convellere
323 2841 355 2860 ea
366 2841 425 2867 quae
438 2840 494 2859 non
506 2831 618 2867 possunt
628 2830 742 2858 moveri.
783 2829 840 2858 Cic.
853 2838 881 2858 2.
891 2828 927 2857 de
937 2828 1015 2860 Orat.
1029 2840 1094 2864 2ος.
1118 2831 1160 2860 Ne
1171 2838 1218 2861 aut
1232 2833 1267 2861 ir-

163 2868 263 2898 risione
274 2891 282 2903 ,
303 2875 350 2898 aut
360 2869 426 2897 odio
438 2869 513 2906 digni
525 2874 655 2907 putemur
664 2889 672 2903 ,
696 2868 715 2895 si
729 2874 778 2896 aut
788 2867 937 2903 tragoedias
948 2877 1059 2905 agamus
1072 2868 1102 2898 in
1115 2870 1207 2906 nugis,
1219 2876 1268 2900 aut

164 2906 325 2936 convellere
333 2906 489 2936 adoriamur
499 2916 531 2936 ea
542 2916 602 2945 quae
612 2915 670 2935 non
682 2905 785 2943 pollint
797 2906 978 2935 commoveri.

147 2945 330 2981 Dapesavido
340 2946 434 2974 dente.
457 2944 542 2974 Ovid.
557 2954 599 2974 11.
614 2945 685 2973 Met.
700 2952 761 2980 123.

144 2983 288 3013 Discordia
300 2982 430 3019 aliquem.
451 2982 541 3012 Tacit.
554 2994 580 3017 4.
593 2984 662 3010 lirin.
676 2992 721 3015 40.

144 3021 247 3050 Turres
256 3022 281 3050 8:
292 3020 414 3050 culmina
424 3020 580 3050 domorum.
604 3019 678 3057 Virg.
690 3029 716 3049 2.
733 3019 797 3051 AEn.
810 3022 876 3055 446.

144 3059 227 3089 Ferro
242 3058 355 3095 aliquid.
377 3058 450 3095 Virg.
463 3062 488 3087 6.
502 3058 564 3088 AEn.
583 3063 643 3092 148.

110 3109 113 3111 ·
145 3097 243 3127 fiabra
257 3096 394 3126 &imbres
404 3097 567 3126 convellunt
576 3094 715 3125 aesculum.
738 3093 809 3132 Virg.
821 3104 846 3125 2.
859 3094 957 3133 Georg.
970 3103 1035 3132 294.

145 3135 251 3164 Silvam
261 3135 379 3164 viridem
393 3134 427 3163 ab
439 3135 535 3163 humo.
558 3134 632 3171 Virg.
647 3143 671 3170 3.
684 3133 747 3163 ffin.
761 3143 806 3169 24.

145 3172 264 3202 Vexilla.
285 3172 375 3201 Tacit.
396 3181 419 3201 1.
439 3173 506 3201 ssnn.
518 3182 564 3201 20.

147 3210 324 3248 Opinionem
344 3209 485 3239 mentibus
505 3208 743 3245 comprehensam.
785 3208 843 3237 Cic.
865 3218 915 3245 pro
938 3207 1049 3238 Cluent.
1066 3212 1092 3238 6.
1124 3208 1233 3239 Deinde
1247 3210 1266 3239 fi

165 3258 246 3285 quarn
260 3248 422 3285 opinionem
434 3248 488 3283 jam
504 3248 597 3277 vestris
617 3247 757 3276 mentibus
778 3246 1030 3283 comprehendistis
1043 3269 1051 3279 .
1073 3247 1089 3276 si
1110 3256 1171 3276 eam
1196 3248 1266 3278 ratio

166 3286 309 3316 convellet
319 3307 327 3320 ‚
349 3286 365 3314 si
381 3286 449 3314 ratio
460 3285 638 3315 labefar‘tabit
649 3307 656 3319 ‚
673 3285 692 3313 si
710 3284 832 3321 denique
846 3285 945 3314 veritas
959 3285 1197 3322 extorquebit&c.

146 3323 245 3354 Pectus
256 3323 372 3358 alicujus
381 3323 477 3352 verbis.
500 3324 584 3352 Ovid.
598 3333 639 3360 17.
655 3323 736 3360 Epist.
752 3331 775 3358 3.

135 3362 223 3391 'Vires
237 3362 394 3391 convellere
403 3362 503 3399 vigilia,
515 3362 555 3390 siti
568 3363 621 3390 Sec.
642 3361 659 3390 i.
672 3371 695 3390 e.
714 3361 762 3389 Eas
771 3359 891 3388 infirmas
902 3359 1263 3404 facere.·Cels.lib.3.cap.4.

145 3399 357 3430 labefactantur
378 3401 405 3429 δι
420 3399 615 3428 convelluntur
635 3397 747 3428 auxilia.
788 3397 845 3426 Cic.
871 3407 923 3434 pro
944 3397 1037 3427 Rabir.
1055 3400 1133 3435 perd.
1153 3408 1221 3434 reo,
1239 3409 1264 3434 3.

165 3438 366 3475 Quamobrem,
380 3436 398 3466 si
411 3438 448 3466 est
458 3437 525 3466 boni
537 3436 663 3466 Consulis
675 3458 683 3471 ‚
705 3446 790 3473 quum
801 3437 902 3464 cuncta
915 3436 1018 3465 auxilia
1027 3435 1147 3475 Reipub.
1165 3436 1268 3467 labefa-

166 3477 231 3505 ctari
239 3498 247 3510 ,
269 3475 447 3512 convellique
457 3475 550 3504 videat
561 3496 569 3509 ,
590 3474 660 3503 serre
670 3484 755 3511 opem
766 3474 871 3510 patriae.

146 3513 331 3546 Convellere,
351 3523 401 3551 pro
413 3513 540 3547 Auferre,
561 3512 692 3546 abolere,
712 3511 855 3547 abrogare,
876 3511 1022 3544 destruere.
1046 3510 1105 3542 Cic.
1117 3522 1168 3550 pro
1177 3512 1262 3544 Corn.

165 3551 240 3581 Balb.
252 3555 296 3581 61.
319 3551 374 3580 Cur
384 3561 417 3581 ea
429 3572 437 3586 ,
459 3560 519 3588 quae
536 3557 643 3581 mutare
661 3560 721 3579 non
739 3549 883 3588 poss'umus
895 3570 904 3584 ‚
927 3548 1086 3579 convellere
1104 3550 1264 3588 malumus,

184 3599 246 3618 uam
256 3589 327 3618 tueri
339 3590 351 3617 ’ἲ

145 3600 308 3657 Οἶηνείἰετε
318 3628 376 3656 acta
387 3626 519 3662 alicujus,
540 3625 725 3655 Labefaetare.
770 3625 828 3654 Cic.
840 3633 866 3654 2.
881 3623 1002 3662 Philipp.
1014 3629 1059 3661 83.
1082 3624 1158 3655 Nolo
1166 3626 1263 3665 plura,

163 3675 199 3694 ne
210 3666 271 3693 aeta
283 3664 436 3694 Dolabellae
447 3664 540 3693 videar
549 3663 716 3693 convellere.

145 3702 329 3737 Convellere,
350 3703 424 3739 quod
437 3701 533 3739 vulgus
550 3701 689 3737 Confutare
706 3704 797 3729 vocat.
838 3699 896 3729 Cic.
910 3708 933 3729 1.
950 3699 986 3728 de
1002 3698 1095 3729 Divin.
1110 3710 1171 3738 ¹07·
1194 3703 1262 3733 Haec

162 3741 181 3770 fi
200 3747 345 3774 tenemus.
364 3750 423 3777 quae
439 3740 507 3769 milii
523 3739 636 3777 quidem
650 3747 707 3766 non
728 3738 858 3766 videntur
876 3737 953 3775 posse
974 3738 1113 3775 convelli,
1133 3741 1261 3778 profecto

163 3778 328 3808 hominibus
341 3787 356 3806 a
367 3778 420 3807 diis
430 3778 521 3807 futura
535 3776 677 3814 significari
688 3774 796 3805 necesse
809 3775 855 3804 est.

144 3815 309 3846 Convellere
321 3822 402 3848 atque
412 3816 516 3845 auferre
524 3816 643 3852 aliquem
656 3814 746 3842 Deum
756 3823 791 3842 ex
801 3813 854 3842 suis
862 3812 983 3857 sedibus.
1004 3813 1094 3851 Cic.7.
1109 3814 1182 3846 Verr.
1197 3819 1259 3851 186.

144 3854 225 3884 Paene
235 3853 368 3882 convellit
379 3863 426 3882 ene
439 3863 472 3882 ex
487 3854 604 3883 hortulis
615 3852 693 3880 meis.
715 3851 773 3894 Cic.
790 3861 813 3880 1.
828 3851 864 3880 de
874 3851 969 3888 Legib.
983 3862 1026 3886 54.

143 3891 435 3927 Convellerealiqueni
447 3892 481 3920 de
494 3890 690 3928 pristinostatu.
728 3889 786 3918 Cic.
800 3894 825 3922 8.
848 3890 902 3919 Att.
917 3897 962 3924 23.
984 3889 1092 3919 Secutae
1113 3889 1176 3920 sunt
1195 3891 1259 3922 duae

162 3930 252 3966 pridie
266 3928 419 3962 Calendas,
440 3930 527 3958 ambae
537 3930 627 3961 datae3
651 3937 710 3962 quae
727 3936 771 3955 me
782 3926 977 3957 convellerunt
997 3927 1034 3957 de
1052 3927 1167 3966 pristino
1178 3929 1257 3960 statu.

161 3968 179 3997 i.
194 3977 218 3998 e.
241 3967 274 3997 Et
285 3967 519 3997 conturbaverunt
530 3989 539 4004 ‚
560 3969 586 3997 ὃς
598 3972 822 3997 commoverunt.

1707 109 1994 145 CON
2404 122 2473 159 635

1351 187 1516 219 Convellere
1527 190 1657 225 justitiam
1669 190 1790 219 utilitate
1798 190 1888 226 aliqua
1903 200 1910 220 :
1932 191 1976 220 cui
1992 192 2146 229 opponitur
2160 194 2340 225 Constituere.
2372 196 2429 227 Cic.
2449 208 2471 227 1.

1371 226 1407 254 de
1420 226 1511 263 legib.
1526 238 1570 261 42.
1593 229 1690 262 Irafir,
1711 227 1829 258 utnulla
1840 229 1870 257 lit
1881 230 1998 258 omnino
2021 230 2135 265 justitia,
2157 232 2174 260 si
2196 242 2285 269 neque
2304 241 2399 264 natura
2416 236 2452 264 est
2464 257 2473 269 ‚

1372 265 1397 291 ἃ
1410 274 1441 293 ea
1452 276 1511 301 qum
1524 272 1638 303 propter
1648 266 1798 295 utilitatem
1809 267 1987 296 constituitur
1996 290 2002 301 ⁷
2025 268 2143 298 utilitate
2154 270 2206 298 alia
2217 271 2391 300 convellitur.

1353 299 1520 331 Convellere
1533 304 1646 338 gratiam
1659 304 1786 340 alicujus.
1827 304 1892 333 Caes.
1906 310 1931 338 8.
1945 305 2092 334 BertGau.
2109 315 2151 340 ςο.
2175 307 2232 342 Qui
2253 308 2293 337 Nl.
2310 310 2422 339 Antonii
2433 319 2476 340 re-

1373 339 1452 373 pulsa
1468 339 1578 369 Caefiiris
1589 342 1752 370 decedentis
1764 341 1921 371 convellere
1935 343 2048 380 gratiam
2065 344 2223 381 cupiebant.

1354 375 1519 440 anvcllcre
1534 381 1558 408 ά
1568 386 1740 408 commutare
1752 379 1948 410 conditionem
1959 381 2087 410 amicitiae
2099 402 2108 417 ‚
2130 383 2207 419 &jus
2217 381 2364 412 societatis.
2381 383 2437 414 Cic.
2450 394 2475 420 ς.

1399 423 1449 443 err.
1467 426 1507 449 ις.

1355 449 1521 482 Convellere
1533 453 1631 482 statum
1646 453 1766 491 Reipub.
1789 454 1848 485 Cic.
1862 455 1891 484 in
1902 454 1992 485 pison.
2004 466 2030 491 4.

1355 487 1520 519 Convellere
1533 491 1628 519 funem
1643 500 1657 519 a
1669 499 1748 521 terra.
1771 493 1843 530 Virg.
1859 504 1880 522 1.
1893 493 1993 530 Georg.
2007 503 2071 530 457.

1550 543 1587 548 —
1597 537 1654 556 non
1669 529 1714 558 illa
1729 530 1873 567 quisquam
1883 540 1928 559 me
1939 532 2022 560 nocte
2034 541 2082 569 per
2092 531 2178 561 altum

1396 600 1401 605 .
1447 564 1507 600 lre,
1529 575 1620 602 neque
1632 575 1646 594 a
1659 572 1728 597 terra
1742 575 1854 597 moneat
1865 568 2024 598 convellere
2043 569 2149 599 funem.
2244 569 2263 599 i.
2277 578 2301 600 e.
2323 569 2417 601 Nemo
2427 572 2478 601 mi-

1374 599 1402 628 lii
1418 601 1528 631 suadeat
1539 604 1632 631 navim
1642 610 1708 633 tunc
1721 615 1736 633 e
1751 613 1831 643 portu
1841 605 1954 635 solvere.
1996 606 2159 645 Periphrasis
2168 608 2288 644 poetica.

1355 637 1520 669 Convellere
1530 641 1635 677 aliquid
1646 640 1722 670 alteri
1735 664 1742 677 7
1763 643 1927 673 Subducere
1944 643 2116 674 &suffusam
2158 645 2216 674 Cic.
2232 655 2255 680 5.
2269 646 2322 674 Att.
2333 654 2378 675 20.
2402 646 2430 675 in
2448 647 2480 676 fi.

1374 685 1410 705 ne
1421 698 1428 711 ‚
1451 677 1505 707 Des
1518 687 1631 715 operam
1644 686 1674 707 ut
1687 680 1761 716 quod
1774 687 1822 710 tuo
1836 690 1956 717 meoque
1969 681 2106 712 beneficio
2125 691 2194 721 puer
2212 682 2296 712 habet
2310 704 2319 719 ‚
2341 693 2420 714 cures
2441 694 2479 715 ne

1374 723 1427 749 qua
1444 716 1550 744 ratione
1559 716 1742 746 convellatur.
1769 719 1785 747 i.
1799 728 1823 747 e.
1848 718 1993 755 Eripiatur.

1355 749 1530 782 Labct‘actata
1545 759 1626 789 atque
1640 755 1769 785 convulsa
1788 756 1928 792 cogitatio.
1967 756 2026 786 Cic.
2045 767 2068 791 ς.
2082 756 2157 787 Fam.
2174 766 2216 793 13.
2248 757 2318 794 Quae
2342 760 2477 796 cogitatio

1374 799 1459 824 quum
1471 791 1538 819 mihi
1551 800 1607 819 non
1624 792 1742 821 omnino
1759 792 1920 828 excidisset,
1942 794 2069 828 (etenim
2083 795 2195 833 penitus
2214 795 2369 827 insederat)
2393 797 2420 825 vi
2439 803 2480 826 ta-

1374 836 1442 893 mer}
1451 829 1644 895 tempestattffn
1657 850 1664 864 ,
1686 831 1712 859 δι
1724 830 1858 861 concursu
1870 830 2061 862 calamitatum
2076 839 2134 862 erat
2148 833 2323 878 aliquantum
2334 834 2480 864 labefacta-

1378 872 1405 892 ta
1416 874 1429 892 a
1444 875 1496 901 que
1510 875 1601 896 convu
1627 876 1650 895 a.

1317 901 1341 933 C
1352 911 1368 930 o
1379 911 1421 930 Nv
1434 912 1450 930 υ
1461 913 1497 932 i.s
1508 913 1546 933 us
1557 925 1565 938 ‚
1587 914 1603 933 a
1615 925 1622 937 ,
1644 913 1701 933 um.
1724 904 1821 935 Partic.
1843 905 1999 942 [ιω-τιθεὶς,
2019 906 2190 943 eham-afflat]
2216 914 2263 941 ut.

1356 939 1509 970 Convulsus
1520 941 1662 982 musculus
1676 964 1684 976 ,
1706 942 1733 971 h.
1749 952 1774 972 e.
1797 943 1882 978 Cujus
1894 943 1969 973 fibrae
1979 946 2128 974 contrac‘tae
2139 945 2201 975 sunt
2210 945 2300 975 versus
2311 946 2384 976 suam
2396 947 2479 985 origi.

1374 987 1457 1006 nem:
1481 978 1647 1008 &Convulli
1662 980 1737 1008 nervi
1750 1002 1758 1014 ,
1780 982 1805 1010 Sc
1827 981 1957 1011 Convulsi
1976 983 2112 1012 tendones
2125 983 2275 1019 dicuntur3
2297 984 2323 1013 h.
2337 994 2362 1013 e.
2384 985 2479 1014 Retra-

1374 1015 1411 1044 eti
1422 1037 1430 1049 ‚
1452 1016 1573 1046 &veluti
1587 1017 1764 1055 Complicati.
1806 1017 1873 1047 Plin.
1888 1018 1935 1048 lib.
1947 1028 1990 1048 20.
2003 1029 2064 1057 cap.
2076 1029 2102 1055 7.
2125 1020 2262 1051 Convulfii
2276 1024 2301 1051 ἃ
2314 1021 2407 1052 luxata
2416 1032 2480 1052 cau-

1377 1052 1451 1082 libus
1459 1054 1530 1083 tritis
1540 1063 1604 1083 cum
1616 1055 1731 1092 polenta
1745 1064 1780 1086 ex
1790 1066 1859 1092 aqua
1869 1056 1968 1094 frigida
1982 1057 2100 1086 leniunt.

1355 1090 1461 1127 AEquor
1471 1092 1634 1122 convulsum
1646 1094 1730 1122 remis
1742 1115 1749 1128 ‚
1772 1094 1933 1130 rostrisque,
1955 1094 2147 1124 Commotum.
2169 1095 2242 1133 Virg.
2257 1106 2281 1133 5.
2295 1096 2356 1127 AEn.
2373 1106 2434 1134 ¹⁴3-

1356 1127 1464 1158 Domus
1477 1130 1607 1159 convulsa
1618 1153 1625 1165 ,
1647 1130 1737 1160 Valde
1750 1137 1903 1161 commota.
1925 1131 2015 1162 Tacit.
2030 1142 2070 1162 12.
2084 1134 2155 1163 Ann.
2168 1143 2190 1163 1.
2203 1144 2246 1173 pr.

1356 1165 1430 1195 Loca
1439 1167 1570 1197 convulsa
1581 1169 1652 1198 vasta
1663 1169 1750 1198 ruina.
1776 1170 1846 1206 Virg.
1862 1178 1884 1205 3.
1900 1170 1962 1200 AEn.
1975 1180 2038 1204 414.

1356 1204 1494 1233 Convulsa
1505 1206 1616 1241 penitus
1626 1206 1800 1243 Respublica.
1822 1208 1880 1237 Cic.
1893 1208 1929 1237 de
1942 1208 2013 1238 Clar.
2025 1208 2103 1237 Orat.
2119 1217 2180 1243 115.

1354 1241 1445 1270 Roma
1455 1242 1566 1273 sedibus
1575 1243 1637 1273 suis.
1678 1244 1734 1274 Cic.
1748 1245 1776 1274 in
1787 1245 1873 1274 Pison.
1890 1255 1932 1281 ς2.
1954 1246 2051 1283 Quum
2064 1246 2132 1275 mihi
2144 1245 2201 1283 ipsa
2212 1245 2302 1276 Roma
2312 1257 2402 1286 prope
2410 1257 2480 1278 con-

1374 1279 1449 1346 vuslsa
1463 1280 1572 1347 &dibus
1583 1281 1653 1317 suis,
1675 1283 1711 1312 ad
1725 1283 1973 1321 complectendum
1991 1282 2213 1315 conservatorem
2228 1284 2305 1314 suum
2326 1287 2481 1324 procedere

1375 1326 1401 1346 vi
1415 1327 1429 1346 a
1446 1327 1460 1346 e
1488 1341 1493 1347 .

1354 1354 1387 1384 Vi
1406 1355 1608 1386 dominationis
1618 1357 1766 1389 convulsus
1781 1380 1789 1394 ,
1810 1359 1837 1389 Sc
1850 1364 1982 1389 mutatus.
2014 1360 2033 1389 i.
2046 1369 2070 1389 e.
2092 1357 2219 1390 LicentIa
2231 1361 2406 1399 principatus
2420 1372 2483 1392 cor-

1375 1400 1481 1430 ruptus.
1504 1394 1595 1424 Tacit.
1609 1399 1636 1425 6.
1651 1397 1720 1425 Ann.
1734 1402 1779 1431 ⁴8·

1317 1429 1341 1460 C
1351 1440 1368 1459 o
1378 1440 1397 1459 N
1408 1441 1424 1459 v
1434 1441 1450 1460 o
1461 1443 1477 1460 r.
1487 1442 1498 1461 s
1510 1442 1528 1461 u
1539 1444 1559 1462 M
1570 1455 1578 1468 ,
1599 1433 1729 1462 dixerunt
1749 1440 1856 1464 veteres
1877 1444 1928 1473 pro
1954 1434 2125 1465 Convulsum
2139 1442 2146 1463 ἒ
2177 1440 2208 1466 ut
2219 1458 2227 1472 ‚
2257 1437 2338 1466 Artus
2356 1437 2482 1467 convolsi

1358 1476 1477 1506 pereunt
1488 1492 1495 1505 ,
1519 1472 1594 1509 apud
1608 1471 1715 1500 Lucret.
1731 1472 1778 1501 lib.
1793 1482 1816 1508 3.
1835 1482 1898 1509 344.

1319 1505 1368 1536 Co
1380 1517 1397 1535 N
1407 1517 1422 1535 v
1434 1517 1450 1536 υ
1462 1518 1541 1537 Lsro
1551 1531 1559 1544 ‚
1580 1510 1651 1539 onis.
1674 1510 1692 1539 f.
1714 1510 1872 1546 [wirma]
1894 1510 1962 1539 Plin.
1981 1510 2030 1540 lib.
2045 1520 2090 1540 20.
2110 1520 2170 1549 cap.
2185 1520 2228 1546 ῐς.
2251 1511 2421 1549 Ligusticum
2431 1513 2482 1543 ali.

1357 1546 1403 1581 qui
1416 1555 1551 1582 panacem
1561 1553 1680 1582 vocant,
1701 1548 1842 1578 stomacho
1855 1548 1922 1578 utile
1933 1548 1971 1577 est
1982 1571 1990 1584 ,
2012 1550 2080 1578 item
2095 1549 2323 1579 convulfionibus
2337 1552 2363 1581 δι
2374 1551 2484 1581 inflam-

1357 1584 1537 1614 mationibus.
1576 1585 1823 1621 conmilitonibus,
1845 1586 1900 1616 hoc
1912 1587 1950 1616 est
1965 1587 2040 1623 quod
2062 1587 2162 1625 vulgus
2178 1587 2369 1618 Retractiones
2388 1596 2481 1620 vocat.

1357 1620 1429 1657 Quae
1444 1621 1515 1651 fiunt
1526 1622 1570 1652 vel
1584 1624 1612 1652 in
1625 1623 1757 1653 musculis
1768 1646 1776 1659 ‚
1797 1624 1842 1654 vel
1853 1625 1883 1653 in
1893 1624 2064 1654 tendonibus
2082 1631 2196 1663 propter
2215 1626 2411 1664 intemperiem
2431 1627 2484 1657 hu-

1357 1668 1468 1688 morum
1487 1661 1741 1695 inflammatorum,
1761 1668 1810 1691 aut
1830 1662 1985 1691 fluxionem
2003 1662 2131 1700 frigidam
2150 1664 2179 1693 in
2204 1670 2311 1700 partem
2328 1665 2482 1695 nervosam.

1357 1696 1442 1732 Cujus
1452 1697 1557 1736 species
1567 1700 1662 1728 videto
1671 1700 1747 1738 apud
1758 1700 1895 1730 Galerium
1906 1701 1935 1729 in
1950 1700 1998 1730 lib.
2018 1701 2053 1729 de
2069 1700 2150 1731 Locis
2163 1700 2278 1732 affectis.

1319 1733 1514 1771 CONVELO,
1535 1735 1702 1773 [σκεπάζω]
1722 1741 1776 1767 are.
1798 1738 1877 1768 Idem
1896 1738 1974 1775 quod
1996 1738 2102 1769 Velare.
2143 1738 2213 1768 Plin.
2233 1739 2282 1769 lib.
2296 1748 2338 1776 17.
2361 1749 2421 1778 cap.
2433 1749 2481 1771 22.

1358 1771 1467 1810 Plagain
1477 1783 1591 1804 omnem
1606 1775 1750 1812 obliquam
1764 1775 1822 1805 fieri
1836 1797 1844 1812 ,
1864 1782 1895 1805 ut
1906 1775 1989 1806 facile
1998 1776 2133 1806 decidant
2144 1776 2264 1813 imbres,
2287 1778 2313 1807 &
2329 1778 2363 1807 ad
2382 1786 2485 1809 terram

1358 1813 1445 1846 verti,
1467 1821 1548 1849 quam
1559 1812 1693 1842 levissima
1712 1814 1841 1844 cicatrice
1861 1814 1921 1844 acie
1936 1813 2015 1843 falcis
2032 1816 2147 1850 exacta,
2168 1814 2307 1853 plagaque
2324 1815 2482 1846 convelata.

1360 1848 1430 1878 Gell.
1442 1858 1467 1883 7.
1481 1859 1505 1886 3.
1529 1851 1680 1889 Epagogen
1690 1851 1786 1881 multis
1795 1853 1964 1890 argumentis
1976 1852 2116 1882 convelat.

1322 1884 1515 1918 (3011111111-
1527 1898 1682 1924 1οΛΤ1ο,
1703 1890 1774 1919 onis.
1796 1890 1816 1919 f.
1838 1890 1979 1928 Augustin.

1321 1923 1507 1955 C0NvaNA
1521 1948 1529 1962 ‚
1551 1926 1597 1956 Co
1610 1936 1867 1957 NvaNiaNTiA.
1908 1928 1939 1957 V.
1965 1937 2173 1958 coNvaNro.

1322 1960 1346 1990 C
1357 1971 1373 1990 o
1383 1972 1400 1990 N
1411 1973 1427 1991 v
1438 1973 1451 1991 11
1459 1973 1479 1991 N
1487 1975 1510 1993 az
1520 1986 1528 2000 ‚
1548 1974 1635 1994 arum.
1657 1964 1823 2002 [Kamous]
1853 1966 1949 1996 Galliae
1966 1967 2136 2003 Aquitanicae
2160 1965 2259 2005 populi
2280 1966 2342 1997 sunt
2354 1990 2361 2004 ‚
2383 1968 2486 2006 quibus

1361 1999 1432 2029 olim
1442 2001 1613 2038 Romanijus
1625 2002 1693 2032 Latii
1706 2003 1871 2033 tribuerunt.
1894 2005 1996 2034 Auster
2004 2003 2104 2034 Strabo
2120 2004 2168 2033 lib.
2183 2015 2210 2040 4.

1323 2035 1372 2066 Co
1382 2047 1400 2066 N
1412 2048 1429 2067 v
1439 2040 1454 2068 ἑ
1464 2048 1528 2069 N1o
1543 2061 1551 2076 ,
1571 2042 1635 2071 vem
1648 2063 1656 2075 ,
1678 2047 1810 2077 ventum,
1843 2042 2022 2079 [ruvipmcas,
2049 2041 2162 2078 σύνειμι]
2182 2045 2232 2072 ire.
2258 2042 2349 2073 Simul
2369 2045 2465 2075 venire
2476 2066 2487 2081 ‚

1359 2079 1529 2115 congregari.
1551 2077 1638 2108 Plaut.
1649 2078 1743 2108 Pseud.
1758 2088 1781 2108 1.
1793 2089 1818 2109 2.
1831 2090 1878 2116 44.

1454 2115 1547 2145 Facite
1555 2116 1640 2145 hodie
1651 2124 1681 2145 ut
1692 2117 1761 2146 mihi
1771 2127 1887 2147 munera
1898 2117 1986 2148 multa
1994 2117 2051 2148 huc
2068 2117 2103 2148 ab
2116 2118 2286 2148 amatoribus
2303 2120 2486 2151 conveniant.

1360 2151 1418 2180 Cio.
1432 2163 1458 2187 4.
1476 2153 1549 2183 Verr.
1571 2154 1634 2183 Huc
1645 2155 1820 2184 conveniunt
1831 2165 1897 2185 cum
1910 2155 2008 2185 litteris
2020 2177 2029 2191 ,
2050 2156 2169 2185 veniunt
2178 2165 2244 2186 cum
2254 2157 2403 2187 mandatis.

1360 2189 1505 2225 Quoniam
1521 2192 1706 2221 convenimus
1716 2192 1811 2222 ambo.
1832 2193 1906 2230 Virg.
1924 2203 1947 2227 ς.
1962 2193 2020 2223 Ecl.
2036 2203 2060 2223 1.

1359 2227 1453 2258 multa
1469 2236 1678 2267 convenerunt,
1699 2240 1759 2268 quae
1776 2236 1901 2260 mentem
1923 2231 2104 2261 exturbarent
2125 2240 2237 2269 meam,
2257 2231 2346 2262 subita
2365 2233 2487 2264 defectio

1381 2265 1526 2304 Pompeii,
1547 2267 1681 2297 alienatio
1697 2278 1713 2297 c
1723 2278 1787 2298 oss.
1810 2268 1868 2298 Cic.
1881 2278 1906 2298 2.
1920 2269 1954 2306 Q
1967 2269 2029 2298 frat.
2045 2279 2069 2299 1.

1361 2301 1493 2341 Undique
1503 2306 1663 2335 convenire.
1701 2306 1761 2336 Cic.
1773 2316 1800 2336 2.
1811 2306 1886 2336 Verr.
1898 2317 1942 2342 54.
1965 2307 2061 2343 Quum
2070 2307 2129 2336 haec
2137 2307 2292 2344 frequentia
2303 2309 2389 2338 totius
2401 2308 2486 2339 Italiae

1379 2341 1468 2371 Roma
1485 2343 1649 2373 discesserit:
1672 2354 1732 2380 quae
1746 2345 1881 2373 convenit
1895 2354 1953 2374 uno
1970 2352 2099 2384 tempore
2119 2345 2261 2384 undique,
2283 2347 2462 2378 comitiorum
2475 2368 2486 2384 ,

1379 2380 1550 2415 judiciorum
1561 2403 1569 2416 ,
1590 2381 1778 2419 censendique
1789 2382 1878 2413 causa.

1361 2417 1523 2447 convenire
1534 2419 1571 2448 in.
1594 2426 1626 2448 ut

1360 2454 1393 2485 In
1405 2456 1493 2487 aedem
1504 2457 1687 2486 conveniunt.
1710 2457 1796 2487 Ovid.
1811 2465 1836 2492 3.
1849 2457 1917 2489 Fast.
1930 2466 1995 2494 2ος.

1359 2493 1391 2522 In
1402 2504 1490 2523 unum
1501 2495 1661 2524 convenire.
1681 2495 1740 2526 Cic.
1754 2501 1780 2529 8.
1792 2495 1845 2525 Att.
1857 2499 1885 2526 6.

1358 2531 1392 2561 ln
1402 2532 1507 2562 urbem.
1531 2533 1616 2562 Plaut.
1627 2532 1713 2563 Truc.

1358 2569 1516 2599 Convenire
1527 2571 1571 2600 ad.
1594 2578 1624 2600 ut

1357 2608 1399 2636 Ad
1411 2607 1531 2643 aliquem
1543 2608 1701 2639 convenire.
1742 2608 1808 2639 Caes.
1822 2618 1846 2639 1.
1860 2608 1930 2639 Bell.
1944 2609 2027 2640 Civil.
2041 2618 2083 2645 1³·
2104 2610 2233 2641 Adventu
2251 2610 2362 2642 Caesaris
2387 2614 2484 2651 cogni.

1376 2651 1407 2674 to
1417 2667 1424 2680 ‚
1446 2647 1613 2676 decuriones
1628 2647 1751 2681 Auximi,
1773 2647 1809 2676 ad
1820 2648 1930 2677 Actium
1941 2647 2042 2678 Varum
2051 2648 2210 2685 frequentes
2218 2652 2401 2680 conveniunt.

1358 2683 1400 2713 Ad
1416 2683 1503 2721 dapes
1511 2685 1672 2714 convenire.
1695 2685 1778 2714 Ovid.
1791 2689 1816 2714 6.
1830 2685 1895 2714 Fast.
1908 2689 1972 2722 672.

1358 2721 1400 2751 Ad
1412 2720 1553 2759 exsequias
1561 2722 1655 2759 aliquo
1662 2723 1823 2753 convenire.
1841 2722 1900 2753 Cic.
1908 2734 1959 2761 pro
1970 2723 2068 2760 Quint.
2082 2733 2125 2760 ςο.

1357 2760 1398 2788 Ad
1408 2759 1521 2789 odores.
1560 2760 1629 2790 Plin.
1642 2761 1690 2790 lib.
1705 2770 1747 2790 10.
1759 2770 1821 2799 cap.
1834 2770 1880 2798 70.
1903 2762 2138 2799 Conveniuntque
2150 2772 2185 2792 ex
2196 2761 2253 2792 alto
2263 2763 2349 2792 etiam
2360 2763 2396 2793 ad
2404 2763 2483 2801 quos-

1377 2797 1440 2826 dam
1450 2798 1561 2827 odores.
1602 2798 1645 2828 De
1654 2797 1783 2836 piscibus.

1357 2836 1399 2865 Ad
1413 2835 1484 2873 signa
1501 2837 1794 2872 convenirejubentur
1804 2836 1915 2866 milites.
1936 2836 2002 2866 Caes.
2013 2842 2038 2866 6.
2049 2836 2116 2866 Bell.
2129 2837 2200 2867 Gall.
2216 2847 2240 2867 1.

1358 2873 1517 2903 Convenire
1530 2895 1538 2909 ‚
1560 2874 1754 2911 Concmdare,
1776 2874 2132 2905 &sinecontroversiaeffe
2154 2875 2232 2906 Valla
2246 2875 2293 2906 lib.
2308 2884 2334 2913 3.

1358 2911 1518 2941 Convenire
1529 2913 1610 2942 inter.
1632 2920 1664 2942 ut

1355 2948 1433 2978 Inter
1445 2949 1471 2979 se
1480 2949 1698 2980 saevisconvenit
1708 2950 1780 2980 ursis.
1804 2950 1904 2987 Juven.
1920 2960 1962 2987 1ς.
1979 2950 2035 2980 Sat.
2052 2953 2114 2986 164.

1356 2986 1432 3017 Inter
1443 2997 1494 3017 nos
1504 2988 1647 3018 convenit.
1688 2989 1746 3019 Cic.
1761 3000 1788 3024 4.
1803 2990 1839 3018 de
1851 2989 1939 3018 Finib.
1952 2998 1998 3025 47.
2020 2989 2101 3027 Atqui
2119 2988 2136 3018 si
2147 3010 2155 3024 ‚
2176 2994 2208 3018 ut
2222 2989 2376 3024 convenire
2393 2990 2479 3021 debet

1374 3025 1449 3055 inter
1458 3035 1519 3060 nos,
1529 3026 1567 3055 est
1576 3027 1703 3063 quaedam
1711 3027 1848 3065 appetitio
1856 3027 2000 3059 naturalis,
2011 3028 2062 3056 &c.
2095 3026 2154 3056 Liv.
2164 3036 2190 3056 2.
2199 3036 2243 3062 23.
2253 3035 2322 3057 extr.
2345 3028 2410 3057 Non
2419 3039 2480 3058 mo-

1376 3063 1413 3093 do
1425 3065 1497 3093 inter
1506 3063 1596 3094 Patres
1608 3086 1616 3100 ‚
1637 3065 1684 3094 sed
1696 3075 1731 3093 ne
1743 3066 1814 3094 inter
1824 3064 1956 3095 Consules
1967 3065 2082 3102 quidem
2096 3064 2169 3102 ipsos
2180 3064 2242 3094 satis
2252 3066 2448 3097 conveniebat.

1356 3100 1434 3130 Inter
1443 3111 1490 3131 eos
1503 3103 1715 3132 convenitratio
1727 3103 1873 3140 accepti&
1884 3102 2004 3140 expensi.
2027 3102 2111 3131 Plaut.
2127 3103 2207 3132 Most.
2224 3113 2245 3133 1.
2261 3112 2285 3139 3.
2302 3107 2363 3139 146.

1356 3140 1486 3180 Intereos
1494 3141 1627 3170 convenit
1635 3142 1701 3179 quid
1712 3141 1753 3170 lit.
1795 3141 1853 3170 Cic.
1868 3150 1893 3170 2.
1907 3141 1943 3170 de
1958 3140 2046 3170 Finib.
2058 3151 2085 3177 4.
2106 3140 2144 3169 Ut
2163 3141 2236 3171 inter
2252 3151 2300 3171 eos
2321 3141 2368 3178 qui
2387 3141 2478 3172 ambi·

1378 3186 1463 3214 gunt,
1484 3179 1635 3208 conveniat
1642 3179 1707 3214 quid
1719 3178 1786 3208 sitid
1795 3179 1830 3207 de
1842 3188 1896 3216 quo
1908 3184 2012 3218 agatur.

1356 3215 1432 3245 Inter
1444 3215 1551 3253 aliquos
1567 3218 1733 3253 convenire,
1755 3226 1799 3246 ne.
1822 3217 1885 3254 Ulp.
1902 3217 1930 3245 in
1948 3216 1965 3246 l.
1985 3216 2013 3245 Si
2026 3217 2201 3246 convenerit.
2219 3216 2252 3246 D.
2265 3227 2316 3255 pro
2328 3217 2427 3252 Soci0‚
2446 3217 2477 3247 si

1376 3255 1621 3284 conveneritinter
1634 3254 1737 3289 socios,
1760 3264 1794 3283 ne
1806 3255 1876 3284 intra
1887 3261 1993 3284 certum
2008 3261 2118 3292 tempus
2137 3256 2296 3285 communis
2309 3265 2352 3285 res
2371 3255 2478 3286 divida-

1375 3298 1437 3326 tur,
1458 3301 1516 3321 non
1528 3293 1640 3322 videtur
1649 3292 1810 3322 convenisse
1822 3302 1857 3321 ne
1870 3302 1885 3322 a
1898 3292 2028 3322 societate
2037 3292 2158 3323 abeatur.

1355 3329 1431 3360 Inter
1442 3339 1494 3363 nos
1506 3332 1657 3367 convenit,
1678 3337 1717 3360 ut.
1741 3330 1825 3360 Plaut.
1841 3330 1919 3368 Capt.
1930 3340 1957 3359 2.
1968 3339 1992 3366 3.
2006 3335 2047 3363 18.

1436 3368 1519 3397 Nunc
1529 3369 1566 3397 ita
1576 3370 1709 3399 convenit
1718 3368 1789 3397 inter
1802 3378 1848 3397 me
1859 3390 1867 3404 ‚
1888 3375 1971 3405 atque
1980 3368 2057 3397 hunc
2067 3389 2074 3403 ‚
2096 3366 2228 3405 Tyndare
2236 3389 2246 3404 ‚

1435 3405 1472 3435 Ut
1482 3411 1509 3435 te
1517 3407 1723 3436 aestumatumin
1738 3406 1864 3436 Aulidem
1877 3407 1985 3435 mittam
1995 3406 2031 3434 ad
2045 3412 2163 3443 patrem.

1354 3442 1431 3473 Inter
1441 3450 1589 3481 utrumque
1599 3445 1740 3474 convenit.
1761 3444 1829 3473 Hor.
1844 3453 1867 3474 1.
1882 3444 1970 3473 Serm.
1985 3454 2011 3481 7.
2023 3453 2066 3473 10.

1355 3481 1513 3511 Convenire
1523 3491 1599 3517 cum,
1620 3490 1652 3512 ut

1355 3519 1427 3548 Cum
1438 3519 1531 3557 aliquo
1540 3521 1646 3557 optime
1653 3520 1811 3549 convenire.
1832 3518 1890 3549 Cic.
1901 3522 1927 3549 6.
1939 3519 2014 3548 Verr.
2029 3526 2090 3553 147.
2103 3518 2185 3548 Illum
2197 3518 2315 3548 noluisse
2324 3519 2369 3549 sua
2379 3520 2476 3552 lauda.

1373 3558 1555 3593 tionejuvare
1570 3558 1598 3587 L.
1609 3557 1756 3587 Lucullum
1765 3557 1865 3587 sororis
1876 3558 1965 3586 virum
1978 3579 1985 3591 ‚
2007 3558 2122 3593 quicum
2137 3558 2244 3594 optime
2253 3558 2434 3588 convenisset.

1354 3595 1427 3624 Cum
1441 3595 1601 3625 adversariis
1611 3596 1681 3625 mihi
1689 3596 1839 3631 convenit,
1860 3602 1978 3625 matrem
1989 3594 2042 3624 effe
2059 3595 2234 3624 interfectam
2253 3605 2269 3626 a
2284 3595 2350 3625 filio.
2373 3596 2432 3627 Cic.
2446 3607 2471 3627 1.

1328 3640 1331 3648 ⁴
1374 3634 1409 3662 de
1419 3632 1524 3662 invent.

1353 3670 1423 3700 Cum
1432 3680 1465 3699 eo
1476 3680 1530 3699 nec
1538 3670 1616 3700 locus
1629 3680 1682 3700 nec
1697 3671 1786 3700 sermo
1797 3671 1933 3701 convenit
1943 3670 2021 3700 mihi.
2045 3669 2130 3700 Plaut.
2143 3669 2237 3699 Pseud.
2247 3681 2273 3707 4.
2287 3679 2314 3707 7.
2325 3681 2351 3707 9.
2371 3672 2406 3702 de
2420 3672 2472 3702 im-

1369 3708 1464 3747 probis
1478 3708 1559 3737 servis
1571 3729 1579 3743 ‚

1445 3746 1506 3776 Nec
1518 3746 1584 3774 boni
1595 3746 1700 3783 ingenii
1711 3746 1894 3782 quicquamin
1905 3746 1947 3775 his
1956 3745 2024 3774 inest
2034 3767 2042 3774 .
2064 3745 2112 3774 nisi
2126 3751 2156 3774 ut
2165 3745 2216 3774 im-

1444 3783 1539 3813 Probis
1547 3783 1601 3813 sese
1615 3784 1717 3812 artibus
1727 3790 1854 3812 teneant:
1875 3784 1982 3812 cumiis
1992 3783 2059 3812 mihi
2072 3793 2124 3813 nec
2136 3782 2213 3813 locus
2223 3793 2276 3814 nec
2291 3783 2377 3814 sermo

1445 3821 1584 3850 Convenit
1593 3843 1600 3855 ‚
1624 3831 1714 3858 neque
1726 3822 1768 3850 his
1777 3831 1901 3858 unquam
1915 3821 2016 3850 nobilis
2025 3821 2073 3849 fui.

1351 3859 1422 3890 Cum
1435 3869 1469 3888 eo
1480 3859 1689 3888 convenitmihi
1700 3881 1708 3893 ,
1731 3866 1770 3888 ut.
1794 3858 1852 3888 Cic.
1864 3862 1890 3887 6.
1902 3860 1954 3888 Att.
1967 3869 1990 3888 1.
2012 3859 2158 3888 Mihicum
2170 3858 2301 3889 Deiotaro
2316 3860 2468 3896 convenit,

1369 3904 1401 3926 ut
1418 3897 1464 3925 ille
1475 3898 1502 3925 in
1514 3899 1583 3926 meis
1593 3897 1686 3926 castris
1695 3897 1761 3926 esset
1771 3906 1834 3926 cum
1846 3896 1899 3926 suis
1910 3897 1999 3935 copiis
2011 3897 2150 3926 omnibus.

1349 3935 1413 3966 Hoc
1421 3934 1490 3964 mihi
1501 3943 1565 3964 cum
1573 3941 1623 3964 tuo
1636 3934 1718 3965 fratre
1726 3935 1948 4002 convenit.RCic.
1965 3945 1987 3969 ς.
2000 3935 2035 3964 de
2049 3935 2136 3964 Finib.
2147 3942 2192 3973 87.
2397 3971 2419 4001 C

1903 3983 1913 4002 r
1925 3983 1936 4002 r
1946 3983 1958 4001 r
1978 3981 1992 4008 3
2422 3981 2468 4002 um
