2641 4130
1112 139 1369 185 ’‘1‘3(0){÷3·

0 255 14 264 .,
40 224 181 266 suerunt
196 252 205 267 ‚
232 229 273 261 ut
293 220 509 270 cognoscere
526 218 639 257 lefftor
658 231 703 256 ex
722 219 784 260 iis,
812 229 889 266 quae
907 219 944 255 in
967 229 1057 255 voce
1079 218 1210 256 INTER-

42 279 190 312 DlCTuM
206 273 475 312 annotavimus,
503 270 646 316 poterit.
698 268 814 316 Atque
834 267 892 303 hic
910 268 982 304 fere
1005 267 1210 315 conspeftus

45 324 92 361 est
120 322 259 366 Thesauri
281 319 446 364 stephanici
476 317 697 364 Lugdunenfis‚
723 315 810 352 sicut
830 328 912 352 eum
936 316 990 354 Cl.
1013 315 1113 358 Viri,
1150 318 1211 364 qui

43 370 251 415 Lwidinenfi’m
278 368 431 404 editionem
459 372 644 408 curarunt,
687 372 912 412 acceperunt.
964 366 1085 412 Quem
1114 365 1214 411 quod

43 421 96 460 illi
117 419 262 469 quidem
286 417 517 455 vehementer
541 417 762 462 vituperant,
798 425 842 450 eo
875 415 992 451 minus
1027 414 1214 451 excusandi

43 469 231 510 videntur,
257 466 357 516 quod
382 464 505 502 omissa
524 466 597 513 ejus
619 463 893 505 emendatione,
931 461 1213 511 quaeneceffario

75 517 245 555 raecedere
281 516 424 557 debuit,
461 514 504 551 de
535 512 702 562 augendo
736 511 850 549 solum
885 511 1025 549 solliciti
1061 513 1214 549 suerunt.

44 529 142 607 {Iam
163 565 262 614 quod
281 564 424 612 culpam
443 575 593 600 omnem
624 564 661 598 in
680 560 865 605 Bibliopolam
885 562 1065 607 rejiciunt,
1101 572 1120 597 a
1141 572 1214 609 quo

46 615 223 667 prohibiti
242 613 403 655 fuerunt,
430 625 476 649 ne
493 612 632 646 ultimam
645 609 829 654 Parisienft’m
842 611 962 657 potius
983 612 1135 645 editionem
1156 621 1218 646 ex-

46 667 264 717 primerent,
292 675 332 700 ea
346 662 503 699 viderint
523 661 595 704 illi,
620 660 751 708 justane
770 658 926 695 defensio
949 659 999 696 fit.
1050 657 1158 704 Quasi
1168 660 1220 694 vi-

46 713 178 753 delicet
198 724 275 750 non
303 710 635 752 animadverterint,
663 710 827 755 injuriam
852 709 1055 750 immerito,
1082 707 1222 744 ridente

47 763 114 803 illo
127 788 137 805 ,
163 763 201 798 in
222 761 418 799 litterarum
434 760 590 798 cultores
613 758 778 799 devolvi,
807 758 936 806 quibus
950 768 999 802 pro
1011 757 1141 801 thesauro
1158 768 1222 790 car-

48 812 133 848 bones
155 810 333 846 vendiderit.
384 809 500 856 Quod
531 814 650 846 autem
673 808 814 844 tertiam
840 806 958 848 illam,
987 817 1092 854 quam
1123 805 1219 846 dixi,

50 860 301 910 Stephanicam
321 858 520 896 editionem
536 865 724 905 tantopere
741 854 942 897 extollunt,
971 855 1122 892 eratillis
1138 865 1222 901 pro-

49 910 208 950 bandum
220 937 230 952 ,
257 921 335 946 eam
351 909 409 946 vel
427 919 579 944 numero
600 905 862 943 vocabulorum
879 905 914 941 δε
935 903 1112 952 phrasium
1129 902 1225 940 dele-

52 960 130 1002 ἃιι,
155 958 213 996 vel
232 958 507 1008 reliquaoperis
533 956 782 997 ordinatione,
810 953 1000 990 secundam
1019 954 1117 990 illam
1133 951 1226 989 mul-

51 1015 130 1049 tum
150 1008 330 1058 praestare,
355 1019 462 1056 quam
490 1005 515 1042 fi
548 1004 663 1042 niodo
691 1003 880 1051 Tinghyus
910 1002 1061 1040 fideliter
1089 1003 1226 1039 secutus

52 1057 157 1100 esset,
185 1065 324 1095 tantum
345 1056 451 1094 lexici
474 1053 578 1103 ipsius
607 1060 789 1101 emptores
810 1053 983 1089 damnum
1010 1051 1126 1089 fecisse
1151 1062 1229 1088 non

80 1115 198 1150 utem,
226 1118 267 1144 ac
285 1104 491 1155 persuadere
512 1104 605 1140 velle
626 1104 731 1140 nobis
746 1102 824 1140 Viri
843 1101 1030 1140 Clarissimi
1051 1101 1228 1137 videntur.

46 1119 131 1196 {lec
148 1168 275 1194 eorum
289 1155 456 1202 opinioni
473 1153 643 1190 accedere
656 1151 800 1201 possum
811 1180 819 1192 ‚
848 1152 910 1199 qui
927 1150 1077 1187 eandem
1091 1152 1232 1187 tertiam

55 1206 254 1245 editionem
263 1202 534 1252 propemodum
545 1213 632 1240 auro
641 1209 766 1239 contra
777 1201 961 1237 aestiniant:
980 1200 1166 1248 Siquidem
1177 1201 1232 1246 ip-

56 1256 132 1294 sum
142 1254 361 1302 Stephanum
376 1264 476 1301 paene
488 1251 676 1300 pueriliter
687 1251 773 1298 saepe
784 1249 919 1298 lapsum
931 1249 996 1287 esse
1007 1249 1232 1286 conferendo

57 1304 188 1347 didici,
214 1304 265 1340 uti
286 1302 396 1350 paulo
422 1302 531 1343 iiisra,
559 1301 717 1346 subjettis
741 1299 936 1346 exemplis,
966 1299 1230 1335 demonstrabo.

55 1353 171 1394 Porro
191 1363 259 1389 nec
278 1363 405 1390 omnes
427 1349 675 1399 Lugdunensis
696 1351 815 1396 operis
837 1348 1048 1386 accessiones
1067 1349 1233 1396 spernen-

56 1403 118 1441 das
140 1409 251 1451 puto,
281 1401 455 1450 quicquid
476 1400 587 1437 iidem
612 1398 797 1437 Clarissimi
816 1397 876 1436 IV
889 1398 969 1435 Viri
990 1398 1124 1435 dicunt.
1176 1396 1235 1435 In-

57 1450 136 1492 sunt
157 1451 305 1501 quidem
330 1450 505 1500 plurima,
533 1459 610 1486 non
634 1455 706 1486 tam
727 1448 958 1496 supervacua,
987 1454 1026 1484 ut
1048 1447 1139 1483 mihi
1157 1448 1237 1496 qui-

58 1501 143 1541 dem
165 1501 322 1543 videtur,
350 1511 458 1550 quam
478 1511 555 1536 non
581 1499 642 1535 suo
668 1498 754 1534 loco
782 1496 904 1545 posita.
952 1496 994 1534 Id
1016 1508 1103 1533 vero
1133 1508 1237 1534 corn-

57 1562 169 1593 mune
198 1551 324 1587 vitium
358 1549 524 1586 omnium
557 1546 924 1595 Lexicographorum
950 1545 1016 1582 effe
1043 1545 1171 1587 video,
1196 1552 1237 1582 ut

59 1612 134 1652 quo
156 1599 316 1648 quidque
336 1598 422 1636 loco
450 1597 708 1635 collocandum
730 1595 770 1633 sit
795 1596 976 1636 nesciant,
1004 1596 1040 1632 δε
1065 1595 1236 1644 pleraque

60 1650 202 1700 prorsus
220 1648 359 1692 alieno,
387 1648 421 1685 h.
445 1660 474 1684 e.
502 1648 563 1684 ubi
583 1657 693 1684 nemo
716 1657 876 1694 unquam
900 1645 1011 1682 letior
1032 1644 1237 1694 quaefiturus

61 1700 129 1744 elst,
157 1705 305 1747 ponant.
355 1697 537 1736 Robertus
557 1695 758 1744 Stephanus
781 1697 818 1732 in
831 1695 955 1732 eadem
971 1696 1146 1741 opinione
1160 1695 1236 1736 fuit,

9 1752 11 1754 ’
60 1760 103 1787 ac
123 1747 284 1786 Fabriani
304 1746 496 1789 Thesauri,
523 1745 567 1783 de
587 1757 661 1794 quo
677 1744 786 1793 paulo
805 1745 885 1793 post
903 1743 1060 1786 dicetur,
1089 1745 1240 1781 concin-

63 1805 206 1840 natores
219 1826 230 1840 ‚
257 1804 297 1834 ut
316 1796 407 1834 nihil
426 1806 648 1844 magnopere
672 1806 805 1842 nempe
825 1796 863 1831 in
880 1792 1017 1831 Lexico
1034 1792 1165 1830 Latino
1186 1805 1241 1830 re-

63 1849 156 1897 quiri
174 1852 335 1895 putaret,
362 1852 489 1894 praeter
508 1844 643 1893 singula
661 1843 855 1886 vocabula,
884 1843 1157 1892 eorundemque
1182 1854 1240 1879 va-

63 1898 124 1935 riae
142 1895 410 1945 significationis
435 1895 610 1942 exempla.
664 1894 812 1939 Quotus
839 1895 989 1942 quisque
1018 1904 1103 1929 vero
1131 1892 1242 1929 leno-

63 1958 145 1984 rum
166 1946 234 1987 est,
261 1957 305 1983 ex
324 1957 451 1982 eorum
472 1955 645 1985 numero,
673 1955 830 1992 quorum
847 1941 1070 1991 potiffimum
1088 1941 1161 1979 usui
1174 1941 1243 1979 Le-

64 1997 145 2035 xica
157 1995 282 2034 Latina
299 1994 534 2035 destinantur,
562 1995 623 2042 qui
640 1992 713 2030 hoc
733 1992 866 2038 ipsum,
896 1999 986 2040 quot
1004 2002 1156 2039 nempe,
1185 1990 1244 2027 vel

28 2093 32 2097 ,
66 2058 144 2097 qua:
165 2045 331 2094 cujusque
356 2043 524 2082 vocabuli
549 2042 644 2091 apud
668 2042 825 2079 classicos
850 2043 1011 2079 audiores
1038 2041 1175 2078 exstent
1203 2039 1244 2077 fi-

65 2094 316 2145 gnificatioues
340 2105 381 2131 ac
402 2093 667 2136 translationeS,
694 2093 875 2140 inquirere
894 2102 1053 2140 unquam
1078 2089 1242 2138 cogitet?

65 2145 124 2186 Ne
143 2145 260 2182 dicam
276 2143 442 2181 laborem
462 2141 642 2179 infinitum
669 2141 863 2178 subiturum
895 2153 996 2183 eum,
1024 2141 1086 2188 qui
1114 2151 1244 2177 omnes

66 2201 240 2234 annotare
256 2193 363 2236 velit,
387 2193 423 2229 &
441 2192 598 2230 multum
617 2192 725 2228 etiam
745 2192 855 2227 cuivis
879 2191 1039 2228 nostrum
1059 2190 1097 2226 in
1114 2201 1159 2226 eo
1183 2201 1246 2237 ge-

67 2256 153 2284 nere
172 2244 289 2281 licere.
342 2243 434 2289 Quis
453 2243 550 2278 enim
565 2242 603 2278 in
622 2240 840 2289 Metaphora
859 2253 888 2278 e.
913 2252 948 2289 g.
972 2238 1087 2276 modo
1106 2251 1152 2275 ne
1170 2240 1246 2275 ine-

68 2301 131 2344 pta
152 2293 193 2332 sit
212 2294 248 2331 &
267 2293 413 2341 longius
440 2292 570 2341 petita,
597 2290 843 2328 auffitoritatem
870 2290 1009 2337 semper
1036 2287 1163 2325 claffici
1187 2300 1247 2325 au-

69 2342 174 2383 &oris
195 2342 338 2392 exigat?
363 2339 441 2380 Nisi
469 2352 528 2378 me
552 2340 694 2388 prorsus
723 2341 844 2377 onmia
865 2339 1013 2380 fallunt,
1041 2337 1154 2385 longe
1180 2337 1247 2374 alia

69 2392 168 2433 causa
187 2393 252 2435 est,
281 2389 713 2441 quamobreinplerique‚
743 2389 861 2431 dosii,
889 2387 1097 2434 indoetique
1115 2387 1248 2425 Lexica

70 2442 197 2483 Latina
214 2441 388 2480 volutant.
437 2439 533 2478 Raro
565 2439 610 2476 de
638 2451 730 2477 voce
759 2440 947 2487 quapiam,
975 2450 1019 2474 an
1040 2436 1167 2475 Latina
1185 2435 1247 2479 fit,

69 2492 129 2531 vel
163 2491 208 2530 de
242 2490 374 2529 Forma
402 2489 545 2527 casuum
573 2487 631 2526 vel
659 2495 891 2537 temporum,
924 2487 1100 2524 dubitatio
1138 2486 1247 2529 subit,

71 2553 199 2584 verum
236 2540 353 2578 multo
392 2539 613 2587 frequentius
632 2565 642 2580 ‚
696 2537 754 2574 vel
796 2537 1049 2587 Synonymum
1094 2536 1251 2573 vocabu..

73 2591 151 2631 lum
164 2619 176 2634 ,
212 2589 314 2640 quod
334 2589 394 2627 alii
419 2588 643 2629 substituant,
678 2587 736 2624 vel
759 2586 861 2636 quod
880 2586 1012 2623 addant
1028 2584 1249 2634 Epitheton,

72 2641 131 2680 vel
141 2640 376 2683 Aiititheton,
403 2638 462 2676 vel
481 2638 593 2676 verbo
609 2636 848 2684 Adjunstum,
875 2636 933 2673 vel
946 2634 1166 2684 Syntaxeos,
1192 2634 1252 2672 seu

74 2690 345 2729 constructionis
386 2686 554 2736 exempla
591 2693 773 2735 quaerunt,
810 2684 1063 2733 Phrafiumque
1105 2686 1141 2721 δε
1176 2683 1252 2721 for-

29 2782 30 2786 ,
76 2739 255 2778 mularum
265 2744 472 2787 apparatum
484 2735 698 2778 desiderant,
725 2747 799 2785 quo
816 2735 874 2772 vel
885 2734 929 2772 de
942 2734 1013 2783 ipsa
1023 2733 1252 2782 significatio-

77 2792 124 2840 rie
138 2789 270 2838 usuque
284 2787 450 2836 cujusque
464 2787 565 2823 vocis
576 2787 706 2823 certius
719 2798 771 2832 con
793 2784 950 2826 noscant,
972 2783 1028 2821 vel
1038 2783 1136 2821 unde
1149 2782 1251 2832 quod

77 2837 291 2888 aptissimum
310 2837 470 2886 judicant
480 2835 523 2873 ad
535 2836 635 2873 usum
645 2835 744 2873 suum
758 2798 821 2872 sibi
839 2834 1007 2882 deligant.
1059 2832 1137 2870 Hac
1151 2839 1251 2881 parte

78 2895 175 2926 certe
196 2885 395 2934 Lugdunensis
421 2885 482 2923 ille
511 2885 675 2930 Thefizurus,
692 2882 890 2926 parisiensi,
919 2891 959 2921 ut
985 2883 1022 2920 &
1039 2881 1173 2926 Lipfienfi
1198 2886 1252 2916 Fa-
1309 2897 1332 2912 ν’

79 2936 181 2973 briano
198 2936 352 2985 praestat,
378 2937 415 2973 in
430 2935 557 2986 quibus
579 2931 694 2984 copiae
708 2935 802 2971 istius
822 2935 914 2970 ratio
934 2931 1031 2970 nulla
1048 2930 1251 2969 habitafuit.

78 2985 295 3028 Doleudum
315 2993 435 3023 tamen
453 2984 662 3032 indigestam
684 2984 778 3020 hanc
796 2983 914 3020 adhuc
931 2983 1078 3030 copiam
1100 2979 1188 3023 effe,
1217 2981 1254 3017 ὃς

81 3048 165 3074 curn
183 3035 300 3085 aliqua
312 3034 453 3073 ledloris
471 3034 651 3076 molestia,
679 3033 800 3076 utilia,
829 3043 907 3082 quae
931 3031 1003 3069 sola
1016 3058 1026 3072 ,
1054 3031 1090 3067 δε
1110 3030 1255 3067 meliori

71 3085 229 3131 ⁴[uidem
250 3084 378 3123 ordine
392 3084 555 3133 proponi
571 3082 788 3125 debuissent,
817 3094 864 3120 ex
884 3080 1106 3130 supervacuis
1121 3079 1259 3128 eligen-

68 3097 126 3178 da
150 3134 226 3172 effe.
276 3133 346 3173 Cui
367 3133 516 3184 quidem
543 3132 787 3170 incommodo
809 3131 946 3169 mederi
965 3141 1048 3167 cum
1071 3140 1254 3177 cuperem,

82 3186 135 3231 δι”
150 3185 285 3222 bonam
307 3195 454 3232 quoque
469 3189 608 3231 partem
630 3193 784 3224 eorum,
808 3193 887 3230 quae
911 3181 1125 3228 supervacua
1150 3177 1257 3215 inesse

83 3233 179 3277 dixi,
216 3235 255 3270 in
279 3233 405 3271 locum
427 3232 547 3274 suum,
590 3231 626 3268 h.
649 3244 679 3269 e.
709 3231 750 3266 ad
777 3230 912 3266 carbones
937 3228 1187 3267 amandaturus
1210 3227 1259 3264 es-

81 3277 176 3326 sem,
205 3283 340 3331 obstitit
362 3281 451 3319 mihi
479 3281 677 3328 judicium,
714 3292 795 3318 acre
821 3281 857 3317 ἃ
878 3279 1081 3317 limatulum
1108 3276 1256 3319 scilicet,

112 3332 334 3374 uorundam,
361 3333 422 3381 qui
436 3332 626 3379 pecuniam
645 3329 689 3367 ad
709 3330 828 3377 operis
848 3327 1115 3377 impressionem
1135 3337 1259 3373 reprae-

96 3388 273 3428 efflarunt.
326 3380 375 3419 Hi
396 3382 512 3423 enim,
540 3386 713 3429 quantum
738 3386 925 3428 poterant,
953 3377 1060 3426 usque
1087 3374 1133 3414 eo
1160 3376 1260 3412 voci-

87 3431 306 3474 ferabantur,
326 3431 359 3476 [ὲ
384 3430 440 3474 fibi
460 3429 669 3475 Londinenfiem
692 3428 857 3473 stephanici
878 3427 1015 3472 Thesauri
1038 3425 1193 3460 editionem
1214 3427 1260 3458 iri-

89 3488 200 3528 tegram
219 3480 256 3522 εἰ]
273 3485 484 3521 immutatam,
510 3478 545 3516 h.
558 3491 586 3516 e.
614 3491 663 3516 ne
673 3490 748 3516 uno
762 3477 911 3527 quidem
923 3477 1078 3514 carbone
1090 3473 1260 3515 detrasto,

89 3529 217 3574 exhiberi
230 3529 301 3564 velle
312 3555 322 3570 ,
351 3527 488 3572 (cred‘o
500 3540 627 3577 parum
636 3528 830 3576 diligentiae
843 3526 1051 3574 iudicioque
1061 3524 1179 3572 ignoti
1192 3523 1261 3560 ho-

89 3581 197 3618 minis
220 3577 368 3624 confisi)
394 3577 560 3616 haetenus
578 3578 777 3626 parendum
805 3584 844 3614 ut
866 3576 988 3617 fuerit,
1012 3586 1058 3613 ne
1081 3574 1119 3609 in
1142 3572 1260 3610 alieno

92 3640 202 3677 opere
219 3626 423 3666 ordinando
443 3628 577 3675 ubique
604 3627 740 3674 judicio
763 3638 848 3664 meo
868 3632 994 3663 uterer.
1045 3621 1142 3662 Mihi
1164 3623 1262 3659 enim

87 3677 237 3728 parendi
251 3678 438 3726 provincia
459 3676 537 3714 data
556 3676 624 3719 est,
659 3675 807 3724 jubendi
822 3675 901 3712 illis.

187 3730 294 3763 Verum
310 3727 387 3776 quid
398 3726 520 3773 facias?
547 3734 583 3760 ut
599 3726 679 3760 homo
703 3728 740 3771 est
755 3751 764 3768 ,
790 3729 833 3758 ita
854 3735 962 3759 morem
981 3734 1078 3768 geras.

88 3776 308 3825 Temperare
346 3782 484 3814 *tamen
521 3774 613 3812 mihi
657 3787 735 3812 non
776 3774 881 3822 potui
899 3800 911 3815 ,
957 3772 1043 3821 quin
1084 3769 1267 3808 manifeste

90 3825 326 3864 redundantia
341 3852 353 3869 ‚
405 3835 554 3874 quaeque
590 3835 739 3863 onerare
781 3826 903 3870 potius
922 3848 934 3863 ‚
986 3831 1095 3868 quam
1137 3830 1265 3857 ornare

94 3887 186 3923 opus
205 3874 435 3916 videbantur,
464 3881 504 3911 ut
525 3874 604 3910 sunt
628 3871 892 3922 Digreffiones‚
918 3869 977 3907 vel
994 3869 1264 3917 Descriptiones

95 3925 217 3962 alienae
236 3924 378 3972 prorsus
393 3931 499 3973 atque
515 3923 683 3965 taediosae,
712 3922 768 3960 vel
788 3921 1055 3969 Explicationes
1076 3919 1205 3966 ineptae
1226 3918 1263 3954 Sc

94 3974 216 4021 fatuae,
239 3973 436 4013 reciderem
459 3972 496 4011 &
511 3973 714 4021 abjicerem.
760 3970 802 4009 ld
820 3969 922 4020 quod
938 3969 977 4006 in
999 3967 1121 4006 multis
1140 3966 1265 4004 dictio-

1266 223 1369 258 nibus
1396 223 1542 265 sattum‚
1569 222 1630 264 hi,
1659 222 1786 271 quibus
1810 222 1986 271 utriusque
2015 222 2178 260 editionis
2202 223 2423 263 conferendae

1269 273 1372 318 copia
1402 280 1505 320 atque
1537 273 1653 309 otium
1677 273 1763 314 erit,
1805 272 2034 319 cognoscent.
2060 272 2141 309 Vid.
2161 285 2189 308 e.
2206 285 2239 320 g.
2261 274 2295 308 in
2315 274 2424 313 ΑΨΠ.

1269 325 1439 360 MACHUS,
1468 320 1662 362 Asnaum,
1690 320 1853 361 Bromii,
1885 321 2057 361 ΒΑιΝΕιΕ,
2089 320 2231 362 Bessis,
2261 320 2427 365 Bomou.

1269 367 1542 408 BRAcumANes,
1568 367 1736 410 Bitonis,
1763 367 1980 409 Bucenres,
2006 367 2234 410 Carminis,
2263 370 2429 411 Carmo.

1271 422 1362 457 nes,
1391 414 1522 456 Cano,
1551 415 1745 458 Caeruleis,
1781 416 1976 458 CARDUUS,
2003 416 2174 459 CATHEA,
2199 418 2427 459 cucumim.

1272 463 1385 519 Quod
1405 462 1429 499 si
1456 465 1516 518 qui
1534 463 1628 506 sunt,
1657 467 1784 513 quibus
1806 465 1897 501 hanc
1917 465 2135 512 diligentiam
2156 467 2307 504 nostram
2328 470 2431 506 auda-

1273 525 1335 549 ciae
1365 523 1512 548 nomine
1548 513 1722 559 appellare
1754 515 1910 555 iubebit,
1944 516 2075 562 quique
2106 522 2306 553 truncatum
2340 529 2431 565 opus

1274 567 1561 615 conquerentur,
1589 572 1641 596 nae
1669 562 1742 604 illi,
1776 572 1815 600 ut
1845 562 2031 599 indemnes
2068 564 2217 606 abeant,
2244 566 2433 614 (quantum

1276 610 1579 657 qualibuscunque
1599 611 1685 644 meis
1705 614 1795 647 curis
1814 614 1850 648 in
1869 612 1959 648 hanc
1980 612 2175 648 editionem
2191 613 2327 651 collatis
2347 627 2436 652 con.

1275 659 1375 701 fido)
1403 657 1503 693 facile
1523 659 1728 705 quempiam
1752 661 1953 702 invenient,
1990 662 2049 708 qui
2074 661 2334 699 Londinensem
2365 665 2437 701 edi·

1275 709 1415 744 tionem
1430 705 1629 762 quadruplo
1648 708 1758 742 carius
1782 717 1935 754 emptam
1949 737 1958 751 ‚
1986 708 2155 747 Basiliensi
2168 713 2281 747 nostra
2296 724 2439 759 permu-

1278 764 1350 792 tare
1365 762 1493 802 cupiat.
1544 754 1633 791 Sunt
1645 766 1731 791 vero
1754 758 1860 791 etiam
1882 759 2084 803 complures
2105 758 2298 802 dictiones,
2327 762 2385 799 ubi
2401 764 2440 799 in

1277 817 1407 851 magna
1430 804 1513 840 licet
1533 805 1636 850 copia
1655 804 1905 850 exemplorum
1933 807 2017 842 nihil
2043 817 2160 844 tamen
2188 808 2441 856 supervacuum

1278 855 1446 904 reperias,
1473 858 1512 889 ut
1531 853 1602 888 sere
1633 853 1669 888 in
1689 851 1890 894 Particulis,
1946 866 1994 889 uae
2019 864 2210 900 vocantur,
2249 858 2285 894 &
2314 858 2442 896 Verbis

1278 904 1356 940 usus
1376 903 1635 950 frequentioris
1687 900 1745 938 Sic
1763 903 1798 937 in
1810 913 1899 938 voce
1944 902 2046 946 ‘'TAS,
2074 908 2191 952 primo
2212 914 2336 949 tomo,
2365 919 2443 956 per.

1281 963 1412 1000 pauca,
1440 962 1522 987 ineo
1541 950 1688 998 quidem
1706 949 1862 996 judicio,
1883 950 2073 988 sustulerim
2090 980 2098 994 ,
2117 956 2152 989 in
2182 955 2331 993 leiolffi
2358 969 2386 993 e.
2406 968 2443 1005 g.

1283 1000 1501 1086 inllstcunscio
1533 1006 1658 1041 tomo,
1686 1010 1763 1036 non
1780 998 1886 1036 video
1910 1000 1995 1048 quid
2012 1001 2109 1038 sanus
2126 1002 2233 1040 letior
2250 1004 2445 1044 detractum

1283 1062 1328 1087 ve
1359 1062 1377 1086 e
1423 1061 1444 1086 o
1474 1056 1509 1085 it.

1333 1061 1447 1145 (λοξὰ
1458 1098 1500 1135 ad
1515 1109 1553 1135 ea
1564 1099 1700 1140 attinet,
1713 1108 1789 1146 quae
1800 1098 1855 1134 vel
1867 1097 1909 1134 ad
1922 1097 2202 1146 Geographiam‚
2215 1101 2270 1138 vel
2282 1100 2450 1141 Historia-⁴

1286 1161 1377 1191 rum,
1397 1147 1454 1184 vel
1465 1147 1711 1195 Antiquitatis‚
1737 1147 1793 1183 vel
1810 1146 2019 1185 Fabulai·u1n
2035 1150 2254 1195 poeticarum
2271 1155 2451 1199 cognitio-

1286 1210 1392 1239 nem,
1418 1204 1457 1234 ut
1474 1196 1553 1234 sunt
1573 1197 1608 1232 &
1627 1195 1776 1234 Ethnica
1798 1197 1833 1233 &
1851 1195 2100 1243 Patronymica
2116 1199 2282 1240 nomina,
2302 1212 2451 1249 quaeque

1287 1250 1373 1284 item
1384 1246 1428 1283 ad
1441 1245 1503 1295 Jus
1517 1244 1644 1286 Civile,
1672 1245 1729 1281 vel
1747 1245 1987 1287 Medicinam,
2011 1245 2137 1282 aliasve
2148 1254 2254 1288 artes,
2280 1247 2453 1286 scientias-

1287 1309 1359 1346 que
1380 1297 1580 1344 pertinent,
1609 1295 1769 1342 quamvis
1791 1306 1830 1331 ea
1851 1293 2081 1331 commodius
2103 1295 2139 1331 in
2152 1295 2384 1342 peculiaribus
2406 1298 2454 1335 le-

1288 1347 1378 1383 xicis
1396 1344 1595 1393 pertrastari
1618 1343 1773 1386 soleant,
1802 1343 2124 1393 (quandoquidem
2143 1345 2212 1390 jam
2230 1345 2359 1382 eodem
2376 1347 2455 1383 scri-

1288 1397 1425 1444 ptionis
1444 1405 1576 1442 genere
1594 1398 1733 1429 tantum
1754 1405 1830 1429 non
1856 1394 1999 1434 omnia,
2028 1403 2246 1441 quaecunque
2262 1393 2457 1433 humanum

1290 1446 1478 1493 ingenium
1497 1442 1722 1480 comminisci
1743 1443 1880 1489 potuit,
1916 1441 2006 1478 tradi
2039 1445 2255 1490 coeperunt)
2283 1455 2357 1480 non
2381 1445 2459 1491 pos-

1291 1494 1369 1531 sunt
1394 1500 1515 1530 tamen
1533 1493 1570 1528 in
1588 1491 1717 1528 Latino
1737 1490 1895 1532 Lexico,
1925 1489 2024 1538 quod
2045 1493 2229 1533 omnium,
2255 1493 2291 1528 &
2307 1493 2458 1540 proinde

1292 1555 1420 1581 eorum
1442 1553 1589 1590 quoque
1609 1540 1728 1577 studiis
1749 1540 1875 1577 servire
1895 1539 2020 1581 debet,
2047 1541 2108 1588 qui
2135 1539 2401 1588 pretiosioribus
2424 1543 2460 1578 &

1292 1592 1488 1630 numerosis
1512 1590 1757 1627 voluminibus
1789 1589 1863 1626 aliis
1888 1600 1964 1626 non
1996 1588 2148 1625 instruffi
2174 1589 2267 1632 sunt,
2309 1593 2460 1628 omnino

1293 1641 1532 1691 praetermitti:
1560 1639 1751 1677 Praesertim
1773 1650 1885 1687 quum
1913 1638 2024 1674 multa
2046 1639 2187 1685 generis
2207 1638 2358 1687 ejusdem
2391 1648 2462 1677 tam

1294 1692 1384 1729 ardle
1403 1702 1485 1727 cum
1507 1690 1634 1728 notitia
1656 1688 1785 1735 linguae
1807 1687 1912 1735 ipsius
1939 1686 2114 1734 implicita
2137 1685 2223 1729 sint,
2251 1696 2290 1724 ut
2309 1691 2465 1726 omnino

1295 1742 1338 1778 ab
1354 1753 1392 1778 ea
1408 1740 1555 1788 separari
1574 1745 1762 1786 nequeant.
1814 1736 1883 1773 Sed
1904 1747 1942 1773 ea
1957 1748 2064 1772 manu
2083 1744 2181 1773 erant
2197 1736 2359 1780 serenda,
2390 1749 2466 1775 non

1295 1790 1373 1827 sinu
1402 1796 1546 1838 patente
1570 1786 1803 1828 effundenda,
1836 1797 1903 1822 nec
1927 1797 1971 1822 ex
1997 1785 2065 1821 illis
2082 1814 2090 1828 ‚
2119 1798 2203 1834 quas
2227 1786 2319 1829 dixi,
2348 1788 2467 1823 turbu-

1295 1840 1401 1877 lentis
1422 1839 1581 1879 lacunis,
1610 1848 1733 1872 verum
1755 1847 1800 1872 ex
1816 1834 1896 1882 ipsis
1918 1833 2103 1882 puriffimis
2122 1836 2338 1883 antiquitatis
2361 1838 2469 1872 sonti-

1296 1890 1364 1927 bus
1391 1886 1594 1925 haurienda.
1646 1885 1920 1932 Qualiacunque
1938 1891 2055 1920 autem
2075 1885 2111 1920 in
2135 1882 2362 1932 Lugdunensi
2381 1897 2469 1933 ope-

1298 1951 1337 1975 re
1364 1938 1550 1986 leguntur,
1577 1934 1698 1971 denuo
1724 1933 1889 1982 politiori
1910 1933 2036 1969 saeculo
2063 1933 2171 1980 paulo
2199 1935 2428 1971 inconsultius
2450 1946 2470 1971 a

1296 1986 1395 2025 Viris
1418 1984 1620 2024 Clariffimis
1643 1983 1783 2020 obtrusa
1805 1990 1906 2030 puto,
1959 1981 2035 2027 Qui
2062 1981 2087 2017 fi
2109 1985 2264 2020 maxime
2287 1985 2322 2020 in
2344 1986 2468 2020 ceteris

1297 2037 1458 2086 partibus
1475 2034 1565 2071 nihil
1585 2033 1629 2070 ad
1657 2033 1829 2069 summam
1850 2031 2073 2080 diligentiam
2093 2031 2269 2080 reliquum
2292 2032 2470 2075 fecissent,

1299 2094 1421 2123 tamen
1436 2085 1554 2121 mirari
1575 2084 1765 2124 convenit,
1794 2093 1856 2117 cur
1875 2081 1940 2117 hac
1954 2088 2051 2127 parte
2069 2087 2145 2122 tot,
2176 2088 2319 2129 tamque
2337 2083 2474 2130 puden-

1299 2136 1355 2172 dis
1375 2135 1554 2172 erroribus
1574 2132 1747 2169 foedatum
1772 2142 1884 2178 opuS‚
1914 2130 2049 2178 alioqui
2069 2126 2224 2177 politum
2251 2132 2288 2167 ἅτ
2310 2131 2364 2168 ele
2392 2143 2473 2174 anS,

1300 2187 1400 2223 exire
1414 2182 1497 2232 paffi
1509 2181 1585 2218 fint.
1637 2180 1687 2217 Ut
1705 2187 1799 2222 tute,
1828 2179 1977 2221 Lenos,
2006 2187 2136 2228 quanta
2155 2180 2294 2216 ioeditas
2313 2182 2350 2217 in
2366 2144 2474 2217 {isto-

1302 2236 1367 2272 rici
1387 2233 1588 2282 argumenti
1607 2230 1697 2267 locis
1727 2229 1845 2266 relit'ia
1864 2227 1905 2265 fit
1923 2228 2062 2270 videas,
2090 2240 2154 2276 age
2180 2229 2371 2266 difflonem
2399 2231 2476 2266 uni-

1302 2296 1400 2325 cam,
1429 2294 1506 2331 quae
1524 2281 1618 2318 forte
1634 2291 1731 2317 nunc
1750 2282 1872 2315 animo
1891 2279 2068 2319 occurrit,
2095 2276 2182 2315 ficut
2199 2280 2236 2315 in
2255 2277 2477 2317 Londinensi

1304 2332 1433 2372 codice
1448 2332 1580 2380 legitur
1593 2357 1604 2373 ,
1631 2329 1703 2366 huc
1723 2327 1928 2366 describam.

1341 2403 1362 2417 „
1385 2382 1606 2413 Annianus,
1628 2375 1811 2414 [Ἀδωανὸε]
1837 2375 1971 2405 Decimus
1993 2376 2107 2413 quintus
2129 2375 2211 2405 Rom.
2231 2375 2386 2414 Imperator
2403 2377 2477 2414 fuit,

1303 2442 1324 2458 „
1347 2421 1373 2450 ἃ.
1399 2417 1536 2448 successor
1549 2415 1688 2451 Traiani,
1707 2415 1755 2452 qui
1774 2413 1970 2451 Hierosolyma
1990 2423 2006 2442 a
2018 2414 2085 2443 Tito
2101 2413 2261 2451 Vespasiano
2281 2414 2340 2444 solo
2358 2422 2478 2452 aequata,

1303 2480 1327 2495 „
1346 2466 1428 2487 muro
1443 2455 1554 2490 cinxit,
1575 2455 1602 2484 dc
1619 2463 1635 2483 a
1657 2452 1831 2490 prainomine
1846 2451 1895 2481 suo
1910 2451 2012 2482 AEliam
2030 2461 2066 2489 ap
2088 2450 2192 2481 ellavit.

1339 2517 1360 2531 „
1381 2495 1414 2525 ln
1451 2493 1544 2523 numis
1568 2491 1728 2526 constanter
1747 2499 1814 2524 cum
1845 2488 2034 2527 adspiratione
2081 2489 2141 2520 ΜΡ.
2167 2489 2264 2520 CAES.
2294 2489 2479 2521 TRAIANUS

1303 2555 1326 2571 „
1348 2530 1558 2563 HADRIANUS
1589 2525 1671 2558 AUG.
1702 2527 1750 2558 ET
1777 2526 1984 2557 HADRIANUS
2016 2526 2216 2558 AUGUSTUS.
2258 2527 2318 2557 Nec
2344 2529 2425 2558 aliter
2447 2530 2477 2557 in

1308 2594 1330 2609 ‚‚
1350 2571 1458 2601 Sabinae
1478 2569 1572 2599 uxoris
1590 2568 1699 2602 numis,
1720 2565 1771 2595 ubi
1785 2566 1880 2595 mariti
1901 2565 2010 2594 mentio
2026 2565 2099 2594 faeta
2116 2565 2162 2599 est,
2194 2565 2225 2594 V.
2248 2565 2356 2597 Gruter.
2372 2568 2399 2596 ἂ
2420 2566 2478 2595 Μι-

1307 2631 1329 2647 ,,
1349 2610 1479 2641 nntium,
1500 2606 1549 2644 qui
1570 2604 1708 2642 copiosior
1728 2604 1825 2640 utique
1853 2603 1892 2633 est
1910 2604 1940 2632 in
1958 2602 2098 2639 lapidibus
2115 2601 2307 2633 exscribendis
2322 2626 2331 2638 ‚
2359 2604 2407 2641 qui
2425 2605 2478 2633 Ha.

1306 2669 1330 2685 ‚‚
1350 2646 1441 2676 driani
1463 2654 1522 2674 non
1544 2643 1656 2673 Adriani
1674 2651 1780 2672 nomen
1800 2641 1905 2670 haberit
1921 2641 2042 2670 incisum
2055 2661 2064 2675 ,
2091 2640 2187 2678 quales
2211 2641 2372 2672 innumeros
2391 2643 2478 2671 etiam

1307 2707 1330 2722 „
1354 2685 1486 2715 Gruterus
1503 2681 1636 2716 ostendit,
1660 2680 1688 2709 in
1714 2679 1813 2717 quibus
1836 2679 1875 2708 est
1903 2678 2098 2709 HADRIANO
2125 2677 2209 2717 AUG.
2246 2678 2333 2716 Quod
2356 2681 2386 2708 in
2404 2680 2479 2709 colo-

1307 2745 1328 2761 „
1349 2722 1458 2752 uiarum
1478 2729 1545 2758 quas
1562 2719 1682 2749 deduxit
1701 2715 1865 2747 nominibus
1885 2715 2057 2746 observatur.
2098 2715 2220 2746 Salisbur
2240 2717 2308 2746 erilis
2335 2717 2479 2755 Inscriptio

1306 2783 1330 2798 „
1350 2760 1427 2798 apud
1446 2759 1556 2788 Gruter.
1577 2767 1606 2795 p.
1620 2759 1686 2792 265.
1705 2765 1733 2785 n.
1750 2765 1777 2791 4.
1813 2754 1889 2785 IMP.
1922 2754 2008 2784 CAES.
2039 2753 2070 2784 L.
2099 2754 2200 2784 SEPffi
2237 2754 2247 2784 1
2275 2755 2403 2785 SEVERI
2434 2754 2480 2785 ΡΠ

1307 2821 1330 2836 ,,
1351 2795 1569 2828 PERTlNACIS
1599 2794 1680 2825 AUG.
1711 2792 1813 2823 ARAB.
1851 2791 1967 2822 ADIAB.
2005 2790 2178 2822 PARTHICI
2216 2792 2361 2823 maximi
2394 2791 2480 2822 COL-

1307 2859 1332 2878 ,,
1353 2835 1465 2866 HADR.
1496 2832 1614 2877 lvay.
1644 2831 1678 2862 D.
1699 2831 1734 2861 D.
1773 2830 1838 2874 Eius
1866 2831 1954 2873 vitam
1981 2829 2125 2874 descripsit
2148 2830 2324 2874 Spartianus,
2344 2839 2426 2860 exeer
2448 2829 2481 2860 sit

1352 2873 1539 2918 Xiphilinus,
1561 2870 1674 2905 vietor,
1696 2869 1855 2913 Eutropius,
1895 2867 1958 2897 Fuit
1979 2868 2043 2898 AEiii
2062 2868 2172 2912 Adriani
2192 2867 2231 2896 fil.
2261 2867 2394 2897 successor
2439 2877 2480 2911 ra-

1311 2934 1333 2988 33
1354 2904 2362 2989 e255‚qs⁰;150,2¹3„3322‚13t?„13‡3¹t5,¹33¹,ssst{02¹·„,1g:3„,{⁴„¹g‘5531ffl
2373 2905 2481 2980 Zpr'e‘i?

1311 3011 1333 3027 ‚‚
1354 2988 1431 3017 lavit.
1472 2986 1567 3016 vanus
1587 2986 1614 3014 ἃ
1635 2982 1758 3014 curiosus
1775 2983 1922 3020 Princeps,
1955 2982 2082 3012 eruditus
2104 2989 2217 3017 tamen,
2249 2981 2326 3018 quod
2346 2981 2481 3011 testantur

1312 3049 1335 3065 ‚‚
1355 3025 1447 3056 versus
1467 3024 1514 3063 qui
1534 3028 1631 3053 extant
1650 3019 1740 3052 Graeci
1757 3021 1836 3057 juxta
1855 3028 1888 3059 ac
1903 3018 2004 3050 Latini.
2164 3021 2167 3035 ³

1316 3073 1319 3075 ’
1359 3076 1432 3116 Ubi
1441 3077 1573 3114 oblitus
1585 3073 1773 3113 suminista
1783 3073 1941 3110 editione
1955 3071 2016 3108 lin.
2033 3083 2063 3117 5.
2076 3069 2124 3112 ρξ’,
2136 3079 2202 3116 pro
2215 3079 2273 3109 ET,
2292 3078 2478 3114 reponere.

1313 3128 1409 3166 Scias
1425 3133 1543 3164 autem
1557 3125 1661 3167 licet,
1686 3130 1755 3160 tres
1771 3129 1909 3172 tantum
1930 3122 2066 3169 priores
2087 3120 2193 3155 lineas
2214 3118 2248 3152 in
2263 3115 2481 3164 Lugdunen-

1312 3176 1339 3214 fi
1354 3176 1534 3215 Thesauro
1553 3175 1706 3215 exstare,
1733 3170 1869 3221 reliqua
1885 3172 2013 3219 partim
2036 3181 2081 3206 ex
2098 3166 2278 3204 Thesauro
2296 3164 2480 3212 Lipsiensi‚

1314 3228 1444 3275 partlm
1464 3225 1509 3262 de
1534 3224 1595 3261 suo
1622 3222 1837 3260 addiderunt
1857 3217 2110 3259 Londinenses.
2161 3216 2207 3252 At
2228 3226 2305 3264 quae
2326 3213 2482 3250 monstra

1314 3277 1352 3312 ἃ
1375 3281 1542 3324 portenta
1564 3284 1727 3310 errorum
1745 3283 1790 3308 ex
1810 3267 2037 3317 Lugdunensi
2062 3276 2171 3313 opere
2195 3266 2233 3300 in
2251 3262 2480 3301 Londinense

1313 3331 1458 3373 recepta
1486 3324 1634 3364 fuerint,
1663 3320 1771 3369 paulo
1804 3319 1895 3356 infra
1915 3315 2143 3354 commodius
2163 3313 2479 3366 demonstrabitur,

1314 3375 1376 3412 ubi
1394 3374 1437 3411 de
1458 3370 1767 3410 emendationibus
1786 3369 1912 3405 nostris
1930 3364 2107 3413 agendum
2130 3364 2204 3400 erit.
2251 3361 2372 3406 Quare
2390 3359 2480 3401 satis,

1316 3425 1470 3477 opinor,
1498 3423 1665 3470 apparet,
1687 3431 1763 3456 non
1782 3418 1887 3473 aliani
1904 3415 2037 3470 causam
2054 3411 2202 3452 subesse,
2230 3422 2291 3446 cur
2312 3422 2389 3466 eam
2405 3421 2481 3465 par-

1316 3479 1391 3509 tem
1408 3473 1440 3509 se
1455 3470 1604 3508 noluisse
1622 3470 1793 3516 attingere
1808 3466 1888 3503 Viri
1903 3462 2033 3501 Clanis.
2056 3459 2196 3510 profeffi
2210 3458 2294 3500 sint,
2322 3460 2384 3494 nisi
2399 3469 2482 3507 quia

1316 3522 1447 3559 laboris
1466 3519 1672 3557 difficultate
1683 3516 1851 3555 absterriti
1867 3515 2016 3550 fuerunt.
2068 3511 2234 3548 Similiter
2254 3509 2361 3548 enim,
2381 3506 2481 3555 quod

1316 3573 1537 3620 praecipuum
1557 3568 1715 3617 ipsorum
1732 3565 1877 3613 pensum
1897 3562 1980 3603 fuit,
2008 3562 2114 3597 etiam
2140 3571 2198 3600 ea,
2227 3568 2304 3604 quat
2326 3568 2370 3592 ex
2388 3567 2482 3611 'ope-

1318 3632 1355 3657 re
1386 3617 1553 3667 Lipfienfi
1577 3616 1850 3663 descripserunt,
1888 3624 1964 3648 non
1994 3611 2157 3659 usquam,
2186 3605 2306 3654 quoad
2334 3605 2482 3653 quidem

1319 3668 1409 3706 mihi
1435 3667 1713 3705 animadvertere
1749 3663 1869 3702 licuit,
1894 3659 2136 3697 emendarunt.
2189 3656 2228 3693 ln
2261 3665 2334 3702 quo
2362 3662 2482 3689 tamen

1346 3730 1426 3755 uam
1472 3717 1599 3753 lurima
1617 3711 1839 3751 emendanda
1850 3707 2019 3757 superesse
2032 3736 2041 3749 ,
2064 3719 2108 3743 ne
2128 3704 2197 3753 ipse
2221 3703 2365 3751 quidem
2379 3701 2480 3739 CEL.

1355 3766 1445 3805 ESN
1477 3764 1585 3806 RUS,
1611 3764 1673 3812 qui
1692 3760 1876 3798 novissime
1889 3757 2079 3798 recensuit,
2105 3752 2336 3791 diilimulavit.
2359 3751 2481 3806 Itaque

1320 3815 1490 3866 quicquid
1502 3814 1617 3850 adhuc
1627 3814 1663 3848 in
1682 3809 1887 3847 eodemillo
1905 3818 2014 3855 opere
2026 3806 2100 3841 vitii
2116 3815 2155 3840 ac
2174 3812 2356 3856 naevorum
2366 3800 2423 3840 est,
2445 3798 2482 3834 id

1320 3868 1427 3902 etiam
1444 3866 1480 3901 in
1498 3858 1715 3900 Londinensi
1733 3866 1927 3906 comparet.
1977 3855 2076 3900 Qiin
2097 3861 2190 3889 tanta
2207 3851 2366 3886 securitas
2386 3849 2421 3884 δε
2435 3847 2482 3883 fe-

1319 3915 1457 3952 stinatio
1474 3911 1733 3958 descriptorum
1750 3909 1833 3948 fuit,
1863 3914 1900 3943 ut
1918 3916 1993 3941 non
2013 3914 2123 3951 pauca
2144 3898 2336 3939 vocabula,
2365 3896 2483 3933 auc‘to-

1316 3974 1469 4012 rumque
1491 3961 1598 4003 loca,
1627 3970 1704 4007 quae
1722 3959 1793 4005 jam
1819 3958 1858 4027 in
1868 3950 2107 4029 *Lug-dunensi
2135 3949 2262 3986 codice
2285 3946 2480 4029 eXstabaffi'

1921 4015 1943 4043 2
2370 4006 2428 4031 rur
2467 4007 2481 4031 s
