2600 4177
453 104 482 138 A
577 104 606 139 L
704 105 739 140 O

78 222 80 225 ι
138 176 175 213 ¹Ut
195 184 315 222 primum
332 184 381 228 inf<
395 184 466 227 alma
483 184 546 213 data
564 183 611 227 est.
683 223 687 228 Ι
709 184 785 215 Alma
795 185 844 216 lux
855 186 928 219 dieta
939 212 947 225 ,
967 192 1043 234 quod
1053 190 1107 223 alat
1117 194 1180 223 uni-

77 220 154 250 versa
166 230 172 249 :
192 230 256 254 nani
267 221 368 258 physici
384 221 482 250 dicunt
493 231 588 250 omnia
600 231 648 257 per
660 222 734 251 diem
746 223 874 255 crescere.
912 227 1029 259 Servius.

59 257 142 326 fflaiae
152 258 230 288 almae
240 258 313 288 filius
324 281 332 294 ,
352 268 402 296 pro
416 258 563 288 Mercurio.
597 258 663 289 Hor.
680 269 703 288 1.
725 260 814 291 Carni.
827 272 853 293 2.
865 273 910 302 43.

96 295 146 325 usae
164 295 251 325 almae.
275 296 341 325 Hor.
356 306 378 331 ³·
399 295 489 325 Carm.
509 306 534 332 4.
551 306 597 333 42.

18 339 19 344 ¹
60 329 204 363 Nereides.
228 332 286 362 Cic.
306 334 334 362 in
353 334 426 363 Arat.

7 406 10 409 ,
140 370 220 400 Hanc
239 369 278 399 illi
299 371 426 400 tribuunt
445 374 560 407 poenam
579 370 715 402 Nereides
734 371 821 404 almae.

7 416 9 421 ’
59 408 133 440 Nox.
157 408 220 437 Seii.
233 408 324 444 Agam.
335 417 360 437 2.
383 407 462 437 Ideni
472 407 615 438 inTroad.
629 412 655 439 6.

11 463 15 475 ι
59 445 171 476 Nutrix.
194 444 302 474 Lucret.
314 445 363 475 lib.
382 457 404 480 5.
419 453 483 480 231.

61 482 156 514 Panas.
186 480 295 512 Lucret.
306 483 354 512 lib.
367 487 391 512 6.
405 492 469 519 750.

61 520 264 558 Almaparens,
287 521 460 559 proVencre.
480 519 554 564 Virg.
569 529 594 550 2.
615 519 676 550 AEn.
693 531 754 557 59¹-
776 522 896 554 Martial.
918 524 967 555 lib.
981 531 1063 560 8.21.

79 595 112 627 Ε
219 572 258 580 ·—-
275 559 371 597 vigilat
392 558 556 588 Memnonis
571 558 642 588 alma
662 568 770 596 parens.
810 562 828 590 i.
848 572 870 591 e.
897 563 1007 593 Aurora.
1036 563 1109 602 Virg.
1136 573 1179 594 10.

113 605 140 624 ss·-
153 604 217 630 252.

140 632 218 662 Alma
234 642 334 671 parens
350 632 422 663 ldaea
440 633 533 663 desini.
594 632 647 663 Ubi
658 634 769 664 Servius
780 657 788 670 ‚
810 636 887 666 Alma
899 648 949 675 pro
972 639 1010 668 rie
1021 638 1059 668 est
1068 637 1181 674 Tellus,

78 670 114 738 gb
137 680 171 700 eo
190 671 267 708 quod
285 680 336 700 nos
355 671 426 700 alat:
456 671 566 701 abusive
591 672 676 701 etiam
693 671 755 702 aliis
780 675 941 705 numinibus
981 686 1015 706 oc
1037 676 1184 714 epitheton

101 718 115 737 a
149 719 169 737 r.

60 714 241 777 PaxiuTibul.
253 745 300 775 lib.
315 755 338 775 1.
352 756 393 775 10.
406 749 451 783 69.
492 746 570 777 Pacis
580 746 755 776 simulacrum
768 747 1014 786 fingebaturmanu
1024 751 1128 789 spicam
1156 760 1185 780 e-

82 793 163 814 rens:
185 784 250 813 ideo
260 783 346 813 Alma.
369 794 434 814 nam
444 785 521 822 pacis
530 792 656 823 tempore
666 785 831 821 agricultura
840 787 930 818 floret.
958 788 1121 820 undeilli&
1143 789 1186 828 pi-

79 828 119 851 cae
130 823 157 852 &
167 830 251 860 poma
262 821 458 858 &huiusmodi
469 822 574 860 reliqua
587 822 783 853 offerebantur.

61 859 165 898 Sibylla
181 858 261 889 alma.
283 859 357 897 Virg.
370 864 394 890 6.
415 860 477 890 AEn.
490 870 534 898 74.
577 860 650 897 Quia
660 860 765 891 scilicet
776 862 854 900 virgo
866 863 957 893 flierit.

32 917 36 919 -
60 897 117 928 Sol.
146 897 214 927 Hor.
226 897 257 926 in
267 897 358 927 Carm.
378 897 469 928 Secul.
480 908 506 934 9.

17 932 18 939 ¹
61 935 166 966 Tellus.
189 934 325 965 Columel.
337 935 386 965 lib.
400 945 543 974 3.cap.21.
557 935 667 973 Quibus
679 935 752 966 alma
761 936 1014 968 tellusannuavice
1024 938 1186 970 velutaeter-

60 983 116 1040 vrgo
127 973 248 1041 qsuod'am
257 983 325 1012 puer
347 975 407 1041 eri}
416 974 478 1004 laeta
487 996 495 1009 ,
514 973 679 1004 mortalibus
692 975 810 1005 distenta
818 976 907 1005 musto
919 977 1042 1007 demittit
1052 977 1146 1009 ubera.

8 1026 9 1029 =
102 1021 162 1040 nu.
208 1021 294 1041 11.1.
353 1022 380 1041 n.
410 1021 454 1041 22.

6 1062 7 1065 ¹
60 1048 147 1080 Vites.
168 1021 278 1093 Virg.gz.
302 1048 401 1093 Georg.
415 1058 479 1087 ²33·
573 1064 613 1072 ·-
630 1051 802 1089 pecorique,
824 1052 851 1082 &
873 1052 977 1083 vitibus
995 1053 1076 1084 almis

139 1087 238 1125 Aptius
257 1086 326 1117 uber
347 1093 407 1117 erit.
475 1126 506 1161 A
602 1126 631 1161 L
727 1126 763 1161 N

26 1192 170 1236 lituus,
194 1200 213 1230 i.
235 1199 252 1230 f.
273 1197 441 1237 [ayugo]
462 1198 696 1234 Arborfluvialis,
716 1197 922 1238 sivepaiustris‚
944 1202 1104 1239 notissima,
1126 1211 1187 1240 quae

60 1248 152 1309 ffique
163 1238 365 1306 fiiis‘rflilstuffl
377 1237 583 1313 nisquegsergceili
613 1237 655 1267 De
664 1237 717 1267 hac
727 1238 816 1269 multa
825 1239 966 1271 Vitruvius
973 1240 1023 1271 lib.
1033 1251 1059 1272 2.
1073 1250 1134 1280 cap.
1157 1250 1183 1276 9.

97 1286 183 1306 emini
274 1286 312 1305 iri.
337 1287 345 1305 i
367 1286 398 1305 .1
424 1286 459 1305 ,1
484 1298 490 1305 .
588 1297 595 1304 .

10 1327 16 1338 i
63 1314 124 1346 Alta
139 1313 227 1344 alnus.
250 1314 314 1344 Sen.
332 1313 450 1352 Hippol.
465 1323 488 1342 1.

61 1352 149 1384 Alnus
160 1352 340 1382 amicafretis.
362 1353 431 1381 Stat.
445 1355 470 1381 6.
501 1350 593 1381 Theb.
606 1353 668 1380 106.

10 1403 17 1415 u
61 1390 228 1422 Elestrifera.
255 1389 354 1420 Claud.
367 1390 396 1419 in
407 1388 527 1428 Epithal.
550 1388 625 1419 Hon.
638 1390 665 1419 &
674 1387 746 1419 Mar.
760 1398 803 1427 14.

9 1434 17 1467 ᾖ
61 1428 216 1460 Fluminea.
236 1427 284 1458 Sil.
297 1427 355 1458 Ital.
368 1428 415 1458 lib.
428 1437 452 1464 3.

11 1468 17 1506 ξ
62 1465 166 1505 Longa.
188 1466 273 1497 Ovid.
289 1475 329 1502 ¹3-
352 1466 422 1496 Met.
438 1475 502 1504 790.

10 1512 15 1530 1
62 1505 186 1536 Procera.
209 1504 282 1542 Virg.
295 1507 321 1534 6.
343 1503 401 1534 Ecl.
418 1507 463 1540 63.

62 1543 164 1573 Viridi's
174 1542 262 1572 alnus.
284 1541 358 1580 Virg.
372 1553 413 1572 10.
433 1540 491 1572 Ecl.
505 1549 549 1578 74.
589 1541 696 1572 Dicunt
702 1537 778 1572 enim
787 1540 866 1572 alnos
876 1541 905 1571 in
915 1541 980 1573 Padi
988 1543 1055 1583 ripis
1064 1544 1189 1582 primum

82 1581 150 1611 visas
160 1603 168 1616 ,
189 1580 303 1618 illicque
311 1579 518 1619 spectatissimas
528 1581 556 1611 &
564 1590 665 1619 magna
673 1580 756 1618 copia
766 1580 852 1610 virere
862 1602 870 1615 ,
891 1588 922 1610 ut
931 1582 969 1610 ait
979 1581 1120 1611 Pausanias
1130 1604 1138 1617 ,
1152 1591 1188 1612 ex

83 1619 194 1649 historia
203 1628 287 1657 quam
296 1625 387 1648 narrat
404 1618 488 1648 Ovid.
502 1627 528 1648 2.
549 1618 619 1648 Met.
658 1618 731 1648 Nam
747 1628 833 1655 quum
846 1618 987 1648 Phaethon
999 1620 1161 1657 impetratos
1172 1629 1188 1649 a

81 1664 161 1696 patre
169 1666 265 1687 currus
273 1656 344 1686 male
352 1664 470 1695 (egeret,
479 1656 597 1686 fulmine
607 1656 684 1692 Jovis
694 1657 724 1685 in
735 1655 864 1685 Padums.
878 1656 1027 1686 Eridanum
1035 1658 1190 1696 praecipita-

83 1703 128 1726 tus
139 1695 184 1724 est.
208 1694 359 1732 Quumque
369 1694 528 1730 Phaethusa,
541 1695 653 1729 Phoebe,
668 1693 855 1732 &Lamperje‚
867 1695 926 1730 ejus
935 1694 1047 1731 sorores,
1060 1696 1096 1725 ad
1105 1696 1188 1732 liujus

83 1732 161 1764 fluvii
181 1733 255 1771 ripas
267 1755 275 1768 ,
296 1742 361 1762 eum
374 1732 482 1762 menses
501 1739 618 1770 quatuor
638 1731 876 1771 impatientissime
891 1732 1044 1769 flevissent,
1074 1734 1188 1763 tandem

86 1771 163 1808 Jovis
174 1770 361 1800 misericordia
372 1771 401 1800 in
411 1770 533 1809 populos
541 1770 650 1801 arbores
659 1770 738 1801 versae
749 1769 811 1800 sunt
823 1792 831 1805 ,
859 1770 902 1800 vel
917 1771 929 1806 (
942 1776 972 1800 ut
989 1771 1095 1801 mavult
1103 1772 1132 1801 in
1143 1773 1189 1801 Ar-

84 1815 199 1849 gonaut.
214 1808 399 1847 Apollonius)
416 1810 447 1838 in
465 1808 559 1838 alnos:
582 1818 677 1838 earum
691 1814 784 1838 autem
794 1807 922 1846 lacrymae
933 1808 963 1838 in
973 1808 1083 1840 electra.
1114 1809 1186 1847 Virg.

85 1851 112 1878 6.
122 1846 181 1878 Ecl.
194 1850 238 1883 63.
270 1846 301 1876 ln
311 1846 389 1876 alnos
406 1853 525 1876 mutatas
535 1847 618 1876 tradit
629 1846 683 1876 hoc
693 1846 815 1876 carmine
825 1868 834 1881 ,

145 1884 229 1915 Tunc
247 1884 479 1915 Phaethontiadas
494 1885 588 1914 musco
607 1885 754 1914 circundat
770 1894 867 1914 amarae

146 1923 266 1952 Corticis
277 1945 285 1958 ,
306 1928 388 1960 atque
407 1922 465 1952 solo
482 1932 610 1961 proceras
629 1923 710 1961 erigit
722 1922 810 1952 alnos.
866 1922 1049 1954 Idemtamen
1061 1932 1104 1954 10.
1122 1922 1186 1954 AEnb

87 1966 148 1998 189.
162 1961 240 1990 alteri
250 1960 392 1991 subscribit
403 1961 550 2000 opinioni,

146 2000 265 2036 Nanque
282 1999 375 2028 ferunt
391 1997 468 2028 luGtu
489 1999 616 2037 Cycnum
635 1997 815 2028 Phaethontis
833 1999 935 2036 amati,

144 2036 281 2076 Populeas
298 2037 370 2066 inter
389 2037 516 2073 frondes,
537 2036 721 2074 umbramque
737 2036 861 2067 sororum

144 2075 221 2105 Dum
235 2075 329 2110 canit,
351 2076 403 2105 &c.

2 2131 6 2140 ι
66 2112 168 2149 Alnus,
188 2123 240 2152 pro
250 2113 416 2151 Navigiolot
437 2113 501 2150 quia
511 2122 545 2142 011
555 2118 655 2142 11111100
672 2111 728 2142 alni
745 2117 883 2143 excavatae
902 2112 1006 2144 fiebant
1026 2113 1190 2151 huiusmodi

31 2158 33 2160 “
85 2152 200 2190 scaphae.
223 2150 321 2181 Claud.
335 2151 410 2190 praef.
430 2151 497 2181 1.de
507 2149 721 2189 Rapt.Proserp.
734 2160 758 2187 3.

147 2190 205 2227 Qui
215 2189 309 2219 dubiis
329 2189 409 2219 ausus
427 2190 604 2219 committere
618 2188 730 2218 flatibus
750 2188 844 2218 alnum
855 2211 863 2224 ‚

183 2228 260 2265 Quas
280 2232 379 2257 natura
397 2233 498 2265 negat,
520 2227 639 2266 praebuit
652 2234 709 2256 arte
720 2227 785 2256 vias.
841 2227 914 2265 Virg.
929 2237 953 2258 1.
975 2227 1151 2267 Georg.136.

224 2280 264 2287 ·—·
282 2265 360 2295 alnos
370 2266 493 2304 primurn
506 2266 586 2295 fluvii
595 2264 701 2294 sensere
717 2270 836 2295 cavatas.

63 2300 146 2337 Levis
163 2303 250 2333 alnus.
272 2303 346 2341 Virg.
362 2313 388 2333 2.
410 2303 510 2342 Georg.
521 2313 587 2339 451.

67 2342 151 2372 Alnus
162 2348 226 2380 apta
234 2340 374 2371 fiuctibus.
404 2341 507 2371 Lucan.
518 2341 567 2372 lib.
582 2350 606 2377 3.
619 2351 684 2378 441.

145 2379 281 2418 Sylvaque
294 2379 445 2416 Dodones,
467 2381 494 2410 ἃ
504 2378 635 2410 fluetibus
645 2379 735 2417 aptior
745 2379 833 2409 alnus.

2 2419 3 2426 ¹
28 2417 54 2457 ,A
63 2429 79 2447 L
88 2427 161 2462 N.¹³U
170 2418 283 2485 s'‚fiAdj.
300 2417 335 2447 ab
345 2416 430 2448 Alnus
439 2427 447 2455 ;
479 2418 566 2455 Quod
573 2417 604 2448 sit
611 2427 646 2447 ex
654 2417 733 2447 Alno.
756 2418 869 2450 Vitruv.
883 2425 909 2455 3.
920 2426 946 2455 3.
973 2416 1065 2449 Locus
1075 2417 1145 2458 palis
1154 2415 1192 2449 al-

14 2465 17 2484 i
71 2465 116 2485 nei
165 2466 181 2485 o
269 2466 309 2486 ur.

31 2462 274 2530 ΔιΝῐξΊῖυῃιιιῗᾶἷζ
283 2494 421 2530 Awgin]
451 2499 499 2538 ut,
520 2493 694 2531 Quercetum
706 2514 715 2530 ,
736 2493 893 2524 Dumetum
904 2515 913 2530 ,
934 2493 1094 2525 Esculetum
1110 2505 1120 2532 3
1140 2494 1193 2525 Lo-

15 2545 17 2561 :
50 2532 192 2562 -cusalnis
201 2532 330 2562 consitus.
352 2532 403 2562 Gu.
415 2532 489 2561 Brito
507 2537 532 2566 8.
547 2541 609 2569 303.

145 2570 280 2601 Difficiles
292 2569 341 2600 ubi
357 2570 440 2600 densa
459 2570 516 2600 vias
533 2569 628 2600 alneta
645 2569 787 2600 tenebant.

478 2635 507 2669 A
600 2634 629 2668 L
723 2634 758 2669 O

16 2684 121 2723 Aac,
141 2686 186 2723 ui,
210 2687 284 2717 itum
305 2686 444 2722 stastum,
473 2684 596 2723 [πέψω]
617 2687 671 2716 ere.
694 2686 732 2715 est
753 2685 848 2716 Rebus
859 2685 894 2715 ad
907 2686 1011 2717 vietum
1029 2685 1193 2724 cultumque

67 2724 223 2755 necessariis
235 2724 401 2756 sustentare:
423 2725 500 2762 quod
516 2723 614 2762 vulgus
631 2723 718 2760 dicit,
741 2729 911 2752 intertenere:
947 2731 995 2760 ut,
1019 2724 1096 2753 Alere
1115 2726 1195 2754 fami-

66 2762 142 2793 liam.
164 2763 221 2794 Cic.
235 2763 327 2793 Parad.
338 2768 363 2797 8.
386 2762 473 2793 Multi
483 2769 553 2792 exte
565 2762 715 2791 audierunt
731 2772 817 2799 quum
829 2762 935 2792 diceres
947 2785 955 2798 ,
975 2762 1128 2793 Neminem
1139 2763 1194 2793 eise

67 2800 186 2830 divitem
195 2823 203 2837 ,
231 2801 280 2831 nisi
292 2801 338 2839 qui
348 2801 502 2831 exercitum
512 2797 585 2830 alere
597 2800 686 2838 posset
694 2800 747 2830 suis
757 2799 899 2830 fruffibus.

70 2838 172 2877 Copias
184 2839 304 2869 militum
313 2839 393 2881 alere.
426 2839 484 2868 Cic.
498 2848 548 2876 pro
560 2837 652 2868 Deiot.
665 2847 709 2868 22.

10 2894 14 2902 .
67 2875 144 2908 Inter
152 2877 230 2908 Alere
241 2879 267 2908 &
276 2877 406 2907 Educare.
428 2877 540 2907 Nonius
548 2899 556 2913 ,
581 2876 660 2906 Alere
671 2878 697 2906 &
709 2876 834 2906 Educare
845 2876 900 2906 hoc
909 2876 1011 2906 distant
1025 2886 1032 2907 :
1064 2877 1143 2907 Alere
1155 2877 1194 2908 est

87 2914 163 2944 victu
174 2913 321 2954 temporali
330 2915 417 2945 vitam
434 2915 590 2944 sustentare.
631 2914 756 2944 Educare
775 2921 870 2944 autem
885 2914 920 2943 ad
933 2914 1086 2944 satietatem
1095 2925 1195 2954 perpe-

86 2958 164 2982 tuam
181 2953 308 3021 elduqere.
333 2954 433 2983 Accius
449 2954 480 2983 in
495 2953 687 2986 Andromeda.
710 2952 792 2989 Alui,
814 2953 946 2982 educavi:
967 2953 998 2982 id
1012 2953 1095 2983 facite
1106 2976 1114 2989 ,
1137 2963 1195 2992 gra-

86 2996 148 3020 tum
157 2999 189 3021 ut
209 2999 230 3021 it
256 2999 311 3021 eni.

9 3045 12 3054 ι
67 3027 143 3060 Inter
153 3029 232 3059 Alere
242 3031 269 3059 &
278 3027 396 3059 Pascere.
435 3028 515 3059 Idem
524 3029 634 3059 Nonius
654 3028 709 3059 alio
719 3028 783 3058 loco
795 3050 803 3064 ,
824 3028 935 3058 Pascere
958 3029 984 3058 &
998 3027 1077 3058 Alere
1087 3029 1142 3058 hoc
1153 3029 1195 3058 di-

86 3067 175 3103 stant,
207 3067 374 3097 authoritate
392 3064 521 3097 Varronis
539 3063 793 3104 )ἑςονπῶἆὶιηάλῳ,
813 3074 845 3096 ut
867 3066 899 3096 sit
917 3065 995 3096 Alere
1008 3089 1015 3101 ,
1039 3066 1194 3096 sufficiendi

86 3106 195 3144 generis
204 3116 298 3173 curanli
308 3105 427 3135 habere:
448 3105 568 3142 Pascere,
589 3111 670 3135 natos
681 3105 745 3136 cibo
755 3105 885 3143 saginare.
912 3104 980 3134 Ter.
990 3104 1063 3134 And.
1076 3115 1099 3134 1.
1113 3115 1135 3134 1.
1146 3115 1192 3142 29.

88 3146 142 3173 Aut
161 3153 176 3173 e
197 3154 248 3174 uos
268 3154 282 3173 a
295 3153 349 3173 ere.

69 3180 147 3212 Alere
158 3154 306 3213 &qNutrire
314 3202 322 3217 ,
343 3191 394 3220 pro
406 3181 515 3210 eodem.
556 3180 663 3211 Nutriri
671 3181 709 3211 est
718 3180 897 3219 parvulorum
909 3185 940 3210 iit
952 3179 1076 3210 crescant
1093 3180 1105 3216 (
1119 3180 1194 3211 unde

90 3220 212 3249 nutrices
222 3221 368 3255 dicuntur,
388 3219 552 3256 nutritiique
563 3220 610 3256 qui
621 3229 715 3249 curam
724 3219 876 3249 infantium
888 3218 1000 3253 habent,
1023 3218 1196 3248 habuerunt-

87 3258 140 3294 ve)
164 3259 190 3288 <St
200 3258 359 3288 adultorum
371 3279 379 3292 ,
399 3265 431 3287 ut
441 3258 544 3287 vivant.
584 3256 627 3287 Ali
636 3267 748 3295 quoque
758 3258 789 3286 iri
797 3257 898 3286 eodem
910 3256 1070 3295 significato.
1112 3256 1195 3286 Unde

88 3294 134 3325 lex
144 3295 192 3325 illa
202 3306 254 3326 xii
275 3295 450 3330 tabularum,
474 3295 564 3324 Liberi
583 3301 712 3333 parentes
724 3294 800 3325 alant
812 3317 820 3330 ,
841 3301 889 3324 aut
906 3295 1072 3324 vinciantur.
1113 3295 1147 3324 At
1164 3295 1196 3324 in

88 3333 170 3363 rebus
180 3334 352 3372 incorporeis
365 3334 537 3371 frequentius
548 3339 579 3362 ut
588 3333 720 3363 crescant.
742 3332 862 3370 Quintil.
875 3333 905 3362 in
923 3332 999 3370 praef.
1012 3332 1059 3361 lib.
1075 3342 1098 3361 1.
1139 3332 1196 3362 Sed

89 3371 161 3401 alere
169 3372 340 3407 facundiam,
364 3372 435 3401 vires
448 3381 548 3409 augere
558 3370 725 3409 eloquentiae
733 3371 827 3410 poffit.
866 3371 983 3400 Perinde
993 3370 1031 3399 est
1038 3380 1071 3399 ac
1082 3370 1100 3413 s'.
1112 3365 1198 3400 dixis-

89 3409 146 3479 ig,
179 3413 284 3448 ilugere
311 3409 472 3440 facundiam
481 3431 490 3446 ‚
520 3419 620 3447 augere
646 3410 718 3439 vires
745 3409 914 3447 eloquentiae
936 3407 1027 3446 poffit.
1068 3408 1141 3446 Virg.
1168 3419 1192 3445 5.

124 3458 152 3478 n.
166 3457 183 3477 2
208 3458 230 3478 1.

149 3457 209 3516 Hcis
219 3485 353 3516 successus
364 3485 421 3515 alit.
464 3482 482 3515 i.
505 3495 530 3516 e.
562 3485 634 3523 quafi
653 3484 761 3515 Horum
775 3485 885 3514 animos
903 3483 1039 3514 successus
1051 3483 1196 3523 augescere

89 3522 169 3553 facit?
204 3524 272 3554 Haec
282 3523 358 3553 Valla
368 3523 418 3553 lib.
433 3533 456 3558 5.
468 3533 528 3561 cap.
540 3527 587 3559 46.

66 3561 148 3591 Alere
161 3563 320 3600 quempiam
330 3562 365 3591 de
375 3561 457 3591 bonis
466 3560 588 3591 alterius.
618 3560 756 3590 Paulusin
766 3559 784 3589 l.
796 3559 962 3590 Nesennius.
983 3558 1017 3589 D.
1043 3559 1079 3588 de
1098 3565 1193 3599 negot.

91 3599 177 3636 gestis.
217 3600 238 3630 E
248 3600 387 3629 contrario
395 3599 539 3629 dicebatur
550 3609 556 3629 :
586 3599 639 3629 hoc
648 3600 722 3628 reete
733 3598 789 3628 dici
798 3620 807 3633 ‚
824 3607 890 3627 cum
903 3598 938 3627 de
948 3596 996 3626 suo
1005 3596 1100 3627 aluisse
1108 3605 1196 3628 mater

110 3637 258 3668 robaretur.
279 3644 306 3667 at
317 3638 346 3667 in
356 3637 497 3676 proposito
506 3637 597 3667 aviam
606 3659 615 3671 ,
634 3644 696 3674 quae
703 3634 816 3674 negotia
822 3634 1032 3666 administraffet
1043 3657 1052 3672 ,
1065 3635 1198 3667 verisimi-

102 3685 117 3703 e
127 3675 180 3705 effe
191 3697 198 3710 ,
220 3676 255 3705 de
263 3685 292 3705 re
301 3675 384 3714 ipfius
394 3674 505 3713 nepotis
515 3685 581 3704 eum
590 3674 694 3704 aluisse.

64 3711 129 3743 *Alit
148 3713 229 3743 binos
244 3713 328 3744 foetus
349 3713 442 3743 ubere.
477 3712 548 3751 Virg.
562 3722 587 3749 3.
599 3712 657 3742 Ecl.
671 3721 714 3749 30.

72 3750 156 3781 Alunt
167 3750 298 3781 rhombos
309 3761 426 3789 aequora.
449 3750 514 3780 Hor.
527 3761 553 3780 2.
566 3751 652 3780 Serm.
667 3760 692 3779 2.
707 3755 754 3784 48.

71 3788 170 3819 Aluere
178 3789 284 3818 victum
294 3788 455 3821 mortalium
467 3789 627 3826 glandifera:
638 3788 758 3817 arbores.
778 3785 848 3816 Plin.
856 3787 886 3815 in
896 3791 1015 3825 procem.
1029 3786 1079 3817 lib.
1095 3790 1138 3819 16.

71 3826 188 3856 Aluntur
197 3826 340 3865 asperitate
352 3837 484 3864 aquarum
494 3826 613 3856 arbores.
627 3826 695 3856 Plin.
707 3825 725 3854 1.
741 3832 782 3854 12.
793 3834 818 3854 c.
831 3834 856 3860 9.
882 3825 901 3853 i.
920 3834 944 3854 e.
967 3834 1036 3863 aqua
1045 3825 1119 3856 salsa.

73 3863 169 3895 Tellus
181 3864 230 3894 alit
238 3864 309 3894 saxa.
332 3864 439 3894 Lucret.
451 3865 499 3894 lib.
512 3875 537 3894 2.
555 3874 635 3900 1155.

154 3903 214 3931 Nec
233 3912 326 3937 mare,
347 3912 400 3932 nec
415 3904 516 3932 11ηὲ1115
534 3900 699 3940 plangentes
717 3900 779 3930 saxa
800 3905 947 3936 crearunt,

113 3964 140 4009 V.
153 3940 208 3970 Sed
226 3941 323 4010 gIenuit
339 3941 422 3972 tellus
435 3941 534 3971 eadem
546 3962 555 3978 ,
576 3948 637 3977 quae
655 3948 731 3971 nunc
747 3938 796 3969 alit
814 3946 851 3969 ex
868 3936 906 3971 se.

146 3987 196 4008 oi..
251 3998 258 4009 .

1633 118 1920 160 ALo
2316 144 2380 181 155

1267 194 1344 224 Alere
1355 195 1460 232 aliquid
1471 197 1497 226 81
1509 199 1595 241 majus
1616 198 1714 230 facere.
1747 200 1805 230 Cic.
1821 211 1846 232 2.
1862 203 1897 234 de
1906 204 2012 238 invent.
2029 213 2088 240 162.
2121 211 2327 244 Consuetudine
2338 217 2382 251 jus

1286 233 1324 261 est
1335 255 1342 266 ,
1364 234 1439 268 quod
1450 235 1626 275 autlevitcrzi
1637 245 1733 266 natura
1743 241 1858 269 tracium
1873 263 1881 276 ,
1903 244 1971 273 aluit
1986 248 2109 281 &majus
2120 249 2186 278 fecit
2197 252 2273 281 usus.
2291 254 2333 280 &c

1267 268 1346 298 Alere
1356 271 1380 299 ἃ
1391 270 1545 314 sustentare.
1583 274 1642 303 cie.
1656 285 1681 304 2.
1700 276 1735 305 de
1745 276 1808 306 Nat.
1822 276 1903 309 Deor.
1920 290 1983 317 301.
2016 284 2134 322 Spiritus
2145 287 2299 318 duc'tusalit
2310 277 2385 319 &su-

1287 306 1384 351 stentat
1394 318 1571 353 aiii-mantes..

1268 343 1309 372 illi
1321 347 1454 389 ottingeri.
1494 348 1551 377 Cic.
1565 358 1592 376 in
1604 348 1740 392 [sel-,¹04
1780 351 1835 381 Sed
1848 363 1900 382 nec
1918 354 1964 384 illa
1983 359 2106 388 extint‘ta
2121 359 2201 395 sunt,
2223 361 2387 399 alunturque

1287 389 1380 422 potius
1392 385 1559 419 &augentur
1568 393 1736 423 cogitatione
1747 389 1920 420 &memoria
1960 392 2017 423 Cic.
2033 404 2056 431 3.
2070 397 2098 425 in
2112 396 2192 427 Catil.
2207 403 2251 428 26.
2279 400 2390 430 memo-

1286 427 1326 459 ria
1335 419 1417 446 vestra
1431 430 1471 448 res
1482 423 1577 451 nostrzr·
1587 424 1710 459 alentur,
1731 425 1903 458 sermonibus
1913 430 2043 461 crescent.

1268 454 1310 483 Ali
1333 457 1358 484 Sc
1378 457 1528 492 augescere.
1555 461 1613 490 Cic.
1629 471 1654 490 2.
1667 463 1702 490 de
1716 463 1776 493 Nat.
1793 464 1874 495 Deor.
1889 477 1931 503 51·
1968 468 2112 507 Multaque
2123 480 2138 500 a
2155 471 2220 502 luna
2238 477 2387 505 manant&

1289 491 1397 534 fluunt,
1417 494 1516 530 quibus
1533 498 1558 526 S<
1577 499 1730 529 animantes
1742 501 1865 537 alantur,
1887 505 2088 545 augescantque
2107 509 2295 546 &pubescant
2331 521 2388 541 iiia-

1288 535 1484 566 unitatemque
1494 533 1665 570 assequantur
1677 547 1735 573 qua:
1745 540 1871 570 oriuntur
1882 548 1984 572 eterra.
2304 534 2310 546 ⁷

1270 565 1311 595 Ali
1324 568 1350 595 Sc
1360 566 1486 598 crescere.
1510 570 1567 616 Cic.
1580 582 1605 600 2.
1615 573 1649 601 de
1662 573 1724 603 Nat.
1740 576 1821 606 Deor.
1837 587 1879 614 23.
1902 581 1946 609 Sic
1955 582 2029 611 enim
2042 583 2117 612 resse
2129 583 2212 613 habet
2254 591 2285 614 ut
2295 588 2389 616 omnia

1290 613 1350 640 quae
1371 603 1478 647 alantur
1488 628 1504 648 ,ἡ
1527 609 1552 637 ὁ(
1564 618 1623 645 quae
1634 611 1772 648 crescant,
1805 617 1968 648 contineant
1984 620 2014 648 in
2027 620 2054 649 sc
2067 621 2121 649 vim
2132 607 2235 651 caloris,
2269 623 2324 653 sine
2335 634 2388 661 qua

1289 650 1380 677 neque
1393 640 1426 669 ali
1441 644 1548 679 pollent
1559 655 1611 674 nec
1623 648 1750 679 crescere.
2241 645 2248 657 ³

1270 678 1492 744 Arllieffigiristineri.
1515 682 1572 711 Cic.
1589 694 1612 718 5.
1626 684 1697 714 Verr.
1713 697 1754 716 11.
1778 688 1817 718 Re
1834 690 2010 724 frumentaria
2020 704 2054 724 cx
2064 695 2157 725 Sicilia
2167 695 2265 726 alimur
2275 707 2306 726 ac
2317 697 2390 728 susti-

1270 753 1312 783 Ah
1325 776 1333 788 ,
1353 753 1428 790 apud
1442 753 1600 784 Lucretium
1610 767 1666 786 non
1678 759 1715 788 est
1728 761 1831 792 Nutriri
1846 764 1997 804 plerunque
2009 792 2016 802 ,
2039 770 2084 799 sed
2097 771 2186 800 Altum
2198 793 2206 806 ,
2227 773 2253 801 ἃ
2264 771 2391 803 adultum

1290 791 1415 820 evadere.
1456 792 1550 835 ltaque
1563 794 1688 838 crescunt
1696 799 1844 841 apudeum
1854 811 1904 836 res,
1927 805 2027 836 deinde
2040 808 2158 838 aluntur.
2182 809 2242 838 Nec
2250 819 2314 838 vcro
2324 822 2390 848 prae-

1290 829 1397 872 postera
1407 828 1513 858 ordinis
1532 831 1738 874 perturbatione
1750 837 1843 866 videre
1855 842 1942 875 potest
1955 844 1981 871 id
1999 845 2091 875 dicere
2102 868 2110 880 ,
2132 856 2195 876 cuin
2207 846 2352 884 perspicue
2362 849 2391 878 in

1291 876 1324 897 ea
1333 874 1449 895 notione
1461 877 1542 903 quam
1553 868 1612 898 dixi
1623 870 1738 900 verbum
1754 873 1823 903 illud
1833 876 1866 904 ab
1876 886 1910 905 eo
1924 879 2082 917 usurpetur:
2106 891 2145 917 ut,
2158 885 2174 913 Ι.
2189 895 2213 913 2.
2231 894 2309 919 1¹29·

1352 904 1450 971 lignee
1461 904 1598 972 alegcendi
1615 906 1753 938 summum
1764 912 1876 949 tetigere
1888 924 2031 947 cacumen.
2095 920 2125 950 V.
2151 931 2168 950 A
2178 933 2191 949 1
2203 932 2217 950 a
2227 931 2238 950 s
2249 933 2265 951 c
2274 932 2299 951 0.
2340 923 2392 952 lte-

1290 952 1353 971 rum
1373 953 1380 971 i
1403 965 1409 971 .
1422 952 1447 971 2.
1464 953 1497 977 54
1519 966 1525 972 .

1429 994 1468 1003 ›--
1487 990 1578 1018 neque
1590 982 1665 1018 quod
1678 981 1797 1026 superest
1807 989 1977 1023 procrescere
1987 992 2084 1030 alique.
2103 994 2274 1025 Rursumlib.
2292 1007 2312 1026 1.
2329 1007 2389 1033 ¹92-

1311 1057 1316 1062 .
1354 1017 1479 1055 Qiaeque
1489 1018 1534 1048 sua
1545 1019 1580 1048 de
1590 1025 1703 1050 materia
1714 1023 1891 1059 grandescere
1902 1048 1909 1060 ‚
1931 1027 2028 1063 alique.
2137 1032 2250 1063 Monuit
2266 1035 2291 1064 T
2294 1036 2381 1064 urneb

1275 1055 1318 1085 Ah
1329 1055 1372 1084 ab.
1395 1055 1556 1086 Lucretlib.
1574 1067 1595 1087 1.
1608 1063 1671 1092 812.
1803 1077 1842 1083 —-
1861 1065 2049 1100 atquealimur
2060 1078 2110 1098 nos
2383 1058 2391 1066 ο

1352 1093 1441 1122 Certis
1460 1093 1493 1122 ab
1513 1094 1604 1124 rebus.

1270 1130 1413 1160 Viduitate
1422 1134 1447 1161 ὁὶ
1458 1131 1606 1162 solitudine
1615 1128 1731 1170 alicuius
1743 1134 1787 1165 ali.
1810 1136 1869 1167 Cic.
1883 1148 1934 1176 pro
1949 1139 2050 1170 Caecin.
2068 1151 2108 1177 13.

1290 1169 1345 1204 jam
1357 1169 1406 1197 diu
1417 1168 1558 1199 Cesenniae
1567 1171 1704 1201 viduitate
1714 1182 1746 1202 ac
1756 1173 1904 1206 solitudine
1915 1175 2033 1207 aleretur
2043 1201 2050 1215 ,
2079 1182 2130 1211 Sec.

1273 1205 1361 1236 Cibus
1374 1206 1430 1236 alit.
1455 1206 1562 1237 Lucret.
1576 1208 1624 1239 lib.
1641 1219 1662 1238 1.
1676 1215 1739 1246 859.

1352 1244 1468 1288 Diditur
1478 1245 1506 1274 in
1515 1255 1598 1276 venas
1611 1246 1688 1277 cibus
1699 1257 1797 1279 omncs
1808 1271 1816 1285 ‚
1835 1257 1918 1289 auget
1929 1275 1937 1287 ,
1958 1252 2062 1290 alitque

1352 1282 1483 1320 Corporis
1496 1289 1632 1314 extremas
1643 1295 1753 1323 quoque
1787 1294 1857 1318 artes
1871 1311 1878 1324 ,
1901 1291 2131 1329 unguiculosque.

1272 1320 1294 1351 A
1314 1319 1486 1396 eelgps7q5uum
1508 1331 1574 1352 euni
1590 1332 1649 1352 non
1666 1323 1730 1353 satis
1751 1335 1765 1354 a
1778 1332 1856 1363 eret,
1875 1326 2061 1367 ludimagister
2079 1330 2141 1361 fuit.
2173 1331 2231 1363 Cic.
2248 1343 2271 1363 1.
2284 1333 2319 1363 de
2329 1334 2392 1365 Nat.

1272 1395 1315 1425 Ali
1330 1397 1413 1426 victu.
1438 1395 1545 1426 Lucret.
1564 1396 1613 1427 lib.
1626 1409 1651 1433 4.
1666 1401 1730 1436 634.

1272 1432 1327 1463 Pax
1339 1433 1406 1463 aluit
1416 1434 1492 1464 vites.
1516 1434 1611 1465 Tibul.
1624 1436 1671 1466 lib.
1688 1447 1709 1466 1.
1727 1446 1768 1467 11.
1779 1448 1825 1476 47.

1272 1471 1341 1501 Usus
1351 1471 1522 1510 alitaliquid.
1574 1473 1603 1503 V.
1628 1474 1706 1504 Alere
1717 1476 1743 1504 δι
1760 1477 1849 1513 majus
1868 1477 1967 1508 facere.

1272 1509 1352 1539 Alere
1364 1510 1389 1539 se
1400 1510 1614 1549 consumptione
1624 1514 1649 1542 ἅ
1659 1512 1735 1542 senio
1746 1512 1795 1543 sui.
1829 1515 1886 1545 Cic.
1897 1516 1932 1545 dc
1944 1517 2066 1547 Univers.
2082 1521 2124 1549 16.

1273 1548 1355 1577 Amor
1366 1549 1446 1578 alitur
1458 1548 1572 1578 divitiis.
1593 1549 1678 1580 Ovid.
1702 1551 1736 1579 de
1749 1551 1827 1581 Rem.
1850 1554 1939 1583 Amor.
1954 1560 2016 1592 746.

1273 1585 1425 1629 Audaciam
1445 1586 1526 1616 alere.
1537 1588 1595 1616 Cic.
1614 1597 1640 1617 2.
1663 1589 1698 1617 de
1716 1589 1822 1619 lnvent.
1836 1601 1862 1626 4.
1878 1591 1997 1622 Dicendi
2010 1593 2150 1624 assiduitas
2162 1592 2232 1624 aluit
2243 1595 2394 1628 audaciam.

1273 1623 1392 1653 Bellum.
1416 1624 1491 1654 idem
1502 1625 1692 1662 quodBellum
1703 1626 1804 1658 fovere.
1832 1627 1890 1659 Liv.
1906 1638 1947 1664 31.
1966 1641 2007 1666 15.
2029 1639 2099 1660 extr.

1274 1661 1424 1705 Capillum.
1446 1661 1515 1705 Plin.
1526 1662 1574 1692 lib.
1587 1672 1631 1699 24.
1647 1673 1708 1702 cap.
1726 1675 1767 1701 15·
1816 1665 1972 1698 Inluntibus
1980 1668 2051 1700 illita
2065 1670 2198 1708 capillum
2215 1671 2300 1701 alunt.

1275 1698 1451 1737 Cogitatione
1469 1699 1513 1729 ali.
1556 1700 1585 1730 V.
1607 1701 1648 1731 Ali
1666 1703 1693 1732 &c
1711 1704 1814 1740 augeri.

1275 1736 1454 1767 Consuetudo
1474 1737 1564 1767 alitur.
1587 1738 1645 1769 Cic.
1659 1749 1700 1775 14.
1715 1741 1768 1769 Att.

1276 1774 1496 1805 Controversiam
1506 1776 1588 1806 alere.
1612 1777 1677 1806 Caes
1695 1786 1720 1814 7.
1733 1777 1799 1807 Bell.
1813 1778 1882 1809 Gall.
1898 1788 1940 1817 32.

1276 1812 1394 1850 Copiam
1405 1813 1553 1843 verborum
1567 1813 1648 1844 alere.
1671 1814 1730 1845 Cic.
1741 1816 1771 1845 in
1783 1818 1859 1847 Orat.
1873 1827 1918 1855 27.

1277 1851 1404 1889 Culpam.
1426 1852 1549 1890 Propert.
1570 1852 1619 1882 lib.
1633 1863 1659 1888 4.
1674 1864 1700 1889 4.
1713 1863 1758 1891 70.

1275 1887 1420 1920 Flammas.
1455 1889 1539 1919 Ovid.
1557 1900 1598 1919 10.
1620 1890 1690 1921 Met.
1704 1901 1764 1930 173.

1275 1927 1363 1970 Furor
1380 1927 1529 1958 effrenatus
1541 1928 1623 1958 alitur
1633 1930 1801 1967 impunitate
1811 1930 1950 1961 diuturna.
1991 1932 2049 1962 Cic.
2062 1932 2198 1971 prd'Sext.
2212 1939 2256 1968 82.

1276 1964 1401 1995 Gloriam
1411 1965 1491 1995 alere.
1521 1966 1579 1996 Cic.
1592 1967 1622 1996 in
1632 1967 1717 1997 Bruto
1729 1978 1772 2004 32.
1813 1968 1944 2000 Isocrates
1955 1970 2128 2002 sorensiluce
2147 1974 2251 2007 caruit,
2274 1974 2397 2011 intraque

1294 2003 1413 2041 parietes
1424 2003 1493 2032 aluit
1501 2013 1562 2033 03111
1572 2004 1687 2042 gloriam
1696 2028 1704 2041 ,
1729 2016 1811 2044 quain
1830 2016 1915 2037 nemo
1925 2009 1963 2038 est
1979 2009 2073 2047 postea
2084 2010 2279 2047 consequutus.

1276 2040 1319 2072 Ira
1329 2041 1425 2070 leones
1435 2041 1492 2071 alit.
1514 2042 1580 2071 Stat.
1599 2053 1639 2072 12.
1661 2043 1752 2073 Theb.
1767 2054 1830 2080 740.

1276 2078 1416 2110 Memoria
1435 2079 1481 2109 ali.
1521 2080 1553 2109 V.
1576 2080 1617 2109 Ali
1637 2083 1663 2110 ἃ
1683 2082 1785 2119 augeri.

1276 2116 1360 2147 Mens
1372 2117 1494 2147 hominis
1506 2117 1587 2147 alitur
1599 2119 1740 2149 discendo.
1775 2119 1834 2149 Cic.
1850 2130 1872 2149 1.
1899 2120 1957 2151 Off.
1972 2132 2034 2159 105.

1276 2154 1432 2185 Monstrum
1451 2155 1532 2185 alere.
1554 2156 1732 2187 Proverbium
1751 2157 1798 2187 ubi
1818 2159 1885 2195 quid
1905 2160 2011 2189 occulti
2030 2161 2091 2190 vitii
2109 2160 2194 2191 latere
2209 2160 2398 2199 significamus.

1296 2193 1361 2223 Ter.
1373 2193 1443 2223 And.
1460 2204 1482 2222 1.
1500 2205 1523 2229 5.
1539 2205 1580 2230 15.
1605 2195 1714 2232 Aliquid
1724 2196 1837 2225 monstri
1850 2195 1937 2227 alunt.

1277 2231 1359 2261 Sitim
1370 2231 1449 2260 alere.
1473 2232 1557 2262 Ovid.
1570 2242 1593 2270 3.
1612 2234 1647 2262 de
1661 2233 1766 2268 Ponto,
1792 2244 1814 2263 1.
1832 2239 1874 2268 18.

1278 2269 1365 2308 Spem
1375 2269 1455 2299 alere.
1479 2269 1537 2299 Cic.
1555 2281 1576 2300 1.
1590 2271 1619 2299 in
1630 2270 1709 2300 Catil.
1722 2277 1766 2304 80·

1277 2307 1335 2345 Spe
1354 2307 1398 2337 ali.
1422 2307 1506 2338 Ovid.
1520 2308 1549 2336 in
1566 2308 1643 2343 lbin,
1673 2315 1733 2343 128.

1276 2345 1424 2388 Staturam,
1435 2345 1512 2375 Vires
1521 2345 1601 2375 alere.
1616 2346 1680 2376 Cres.
1692 2346 1789 2377 6.Bell.
1805 2343 1875 2377 Gall.
1890 2356 1935 2377 21.
1945 2348 1981 2378 de
1993 2348 2194 2379 Germanorum
2203 2349 2333 2385 moribus,
2344 2351 2401 2387 Qui

1297 2384 1448 2413 diutissime
1459 2384 1617 2422 impuberes
1635 2385 1861 2423 permanserunt,
1893 2387 2043 2416 maximam
2064 2387 2136 2416 inter
2159 2387 2219 2416 suos
2240 2387 2332 2417 ferunt
2345 2389 2400 2418 lau·-

1298 2422 1372 2451 dem.
1414 2421 1476 2451 Hoc
1486 2423 1521 2451 ali
1533 2423 1660 2452 staturam
1676 2445 1683 2458 ,
1705 2423 1741 2453 ali
1752 2423 1806 2453 hoc
1816 2423 1885 2453 vires
1895 2445 1903 2459 ,
1927 2434 2080 2462 nervosque
2089 2425 2362 2463 confirmariputant.

1278 2459 1384 2490 Vitium
1395 2458 1484 2489 alitur.
1522 2459 1594 2498 Virg.
1608 2470 1632 2497 3.
1651 2461 1825 2499 Georg.454.

1438 2513 1477 2518 —
1496 2497 1576 2528 alitur
1590 2500 1688 2528 vitium
1701 2521 1709 2535 ,
1729 2498 1853 2537 vivitque
1879 2499 2011 2538 tegendo,

1278 2533 1387 2565 Vulnus
1407 2534 1488 2565 alere.
1511 2536 1583 2574 Virg.
1603 2548 1628 2573 4.
1645 2537 1707 2567 AEn.
1719 2546 1744 2566 2.

1359 2574 1392 2602 At
1410 2574 1506 2611 regina
1526 2575 1599 2611 gravi
1617 2574 1783 2611 jamdudum
1798 2574 1888 2604 saucia
1907 2584 1988 2610 cura,

1363 2611 1470 2641 Vulnus
1483 2610 1531 2641 alit
1543 2613 1619 2642 venis
1634 2622 1641 2642 ε
1664 2614 1690 2642 Sc
1709 2622 1782 2642 caeco
1800 2613 1921 2651 carpitur
1935 2614 2000 2650 igni.
2031 2644 2032 2647 Ἴ

1280 2648 1322 2679 Ali
1332 2648 1483 2678 formidine
1497 2650 1592 2680 mortis
1604 2650 1717 2680 vulnera
1728 2651 1806 2686 vitre,
1837 2652 1854 2679 1.
1878 2660 1901 2680 0.
1923 2652 1997 2680 vitia.
2027 2650 2134 2680 Lucret.
2145 2650 2194 2681 lib.
2207 2659 2230 2688 3.
2243 2654 2287 2687 64.

1279 2684 1371 2716 Vitam
1380 2687 1497 2723 alicujus
1512 2687 1560 2716 alit
1571 2688 1721 2726 posteritas.
1744 2689 1802 2718 Cic.
1815 2699 1865 2726 pro
1878 2689 2002 2718 Marcell.
2016 2698 2061 2724 29.
2101 2688 2151 2718 llla
2164 2689 2219 2718 vita
2229 2690 2267 2718 est
2279 2694 2334 2724 tua,
2343 2689 2401 2720 Cat·-

1297 2725 1337 2754 sar
1356 2747 1364 2760 ,
1387 2735 1446 2762 quae
1456 2726 1702 2764 vigebitniemoria
1712 2726 1867 2756 seculorum
1878 2728 2006 2756 omnium
2016 2749 2024 2762 ‚
2053 2736 2136 2763 quam
2145 2727 2285 2765 posteritas
2299 2727 2361 2757 alet.

1279 2763 1358 2793 Alere
1373 2762 1484 2792 mollius
1495 2774 1571 2793 more
1582 2765 1730 2794 nutricum.
1755 2764 1874 2801 Quintil.
1890 2765 1938 2794 lib.
1949 2775 1974 2794 2.
1986 2775 2047 2803 cap.
2059 2775 2086 2800 4.

1280 2800 1392 2831 Plenius
1402 2801 1452 2830 alit
1461 2803 1521 2830 viva
1532 2811 1593 2831 vox.
1617 2802 1737 2839 Quintil.
1756 2802 1805 2831 lib.
1815 2812 1840 2832 2.
1853 2812 1913 2840 cap.
1927 2812 1951 2832 2.

1280 2839 1406 2869 Pluribus
1417 2840 1526 2868 minore
1540 2840 1648 2869 fastidio
1659 2840 1740 2869 alitur
1750 2840 1914 2870 stomachus.
1937 2840 2058 2877 Quintil.
2069 2839 2117 2870 lib.
2131 2849 2155 2868 2.
2169 2849 2227 2877 cap.
2245 2848 2286 2868 12.

1245 2876 1265 2906 A
1273 2887 1315 2907 L'r
1325 2887 1343 2905 u
1353 2887 1364 2906 s
1375 2899 1384 2913 ,
1407 2878 1432 2907 Sc
1453 2877 1475 2907 A
1485 2889 1500 2906 L
1510 2879 1522 2907 i
1531 2888 1548 2907 T
1559 2889 1574 2907 υ
1585 2888 1597 2907 s
1614 2901 1621 2913 ,
1652 2879 1868 2914 [τεθρεμμένῶι]
1898 2878 1966 2908 Ρ1111.
1978 2878 2072 2908 Ον1110
2087 2879 2157 2908 lacte
2169 2877 2246 2906 altus.
2279 2876 2335 2905 Cic.
2348 2885 2400 2915 pro

1280 2915 1373 2945 Plane.
1386 2920 1430 2949 81.
1453 2915 1505 2945 Cui
1516 2925 1574 2946 nori
1585 2915 1663 2946 locus
1678 2914 1724 2945 ille
1739 2923 1832 2945 imitus
1843 2938 1850 2951 ,
1871 2916 1920 2945 ubi
1931 2916 1987 2954 ipse
1999 2916 2070 2946 altus
2083 2924 2130 2945 aut
2139 2915 2234 2944 doctus
2248 2914 2294 2949 est,
2307 2916 2359 2944 Sec.

1280 2953 1369 2983 Natus
1380 2955 1405 2983 u&
1415 2952 1494 2983 altus.
1528 2954 1585 2983 Cic.
1603 2955 1632 2983 in
1642 2955 1725 2984 Bruto
1740 2964 1782 2991 50.
1822 2953 1938 2984 Videsne
1950 2955 2034 2992 igitur
2045 2961 2076 2984 ut
2085 2955 2113 2983 in
2122 2963 2154 2982 ea
2166 2953 2222 2990 ipiii
2233 2951 2298 2981 urbe
2306 2953 2334 2980 in
2345 2962 2399 2990 qua

1301 2993 1328 3021 δε
1343 3001 1406 3020 nata
1415 2992 1441 3020 ἃ
1452 2991 1505 3021 alta
1516 2991 1547 3021 sit
1559 2992 1728 3029 eloquentia,
1741 3000 1821 3029 quam
1831 3002 1863 3021 ea
1871 2993 1928 3022 sero
1942 2992 2076 3030 prodierit
2084 2992 2114 3020 in
2122 2990 2233 3020 lucem?

1281 3029 1358 3059 Altus
1372 3030 1562 3059 &renovatus
1587 3030 1646 3059 Cic.
1662 3040 1687 3059 2.
1703 3030 1738 3059 de
1748 3031 1812 3059 Nat.
1828 3030 1911 3059 Decr.
1926 3036 1984 3063 113.
2007 3029 2096 3059 Stellae
2111 3027 2258 3065 vaporibus
2268 3035 2400 3065 aquarum

1300 3067 1411 3097 aluntur
1423 3067 1465 3097 liis
1474 3090 1481 3102 ,
1503 3068 1549 3105 qui
1559 3078 1573 3097 a
1585 3067 1649 3097 Sole
1659 3076 1694 3097 ex
1703 3068 1773 3105 agris
1783 3068 1926 3106 tepefactis
1939 3070 1964 3097 C<
1975 3077 2009 3097 ex
2017 3068 2093 3105 aquis
2103 3066 2274 3095 excitantur:
2300 3066 2400 3102 quibus

1300 3105 1361 3134 altae
1374 3113 1567 3143 renovataeque
1574 3106 1657 3136 stenae
1667 3112 1749 3143 atque
1761 3106 1852 3135 omnis
1866 3106 1949 3135 aether
1958 3105 2108 3135 refundunt
2117 3103 2213 3131 cadem
2227 3125 2234 3137 ,
2255 3104 2282 3132 &
2294 3103 2400 3146 rursum

1300 3143 1413 3172 trahunt
1422 3144 1558 3173 indidem.
1599 3144 1655 3174 Sed
1665 3145 1838 3173 contrat-'tum
1850 3143 1904 3173 hoc
1915 3144 1952 3173 est
1963 3153 1996 3173 ex
2009 3142 2094 3172 illitus
2103 3150 2157 3178 quo
2170 3139 2232 3169 usus
2244 3141 2282 3170 est
2291 3141 2398 3178 Liv.30.

1300 3186 1345 3215 28.
1369 3180 1441 3210 iiiito
1453 3189 1535 3219 atque
1546 3181 1666 3211 educato
1680 3182 1752 3211 inter
1763 3192 1846 3211 arma.
1858 3182 1914 3210 Val.
1929 3182 2003 3211 Max.
2017 3190 2040 3217 7.
2053 3189 2079 3209 2.
2096 3186 2121 3215 7.
2142 3177 2176 3207 Et
2187 3177 2262 3208 Ciirt.
2274 3184 2299 3213 8.
2316 3188 2358 3209 10.
2372 3184 2398 3213 8.

1301 3218 1434 3249 Similiter
1450 3220 1479 3248 in
1490 3220 1604 3258 optimis
1615 3220 1674 3250 Cic.
1690 3220 1843 3249 codicibus.

1243 3257 1265 3287 A
1275 3268 1291 3286 L
1301 3267 1315 3286 a
1324 3266 1344 3286 N
1356 3268 1372 3286 o
1384 3268 1400 3286 υ
1411 3267 1423 3287 s
1432 3280 1440 3292 ,
1463 3257 1626 3295 [ege-ano]
1649 3258 1732 3287 Ovid.
1746 3267 1771 3286 2.
1791 3257 1826 3286 de
1834 3258 1895 3286 Arte
1906 3256 1963 3285 Ani.
1978 3265 1988 3283 1
1997 3264 2037 3291 5¹2.

1355 3294 1493 3325 Dulcibus
1513 3296 1551 3325 est
1571 3295 1660 3325 verbis
1677 3294 1768 3324 mollis
1787 3294 1903 3324 alendus
1916 3302 2000 3322 amor.
2191 3328 2196 3334 ·

1244 3333 1266 3363 Α
1277 3343 1293 3361 L
1301 3342 1321 3361 T
1332 3343 1345 3361 a
1355 3344 1371 3361 i..
1380 3344 1396 3362 1.
1406 3343 1423 3362 υ
1432 3343 1454 3367 s,
1469 3333 1628 3362 i.m.dimin.
1641 3333 1708 3363 Felt.
1724 3343 1758 3362 an
1771 3332 1867 3362 Paulus
1877 3332 1888 3359 ἶ)
1901 3330 2013 3359 ilitellus
2025 3327 2161 3358 Romulus
2169 3327 2400 3367 dicebatur,quafi

1282 3369 1360 3401 Altus
1368 3371 1397 3400 in
1407 3370 1515 3406 tellure,
1525 3371 1569 3400 vel
1579 3372 1654 3408 quod
1663 3371 1789 3400 tellurem
1800 3369 1873 3399 suain
1887 3368 1979 3401 aleret,
1991 3367 2044 3396 sive
2055 3367 2131 3404 quod
2138 3366 2257 3396 aleretur
2265 3367 2327 3397 telis
2338 3378 2344 3397 ε
2355 3367 2399 3398 vel

1283 3409 1360 3446 quod
1367 3409 1466 3438 aTatio
1476 3409 1642 3439 Sabinorum
1652 3418 1713 3446 rege
1723 3408 1871 3446 postulatus
1880 3406 1910 3434 lit
1921 3406 1949 3434 in
1963 3404 2105 3441 colloquio
2115 3405 2192 3442 pacis
2203 3406 2230 3433 Sc
2240 3405 2351 3436 alternis
2360 3408 2400 3436 vi.

1283 3446 1364 3476 cibus
1374 3447 1501 3483 audierit,
1516 3447 1681 3484 locutusque
1690 3447 1778 3475 fuerit„
1810 3445 1885 3473 Sicut
1900 3443 1976 3471 enim
1992 3442 2022 3471 fit
2033 3442 2201 3483 diminutive
2211 3452 2226 3471 a
2236 3443 2332 3472 Macro
2340 3444 2399 3474 Ma-

1283 3484 1370 3514 cellus
1381 3495 1395 3514 a
1408 3485 1487 3514 Vafro
1503 3484 1669 3519 Vafelliis,ita
1684 3484 1716 3512 ab
1730 3483 1838 3511 illterno
1852 3480 2030 3509 tlltellus.Ubi
2041 3478 2137 3517 scalig.
2150 3482 2176 3510 S(
2186 3479 2281 3510 Dacer.
2300 3481 2327 3510 V.
2338 3482 2400 3518 [Sic

1282 3522 1346 3552 sane
1355 3523 1388 3552 ab
1400 3524 1468 3560 Ager
1479 3522 1597 3559 Agellus.
1609 3532 1624 3551 a
1634 3523 1745 3551 Sacrum
1756 3519 1893 3552 fiicellum,
1904 3528 1919 3547 a
1927 3517 2022 3547 Culter
2034 3517 2178 3553 Cultellus,
2190 3527 2205 3546 a
2215 3517 2336 3548 Lucrum
2347 3519 2399 3550 Lu.

1283 3560 1518 3596 cellum,Pulcher
1529 3557 1804 3594 Pulchellus,aliaque
1817 3556 1938 3585 similiter
1945 3556 2096 3584 formantur
2107 3565 2122 3584 a
2131 3555 2273 3590 similibus,
2283 3556 2317 3585 ab
2327 3557 2399 3587 Alte.

1282 3599 1598 3636 roigiturpotius‚quan1
1609 3597 1641 3625 ab
1653 3595 1762 3625 111101ηο
1774 3594 1972 3623 deducendum
1985 3593 2081 3628 fuit,ut
2094 3602 2144 3630 pro
2157 3593 2283 3622 Gemello
2293 3594 2399 3625 dietum

1283 3637 1418 3666 videatur.
1438 3637 1492 3666 Sed
1500 3634 1611 3664 mallem
1621 3632 1820 3663 Grammaticus
1832 3632 1931 3661 veteris
1941 3630 2057 3667 alicujus
2073 3631 2192 3660 austeris
2203 3631 2296 3660 locum
2306 3641 2400 3670 protu-

1283 3674 1370 3710 lisset,
1390 3675 1465 3704 unde
1477 3674 1512 3702 de
1525 3672 1638 3701 nomine
1651 3671 1699 3699 isto
1711 3669 1825 3699 Romuli
1834 3669 1895 3699 satis
1906 3669 2060 3703 constaret,
2073 3677 2157 3706 quani
2167 3677 2197 3698 ut
2206 3676 2263 3697 tam
2276 3671 2358 3699 anxie
2369 3672 2400 3700 in

1285 3719 1399 3750 etymon
1419 3711 1577 3748 inquireret.

1245 3749 1268 3780 A
1277 3761 1293 3779 i.
1302 3760 1321 3779 T
1331 3760 1348 3779 o
1358 3759 1370 3778 s
1382 3771 1390 3785 ,
1427 3751 1466 3778 us.
1489 3757 1526 3776 m.
1547 3745 1711 3776 Nutricatio.
1734 3740 1860 3775 Macrob.
1876 3754 1900 3774 1.
1921 3743 2030 3773 Saturn.
2049 3752 2074 3773 2.
2107 3743 2210 3774 Rerum
2220 3751 2325 3774 naturae
2344 3745 2401 3775 altu

1284 3788 1405 3817 nutritur
1419 3784 1585 3815 univeriitas.
2171 3819 2176 3824 θ

1244 3826 1388 3856 Atirus
1400 3845 1408 3857 ,
1443 3823 1482 3851 us.
1504 3832 1541 3851 m.
1562 3821 1649 3851 idem.
1671 3819 1774 3850 Donat.
1793 3820 1822 3849 in
1844 3819 1905 3849 Vita
1918 3818 2041 3857 Virgilii3
2071 3818 2232 3849 Parentibus
2254 3821 2403 3857 quotannis

1285 3872 1381 3891 aurum
1392 3860 1427 3889 ad
1437 3859 1626 3889 abundantem
1643 3857 1740 3887 alitum
1750 3857 1886 3887 mittebat.

1245 3900 1268 3931 Α
1276 3911 1292 3929 L
1300 3909 1319 3927 T
1328 3902 1340 3927 ἴ
1349 3910 1365 3926 L
1374 3909 1382 3925 ι
1392 3907 1403 3926 s
1411 3919 1418 3931 ‚
1440 3907 1463 3926 e,
1489 3896 1627 3932 [θςεπἹὸε]
1648 3905 1683 3925 ex
1691 3895 1790 3933 supino
1803 3895 1905 3931 Altum,
1916 3894 1949 3924 ab
1961 3894 2020 3924 Alo.
2043 3895 2113 3925 Sunt
2121 3902 2215 3925 autem
2228 3894 2327 3929 illtilia,
2339 3895 2402 3924 Ani-

1282 3935 1386 3967 mantia
1398 3944 1457 3973 quae
1469 3933 1575 3966 inclusa
1583 3933 1707 3964 aluntur:
1726 3933 1780 3965 iive
1792 3943 1854 4001 avij
1867 3934 1897 3962 in
1907 3941 1983 3964 corte
1993 3939 2040 3963 aut
2047 3935 2148 3964 aviano
2156 3955 2165 3971 ,
2184 3933 2238 3964 sive
2248 3933 2402 3999 quadruge<

1875 3980 1892 4002 ἢ
2374 3980 2402 4000 es

2131 1144 2259 1176 AEbutius
2269 1147 2327 1185 iste,
2347 1149 2394 1187 qui
