2641 4130
794 132 1745 194 DEDICATIO.

75 235 199 309 quid
217 238 316 307 eius
335 237 555 302 attigero,
576 237 752 286 merito
772 253 936 288 verear
956 257 1016 290 ne
1037 243 1426 305 magnitudinem
1442 263 1602 297 rerum
1617 247 1797 312 ingenii
1817 248 1959 314 culpa
1980 245 2189 296 deteram
2205 285 2219 305 ,
2247 247 2474 313 plurima-

79 330 176 385 que
192 313 492 378 indulgentia
513 325 596 362 tua
618 309 743 361 mihi
769 328 893 389 opus
920 313 1006 364 esle
1026 317 1187 365 sentio,
1223 318 1399 368 Unum
1421 324 1573 371 modo
1599 321 1731 392 quali
1752 322 1923 372 actum
1954 316 2206 371 novillimi
2228 325 2474 389 temporis,

79 404 456 459 paucorumque
477 403 725 437 annorum
752 390 1067 452 curriculum,
1097 394 1269 461 quaeso,
1297 410 1499 444 mecum
1522 397 1842 460 recognoscas.
1891 397 2047 461 Quod
2075 412 2331 465 nunquam
2353 394 2474 444 mihi

79 478 192 514 ante
213 464 383 514 oculos
402 481 584 533 ponere
605 463 757 524 soleO,
796 465 918 533 quin
940 467 1005 514 ita
1024 468 1251 516 animum
1272 484 1446 518 meum
1470 460 1685 521 novitate
1710 473 1909 523 casuum
1930 473 1978 523 δ(
2004 485 2274 522 eventuum
2303 472 2477 543 percel-

81 538 173 596 lat,
205 551 262 588 ut
280 540 368 589 Vix
390 556 444 588 ac
464 557 524 588 ne
545 540 633 588 vix
653 536 858 607 quidem
877 536 1105 590 humanis
1126 539 1333 590 conliliis
1358 547 1528 593 omnia
1547 544 1667 609 gesta
1687 548 1771 596 else
1792 548 2064 617 persuadere
2087 545 2208 596 mihi
2229 562 2422 615 queam.

202 615 303 663 Vix
326 632 354 663 a
376 612 638 675 diuturno,
678 613 949 683 multisque
969 616 1161 684 populis
1182 616 1405 667 luetuoso
1428 618 1579 679 bello,
1616 619 1725 669 inde
1746 640 1773 670 a
1793 626 1953 690 paucis
1977 634 2085 671 ante
2104 618 2342 671 excellum
2362 621 2475 670 Lu.

5 724 12 727 <
81 688 329 742 DOVICI
356 689 601 739 MAGNI
620 691 772 750 anniS,
789 690 986 758 Europa
1005 694 1319 760 requieverat,
1334 693 1600 763 rursusque,
1620 694 1807 745 desueta
1824 700 1961 757 olim,
1981 700 2106 766 pacis
2123 710 2267 766 atque
2286 700 2371 747 otii
2391 696 2478 746 bo-

83 781 150 816 na
168 777 394 827 noverat,
417 782 536 816 cum
553 764 712 815 subito
730 766 851 814 novi
867 764 1113 816 bellorum
1133 767 1344 816 incendii
1362 769 1543 832 ingruit
1562 783 1709 818 terror
1722 809 1733 828 ‚
1753 771 1888 835 eujus
1914 771 2006 821 hoc
2030 772 2139 822 loco
2161 773 2312 822 caulas
2332 776 2475 824 attin-

83 855 191 906 gere
207 839 328 891 nihil
345 844 528 892 attinet.
592 839 841 891 Horrebat
865 841 1061 910 Europa
1084 843 1286 892 initium
1309 842 1566 913 longinqui
1584 840 1787 896 fortaffis
1811 849 1859 897 δε
1878 847 2073 915 plurimi
2093 850 2328 914 sanguinis
2347 849 2477 899 belli.

84 916 192 967 Nec
212 916 360 967 abesse
378 920 558 987 potuit,
585 919 724 987 quin,
743 933 832 985 pro
851 928 935 965 tua
952 915 1198 985 sapientia,
1228 929 1415 987 tuoque
1429 920 1659 970 omnibus
1684 924 1872 989 optime
1890 921 2069 991 semper
2089 927 2365 977 consulendi
2386 927 2478 977 stu-

85 994 168 1045 dio
182 1033 194 1054 ,
228 992 441 1045 horreres
462 995 666 1062 lpsemet
684 1007 889 1063 quoque
908 991 1159 1042 necessario
1178 992 1368 1043 bellum
1390 996 1676 1044 comitantia
1693 997 1822 1046 mala
1836 1036 1849 1058 ,
1887 995 2144 1051 Christiani
2163 1003 2396 1067 sanguinis
2415 1003 2479 1053 ef-

84 1068 353 1128 fusionem,
389 1064 775 1120 cultiffimarum
797 1068 1005 1137 Europae
1029 1069 1290 1132 regionum
1319 1067 1615 1131 vastitatem,
1654 1070 1921 1121 everfiones
1944 1066 2285 1140 opulentarum
2314 1081 2479 1129 civita-

89 1158 224 1211 tum,
260 1159 372 1198 tum
393 1147 668 1197 innocentis
689 1144 839 1213 plebis
867 1142 1247 1195 innumerabiles
1267 1144 1471 1195 miserias
1504 1147 1553 1196 &
1576 1147 1883 1197 calamitates.
1956 1150 2122 1218 ltaque
2147 1166 2305 1219 quum
2327 1158 2480 1204 nemi-

85 1223 165 1284 ni,
198 1239 351 1293 quam
370 1223 502 1284 Tibi,
532 1219 821 1292 perspeefius
844 1219 979 1282 esset,
1006 1231 1198 1291 quanto
1222 1221 1385 1271 REX
1423 1220 1874 1274 CHRISTIAN
1890 1225 2013 1274 lSSl
2030 1225 2215 1285 MUS,
2251 1244 2400 1297 quem
2419 1230 2479 1280 ad

86 1296 139 1348 id
160 1298 347 1350 bellum
364 1301 552 1370 pietatis
572 1298 808 1368 resped'tus
826 1309 1098 1348 armaverat
1111 1337 1125 1360 ‚
1160 1295 1519 1348 adversantibus
1538 1311 1713 1349 terrore
1741 1298 1975 1349 Nominis
1998 1300 2065 1350 sui
2078 1339 2091 1361 ,
2125 1305 2374 1370 copiarum
2394 1324 2481 1357 nu-

85 1388 250 1439 mem,
279 1375 524 1426 sociorum
544 1374 735 1426 auxiliis
753 1373 988 1443 superior,
1030 1384 1220 1444 quanto
1241 1377 1630 1437 commeatibuS,
1667 1377 1954 1445 ceterisque,
1993 1391 2100 1445 quae
2118 1375 2178 1426 ad
2203 1379 2385 1430 bellum
2406 1402 2484 1432 ne.

87 1444 281 1502 ceflariae
298 1451 431 1513 sunt,
452 1453 590 1503 rebus
609 1450 911 1511 instru&ior,
931 1453 1266 1521 paratiorque3
1301 1467 1455 1520 quam
1481 1470 1614 1522 paene
1633 1465 1760 1503 certa
1783 1451 2018 1521 denique,
2053 1453 2395 1525 explorataque
2417 1463 2483 1509 vi-

89 1525 243 1578 <storia
261 1530 313 1578 in
330 1527 383 1580 id
400 1529 589 1581 bellum
608 1528 924 1579 descenderit:
961 1528 1143 1592 Quum
1171 1545 1324 1578 nemo
1351 1530 1424 1578 Te
1444 1529 1588 1580 causae
1613 1529 1827 1598 ejusdem
1851 1528 1965 1578 belli
1987 1527 2233 1589 sincerius,
2269 1533 2486 1584 constan-

90 1602 286 1674 tiusque
304 1604 521 1670 faveret,
539 1623 691 1656 nemo
709 1603 899 1656 fidelius
913 1645 926 1667 ,
954 1603 1298 1676 honestiusque
1319 1605 1354 1654 F
1356 1607 1525 1656 ianciae
1543 1606 1825 1656 consultum
1845 1603 2018 1660 Vellet,
2051 1618 2213 1653 tamen
2239 1618 2369 1655 tanta
2390 1626 2488 1671 gra-

92 1679 216 1729 'vitas
245 1692 328 1731 tua
355 1683 406 1731 in
436 1681 723 1753 capessendis
750 1681 866 1733 belli
895 1679 1103 1732 confiliis
1130 1679 1245 1741 fuit,
1283 1692 1480 1731 tantum
1499 1679 1832 1731 conservandae
1855 1682 1980 1748 pacis
2001 1678 2218 1729 studium
2241 1688 2486 1750 apparuit,

89 1767 149 1806 ut
167 1759 401 1809 omnibus
421 1759 681 1818 constaret,
717 1761 879 1810 invito
902 1761 951 1811 ὃς
972 1759 1294 1829 repugnanti,
1331 1770 1478 1828 atque
1498 1757 1642 1816 adet),
1678 1754 1715 1805 fi
1746 1773 1826 1805 me
1846 1755 1994 1824 ipsam
2013 1755 2184 1823 populi
2203 1772 2382 1807 vocem
2411 1778 2490 1829 ap.

89 1848 271 1903 ponere
288 1838 460 1904 pateris
473 1876 487 1898 ,
523 1833 662 1886 flenti
680 1836 798 1886 Tibi
817 1833 1006 1885 bellum
1027 1834 1238 1904 denique
1255 1832 1637 1883 adversariorum
1656 1832 1914 1900 pertinacia
1927 1841 2178 1879 extortum
2201 1830 2301 1882 elie.
2373 1834 2492 1885 Coe-

90 1920 241 1978 ptum
269 1909 322 1960 id
350 1910 540 1963 bellum
569 1911 635 1962 est
662 1930 722 1962 eo
751 1910 958 1961 successu
988 1925 1247 1961 armorum
1268 1908 1304 1957 F
1305 1910 1495 1968 ranciae,
1532 1923 1685 1977 quem
1706 1907 1962 1976 praevidere
1982 1905 2116 1955 facile
2136 1904 2283 1957 licuit.
2368 1911 2493 1977 Quae

92 1981 317 2054 deinceps
332 1982 585 2039 confiecuta
597 1983 722 2050 sunt,
737 2006 790 2038 ea
801 2006 917 2039 vero
933 2003 1194 2058 nunquam
1207 1983 1297 2035 nisi
1309 1985 1634 2035 admiratione
1654 1981 2012 2053 obstupefiffiffls
2030 1982 2268 2032 recordor.
2306 1984 2493 2038 Omnia

92 2060 180 2112 effe
197 2065 249 2112 in
268 2080 422 2116 manu
441 2067 652 2136 supremi
669 2066 806 2128 belli,
845 2067 1071 2135 pacisque
1093 2062 1384 2114 mortalium
1402 2060 1589 2123 arbitri,
1624 2076 1787 2111 rerum
1808 2061 2042 2109 omnium
2066 2056 2293 2127 Opificis»,
2321 2061 2491 2129 polita,

89 2141 353 2204 omnibus,
387 2144 476 2213 qui
495 2155 720 2194 mentem
739 2144 944 2193 notione
964 2142 1184 2192 numinis
1203 2140 1452 2190 imbutam
1472 2135 1678 2199 habent,
1711 2135 1984 2207 persuasum
2004 2134 2090 2185 effe
2108 2136 2263 2186 debet.
2323 2139 2494 2202 Quem

91 2216 144 2268 in
161 2216 316 2270 finem
335 2236 452 2272 vero
466 2261 481 2284 ‚
519 2223 568 2272 &
588 2219 815 2292 quandO,
856 2222 907 2272 ὃς
929 2232 1167 2290 quatenus
1181 2257 1195 2278 ‚
1234 2220 1283 2268 ὃς
1305 2213 1595 2286 quomodO,
1629 2212 1915 2264 mortalium
1935 2210 2141 2261 consiliis
2167 2214 2215 2262 ὃ(
2235 2213 2374 2264 rebus
2399 2233 2495 2266 coe-

93 2298 188 2367 ptis
210 2296 294 2348 sese
316 2299 597 2368 interponat
617 2299 852 2360 Numen,
878 2297 958 2359 id,
988 2298 1105 2368 quia
1123 2306 1327 2366 captum
1349 2290 1558 2342 humani
1576 2290 1758 2355 ingenii
1775 2287 1982 2358 superat,
2006 2300 2184 2338 temere
2207 2305 2494 2361 quenquam

92 2391 182 2444 pro
200 2386 332 2426 certo
354 2374 557 2426 statuere
573 2375 791 2426 arbitror.
861 2374 948 2425 Est
969 2387 1134 2424 tamen
1151 2413 1165 2435 ,
1197 2370 1281 2422 ubi
1306 2370 1482 2420 divinae
1504 2366 1819 2437 providentiae
1838 2382 1971 2434 paene
1983 2363 2079 2433 ipsa
2095 2363 2293 2429 vestigia
2310 2384 2495 2418 cernere

15 2472 18 2478 ¹
93 2451 218 2503 licet.
291 2450 535 2503 Gliscebat
552 2451 667 2503 belli
685 2452 999 2513 incendium,
1032 2453 1082 2502 δε
1104 2451 1246 2501 latius
1270 2447 1419 2517 usque
1437 2442 1672 2495 fundebat
1689 2439 1976 2501 flammam,
2002 2456 2119 2491 cum
2137 2441 2292 2492 subito
2307 2482 2319 2504 ,
2342 2443 2495 2508 salvis,

93 2541 242 2600 atque
261 2528 383 2578 adeo
408 2529 590 2579 recenti
610 2528 815 2579 victoria
833 2527 1097 2577 ovantibus
1116 2524 1402 2576 exercitibus
1417 2559 1431 2582 ,
1465 2518 1568 2570 duo
1593 2518 1671 2568 illa
1699 2514 1795 2566 belli
1799 2515 2042 2586 fhlmina,
2078 2533 2187 2587 quae
2207 2535 2325 2570 cum
2345 2524 2499 2572 maxi-

96 2623 178 2657 me
208 2622 465 2656 armorum
497 2604 707 2655 Franeiae
735 2617 968 2655 terrorem
996 2599 1213 2652 hostibus
1247 2597 1539 2656 intulerant,
1575 2595 1681 2643 casu
1700 2593 1947 2655 inaudit0‚
1986 2595 2036 2644 δε
2055 2611 2187 2662 paene
2206 2596 2497 2659 incredibili,

97 2680 333 2732 exstine'ra
363 2679 496 2730 sunt:
548 2682 809 2750 Duxitque
828 2679 1024 2729 Francia
1041 2693 1145 2728 uno
1166 2690 1389 2744 tempore
1419 2670 1639 2722 duorum
1667 2667 1957 2737 Principum
1980 2668 2240 2732 Virorum,
2279 2689 2497 2741 quorum

97 2760 230 2810 alteri
251 2758 611 2828 TransalpinaS,
645 2757 782 2807 alteri
804 2756 1204 2806 Germanicianas
1223 2752 1435 2817 legiones
1456 2764 1614 2817 parere
1635 2743 1844 2814 jufferat,
1879 2744 2070 2794 acerbas
2096 2746 2147 2795 ὃς
2169 2746 2406 2797 lusi-nolas
2427 2751 2499 2798 ni-

98 2836 192 2885 mis
211 2833 469 2905 exsequias.
539 2833 663 2884 Non
684 2832 881 2884 deerant
902 2831 1106 2901 quidem
1122 2830 1325 2879 Franciae
1340 2825 1444 2875 Viri
1467 2827 1647 2875 virtute
1661 2861 1675 2884 ,
1711 2824 1874 2891 reique
1895 2820 2112 2870 militaris
2132 2821 2214 2871 usu
2237 2839 2292 2871 ac
2309 2821 2498 2872 sci-entia

99 2910 392 2981 praestanteS,
429 2912 517 2981 qui
537 2910 778 2960 inlocum
800 2908 1154 2959 defunetorum
1176 2902 1448 2960 succedere,
1475 2914 1750 2968 eorumque
1768 2894 2057 2946 deiiderium
2075 2896 2320 2946 cumulate
2338 2897 2498 2966 exple-

98 3006 149 3040 re
174 2999 411 3058 poterant.
486 2985 579 3037 Sed
610 3004 716 3037 non
748 2983 999 3051 indigebat
1035 2980 1357 3033 defensoribus
1389 2977 1512 3037 istis,
1550 2978 1875 3046 quantumvis
1909 2976 2126 3040 egregiiS,
2161 2992 2229 3022 res
2261 2973 2494 3024 Francica.

83 3066 278 3136 'Neque
297 3065 433 3115 enim
453 3080 577 3133 opus
601 3076 699 3114 erat
717 3064 864 3113 armis
891 3074 975 3112 aut
1003 3058 1293 3111 militaribus
1311 3059 1440 3108 viris.
1505 3054 1682 3106 Cedant
1713 3073 1855 3105 arma
1885 3068 2008 3127 togae.
2081 3054 2263 3103 Aderat
2291 3053 2501 3104 consiliis

99 3145 218 3203 tuis,
253 3159 374 3192 cum
409 3143 588 3211 pietate
624 3141 861 3192 REGIS
907 3135 1358 3190 CHRISTIAN
1375 3132 1605 3185 lSSlMl
1642 3134 1692 3183 δε
1729 3133 1857 3181 votis
1887 3132 2035 3180 totius
2070 3129 2211 3178 Orbis
2241 3127 2499 3179 Christiani

100 3222 509 3275 consentientibus
523 3261 537 3283 ,
573 3221 797 3272 Numen.
876 3218 1099 3269 Vieh-icia
1133 3232 1267 3265 arma
1301 3214 1403 3283 pari
1435 3211 1585 3278 gloria
1615 3210 1809 3260 Francia
1839 3209 2020 3278 posuit,
2056 3223 2110 3256 ac
2139 3220 2384 3266 moverat,
2420 3204 2501 3255 ha-

100 3303 309 3371 buitque
330 3301 522 3349 exitum
541 3310 646 3350 tam
670 3297 1000 3349 formidatum
1018 3294 1138 3345 illud
1160 3292 1400 3362 plerisque
1431 3302 1667 3339 terrarum
1696 3285 1918 3352 gentibus
1947 3284 2131 3334 bellum
2146 3322 2159 3343 ,
2193 3300 2295 3332 non
2320 3296 2500 3333 temere

103 3378 341 3439 dixerim,
379 3376 725 3446 optabiliorem
747 3375 966 3434 Franciae‚
994 3371 1255 3437 gratiorem
1276 3367 1504 3434 Europae,
1540 3379 1696 3433 quam
1716 3362 1814 3412 ulla
1832 3376 2053 3429 unquam
2073 3358 2197 3408 bella
2215 3356 2500 3407 habuerunt.

201 3454 350 3504 Videt
369 3452 713 3503 AUGUSTA
744 3449 1016 3501 REGINA
1040 3446 1316 3496 restitutum
1338 3440 1758 3494 fibiincolumem,
1786 3440 1834 3488 &
1850 3436 2036 3485 illibato
2047 3434 2118 3483 bis
2141 3435 2320 3483 virtute
2340 3434 2499 3482 meriti

101 3532 236 3597 regni
247 3529 420 3580 decore
431 3527 688 3595 insignem,
700 3526 1114 3592 cumulatumque
1126 3519 1351 3570 felicitate
1364 3519 1412 3567 δε
1426 3517 1585 3582 gloria,
1598 3510 1993 3564 PARENTEM
2013 3509 2166 3558 ΑΗΘ
2175 3507 2430 3566 USTHM,
2441 3506 2501 3555 de

104 3607 241 3674 cujus
259 3605 406 3656 salute
424 3608 555 3674 prius
574 3603 788 3655 crudeles
809 3618 928 3652 cum
951 3600 1027 3668 spe
1050 3598 1259 3647 minime
1280 3594 1429 3644 dubia
1451 3592 1702 3642 vitricium
1725 3602 1979 3638 armorum
2004 3586 2204 3633 timores
2227 3581 2502 3631 miscuerat:

103 3685 340 3753 Eumque
353 3695 490 3732 tanto
501 3680 676 3748 majori
690 3678 1011 3746 gratulatione
1021 3689 1076 3722 ac
1092 3671 1253 3721 laetitia
1266 3686 1363 3719 una
1378 3682 1497 3716 cum
1512 3663 1689 3728 CONJ
1699 3663 1844 3712 HGE
1865 3659 2017 3709 Aut}
2025 3659 2205 3708 USTC·
2224 3657 2419 3722 gestiens
2435 3676 2502 3707 re-

103 3758 285 3811 ducem
306 3756 637 3826 ample6¹titur‚
659 3755 798 3826 quod
818 3756 869 3804 in
890 3750 1000 3802 finu
1010 3748 1179 3798 Galliae
1197 3748 1284 3796 suae
1298 3745 1478 3814 potius,
1492 3756 1645 3809 quam
1660 3741 1710 3787 in
1724 3737 1977 3786 turbarum
1990 3734 2331 3802 bellorumque
2344 3733 2502 3783 altrice

105 3832 646 3903 Polonia‚p0scentibus
669 3833 822 3893 annis,
846 3828 1074 3880 laborum
1093 3826 1313 3893 quietem
1333 3830 1596 3887 capturum
1615 3815 1777 3863 cernit.
1818 3812 1996 3862 Pacatis
2014 3811 2229 3859 exomni
2250 3822 2379 3877 parte
2401 3807 2504 3858 fini-

99 3910 217 3974 bu8‚
254 3907 389 3960 dives
415 3905 703 3978 triumphiS,
737 3904 1004 3977 provinciis
1027 3900 1240 3960 aueiior,
1274 3894 1526 3967 potentior
1553 3891 1758 3959 opibus,
1799 3885 2165 3939 &cumulatior
2184 3883 2352 3946 gloria,
2396 3884 2506 3933 fex

1414 3967 1438 3992 ³*
1475 3983 1505 4035 3
2461 3975 2509 4008 in
