2600 4177
12 1421 252 1456 iAUTuMNus,
274 1432 308 1458 a,
330 1432 387 1451 um.
409 1423 466 1457 Adj.

19 1345 295 1380 AUTUMNYTAS,
317 1346 377 1376 atis.
400 1346 418 1375 f.

556 94 584 129 A
681 93 714 128 U
810 95 842 129 T

74 174 177 206 meride
186 174 282 204 Navali
294 184 301 204 ε
320 174 415 205 Etesiae
436 174 569 212 (inquit)
586 174 690 205 diutius
700 176 725 205 δε
737 175 848 205 uberius
860 176 992 207 flaverant
1004 200 1011 213 ‚
1029 179 1054 210 ὅ(
1066 179 1179 209 Autum-

76 223 142 242 num
160 212 302 241 ventosum
316 213 413 242 fuerat.

58 252 144 282 AEstus
159 250 297 279 Autumni.
322 250 392 284 Virg.
407 260 431 284 3.
453 250 552 285 Georg.
566 258 631 286 479.
653 251 706 279 i.e.
732 250 821 280 Calor.

57 288 155 318 Flexus
168 288 307 316 Autumni.
347 288 436 317 Tacit.
454 299 477 323 5.
495 288 562 317 Hist.
577 297 623 324 23.
661 288 680 316 i.
693 297 717 317 e.
741 288 837 325 Quum
849 289 1004 320 Autumnus
1015 300 1127 328 vergere
1139 291 1180 319 in-

80 326 147 361 cipit
158 325 182 354 &
194 324 330 354 inclinari.

59 363 166 399 Frigora
181 363 321 391 Autumni.
343 363 416 400 Virg.
427 373 453 392 2.
470 363 568 399 Georg.
585 371 645 398 321.

58 399 245 437 Tempestates
261 400 402 429 Autumni.
427 401 497 437 Virg.
516 411 538 430 1.
554 401 654 437 Georg.
671 409 734 437 311.

57 437 171 468 Adultus
183 437 345 466 Autumnus.
387 438 419 467 In
441 448 486 467 Ao
497 448 514 467 o
525 449 541 466 ι.
550 448 564 466 s
576 448 603 467 o.

57 476 148 507 Dives.
170 474 235 504 Stat.
252 486 274 510 5.
288 475 353 504 Silv.
372 485 395 505 1.
409 486 451 511 ςο.

58 512 159 542 Gravis.
182 512 246 541 Hor.
263 521 287 542 2.
301 513 387 542 Serm.
400 516 425 542 6.
445 523 486 548 ¹9-
501 514 527 542 ἃ
539 512 605 542 Caes.
618 521 642 549 3.
655 512 723 542 Bell.
738 513 816 542 Civil.
826 523 852 544 2.
883 512 915 543 V.
937 513 1066 544 Lethifer.

58 549 207 586 Inaequales
217 550 358 579 Autumni.
382 551 467 580 Ovid.
481 561 504 580 1.
517 550 587 580 Met.
604 561 614 579 1
624 560 664 587 17.

137 587 239 624 Perque
255 588 369 625 hyemes
381 610 390 623 ,
410 589 488 618 aestus
509 598 543 618 ue
557 590 583 618 ἃ
595 588 744 625 inaequales
757 589 919 618 Autumnos.

58 624 185 655 Lethiser.
206 624 306 660 Juven.
320 637 345 661 4.
362 627 416 655 Sat.
431 629 472 661 56.
517 626 667 655 ethiferuni
679 633 779 660 vocat,
801 628 865 662 quia
882 627 984 656 medici
1002 626 1114 656 morbos
1129 627 1181 656 Au-

75 670 173 692 tumno
187 663 372 699 ingravescere
383 670 529 693 autumant
538 671 653 702 propter
665 664 908 702 putrefac'lionem.
931 665 1006 694 conf.
1020 665 1123 694 Gravis.

57 701 192 731 Maturus.
216 701 299 730 Ovid.
320 711 361 737 15.
376 701 446 731 Met.
460 711 525 731 210.

55 738 229 775 Pampineus.
271 738 343 776 Virg.
358 748 385 770 2.
401 739 500 776 Georg.
520 750 544 773 ς.
574 740 602 769 h.
620 748 646 769 e.
674 738 890 778 Pampinosum,
911 746 942 770 ut
956 750 1011 778 quo
1032 745 1180 777 tempore,

75 777 144 806 vites
154 776 226 805 foliis
237 777 261 805 Sc
271 776 406 807 fructibus
416 777 505 815 plenae
520 778 581 807 sint.

56 813 182 844 Pomifer.
208 814 272 843 Hor.
287 825 312 850 4.
325 815 414 844 Carni.
428 825 453 851 7.
468 825 511 845 11.

55 853 177 882 siccatus
191 852 292 888 frigore
305 853 468 883 Autumnus.
488 853 588 889 Juven.
601 861 643 883 11.
656 852 711 883 Sat.
721 855 767 890 76.

55 889 196 920 Sordidus.
222 883 308 920 Ovid.
324 900 349 920 2.
371 891 440 920 Met.
456 901 500 926 29.

57 927 150 957 Varius
161 928 323 958 Autumnus.
348 929 416 959 Hor.
430 939 456 958 2.
476 930 565 958 Carm.
576 938 600 964 ς.
613 937 624 958 1
633 937 655 959 1.

134 965 285 1003 Distinguit
300 968 457 996 Autumnus
470 976 594 996 racemos

166 1003 308 1040 Purpureo
317 1006 407 1034 varius
415 1005 516 1035 colore.

54 1040 149 1070 'Varios
160 1042 242 1079 ponit
255 1042 340 1072 foetus
352 1044 515 1072 Autumnus.
536 1042 609 1079 Virg.
622 1051 649 1072 2.
662 1042 761 1079 Georg.
777 1051 839 1077 521.

55 1080 218 1114 Autumnus,
231 1089 279 1117 pro
294 1082 425 1110 Autumni
436 1081 542 1118 pifmra
552 1082 578 1110 ἃ
588 1081 719 1117 imagine,
733 1088 763 1109 ut
771 1079 844 1118 apud
854 1079 962 1109 Lucret.
975 1079 1020 1110 lib.
1037 1090 1061 1109 r.
1081 1082 1142 1116 176.

134 1116 209 1147 Vites
219 1119 359 1147 Autumno
370 1119 448 1148 fundi
459 1119 574 1148 sudante
586 1118 715 1147 videmus
813 1117 864 1146 Ubi
882 1125 987 1155 partem
999 1119 1067 1147 anni
1078 1117 1180 1155 accipi-

75 1164 136 1184 mus
147 1176 154 1189 ,
177 1165 262 1192 quum
275 1157 405 1186 Autumni
420 1156 592 1186 simulacrum
605 1157 711 1194 pit‘tum
724 1155 866 1193 significari
879 1157 999 1185 credam.
1042 1157 1112 1185 Nam
1126 1158 1178 1185 Au-

75 1197 187 1222 tumnus
198 1194 234 1222 ita
244 1194 425 1232 pingebatur,
448 1203 478 1224 ut
488 1202 535 1224 aut
549 1194 674 1224 evitibus
687 1195 783 1223 vinum
796 1194 959 1231 colligeret,
984 1200 1030 1223 aut
1046 1204 1111 1223 uvas
1125 1193 1178 1222 cal-

74 1237 149 1269 caret
161 1253 169 1266 ,
188 1231 232 1260 vel
244 1231 278 1261 ab
292 1242 385 1261 earum
397 1232 551 1262 calcatione
572 1231 699 1261 sordidus
719 1232 792 1261 esset.
837 1232 925 1261 Fundi
944 1240 1038 1262 autem
1055 1233 1123 1261 vites
1139 1232 1180 1260 di-

72 1275 172 1298 cuntur
184 1291 191 1303 ,
214 1279 275 1307 quae
285 1271 382 1300 vinum
392 1271 513 1300 fundunt
523 1293 531 1306 ,
553 1277 583 1299 ut
605 1270 743 1299 arbustum
756 1271 857 1299 dicitur
867 1270 953 1300 fluere
963 1292 971 1306 ‚
993 1271 1069 1308 quod
1081 1271 1179 1299 vinum

70 1307 224 1345 profundit.
261 1307 385 1338 Turneb.

441 1344 568 1383 [ὀπώρᾳ]
588 1346 665 1375 Idem
677 1345 818 1383 significat.
860 1346 928 1375 Cato
941 1356 1001 1384 cap.
1016 1356 1038 1380 ς.
1067 1346 1178 1375 Circum

55 1382 129 1412 oleas
140 1384 328 1414 Autumnitate
337 1384 509 1421 ablaqueato.
560 1385 628 1414 ltem
639 1384 788 1413 Proventus
805 1385 944 1413 Autumni.
983 1384 1082 1413 Arnob.

507 1422 583 1452 Idem
600 1422 675 1459 quod
691 1420 870 1452 Autumnalis.
894 1429 925 1451 ut
937 1444 945 1457 ,
967 1422 1177 1459 AEquinodtium

11 1459 13 1491 l
55 1459 232 1489 Autumnum.
256 1460 323 1490 Plin.
335 1460 383 1489 lib.
399 1470 440 1496 19.
454 1470 514 1498 cap.
527 1464 553 1489 6.
577 1460 606 1489 V.
633 1459 766 1489 Harduin.
780 1460 814 1488 ad
830 1460 845 1488 Ι.
862 1470 900 1496 ¹7-
916 1461 998 1495 5125.

12 1497 41 1528 ’Δ
50 1506 121 1526 υτυ
131 1507 179 1526 MN
189 1501 205 1526 A
217 1509 231 1526 L
243 1508 251 1526 i
262 1508 273 1527 s
284 1520 291 1533 ,
322 1508 346 1528 e.
370 1497 518 1535 [ἑπωςινὶς]
540 1505 589 1533 ut,
612 1497 778 1527 Autumnale
789 1499 995 1534 aequinoctium.
1020 1498 1086 1527 Plin.
1099 1497 1175 1527 lib.2.

12 1541 13 1570 ζ
58 1544 116 1572 cap.
133 1545 178 1569 4¹-
206 1535 288 1565 Varro
303 1536 351 1566 lib.
371 1547 392 1566 1.
405 1546 456 1574 cap
479 1545 521 1571 39.
544 1537 647 1566 Nonne
658 1536 785 1565 videmus
797 1535 849 1565 alia
860 1537 957 1566 florere
970 1536 1059 1567 Verno
1069 1542 1179 1574 tempo-

12 1583 14 1602 :
54 1582 84 1602 re
93 1594 100 1607 ,
121 1572 172 1602 alia
183 1573 284 1603 AEstivo
297 1596 304 1609 ,
327 1584 417 1611 neque
427 1574 523 1603 eadem
535 1574 694 1604 Autumnali
705 1584 764 1612 quae
774 1574 931 1612 Hyberno?

0 1608 15 1647 -ξ
56 1609 145 1640 Coma
155 1612 335 1641 autumnalia.
365 1612 449 1642 Ovid.
461 1618 485 1647 8.
500 1612 570 1642 Met.
584 1616 648 1648 665.

12 1649 14 1663 ⁵
57 1647 173 1679 Lumen.
195 1649 253 1679 Cic.
266 1651 294 1679 in
308 1651 376 1680 Arat-

13 1762 15 1770 ’
55 1762 124 1802 Pyra
133 1764 314 1800 autumnalia,
327 1764 439 1794 acidulo
450 1764 544 1802 sapore
554 1765 687 1800 jucunda,
701 1763 820 1793 Plin.lib.
831 1773 872 1798 rt.
888 1773 948 1801 cap.
963 1773 1005 1799 ¹5·

21 1953 194 1990 Aua-iimo,

130 1686 163 1716 In
173 1697 228 1724 quo
242 1688 401 1718 Autumnali
413 1695 495 1725 atque
506 1688 607 1718 iterum
618 1687 665 1718 Sol
676 1687 783 1717 lumine
792 1687 885 1717 Verrio

131 1724 264 1763 Exaequat
275 1726 389 1764 spatium
402 1726 472 1756 lucis
480 1735 544 1756 cum
557 1733 683 1764 tempore
695 1727 793 1755 noctis.
1059 1763 1086 1793 H
1103 1763 1165 1793 rdUi

73 1811 126 1830 nus
136 1801 203 1839 legit
214 1802 319 1839 Anicia,
342 1802 572 1847 postautumnalia
587 1825 594 1839 ‚
619 1813 674 1832 una
683 1812 761 1831 voce.
786 1801 819 1831 Et
828 1802 894 1838 quid
909 1803 936 1830 ni
950 1765 1177 1831 Postaiituiiinalis

72 1839 541 1876 dicatur,utPostmeridianus‘JSunt
551 1847 642 1870 autem
651 1840 783 1877 haec,quae
795 1841 855 1877 post
865 1847 1030 1868 autumnum
1040 1840 1176 1876 leguntur.

21 1877 210 1909 ΛυτυΜΝΑ
221 1888 249 1908 T.
290 1878 361 1909 Plin.
374 1879 422 1910 lib.
436 1889 461 1910 2.
479 1888 539 1916 cap.
555 1889 597 1916 50.
622 1878 654 1909 In
668 1878 746 1908 Italia
762 1878 870 1916 semper
890 1878 1099 1915 quodammodo
1119 1887 1178 1907 ver-

52 1921 101 1945 nat
111 1915 155 1945 vel
165 1922 318 1947 autumnat.

219 1954 434 1991 [zz‘crvnapcss'dm]
455 1957 510 1984 are.
534 1955 600 1993 quid
616 1954 749 1992 fignificet
761 1976 768 1987 ,
788 1954 872 1984 docet
884 1954 955 1983 Gell.
972 1964 1012 1989 ις.
1025 1963 1049 1989 3.
1067 1954 1109 1982 his
1120 1963 1178 1983 ver-

55 1991 113 2028 bis,
135 1993 254 2022 Autumo
265 2003 320 2023 non
329 1992 416 2022 solum
429 1993 561 2030 fignificat
571 2015 579 2029 ,
600 1993 705 2023 Totum
718 1992 820 2022 aestimo
832 2015 840 2027 ,
863 1992 909 2021 sed
927 1994 952 2022 Sc
964 1992 1033 2021 Dico
1045 2014 1052 2026 ,
1075 1993 1100 2021 ἃ
1116 1993 1177 2030 opi-

54 2039 106 2059 nor
117 2052 126 2065 ,
146 2031 171 2060 St
180 2031 288 2061 censeo.
312 2031 368 2061 Cic.
382 2031 410 2059 in
420 2031 520 2068 Topic.
534 2042 577 2067 ςς.
599 2031 674 2061 Bene
686 2041 768 2068 quam
779 2031 904 2059 meritam
917 2030 970 2059 esse
983 2036 1119 2065 autumas,
1136 2031 1177 2059 di-

53 2068 93 2098 cis
103 2069 174 2097 male
185 2070 294 2099 mereri.
331 2069 394 2099 Ter.
405 2069 474 2106 prol.
488 2069 586 2098 Heaut.
604 2079 646 2104 ¹9·
668 2069 781 2098 Factum
792 2068 837 2097 hic
847 2068 936 2097 esseid
948 2078 1005 2097 non
1015 2074 1105 2105 negat,
1129 2078 1176 2098 ne-

53 2115 106 2144 que
116 2106 142 2136 se
154 2106 183 2136 id
193 2107 307 2145 pigere:
329 2107 467 2137 &deinde
478 2107 615 2137 {asturum
625 2113 758 2136 autumat.
785 2106 852 2136 Hor.
864 2115 890 2135 2.
909 2107 985 2136 Serm
1014 2115 1038 2141 3.
1051 2116 1098 2143 45.

71 2158 81 2164 ⁷
208 2145 381 2175 —insanum
394 2145 435 2175 Ch
470 2145 538 2184 sippi
548 2146 673 2184 porticus
683 2147 708 2175 ἃ
720 2154 786 2182 grex
881 2144 1020 2173 Autumat.

53 2180 199 2212 Autumare
211 2205 219 2218 ,
240 2193 292 2222 pro
305 2183 412 2213 Dicere.
439 2155 470 2213 ἵζ’

73 2224 129 2249 tam
138 2220 252 2257 volunt,
275 2221 292 2251 si
305 2231 368 2251 vera
377 2228 512 2251 autumas.

23 2256 205 2294 Avumus,
227 2261 253 2290 &
268 2260 314 2289 Av
326 2269 452 2289 uusos.
493 2259 525 2289 V.
547 2268 702 2289 AVELLO.

23 2296 270 2332 AqucuLus,
312 2297 343 2327 V.
366 2307 470 2326 Avus.

17 2325 127 2369 istuis,
147 2334 164 2364 i.
190 2345 228 2365 m.
250 2334 425 2371 [minz-&q
447 2335 531 2365 Patris
546 2337 572 2365 &
586 2335 681 2365 matris
691 2339 785 2373 pater,
808 2334 900 2372 inquit
916 2333 1024 2364 Paulus.
1065 2334 1177 2369 Festus,

7 2404 19 2414 ,Ἰ
57 2371 251 2416 Avus,patris,
272 2373 421 2410 matrisque
431 2379 518 2411 pater,
540 2374 631 2403 dietus
641 2384 656 2402 a
669 2373 765 2403 Giaeco
783 2373 920 2401 vocabulo
933 2395 941 2407 ,
963 2372 1037 2410 quod
1052 2373 1090 2401 est
1104 2373 1179 2411 apud

54 2418 101 2440 eos
112 2416 231 2441 παππίς»
245 2433 254 2448 ,
276 2412 388 2441 mutatis
400 2411 566 2448 quibusdam
578 2411 674 2441 literis.
715 2411 766 2440 Alii
786 2411 902 2445 volunt,
925 2412 1000 2447 quud
1014 2420 1049 2440 ex
1066 2420 1097 2439 ea
1110 2420 1179 2440 voce

55 2447 230 2485 appelletur,
250 2449 327 2487 quod
346 2448 421 2487 apud
443 2450 558 2479 eosdem
576 2449 686 2479 Graecos
706 2445 781 2475 avi-Hm
799 2448 972 2487 appellatur,
993 2448 1180 2486 significatque

54 2484 189 2524 Magnum
203 2509 211 2523 ,
232 2487 366 2525 quoniam
377 2486 462 2517 veluti
475 2487 594 2526 Magnus
605 2495 682 2526 pater
691 2487 721 2516 sit
734 2490 811 2516 Avus.
853 2486 903 2515 Alii
917 2494 1017 2524 putant
1033 2488 1119 2516 Avum
1139 2486 1180 2529 di-

55 2525 130 2554 &um
142 2524 196 2555 effe
207 2547 215 2561 ,
239 2526 303 2562 qula
313 2525 348 2554 ad
361 2525 432 2554 duos
442 2526 558 2555 attineat
568 2547 576 2561 ,
597 2526 669 2564 quasi
683 2525 830 2559 Adduum‚
846 2525 890 2553 vel
904 2526 967 2562 quia
985 2525 1020 2554 ad
1033 2531 1138 2562 putrem
1149 2526 1181 2554 lit

20 2567 23 2601 ζ
54 2561 173 2592 additus.
210 2558 353 2593 Hactenus
363 2563 463 2594 Festus.
489 2563 550 2594 Cic.
561 2574 613 2602 pro
626 2564 737 2594 Muren.
754 2573 796 2599 15.
818 2562 937 2593 Proavus
948 2562 978 2593 L.
991 2563 1135 2598 Murenae,
1153 2564 1179 2593 δι

21 2612 23 2628 ι
53 2609 118 2632 avus
128 2599 259 2631 Praetores
269 2602 390 2631 fuerunt.

51 2637 91 2668 Ab
101 2647 160 2668 avo.
201 2638 231 2669 V.
260 2649 311 2669 AB.

53 2675 196 2706 Maternus
205 2687 279 2707 avus.
301 2677 377 2707 Suet.
389 2676 483 2707 Tiber.
496 2684 521 2714 7.
534 2678 560 2707 ἃ
570 2675 637 2707 Hor.
652 2687 675 2707 1.
688 2676 775 2707 Serm.
788 2679 814 2706 6.
825 2685 850 2714 3.
872 2675 1004 2707 Paternus
1015 2686 1091 2707 avus.
1106 2676 1178 2708 Ibid.

53 2714 102 2744 Avi
113 2715 258 2752 penatibus
272 2714 359 2744 reddi.
379 2714 471 2745 Tacit.
485 2724 508 2745 ι.
525 2716 595 2745 Ann.
611 2726 635 2751 ς.

53 2751 259 2783 Transcendere
270 2763 353 2783 avum
368 2760 457 2784 aetate.
479 2753 543 2783 Sen.
558 2753 660 2784 Tmad.
676 2755 702 2783 6.

54 2789 166 2820 Nomen
175 2791 280 2821 clarum
288 2800 410 2822 avorum.
438 2791 522 2821 Ovid.
538 2801 561 2821 1.
576 2792 611 2822 de
622 2792 700 2821 Pont.
713 2801 739 2827 9.
751 2797 795 2827 39.

55 2827 172 2859 Nobiles
185 2829 237 2859 avi.
260 2829 324 2859 Sen.
336 2829 417 2859 Herc.
437 2829 490 2858 fur.
502 2832 528 2858 6.

56 2866 104 2896 Avi
114 2873 292 2897 numerantur
302 2877 425 2897 avorum.
448 2867 519 2904 Virg.
533 2877 560 2903 4.
573 2867 671 2905 Georg.
686 2876 750 2900 200·

54 2903 194 2943 Despec‘tis
204 2911 280 2936 ortus
290 2906 355 2936 avis.
377 2905 460 2936 Ovid.
473 2915 519 2935 20.
533 2905 615 2943 Epist.
627 2914 690 2941 224.
732 2904 782 2934 His
793 2903 863 2934 locc.
874 2904 921 2934 Avi
932 2914 981 2942 pro
991 2904 1156 2941 Maioribus.

29 2941 65 2971 ἢν
74 2952 120 2972 un
130 2945 197 2973 cur.
207 2953 226 2974 u
235 2954 247 2974 s
256 2966 263 2979 ,
284 2944 301 2973 i.
323 2953 360 2974 m.
382 2940 611 2980 [fam-§43⁸1m&,
632 2944 711 2973 ΜΘ,
725 2940 786 2973 a&
800 2940 912 2977 μκπὲς]
944 2942 1039 2972 Matris
1050 2952 1119 2972 meae
1130 2944 1181 2973 fra-

57 2985 105 3011 ter.
145 2981 242 3012 Traxit
251 2982 470 3020 appellationem
481 2981 514 3011 ab
532 2991 566 3011 eo
577 3003 585 3017 ,
607 2981 683 3019 quod
699 2990 775 3017 aeque
791 2981 888 3009 tertius
903 2990 918 3009 a
933 2990 978 3009 me
993 2987 1023 3010 ut
1040 2991 1106 3010 avus
1117 2982 1156 3010 est
1166 3003 1176 3017 .,

58 3017 103 3048 sed
112 3029 169 3049 non
178 3020 306 3056 ejusdem
318 3020 400 3057 juris:
425 3020 545 3057 ideoque
555 3019 683 3049 vocabuli
694 3018 764 3048 faeta
777 3019 928 3047 diminutio
942 3018 988 3048 est.
1021 3019 1084 3048 Sive
1095 3029 1180 3048 avun-

59 3057 136 3087 culus
146 3058 301 3096 appellatur
312 3080 320 3093 ,
342 3058 418 3095 quod
428 3059 472 3087 avi
481 3057 576 3087 locum
587 3057 715 3086 obtineat
725 3079 733 3093 ,
755 3058 780 3086 δι
813 3057 970 3085 roximitate
984 3062 1094 3086 tueatur
1107 3056 1180 3086 soro-

57 3095 94 3124 ris
103 3095 198 3126 filium.
240 3096 308 3126 Haec
316 3096 383 3126 Fest.
395 3096 467 3126 adde
480 3096 548 3135 Stat.
561 3106 589 3132 4.
598 3095 670 3133 Sylv.
685 3100 710 3129 8.
724 3104 764 3124 12.
807 3094 885 3124 aulus
895 3116 903 3129 ‚
919 3094 1077 3123 Avunculus
1090 3095 1112 3124 is
1123 3105 1180 3125 ma-

58 3133 105 3162 tris
116 3134 152 3163 est
162 3134 251 3164 frater.
292 3133 350 3164 Cic.
365 3143 390 3171 3.
412 3135 447 3164 de
458 3134 516 3163 Fin.
530 3137 556 3162 6.
600 3134 734 3162 Attendes
753 3134 835 3170 igitur
855 3139 884 3161 ut
903 3131 987 3167 soles,
1010 3132 1177 3169 diligenter,

2 3181 7 3184 ·
57 3179 172 3209 eamque
181 3172 395 3202 controversiam
406 3171 593 3209 dijudicabis,
615 3181 676 3210 quae
687 3171 758 3201 mihi
771 3171 824 3200 fuit
839 3180 905 3200 cum
916 3169 1054 3200 avunculo
1072 3177 1120 3200 tuo
1138 3171 1179 3201 di-

58 3208 123 3238 vino
131 3219 162 3239 ac
174 3210 299 3248 singulari
308 3211 377 3240 viro.
488 3245 491 3246 .

58 3246 215 3278 Avunculus
226 3249 313 3284 major
325 3270 333 3283 ,
353 3248 429 3284 JCtis
443 3248 482 3278 est
489 3248 609 3286 proaviae
618 3247 701 3277 frater
711 3269 719 3282 ,
742 3247 825 3284 patris
844 3245 887 3275 vel
904 3247 999 3275 matris
1014 3246 1176 3278 avunculus.

77 3283 211 3323 Magnus,
233 3286 271 3315 est
282 3288 353 3316 Aviae
361 3286 452 3316 frater.
475 3286 573 3316 Paulus
585 3286 620 3315 de
632 3285 715 3315 Grad.
728 3284 802 3314 affin.
825 3285 882 3314 Cic.
894 3285 928 3313 de
942 3284 1012 3313 Clar.
1025 3285 1101 3327 Orat.
1113 3295 1176 3316 222.

79 3322 205 3358 Drusum,
218 3331 297 3354 tuum
309 3334 442 3362 magnum
457 3324 635 3360 avunculum,
646 3333 759 3361 gravem
776 3329 932 3358 oratorem,
948 3324 1000 3352 ἃς.
1023 3332 1040 3350 i.
1058 3332 1082 3352 e.
1104 3323 1179 3354 Aviae

74 3368 203 3391 maternae
213 3362 334 3392 fratrem.

58 3399 212 3429 Avunculus
225 3422 232 3435 ‚
272 3410 303 3429 ro
317 3399 475 3430 Avunculus
490 3409 616 3438 magnus.
649 3399 725 3429 Suet.
743 3399 809 3435 Aug.
825 3403 850 3431 8.
863 3399 888 3427 Sc
905 3407 947 3427 10.
980 3398 1058 3428 Idem
1079 3398 1178 3434 Major.

76 3437 141 3475 Aug.
150 3447 175 3474 7.
188 3439 214 3468 &
224 3438 245 3468 C
275 3438 322 3468 ud.
336 3448 360 3474 3.
382 3438 450 3468 Pers.
464 3441 488 3467 6.
502 3438 557 3467 Sat.
571 3441 617 3466 60.
639 3437 730 3473 Major
742 3436 895 3465 avunculus
906 3436 971 3465 exit.
996 3435 1023 3465 V.
1046 3447 1175 3467 MAGNUS.

38 3478 133 3510 lvrA,
152 3485 183 3505 ae.
205 3473 344 3512 [ndum]
367 3477 451 3506 Patris
461 3475 505 3505 vel
515 3476 610 3505 Matris
620 3485 688 3505 meae
699 3482 794 3504 mater.
820 3475 877 3503 Cic.
892 3473 927 3502 de
943 3473 1035 3511 Arusp.
1047 3473 1177 3512 Resp.22.

59 3512 147 3542 Mater
153 3513 213 3543 Dea
224 3536 233 3549 ,
251 3521 279 3543 te
290 3536 298 3547 ,
317 3521 345 3544 te
356 3537 364 3549 ‚
399 3515 451 3544 Cn.
473 3513 589 3543 Lentule
597 3535 606 3550 ,
627 3514 706 3550 cujus
717 3513 751 3542 ab
761 3512 820 3542 avia
831 3512 959 3541 manibus
968 3511 1034 3541 effet
1041 3520 1157 3551 accepta
1167 3535 1177 3549 ,

57 3549 76 3579 s
89 3552 237 3589 {statorem
254 3551 308 3581 effe
324 3552 420 3581 voluit.
1051 3584 1053 3586 .

82 3596 169 3619 uteres
189 3590 273 3625 aviae,
301 3600 351 3628 pro
364 3589 487 3620 Anilibus
500 3589 613 3619 delitiis.
654 3588 722 3618 Pers.
739 3599 763 3624 5.
783 3588 837 3618 Sat.
851 3597 896 3623 92.
918 3587 1045 3618 Budaeus.
1081 3587 1179 3618 Solent

75 3627 148 3655 enim
161 3637 228 3656 anus
239 3630 264 3657 Sc
275 3628 374 3657 vetulae
386 3629 511 3657 delirare.

57 3661 99 3692 De
108 3665 166 3694 avia
177 3665 246 3694 nihil
257 3664 376 3703 superest
387 3688 395 3701 ,
417 3667 434 3695 i.
454 3676 479 3695 e.
502 3666 542 3695 De
558 3665 639 3694 bonis
650 3665 725 3694 aviae.
746 3663 813 3694 Pers.
826 3663 915 3693 6.Sat.
929 3674 972 3699 ςς.

51 3704 87 3731 vi
95 3711 113 3730 τ
122 3712 140 3731 u
148 3712 160 3732 s
169 3725 179 3737 ,
203 3704 263 3738 Adi.
279 3703 467 3740 [wwndc]
484 3704 571 3741 Quod
580 3703 618 3733 est
628 3704 681 3740 avi,
696 3702 740 3733 vel
750 3702 836 3739 Quod
846 3702 881 3731 ab
892 3710 946 3731 avo
954 3700 1035 3731 nobis
1048 3701 1175 3740 contigit.

58 3735 132 3769 Bona
140 3742 221 3770 avita.
244 3741 301 3770 Cic.
316 3752 365 3779 pro
382 3741 454 3781 Coel.

59 3776 142 3807 Cella.
164 3778 229 3808 Hor.
245 3789 268 3808 1.
281 3779 371 3809 Carni.
385 3783 463 3816 376.

57 3811 177 3845 Fundus.
199 3816 266 3847 Hor.
284 3827 306 3846 1.
323 3817 413 3846 Carm.
429 3827 469 3847 12.
482 3826 528 3854 43.

57 3847 222 3890 Hospitium.
259 3854 318 3884 Cic.
335 3865 374 3889 η.
390 3855 464 3885 Fam.
479 3865 522 3892 34.
561 3855 673 3885 Avitum
690 3854 759 3883 mihi
774 3853 926 3891 hospitium
939 3853 978 3884 est
991 3863 1056 3885 cum
1069 3853 1177 3893 Lysone

82 3889 193 3928 Lysonis
208 3891 268 3921 filio
281 3892 451 3931 Lilybaetano
462 3916 470 3929 ,
492 3892 629 3929 valdeque
638 3892 672 3922 ab
684 3902 718 3921 eo
731 3891 869 3923 observor.

57 3924 183 3960 Honores
195 3930 275 3960 avitae
287 3930 386 3962 laudis.
408 3931 510 3963 Lucan.
524 3931 560 3961 ad
572 3931 660 3961 Plson.
673 3939 717 3967 ῃ.

472 2185 538 2213 laut.
559 2183 640 2222 Epid.
653 2193 677 2219 5.
694 2193 716 2213 1.
729 2192 772 2220 37.
809 2182 845 2212 Di
857 2192 902 2212 me
913 2191 949 2212 ex
962 2181 1072 2220 perdita
1093 2181 1189 2212 serva-.

1660 101 1686 135 A
1788 103 1820 138 U
1915 106 1951 139 X

1271 177 1383 207 Avitum
1394 178 1516 215 malum,
1541 182 1617 218 regni
1627 183 1739 219 cupido.
1763 183 1820 213 [ἰν.
1837 194 1856 213 1.
1873 188 1898 214 6.

1272 214 1382 244 Merum
1397 218 1510 246 avitum.
1534 218 1617 249 Ovid.
1631 229 1656 249 2.
1670 221 1705 249 de
1720 222 1782 250 Arte
1797 223 1855 251 Am.
1868 226 1931 258 695.
1953 224 1970 253 i.
1981 234 2004 254 e.
2029 226 2121 259 Vetus.

1271 251 1392 282 Nomen.
1416 254 1500 283 Ovid.
1517 260 1542 285 6.
1563 257 1632 286 Met.
1650 267 1713 293 239.

1272 289 1349 333 Opes
1362 291 1447 320 avitae.
1461 292 1538 334 ⁴l’lin.
1556 293 1602 324 lib.
1617 305 1641 329 9.
1656 305 1715 333 cap.
1730 305 1771 330 κ.

1273 325 1362 370 Patria
1377 330 1401 357 ἃ
1424 337 1496 372 avita
1515 331 1701 369 philosophia.
1743 335 1801 363 Cic.
1821 344 1842 363 1.
1860 334 1941 365 Tusc.
1957 347 2000 372 «ις.
2037 338 2102 368 llaec
2123 341 2196 369 enim
2216 344 2397 378 pulchritudo

1291 370 1375 407 etiam
1387 374 1501 410 interris
1513 371 1627 404 patriani
1639 370 1730 405 illam,
1754 374 1779 401 ἃ
1792 373 1892 401 avitam
1914 376 1965 409 (ut
1976 376 2013 404 ait
2029 376 2257 416 Theophrastus)
2278 381 2399 418 philoso-

1293 402 1386 438 phiam
1396 408 1566 439 cognitionis
1582 409 1737 445 cupiditate
1751 410 1890 439 incensam
1902 413 2043 443 excitavit.

1272 437 1410 482 Regnum.
1446 442 1503 484 Cic.
1516 453 1565 479 pro
1582 445 1651 482 Lege
1664 447 1761 476 Manil.
1777 449 1801 477 ἃ
1814 447 1875 477 Liv:
1886 458 1908 478 1.

1271 476 1413 521 Sanguine
1427 487 1503 520 ‘avito
1513 482 1624 512 nobilis.
1648 484 1768 521 Propert.
1785 485 1833 514 lib.
1848 496 1873 516 2.
1887 496 1932 517 22.
1948 497 1990 525 33.

1272 513 1379 542 Solium
1390 524 1504 545 avitum.
1531 518 1601 555 Virg.
1617 530 1641 556 7.
1666 522 1726 551 [En.
1743 526 1802 558 169.

1274 549 1434 597 Tumulus,
1453 554 1616 591 Sepulcrum
1631 560 1681 588 avi.
1704 560 1789 589 Ovid.
1804 571 1830 595 4.
1843 561 1924 591 Trist.
1937 572 1958 599 3.
1975 575 2021 599 45.

1274 587 1384 617 bmbrae
1394 596 1472 639 avitae
1485 613 1491 624 ,
1515 602 1564 629 pro
1577 594 1713 630 Majorum
1729 598 1842 627 umbris.
1872 600 1889 628 i.
1903 609 1926 628 e.
1950 602 2111 632 Animahus.
2132 603 2217 635 Ovid.
2235 615 2258 635 1.
2273 606 2340 636 Fast.
2351 617 2396 645 43.

1353 627 1387 655 At
1402 627 1495 657 huma
1505 639 1557 659 nec
1566 631 1667 666 Janum
1679 656 1686 669 ‚
1709 645 1761 664 nec
1774 636 1858 665 avitiis
1871 640 1993 675 praeterit
2003 641 2122 670 umbras.

1674 698 1699 731 A
1800 699 1829 733 U
1926 701 1962 736 X

2331 125 2400 161 3¹7

1233 736 1433 771 AUXAR1A‚
1461 737 1629 775 [σῦνᾶὶνῆτῢ
1647 740 1758 780 wirce—¹]
1785 747 1895 777 Secreta
1918 751 2039 780 nemoris
2062 752 2136 782 dic‘ta
2156 753 2217 783 sunt
2233 778 2240 790 ,
2263 756 2338 792 quod
2356 757 2396 787 ibi

1271 775 1448 817 frequentant
1459 787 1522 820 aves
1536 800 1544 812 ,
1562 778 1720 825 fecundum
1738 783 1831 814 llidor.
1847 795 1887 821 ¹7-
1914 787 2031 824 Etymol.
2043 800 2103 827 cap.
2118 795 2142 820 6.
2177 792 2245 823 lnde
2257 795 2334 823 venit
2345 795 2400 824 lm-

1272 812 1395 849 pensatio
1406 823 1525 844 auxatia.
1547 815 1577 845 C.
1598 817 1632 845 de
1644 818 1720 848 fund.
1735 822 1884 857 patrimon.
1902 823 1919 852 l.
1932 835 1957 853 2.
1972 825 2020 854 lib.
2034 838 2077 861 4¹.

1232 849 1254 880 A
1264 860 1281 877 u
1291 858 1308 877 x
1320 859 1333 877 a
1343 859 1371 878 si
1385 860 1402 878 A
1423 852 1448 880 δι
1465 851 1561 881 Damio
1574 875 1582 888 ,
1607 854 1671 884 Deae
1685 857 1797 887 luerunt
1812 881 1819 889 .
1837 870 1902 895 quas
1912 863 2043 898 peculiari
2056 864 2190 902 religione
2202 867 2339 904 Epidaurii
2351 881 2398 899 co..

1270 886 1400 931 luerunt,
1424 889 1458 918 de
1470 890 1698 935 quibuslegimus
1711 895 1738 923 in
1752 906 1774 938 ς.
1787 896 1833 925 lib.
1848 898 1980 929 llerodot.
1999 903 2167 939 quodquum
2180 906 2346 936 infructuosi
2360 909 2399 938 es.

1268 924 1315 968 set·
1328 926 1479 970 hpiclaiirus
1491 950 1498 963 ,
1524 938 1551 957 in
1564 929 1722 974 calamitate
1737 943 1810 962 cives
1827 936 1969 966 oraculum
1989 938 2156 976 Delphicum
2177 944 2375 975 consuluerunt

1270 963 1369 999 quibus
1381 964 1475 1001 Pythia
1486 966 1627 1003 respondit
1638 990 1644 1001 ,
1668 978 1706 998 eis
1718 976 1776 999 tum
1790 972 1905 1002 demum
1915 975 1986 1003 bene
1998 976 2119 1007 futurum
2130 1001 2137 1013 ,
2160 980 2175 1008 li
2193 981 2296 1012 Damae
2308 986 2332 1013 ἃ
2344 970 2397 1014 flu:

1269 1000 1506 1068 ssggfftgigiulacra
1519 1005 1676 1042 erigerent,
1693 1009 1744 1037 &Q
1787 1009 1935 1047 Reliquum
1948 1012 2063 1044 historiae
2080 1017 2144 1046 vide
2156 1020 2229 1055 apud
2242 1020 2330 1057 ipsum
2342 1023 2399 1052 He-

1233 1075 1446 1113 AUX¹L¹UM2
1471 1078 1488 1107 ῐ-
1509 1089 1536 1109 n·
1559 1081 1704 1117 [ssss’fflfflu
1724 1081 1882 1126 σῑξμμμχῖα]
1904 1087 2119 1123 Adjumentum:
2143 1092 2253 1130 Proprie
2275 1106 2328 1125 vos
2346 1099 2398 1127 mi-

1271 1114 1374 1158 lituris,
1397 1125 1450 1152 qua
1462 1117 1668 1148 denotabantur
1686 1121 1831 1163 Sociorum
1849 1125 1938 1161 copiae
1950 1147 1957 1159 ,
1980 1128 2005 1155 ἃ,
2026 1137 2111 1164 opeS,
2134 1140 2192 1166 quat
2214 1133 2397 1166 militantibus

1268 1150 1389 1195 sublidio
1400 1154 1495 1183 effent.
1538 1155 1614 1199 inter
1628 1158 1734 1201 Ausi-lia
1749 1161 1775 1188 &a
1790 1159 1925 1197 Legiones
1937 1164 2004 1192 olim
2022 1165 2075 1194 hoc
2094 1167 2236 1204 interluit,
2258 1174 2332 1207 quod
2349 1174 2397 1204 Le-

1270 1199 1366 1233 giones
1378 1201 1412 1220 ex
1424 1192 1558 1236 Romanis
1578 1194 1638 1231 ipsis
1654 1195 1835 1227 scriberentur
1846 1220 1853 1233 ‚
1876 1200 1982 1230 Auxilia
1998 1211 2062 1231 vero
2082 1213 2096 1232 a
2111 1204 2190 1235 sociis
2212 1209 2237 1236 Sc
2254 1209 2396 1241 foederatis

1269 1228 1401 1265 gentibus
1410 1237 1594 1261 mitterentur.
1622 1232 1713 1270 Veget.
1726 1243 1750 1264 2.
1765 1245 1790 1264 2.
1815 1236 1846 1265 V.
1868 1237 1943 1267 Suet.
1960 1239 2053 1269 Tiber.
2069 1245 2109 1270 16.
2130 1244 2156 1272 Sc
2170 1253 2211 1279 30.
2240 1246 2308 1275 Varr.
2322 1260 2346 1282 4·
2361 1249 2397 1279 de

1270 1267 1300 1295 i..
1314 1266 1342 1295 L.
1362 1270 1400 1296 16.
1421 1269 1562 1312 Auirilium
1573 1271 1745 1309 appellatum
1757 1273 1791 1302 ab
1802 1276 1898 1310 auctu,
1920 1285 2006 1313 quum
2016 1278 2181 1310 accesserant
2194 1283 2239 1319 qui
2251 1285 2395 1320 adjumen-

1268 1310 1299 1333 to
1314 1303 1417 1341 essent,
1441 1307 1614 1344 alienigenae.
1658 1309 1688 1339 V.
1712 1320 1731 1340 A
1741 1321 1759 1339 u
1768 1320 1786 1340 x
1797 1322 1805 1340 i
1816 1323 1831 1340 ι.
1841 1323 1849 1340 ι
1860 1323 1878 1341 A
1888 1323 1905 1341 r<
1916 1324 1930 1342 a
1939 1324 1961 1344 s.

1271 1343 1379 1372 Auxilia
1390 1365 1397 1377 ,
1420 1343 1492 1374 Vide
1503 1346 1578 1382 apud
1589 1347 1703 1377 Suidam
1716 1349 1826 1381 Αὑξίλια.
1850 1350 1884 1379 H.
1897 1351 1935 1381 St.

1270 1380 1413 1423 Auxilium
1425 1383 1541 1412 adversae
1551 1384 1728 1416 valetudinis.
1773 1387 1842 1417 Cels.
1860 1387 1906 1418 lib.
1922 1400 1944 1418 1.
1957 1390 1987 1419 in
1997 1396 2115 1429 pr‘ooem.
2137 1393 2253 1426 Verioue
2264 1398 2348 1429 simile
2359 1402 2396 1431 est

1288 1426 1361 1447 inter
1373 1421 1531 1464 non-multa
1543 1422 1644 1451 auxilia
1656 1423 1774 1453 adversae
1785 1425 1954 1457 valetudinis
1964 1451 1971 1463 ,
1994 1429 2160 1468 plerumque
2173 1426 2265 1463 tamen
2275 1447 2335 1466 eam
2347 1439 2395 1468 bo-

1287 1466 1353 1523 patui
1364 1457 1527 1525 coqtigiss‘e,
1548 1459 1585 1489 ob
1607 1461 1696 1491 bonos
1710 1472 1819 1494 mores:
1842 1474 1911 1502 quos
1927 1475 2018 1504 neque
2034 1468 2137 1498 delidia
2148 1492 2156 1505 ,
2177 1481 2269 1510 neque
2285 1475 2395 1508 luxuria

1310 1505 1316 1523 i
1333 1505 1404 1524 iaran
1421 1519 1426 1525 .

1266 1533 1408 1576 Auxilium
1420 1533 1510 1564 effein
1522 1545 1550 1564 re
1562 1535 1654 1573 aliqua
1664 1537 1802 1569 adversus.
1824 1539 1895 1570 Cels.
1910 1540 1957 1570 lib.
1977 1553 2000 1578 ς.
2018 1552 2078 1581 cap.
2093 1547 2136 1574 26.

1267 1571 1410 1601 Auxilium
1430 1573 1513 1609 juris,
1545 1574 1585 1617 est
1605 1574 1772 1618 Suffragium
1784 1599 1792 1613 ,
1821 1579 1848 1608 δε
1873 1579 2042 1610 beneficium
2065 1583 2148 1619 juris;
2173 1592 2256 1622 prout
2278 1587 2379 1619 dicitur

1286 1608 1390 1652 Contra
1401 1610 1458 1640 haec
1468 1612 1579 1649 prodita
1589 1611 1652 1642 sunt
1663 1615 1731 1649 Juris
1741 1614 1852 1646 auxilia.
1895 1616 1924 1647 V.
1957 1618 1993 1648 de
2007 1619 2063 1649 hoc
2080 1620 2143 1659 Ulp.
2160 1621 2179 1652 l.
2198 1633 2223 1653 1.
2240 1625 2274 1655 D.
2287 1626 2322 1655 ad
2333 1637 2346 1657 s
2367 1613 2395 1660 ς’

1287 1646 1372 1676 Silan.
1401 1649 1422 1686 ς.
1445 1659 1531 1686 quum
1542 1650 1683 1680 dominus.
1706 1653 1731 1682 Sc
1743 1652 1796 1689 seq.
2348 1651 2355 1657 ⁴
2386 1651 2393 1659 ⁶

1267 1685 1410 1715 Auxilium
1424 1688 1450 1716 ἅ
1462 1697 1576 1717 numen.
1600 1687 1656 1719 Cic.
1675 1690 1769 1728 Anteq.
1781 1692 1833 1721 iret
1844 1692 1872 1721 in
1884 1692 1949 1723 exil.
1961 1703 2007 1731 ας.

1267 1724 1459 1760 Argentarium
1468 1725 1613 1755 auxilium.
1647 1727 1676 1757 V.
1701 1738 1720 1757 A
1728 1738 1743 1757 P.
1751 1739 1769 1758 G
1780 1739 1794 1758 it
1803 1739 1824 1759 N
1834 1740 1854 1759 T
1864 1741 1882 1760 u
1890 1742 1921 1762 M.

1265 1759 1443 1792 Emortuum.
1467 1763 1552 1793 Plaut.
1568 1763 1651 1802 Epid.
1668 1774 1691 1795 1.
1707 1775 1732 1797 2.
1754 1777 1796 1804 14.

1267 1798 1435 1830 Invalidum.
1461 1801 1550 1831 Tacit.
1566 1811 1588 1831 1.
1604 1803 1672 1832 Ann.
1684 1813 1709 1834 2.

1268 1836 1380 1874 Magica
1394 1838 1503 1869 auxilia.
1525 1839 1618 1870 Tibul.
1631 1840 1680 1870 lib.
1697 1852 1720 1871 1.
1733 1847 1758 1876 8.
1773 1852 1815 1879 53.

1268 1875 1371 1905 Mutuo
1383 1877 1487 1906 auxilio
1503 1877 1677 1908 sustinentur.
1701 1880 1822 1916 Quintil.
1834 1880 1881 1911 lib.
1894 1892 1917 1918 ς.
1932 1892 1993 1921 cap.
2009 1894 2052 1915 η.

1267 1913 1378 1943 Mutuis
1391 1915 1501 1945 auxiliis
1513 1916 1583 1945 stant
1593 1917 1696 1947 omnia.
1723 1918 1842 1955 Quintil.
1855 1919 1904 1950 lib.
1920 1930 1944 1958 3.
1962 1931 2023 1961 cap.
2036 1934 2063 1959 4.

1267 1949 1386 1981 Praesens
1399 1953 1541 1983 auxilium.
1568 1954 1638 1991 Virg.
1653 1964 1678 1984 2.
1692 1955 1791 1995 Georg.
1808 1966 1870 1995 130.

1267 1988 1497 2021 Valentiffimuni.
1526 1991 1595 2022 Cels.
1611 1993 1658 2023 lib.
1672 2004 1699 2029 4.
1708 2004 1769 2033 cap.
1782 2005 1828 2026 22.

1269 2027 1404 2058 validius.
1428 2029 1497 2059 Cels
1513 2029 1559 2060 lib.
1576 2039 1600 2067 3.
1612 2041 1673 2069 cap.
1685 2041 1730 2062 22.

1267 2064 1325 2109 Via:
1342 2066 1486 2097 auxilium.
1509 2068 1526 2097 i.
1545 2078 1568 2098 e.
1594 2068 1740 2099 Viaticuni.
1762 2071 1835 2109 Virg.
1851 2082 1874 2101 r.
1896 2072 1960 2102 AEn.
1974 2076 2037 2109 362.

1269 2103 1357 2133 Vitale
1369 2105 1502 2148 ausilium
1514 2128 1522 2141 ‚
1544 2107 1584 2136 Ad
1595 2107 1815 2139 conservandum
1833 2110 1918 2140 vitam
1931 2112 2075 2142 idoneum.
2099 2112 2207 2145 Lueret.
2229 2115 2280 2148 lib.
2296 2126 2398 2155 5225.

1267 2141 1429 2172 Voluntaria
1439 2144 1540 2173 auxilia
1550 2154 1717 2183 comparare.
1758 2147 1790 2177 ln
1810 2157 1828 2176 c
1838 2157 1854 2177 ο
1863 2158 1907 2178 MP
1917 2159 1962 2178 AR
1970 2159 1999 2178 o.

1269 2180 1412 2210 Accersere
1424 2181 1535 2211 auxilia.
1578 2183 1609 2213 In
1632 2193 1650 2212 A
1661 2193 1678 2212 c
1687 2193 1704 2213 c
1714 2194 1728 2213 a
1739 2195 1755 2213 a
1764 2195 1776 2214 s
1785 2195 1811 2215 o.

1269 2219 1366 2248 Accita
1378 2218 1488 2249 auxilia.
1528 2219 1560 2249 In
1589 2230 1607 2250 A
1620 2230 1637 2250 c
1647 2231 1664 2250 c
1674 2232 1683 2250 r
1694 2231 1720 2251 ο.

1268 2256 1407 2286 Adhibere
1419 2257 1563 2288 auxilium.
1606 2259 1638 2289 ln
1658 2269 1704 2288 AD
1716 2270 1735 2289 H
1745 2271 1754 2289 r
1763 2271 1777 2288 a
1787 2270 1835 2290 ao.

1270 2294 1414 2325 Auxilium
1426 2295 1472 2324 fi'oi
1483 2296 1642 2333 adjungere.
1683 2298 1716 2327 In
1748 2308 1768 2327 A
1779 2308 1796 2327 D
1805 2308 1846 2334 Ju
1855 2308 1876 2328 Ν
1885 2308 1903 2328 c
1912 2309 1939 2329 o.

1269 2331 1374 2362 Afferre
1387 2332 1520 2363 auxilium
1536 2334 1620 2364 alicui
1635 2335 1717 2365 malo.
1758 2336 1790 2366 In
1819 2347 1861 2366 Ar
1872 2347 1970 2367 rsko.

1270 2371 1395 2408 Arripere
1405 2371 1540 2401 auxilium
1551 2373 1595 2402 acl.
1638 2372 1668 2402 ln
1689 2383 1709 2402 A
1719 2383 1734 2402 R
1744 2383 1761 2402 R
1771 2385 1779 2402 1
1791 2384 1805 2402 Ρ
1816 2386 1824 2403 ι
1836 2385 1862 2404 o.

1269 2407 1377 2445 Cogere
1388 2410 1499 2439 auxilia.
1522 2409 1660 2448 Colligere
1672 2411 1820 2442 auxiliares
1832 2413 1938 2451 copias.
1959 2413 2035 2451 Virg.
2046 2420 2073 2449 8.
2094 2416 2156 2447 AEn.
2168 2422 2195 2452 g„

1272 2446 1418 2476 Collocare
1431 2447 1534 2477 auxilia
1544 2449 1570 2477 in
1584 2449 1706 2479 mediam
1721 2450 1819 2480 aciem.
1850 2451 1883 2480 In
1902 2461 1944 2480 co
1954 2462 1971 2480 1.
1981 2463 1997 2481 L
2007 2462 2024 2481 o
2035 2462 2089 2483 co.

1273 2484 1443 2523 Comparare
1454 2485 1500 2514 sibi
1510 2486 1621 2516 auxilia.
1663 2487 1695 2517 In
1717 2498 1734 2516 c
1743 2498 1759 2517 o
1768 2499 1788 2517 M
1797 2498 1812 2517 P
1820 2498 1839 2517 A
1849 2498 1864 2517 R
1874 2499 1900 2518 o.

1269 2522 1404 2552 Concidit
1419 2523 1561 2553 auxilium.
1585 2525 1670 2554 Ovid.
1685 2537 1712 2561 4.
1724 2526 1760 2555 de
1769 2526 1846 2556 Ponr⁴
1859 2530 1885 2556 6.
1900 2537 1942 2563 14.
1963 2528 1981 2556 i.
1998 2537 2022 2557 e.
2045 2528 2137 2560 Periit.

1269 2561 1439 2591 Convertere
1450 2561 1585 2592 auxilium
1596 2563 1625 2591 in
1640 2564 1805 2601 perniciem.
1846 2564 1877 2594 In
1912 2575 1929 2594 c
1938 2575 1954 2594 o
1963 2575 1983 2594 Ν
1992 2576 2009 2595 v
2018 2576 2032 2596 a
2042 2576 2058 2595 s
2070 2577 2089 2595 ‘r
2097 2577 2124 2597 0.

1269 2598 1341 2629 Dare
1356 2599 1492 2629 auxilium
1506 2622 1514 2636 ,
1536 2599 1645 2636 Juvare.
1672 2601 1743 2639 Virg.
1756 2611 1782 2631 2.
1796 2602 1857 2632 [ΕΠ.
1874 2606 1937 2639 691.

1269 2636 1386 2673 Deesl'e,
1408 2637 1452 2667 vel
1470 2637 1582 2668 Parcere
1593 2639 1719 2675 auxilio3
1743 2640 1808 2669 Non
1828 2641 1886 2675 uti,
1908 2641 1952 2670 vel
1973 2641 2084 2671 Parcere
2100 2644 2206 2673 auxilio
2225 2647 2299 2682 quod
2316 2647 2398 2678 nobis

1288 2675 1404 2705 offertur
1414 2676 1447 2705 ab
1462 2677 1562 2706 amico.
1597 2676 1655 2706 Cic.
1669 2688 1718 2714 pro
1730 2677 1781 2707 Cn.
1796 2678 1888 2708 Plane.
1912 2678 2009 2708 Dixisti
2020 2682 2095 2709 enim
2107 2704 2115 2716 ,
2137 2692 2195 2711 non
2205 2685 2337 2714 auxilium
2348 2687 2401 2715 mi,

1287 2713 1317 2743 hi
1328 2735 1336 2748 ,
1358 2712 1404 2743 sed
1414 2723 1458 2743 me
1468 2714 1573 2743 auxilio
1583 2715 1708 2745 desuilse.
1752 2715 1810 2754 Ego
1821 2726 1887 2746 vero
1898 2717 1986 2746 fateor
2002 2728 2047 2747 me
2067 2719 2178 2749 hercule
2190 2743 2197 2754 ,
2228 2724 2301 2759 quod
2323 2724 2398 2753 vide<

1288 2752 1341 2781 rim
1352 2773 1360 2787 ,
1382 2751 1451 2780 mihi
1463 2752 1598 2782 auxilium
1609 2763 1667 2782 non
1679 2753 1784 2783 deesse:
1811 2754 1916 2784 idcirco
1928 2765 1972 2784 me
1987 2756 2028 2785 illi
2038 2757 2141 2786 auxilio
2155 2760 2313 2795 pepercilse.

1268 2788 1429 2820 Defendere
1440 2791 1556 2820 numine
1571 2797 1653 2828 atque
1666 2791 1781 2821 auxilie.
1795 2792 2130 2824 Cic.2.inCatil.extr.Sed
2146 2797 2190 2825 hic
2200 2798 2341 2834 praesentes
2350 2799 2398 2828 suo

1288 2828 1405 2857 numine
1416 2835 1498 2865 atque
1508 2828 1630 2865 auxilio,
1652 2829 1698 2859 sua
1709 2830 1814 2868 templa
1825 2837 1907 2868 atque
1918 2832 1992 2861 urbis
2003 2834 2076 2862 testa
2091 2834 2253 2865 defendunt.
2271 2837 2336 2866 seii.
2342 2837 2396 2867 Dii.

1269 2865 1425 2903 Efflagitare
1435 2865 1580 2896 auxilium.
1603 2867 1660 2896 Cic.
1675 2869 1771 2905 Anteq.
1788 2869 1840 2898 iret
1850 2869 1954 2899 inexil.
1968 2880 2010 2900 io.
2433 2874 2435 2879 ¹

1270 2904 1359 2941 Egere
1370 2904 1484 2933 auxilio.
1507 2904 1590 2934 Ovid.
1608 2914 1650 2941 13.
1669 2906 1738 2936 Met.
1752 2915 1795 2944 71.

1269 2942 1384 2979 Eripere
1395 2942 1530 2972 auxilium
1543 2943 1636 2973 alicui.
1662 2943 1733 2982 Virg.
1745 2955 1770 2980 9.
1787 2945 1849 2975 AEn.
1865 2953 1926 2982 129.

1270 2979 1372 3010 Facere
1387 2980 1500 3010 auxilia.
1521 2980 1611 3010 Tacit.
1624 2984 1648 3011 6.
1670 2982 1738 3012 Ann.
1757 2991 1798 3020 33.

1269 3018 1353 3047 Ferre
1365 3018 1508 3048 auxilium.
1550 3018 1581 3049 In
1603 3031 1616 3048 r
1627 3029 1639 3048 a
1648 3029 1664 3048 R
1675 3029 1701 3049 o.

1270 3056 1351 3086 Ferre
1361 3066 1445 3094 opem
1457 3063 1539 3093 atque
1548 3057 1692 3087 auxilium.
1717 3058 1775 3088 Cic.
1784 3057 1815 3095 ’4.
1833 3058 1908 3089 Verr.
1918 3070 1945 3096 9.

1267 3094 1447 3124 Gubernator
1465 3104 1519 3133 ope
1538 3097 1564 3125 ἃ
1582 3096 1686 3125 auxilio
1704 3097 1822 3126 deorum
1841 3097 1920 3136 Resp.
1945 3097 2001 3128 Cic.
2012 3107 2064 3135 pro
2077 3097 2106 3126 C.
2118 3097 2212 3128 Rabir.
2228 3109 2251 3135 ς.
2277 3099 2317 3129 Ab
2326 3100 2396 3136 Jove

1289 3133 1409 3170 Optimo
1419 3132 1562 3169 Maximo,
1584 3135 1739 3171 ceterisque
1751 3135 1802 3164 diis
1815 3135 1974 3172 deabusque
1985 3136 2195 3170 immortalibus,
2211 3147 2327 3174 quorum
2342 3150 2396 3176 ope

1288 3170 1427 3200 &auxilio
1438 3171 1527 3200 multo
1539 3173 1624 3209 magis
1639 3172 1697 3201 haec
1708 3173 1830 3211 Respub.
1845 3184 1927 3210 quam
1943 3174 2051 3202 ratione
2072 3173 2218 3203 hominum
2236 3177 2261 3205 &a
2280 3177 2396 3207 consilio

1287 3208 1458 3246 gubernatur
1469 3231 1477 3243 ,
1500 3219 1597 3247 pacem
1609 3220 1640 3239 ac
1652 3211 1761 3239 veniam
1773 3219 1847 3248 peto.

1270 3246 1379 3276 Habere
1390 3246 1525 3276 auxilium
1546 3257 1580 3276 ex
1593 3258 1621 3277 re
1632 3248 1730 3285 aliqua.
1772 3250 1829 3278 Cic.
1844 3258 1884 3277 ii.
1904 3248 2024 3286 Philipp.
2040 3252 2084 3277 26.
2110 3248 2293 3280 Decernerem
2310 3252 2395 3290 plane

1288 3284 1469 3319 sicutmulta,
1492 3285 1640 3316 Consulem
1649 3286 1765 3315 alteru-m
1777 3286 1907 3315 ambosve
1919 3309 1925 3320 ,
1949 3288 2000 3316 &c
2022 3296 2077 3315 non
2099 3293 2128 3314 ut
2146 3297 2180 3316 ex
2199 3298 2230 3317 ea
2249 3290 2307 3319 acie
2319 3293 2395 3321 auxi-

1288 3323 1359 3352 lium
1371 3322 1544 3358 haberemus,
1557 3323 1601 3352 sed
1614 3332 1643 3352 ut
1652 3323 1709 3361 ipsa
1717 3325 1790 3353 acies
1801 3323 1949 3353 subsidium
1958 3324 2071 3353 liaberet
2079 3325 2162 3354 etiam
2170 3328 2394 3359 transmarinum.

1268 3360 1420 3398 implorare
1432 3361 1575 3391 auxilium.
1601 3361 1671 3399 Virg.
1684 3373 1710 3396 4.
1733 3361 1793 3390 AEn.
1808 3366 1870 3397 ⁶¹7-
1914 3362 1944 3391 V.
1968 3373 2005 3390 riu
2018 3372 2030 3389 Ρ
2041 3373 2055 3390 ι.
2068 3373 2084 3391 o
2097 3372 2109 3390 i<
2120 3372 2146 3391 ο.

1269 3399 1403 3429 Invocare
1415 3399 1515 3429 auxilia
1525 3399 1655 3428 libertati.
1670 3399 1932 3435 Tacit.15.Anu.59.
1947 3399 2019 3429 Dum
2029 3400 2131 3430 auxilia
2138 3400 2260 3432 libertati
2271 3402 2393 3435 invocat.

1270 3435 1371 3472 Juvare
1384 3438 1497 3466 auxilio.
1523 3437 1552 3467 ln
1572 3447 1584 3471 J
1594 3447 1611 3466 υ
1622 3447 1636 3466 v
1646 3447 1672 3466 o.

1267 3473 1374 3505 Levare
1383 3475 1502 3512 aliquem
1517 3475 1629 3504 auxilio.
1653 3475 1725 3511 Virg.
1737 3484 1761 3503 2.
1782 3474 1842 3503 AEn.
1855 3484 1917 3509 452-

1269 3512 1383 3543 Mittere
1394 3513 1529 3543 auxilium
1541 3513 1634 3542 alicui.
1675 3512 1732 3542 Cic.
1743 3522 1794 3550 pro
1802 3511 1895 3541 Deiot.
1907 3521 1952 3542 22.
1981 3512 2198 3551 imperatoribus
2210 3517 2309 3547 nostris
2319 3518 2396 3547 auxi.

1286 3551 1324 3580 lia
1336 3551 1470 3580 mitteret.

1268 3589 1401 3619 Mutuari.
1442 3589 1473 3618 ln
1495 3599 1516 3618 M
1527 3598 1545 3617 u
1555 3598 1573 3616 T
1582 3598 1601 3616 τ
1609 3598 1627 3616 u
1636 3597 1656 3616 s.

1269 3626 1387 3664 Negare.
1410 3626 1495 3656 Ovid.
1511 3637 1551 3659 ις.
1574 3625 1639 3654 Met.
1653 3628 1717 3659 640.

1267 3665 1384 3695 Obstare
1392 3664 1495 3694 auxilio
1505 3686 1513 3698 ,
1536 3663 1675 3700 impedire
1685 3662 1829 3692 auxilium.
1853 3662 1952 3692 Claud.
1965 3672 1990 3693 2.
2004 3664 2040 3694 de
2050 3664 2131 3704 Rapt.
2143 3666 2214 3697 Pros.
2228 3678 2291 3705 ης.

1269 3703 1370 3733 Orbari
1381 3702 1492 3731 anxilio.
1517 3701 1576 3729 Cic.
1590 3710 1639 3738 pro
1655 3701 1761 3729 Aluren.
1774 3706 1817 3733 83.
1842 3700 1871 3729 V.
1896 3711 1912 3729 0
1924 3711 1938 3729 a
1949 3712 1962 3729 i<
1972 3712 1998 3730 o.
2086 3703 2088 3707 ⁴
2220 3729 2225 3737 ,

1268 3740 1431 3771 Ostendere.
1473 3740 1530 3768 Cic.
1544 3740 1639 3775 Anteq.
1650 3740 1701 3767 iret
1712 3739 1740 3767 in
1758 3738 1822 3767 exil.
1843 3749 1885 3771 2<.
1915 3739 1960 3769 Sic
1975 3750 2050 3770 nunc
2070 3742 2099 3771 in
2113 3743 2182 3772 meis
2197 3743 2313 3774 miseriis
2325 3745 2395 3775 <iivi-

1287 3789 1356 3808 num
1365 3777 1479 3814 aliquod
1489 3776 1623 3806 auxilium
1638 3778 1662 3805 Sc
1676 3786 1781 3805 numen
1792 3777 1939 3806 ostendite.

1269 3817 1381 3847 Parcere
1393 3814 1505 3843 auxilio.
1547 3814 1579 3843 ln
1610 3823 1739 3842 PARCO.
1771 3815 1846 3844 conf.
1863 3814 1959 3844 Deeffe
1975 3815 2033 3854 sup.

1268 3854 1413 3884 Perierunt
1422 3852 1517 3880 auxilii
1529 3860 1673 3888 tempora,
1692 3853 1746 3881 i.e.
1770 3852 1853 3883 Nulla
1869 3853 1989 3891 amplius
2007 3854 2088 3884 restat
2102 3856 2256 3887 auxiliandi
2274 3858 2391 3888 occasio.

1289 3892 1375 3921 Ovid.
1387 3890 1465 3918 Rem.
1478 3891 1568 3919 Amor.
1587 3899 1648 3926 107.

1269 3929 1366 3959 Petere
1374 3927 1520 3958 auxillum.
1540 3927 1556 3963 J
1560 3937 1640 3958 uven.
1653 3937 1695 3964 15.
1714 3927 1769 3957 Sat.
1784 3937 1846 3964 150.
1869 3929 1941 3967 Virg.
1953 3935 1979 3965 8.
1995 3930 2056 3961 AEn.
2070 3942 2112 3961 10.

1712 3965 1736 3995 R
1745 3976 1758 3994 r
1786 3975 1798 4003 ς
2303 3971 2398 4001 Petere
