2600 4177
62 691 317 725 CocNoMrNo.

506 126 536 160 C
636 128 672 161 O
769 127 801 161 G

99 205 174 235 Facit
192 206 238 237 liic
253 207 347 238 &liaec
363 206 560 242 Cognominis:
579 207 656 242 quod
679 213 772 238 autem
791 211 934 240 communi
955 221 1054 248 genere
1072 211 1101 240 in
1117 221 1132 240 iz
1146 211 1217 241 misit

100 244 249 274 ablativum
261 267 268 279 ,
291 245 370 273 metri
382 244 523 273 necessitas
539 244 614 273 fecit.

101 280 185 310 Filios
199 283 387 319 cognomines.
428 282 502 310 Suet.
518 281 607 310 Vitell.
620 291 682 319 cap.
696 291 721 311 2.
745 283 871 319 Quatuor
882 285 953 314 filios
967 287 1159 323 cognomines,
1183 296 1216 316 ac

119 324 228 348 tantum
240 318 454 357 praenoniinibus
467 320 610 358 distinctos
622 340 630 353 ,
651 319 770 355 reliquit.

63 354 111 384 Co
121 366 139 384 o
150 366 223 385 ΝΟΜ
235 368 248 385 iz
258 367 276 385 N
288 367 306 385 Τ
318 367 333 385 υ
343 368 380 388 Μ.
402 357 419 385 i.
442 367 469 385 ri.
500 357 663 391 [ὲπωιυμον]
689 357 765 386 idem
785 369 817 387 ac
837 359 1009 396 Cognomen.
1051 361 1136 390 Plaut.
1151 361 1212 390 Mil.

99 403 126 426 4.
137 402 162 421 2.
175 402 219 427 47.
242 394 356 423 Pulcher
366 393 445 422 salve.
487 404 536 422 ΡΥ.
558 403 652 423 meum
661 403 879 433 cognomentum
892 400 1128 428 commemoravit.
1154 400 1214 428 Cic.

101 439 127 459 2.
142 430 176 459 de
186 430 244 460 Fin.
262 443 285 467 5.
309 430 337 460 Si
346 439 392 459 aut
403 431 438 459 de
453 431 584 461 industria
595 432 679 461 facias
691 454 699 467 ‚
721 439 752 462 ut
766 434 923 465 Heraclitus
934 458 941 470 ,
963 444 1152 474 cognomento
1168 437 1215 474 qui

100 470 215 494 σκοτεινὸς
226 468 386 505 perhibetur
395 490 403 502 7
422 470 474 498 &C-

98 505 140 533 An
153 505 224 539 quali
234 505 534 542 Cognominamentum
545 507 559 535 ’ἔ
581 507 616 536 H.
629 507 668 536 St.

99 542 231 578 Accipere
242 551 459 579 cognomentum
468 544 594 580 alicujus.
634 545 723 575 Tacit.
744 555 786 581 15.
809 548 878 577 Ann.
891 557 936 584 74.
970 548 1127 587 Menfifque
1143 550 1218 587 Apri-

118 579 150 607 lis
162 580 280 609 Neronis
290 587 509 617 cognomentum
523 583 670 620 acciperet.

99 617 198 683 Augzri
209 625 406 685 cosgnomento.
446 619 536 649 Tacit.
549 629 589 649 12.
606 622 673 650 Ann.
684 623 728 650 26.
751 622 872 659 Augetur
883 624 1033 661 Agrippina
1048 634 1217 662 cognomen-

118 660 148 682 to
186 665 201 683 u
223 666 238 684 u
264 666 294 685 ae.

204 665 220 692 g
339 692 528 731 [ἐπυνομωέζω]
548 699 602 724 sire.
625 695 692 724 Plin.
705 695 754 726 lib.
767 706 812 726 21.
826 707 886 735 cap.
902 707 925 734 3.
957 699 1055 728 Suario
1073 700 1218 736 cognomi-

99 729 216 759 nabatur
228 753 235 765 ,
256 738 369 769 propter
382 732 588 762 similitudinem
604 733 691 762 Suarii
702 734 845 769 cujusdam
866 737 1052 773 negotiatoris.
1076 737 1152 766 Idem
1166 737 1214 766 lib.

99 776 144 811 29.
155 777 218 834 casp.
237 777 264 835 11..
284 769 341 799 Alia
349 770 433 799 factio
444 792 453 807 ‚
473 771 507 800 ab
522 772 720 809 experimentis
731 773 756 801 se
766 775 967 809 cognominans
978 774 1148 812 Empiricen‚
1161 785 1218 804 co:-

98 812 180 841 pitin
209 816 244 835 ici
259 817 291 836 ia.

62 841 108 870 Co
118 852 136 870 c
147 852 265 873 NoniN
275 849 290 873 Ᾰ
301 855 320 873 τ
330 855 347 874 υ
357 855 369 875 s
381 868 388 880 ‚
409 855 424 874 a
436 867 443 879 .
464 855 521 875 um.
543 841 733 882 [ἔπνομαιςός]
754 847 850 877 Partic.
873 848 931 877 Cic.
946 849 974 877 in
986 849 1076 879 Partit.
1092 859 1134 884 53.
1151 850 1218 879 Ver-

98 880 132 908 ba
143 882 274 917 ponenda
285 881 363 917 sunt,
384 893 444 919 qurc
460 884 515 912 vim
526 883 822 919 habeantillustrandi,
844 896 895 915 nec
913 888 947 915 ab
970 887 1019 916 usu
1044 888 1095 916 sint
1117 887 1217 917 ablior-

97 918 202 953 rentia,
222 921 330 957 gravia,
356 920 456 957 plena,
477 921 621 956 sonantia,
641 922 753 957 iuneta,
783 923 853 953 facta
867 946 876 958 ,
909 926 1106 961 cognominata
1119 947 1126 961 ,
1158 935 1216 954 non

97 955 208 991 vulgata
219 979 227 990 .
248 958 382 995 superlata
393 981 401 993 ,
422 959 450 987 in
460 959 608 997 primisque
619 959 758 989 translata.

98 992 205 1023 Divites
214 997 411 1032 cognominati.
442 997 509 1026 Plin.
521 997 569 1026 lib.
585 1006 627 1033 33.
640 1007 701 1034 cap.
717 1007 758 1027 10.
781 999 873 1028 Postea
885 1000 990 1030 Divites
1002 1001 1213 1036 cognominati,

117 1030 273 1062 dummodo
290 1042 389 1063 norum
399 1034 428 1063 fit
438 1056 446 1069 ,
468 1045 532 1064 eum
542 1037 589 1072 qui
600 1035 706 1073 primus
714 1038 854 1075 acceperit
869 1038 922 1067 lioc
932 1048 1090 1076 cognomen
1104 1061 1112 1074 ,
1134 1039 1219 1068 deco-

118 1068 186 1097 xiffe
196 1071 379 1101 creditoribus
393 1072 455 1101 suis.

62 1104 136 1149 Coc
146 1116 165 1134 N
175 1117 219 1150 0¹11
229 1118 292 1151 [ΝΛ
303 1118 340 1138 'ri
350 1119 367 1139 o
377 1131 386 1146 ,
407 1110 478 1140 onis.
499 1110 519 1140 f.
542 1110 630 1141 Afran.
649 1111 724 1149 apud
737 1111 860 1142 Nonium
875 1122 901 1142 2.
922 1122 983 1149 144.
1005 1113 1100 1143 Genus
1111 1123 1216 1152 cogno-

98 1152 267 1175 minationis.

5 1175 23 1186 ⁴¹
61 1180 267 1213 COGNosco
280 1207 287 1220 ‚
309 1185 353 1215 5νί
366 1207 373 1219 ,
390 1187 480 1221 itum,
514 1184 639 1221 [γνῶσκω
651 1208 659 1222 ‚
684 1184 797 1223 γνωθῖζω
810 1208 817 1221 ,
844 1187 999 1223 Rsgtyrvaimw
1011 1211 1019 1223 ‚
1051 1189 1216 1225 imprimam]

99 1220 154 1249 ὅτε.
176 1221 214 1250 est
234 1223 342 1260 (inquit
355 1224 478 1253 Donatus
487 1224 522 1252 ad
535 1224 632 1253 Heca.
644 1234 670 1254 2.
681 1225 693 1260 )
715 1224 868 1262 Diligenter
879 1228 905 1255 Sc
916 1233 1022 1255 attente
1032 1227 1214 1257 considerare.

98 1257 163 1287 Ter.
177 1260 244 1289 And.
258 1269 281 1297 3.
294 1273 319 1296 4.
333 1271 359 1297 7.
381 1261 509 1291 Tandem
522 1263 645 1298 cognosti
658 1262 704 1300 qui
717 1262 790 1291 siem.
831 1264 898 1293 Caes.
917 1275 941 1300 5.
952 1264 1020 1294 Bell.
1035 1265 1105 1295 Gall.
1120 1275 1145 1302 7.
1168 1266 1218 1295 Ni-

98 1295 157 1324 hilo
168 1302 260 1326 tamen
273 1298 358 1327 secius
370 1301 464 1328 omnia
479 1299 538 1334 ejus
550 1300 660 1329 consilia
671 1300 859 1337 cognosceret.

98 1333 273 1370 Cognoscere
288 1338 362 1365 recte
374 1336 528 1366 bonitatem
541 1344 623 1374 atque
638 1338 815 1375 prudentiam
836 1339 961 1375 alicujus.
984 1340 1041 1370 Cic.
1053 1350 1104 1378 pro
1115 1340 1213 1378 Quint.

96 1370 261 1410 Promptum
271 1374 308 1403 est
320 1374 495 1412 cognoscere.
525 1375 543 1404 i.
555 1385 578 1404 e.
599 1375 689 1405 Facile
698 1376 745 1406 est.
768 1377 853 1406 Ovid.
866 1387 889 1411 3.
905 1378 973 1407 Met.
986 1382 1030 1412 96.

193 1411 251 1440 Vox
261 1411 350 1441 subito
360 1413 453 1441 audita
464 1413 501 1442 est
509 1435 517 1446 ,
538 1423 629 1450 neque
640 1420 699 1443 erat
713 1415 879 1452 cognoscere
892 1422 1055 1454 promptum

191 1448 289 1483 Unde,
310 1449 357 1479 sed
374 1451 468 1480 audita
479 1451 532 1483 est.
549 1452 602 1480 &a

99 1485 189 1516 Facile
204 1487 382 1523 cognoscere.
405 1488 514 1518 Lucret.
525 1489 572 1518 lib.
583 1498 609 1519 2.
623 1498 687 1526 142.

97 1523 269 1554 Memoriter.
306 1525 336 1554 V.
359 1537 380 1554 M
390 1536 404 1555 Ε
413 1537 434 1555 M
444 1536 460 1555 o
471 1536 495 1556 R.

96 1561 217 1592 Penitus.
259 1562 290 1592 V.
312 1573 326 1591 P
336 1573 349 1592 a
359 1573 379 1592 N
389 1575 398 1592 1
408 1574 427 1593 T
438 1574 455 1594 υ
466 1574 488 1594 s.

97 1599 197 1630 Corde.
223 1599 330 1630 Lucret.
346 1601 393 1631 lib.
407 1613 431 1637 ς.
445 1608 509 1637 880.

179 1638 209 1666 ld
224 1638 289 1667 licet
300 1639 364 1668 hinc
376 1641 500 1677 quamvis
510 1639 604 1670 hebeti
612 1640 778 1679 cognoscere
790 1642 884 1672 corde.

96 1675 211 1705 Animus
220 1677 361 1714 cognoscit
371 1677 437 1708 liaec.
461 1678 568 1708 Lucret.
581 1678 629 1708 lib.
643 1688 668 1708 2.
679 1685 744 1715 839.

96 1712 242 1750 Perdism,
263 1714 410 1752 cognosco.
452 1715 514 1760 Cic:
533 1725 556 1760 ¹.·
574 1716 609 1746 de
624 1716 789 1761 Orat-,1592
807 1717 1020 1762 Perdiscendum
1044 1719 1089 1755 ius
1115 1719 1216 1756 civile,

97 1751 400 1827 εὲἳῖῗῗὲἒὲἔεὲὲῗὲῗ
410 1755 723 1830 ’ἔξέῗὲῖὲίἳέἶιῗᾞὲῗ
733 1759 979 1824 ἃέῗὲῗῗῖἵῗῗέὣὲὲ.
992 1804 1056 1823 222.

95 1827 227 1857 Studium
237 1829 438 1866 cognoscendae
449 1851 457 1865 ‚
479 1831 721 1868 percipiendaeque
729 1831 846 1861 virtutis.
868 1831 926 1862 Cic.
940 1842 963 1861 1.
979 1832 1014 1861 de
1023 1832 1100 1862 Orat.
1113 1841 1178 1869 204.

97 1865 277 1903 Experiendo
290 1868 374 1904 magis
385 1877 468 1903 quam
479 1867 610 1897 discendo
620 1869 794 1905 cognoscere.
817 1869 874 1898 Cic.
893 1879 916 1899 1.
929 1870 1003 1899 Fam.
1014 1879 1040 1907 7.
1055 1877 1124 1900 extr.

96 1903 252 1941 Perspicere
264 1905 464 1942 &cognoscere
473 1915 562 1935 rerum
572 1913 705 1935 naturam.
730 1906 788 1936 Cic.
804 1917 827 1936 1.
842 1907 900 1937 Off.
916 1920 924 1936 r
934 1918 976 1944 54.

96 1940 140 1970 De
150 1941 242 1979 aliquo
254 1943 429 1979 cognoscere.
470 1944 487 1973 i.
506 1953 530 1973 e.
555 1943 594 1973 De
607 1943 689 1973 rebus
701 1944 825 1980 alicujus.
865 1945 924 1975 Cic.
939 1956 963 1980 ς.
984 1946 1037 1974 Att.
1048 1954 1094 1974 21.
1123 1946 1217 1976 Habes

113 1979 227 2009 consilia
238 1981 336 2015 nostra,
346 1990 421 2010 nunc
430 1981 566 2018 cognosce
581 1982 616 2010 de
627 1981 719 2012 Bruto.
745 1983 790 2011 i.e.
805 1983 915 2020 Accipe.
929 1983 994 2012 Caes.
1005 1993 1030 2019 7.
1043 1983 1184 2014 BelLGall.
1192 1994 1216 2014 1.

115 2017 148 2047 In
158 2017 266 2084 t{ltaliam
277 2019 311 2047 ad
323 2026 477 2049 conventus
491 2020 615 2057 agendos
628 2020 818 2058 proficiscitur.
859 2021 902 2051 lbi
920 2020 1064 2058 cognoscit
1073 2022 1108 2051 de
1121 2022 1217 2051 Clodii

115 2065 154 2085 erc
177 2065 201 2085 e.

94 2092 229 2124 Desalute
238 2093 364 2129 alicuius.
404 2094 463 2124 Cic.
472 2094 586 2138 4.·Fam.
596 2105 623 2131 4.
654 2094 696 2125 De
711 2095 837 2125 Marcelli
849 2096 963 2134 collegae
976 2097 1017 2126 tui
1029 2095 1114 2127 salute
1132 2097 1218 2136 paulo

113 2138 179 2160 ante
191 2153 199 2167 ‚
220 2142 302 2169 quam
317 2140 346 2162 tu
358 2155 365 2166 ,
386 2142 578 2170 cognovrmus.

95 2169 136 2199 Ex
144 2169 237 2207 aliquo
247 2170 411 2207 cognoscere
420 2170 532 2208 aliquid.
572 2170 631 2201 Cic.
641 2180 667 2201 2.
684 2171 759 2201 Fam.
773 2181 814 2201 ιο.
838 2171 994 2202 Certiffima
1012 2171 1135 2210 putabo,
1156 2183 1218 2210 quae

114 2217 150 2237 ex
161 2214 189 2237 te
201 2218 233 2238 co
254 2219 333 2238 noro.

95 2245 138 2276 De
153 2251 212 2275 toto
222 2219 289 2276 stgatu
303 2256 395 2276 rerum
409 2246 603 2276 communium
615 2255 649 2275 ex
661 2245 755 2284 aliquo
769 2246 943 2284 cognoscere.
966 2247 1025 2278 Cic.
1040 2257 1065 2278 1.
1079 2247 1154 2279 Fam.
1167 2254 1196 2283 8.

95 2283 178 2313 Casus
187 2284 362 2321 cognoscere.
387 2284 458 2321 Virg.
472 2294 497 2313 2.
517 2284 577 2314 [En.
594 2293 635 2313 10.

173 2322 230 2351 Sed
240 2322 258 2351 si
271 2329 363 2351 tantus
374 2332 451 2351 amor
462 2321 536 2351 casus
548 2321 713 2359 cognoscere
723 2323 839 2359 nostros,

176 2360 210 2389 Et
221 2360 340 2390 breviter
350 2360 442 2396 Trojae
451 2359 609 2398 supremum
624 2360 719 2389 audire
733 2360 869 2391 laborem.

95 2396 195 2428 Causas
206 2399 381 2435 cognoscere.
405 2398 478 2435 Virg.
494 2407 518 2433 3.
536 2398 634 2434 Georg.
651 2408 716 2433 490.

175 2435 263 2470 Felix,
286 2437 330 2473 qui
346 2436 437 2474 potuit
446 2445 537 2465 rerum
547 2435 713 2472 cognoscere
726 2435 828 2466 causas.

95 2473 297 2504 Conditionem
306 2473 443 2503 societatis
454 2473 603 2510 diligenter
613 2473 790 2511 cognoscere.
815 2474 874 2503 Cic.
886 2483 936 2511 pro
946 2474 1026 2504 Rosc.
1038 2475 1118 2505 Com.
1135 2484 1178 2513 31.

94 2511 180 2541 curas
191 2518 288 2541 tenues
297 2511 474 2549 cognoscere,
486 2511 593 2540 Discere
602 2521 645 2541 res
652 2513 773 2541 minutas
784 2512 810 2541 &
819 2511 905 2542 leves.
921 2512 993 2550 Virg.
1009 2523 1032 2544 1.
1046 2513 1214 2552 Georg.177.

173 2549 282 2579 Poffum
293 2550 382 2579 multa
395 2549 445 2578 tibi
454 2555 579 2579 veterum
591 2556 730 2587 praecepta
742 2549 841 2578 referre
852 2572 860 2584 ,

173 2587 212 2616 Ni
224 2588 325 2624 refugis
336 2609 345 2623 ,
368 2587 518 2624 tenuesque
529 2588 565 2625 pi*
579 2594 607 2616 et
620 2587 786 2625 cognoscere
798 2597 888 2617 curas.

94 2624 145 2661 Jus
163 2625 244 2655 civile
259 2626 336 2654 domi
349 2632 533 2663 cognoverat,
581 2625 707 2656 idicerat.
727 2625 786 2655 Cic.
801 2626 837 2655 de
846 2625 917 2656 Clar.
930 2625 1006 2658 Orat.
1018 2632 1063 2664 98.

92 2663 251 2692 Rationem.
275 2663 335 2693 Cic.
351 2674 375 2699 5.
399 2664 453 2693 Att.
467 2674 494 2699 4.

93 2700 189 2730 Ritum
199 2700 266 2730 sacri
277 2700 451 2738 cognoscere.
474 2700 560 2730 Ovid.
574 2703 600 2730 6.
618 2699 686 2730 Fast.
700 2710 763 2735 511.

93 2738 268 2776 Cognoscere
276 2739 364 2776 qualis
377 2746 473 2768 natura
482 2739 513 2768 sit
524 2739 637 2768 montis.
678 2738 736 2768 Cic.
752 2748 776 2768 1.
792 2737 860 2768 Bell.
874 2738 943 2768 Gall.
955 2749 1000 2770 21.
1028 2740 1128 2778 Qualis
1138 2748 1216 2773 natu-

113 2787 142 2806 ra
153 2778 255 2806 montis
267 2799 275 2811 ,
297 2779 322 2807 &
334 2778 420 2814 qualis
433 2777 461 2806 in
473 2777 591 2806 circuitu
603 2776 728 2806 ascensus
737 2798 746 2811 ,
767 2777 814 2814 qui
823 2777 1021 2814 cognoscerent
1033 2780 1113 2810 misit.

93 2814 266 2852 Cognoscere
275 2824 311 2844 ex
321 2815 438 2850 litteris,
463 2815 570 2844 nuntiis
584 2836 592 2849 ,
614 2815 641 2844 &
657 2814 789 2844 similibus
803 2837 812 2849 ,
834 2824 884 2852 pro
902 2815 1057 2853 Intelligere
1073 2819 1099 2847 δι
1118 2819 1217 2848 certio-

112 2863 170 2882 rem
179 2853 248 2882 fieri.
290 2853 347 2882 Cic.
363 2863 404 2889 14-
420 2853 496 2882 Fam.
510 2863 533 2888 5.
557 2852 684 2889 Cognovi
700 2853 776 2882 enim
796 2862 832 2882 ex
842 2852 995 2882 multorum
1011 2855 1162 2885 amicorum
1174 2857 1219 2886 lit-

112 2891 180 2920 teris
190 2913 198 2927 ,
219 2901 285 2928 quas
297 2913 304 2925 ‚
315 2892 368 2921 Sco.
408 2890 487 2920 Idem
502 2900 524 2920 1.
540 2890 615 2920 Fam.
629 2900 653 2925 ς.
675 2890 730 2920 Hic
740 2900 800 2927 quae
808 2897 933 2934 agantur,
954 2901 1070 2930 quaeque
1082 2895 1142 2924 acta
1151 2895 1213 2931 sint,

110 2938 144 2958 ea
154 2935 182 2958 te
196 2931 222 2959 &
235 2929 333 2959 litteris
342 2928 496 2958 multorum
507 2930 534 2958 δι
549 2929 653 2958 nuntiis
671 2928 838 2965 cognoscere
851 2929 977 2958 arbitror.

94 2966 271 3005 Cognoscere
282 2977 317 2996 ex
326 2966 470 2997 annalium
487 2966 685 2996 monumentis.
710 2967 770 2995 Cic.
783 2966 812 2995 in
825 2965 949 2996 Hortens.
965 2967 1071 3006 Fragm.

92 3004 134 3034 Ex
146 3005 222 3034 libris
232 3004 349 3041 alicujus
367 3004 475 3041 aliquos
485 3003 662 3042 cognoscere.
683 3003 744 3033 Cic.
758 3015 782 3039 ς.
801 3004 875 3033 Fam.
893 3013 933 3033 ιι.
1013 3043 1019 3050 .

91 3043 203 3080 Aliquid
213 3052 248 3073 ex
260 3052 298 3078 re,
319 3052 354 3072 ex
364 3042 444 3072 factis
453 3042 571 3079 alicujus
580 3064 588 3076 ‚
606 3041 779 3079 decretisque
789 3041 964 3079 cognoscere.
986 3042 1046 3072 Cic.
1059 3053 1084 3080 7.
1099 3043 1173 3074 Verr.
1187 3055 1214 3081 9.

91 3080 220 3112 Clamore
230 3080 335 3117 aliquid
343 3080 517 3119 cognoscere.
557 3079 647 3110 Tacit.
662 3088 705 3110 12.
718 3080 790 3109 Ann.
800 3089 846 3115 24.
869 3080 955 3116 Quod
975 3080 1024 3110 ubi
1040 3080 1160 3112 clamore
1170 3093 1218 3112 co.

129 3120 218 3149 nitum
256 3120 309 3148 stc.

90 3129 269 3194 cffignosci'in
283 3156 420 3194 optimam
432 3162 541 3194 partem
551 3155 682 3192 aliquem.
722 3155 782 3185 Cic.
793 3165 819 3185 2.
830 3155 888 3184 Off.
901 3158 947 3191 46.
973 3155 1114 3186 Facillime
1123 3163 1218 3189 autem

111 3196 138 3224 ἃ
150 3195 181 3223 in
191 3195 327 3232 optimam
338 3201 445 3232 partem
457 3194 661 3232 cognoscuntur
672 3192 861 3223 adolescentes
872 3215 880 3228 ,
902 3193 949 3231 qui
960 3192 987 3223 se
997 3194 1033 3223 ad
1042 3194 1132 3224 claros
1144 3197 1170 3226 ἃ
1180 3196 1218 3226 sa.

110 3233 220 3270 pientes
233 3233 306 3261 viros
317 3233 389 3261 bene
399 3232 575 3261 consulentes
584 3231 705 3269 Reipub.
716 3231 905 3260 contulerunt.

93 3269 270 3307 Cognoscere
281 3292 289 3306 ,
310 3279 361 3307 pro
374 3269 600 3305 jurisdictionem
611 3278 748 3299 exercere.
789 3268 865 3298 Suet.
878 3269 906 3297 in
918 3267 1017 3298 Claud.
1029 3278 1071 3305 33.
1104 3270 1217 3308 Cogno-

112 3308 190 3338 scens
204 3309 233 3337 in
243 3308 351 3344 Augusti
362 3308 442 3343 foro,
463 3309 550 3338 tactus
568 3308 668 3336 nidore
683 3307 811 3344 prandii.
833 3307 908 3343 quod
925 3307 954 3335 in
973 3309 1094 3337 maxima
1116 3309 1216 3339 Martis

112 3347 172 3376 aede
181 3346 260 3376 Saliis
269 3345 449 3383 apparabatur
460 3367 469 3381 ,
490 3345 597 3375 deserto
608 3344 750 3380 tribunali,
763 3344 927 3374 conscendit
935 3344 971 3373 ad
982 3344 1146 3382 sacerdotes,
1159 3348 1212 3378 &c-

92 3383 266 3422 Cognoscere
278 3385 313 3413 de
323 3383 391 3412 actis
400 3383 517 3418 alicujus
526 3405 533 3417 ‚
555 3383 631 3420 quod
645 3382 742 3419 vulgus
753 3405 760 3416 ,
778 3382 928 3412 informare
939 3382 966 3411 se
975 3404 983 3417 ‚
997 3382 1074 3413 dicit.
1096 3384 1154 3414 Cic.
1168 3389 1212 3415 16.

111 3423 166 3452 Att.
184 3431 225 3459 17.
249 3421 320 3458 Lege
330 3422 355 3451 δι
364 3420 597 3451 senatusconsulto
607 3420 765 3458 permissum
775 3426 846 3455 erat,
868 3425 898 3449 ut
910 3420 946 3449 de
959 3420 1025 3450 actis
1044 3421 1154 3452 Caesaris
1168 3432 1214 3452 co.

112 3459 277 3497 gnoscerent
288 3481 296 3495 ,
318 3459 468 3488 statuerent
480 3481 488 3494 ,
508 3459 674 3494 iudicarent.
927 3495 933 3500 .

93 3497 266 3535 Cognoscere
277 3497 312 3527 de
319 3507 348 3526 re
357 3496 458 3534 aliqua.
480 3496 539 3526 Cic.
553 3505 577 3531 3.
590 3496 665 3526 Verr.
674 3504 720 3532 27.
742 3495 777 3525 Se
787 3495 822 3524 de
834 3494 992 3525 haereditate
1011 3495 1082 3525 velle
1099 3498 1213 3534 cognos-

111 3545 191 3572 cere,
212 3545 272 3573 quae
293 3535 355 3572 ejus
371 3534 429 3564 filio
445 3544 460 3564 a
478 3535 638 3573 propinquo
659 3533 781 3563 homine.
803 3532 974 3571 Apollodoro
994 3533 1151 3571 Laphirone
1167 3546 1212 3566 ve.

111 3572 201 3603 nisset.

91 3610 192 3640 Causas
202 3610 366 3648 diligenter,
386 3608 560 3648 penitusque.
581 3608 641 3638 Cic.
654 3617 681 3639 2.
693 3608 729 3638 de
740 3608 817 3639 Orat.
829 3617 881 3652 99..
936 3646 943 3652 ⁶
1175 3649 1181 3656 .

93 3647 207 3678 Causam
218 3648 332 3685 alicujus
342 3647 518 3685 cognoscere.
559 3646 616 3676 Cic.
632 3656 674 3678 11.
687 3647 741 3677 Att.
753 3657 778 3684 7.
801 3644 998 3684 Prohiberique
1013 3647 1208 3686 omnesltaha,

52 3715 56 3717 .
111 3686 161 3714 nili
172 3696 287 3722 quorum
302 3686 358 3724 ipse
370 3686 478 3716 causam
487 3683 665 3728 cognovisset.
914 3722 919 3728 .
964 3722 970 3728 ¹
1049 3723 1055 3728 ἱ
1076 3723 1082 3729 ·

91 3723 191 3753 Causas
200 3724 364 3760 cognoscere
374 3733 437 3753 cum
447 3723 549 3761 aliquo.
590 3722 649 3751 Cic.
662 3731 688 3751 2.
705 3721 761 3750 Off.
774 3727 818 3756 8²-
848 3720 984 3751 Adhibuit
1007 3721 1055 3751 fibi
1075 3733 1104 3752 in
1123 3725 1211 3754 consi-

109 3761 181 3790 lium
193 3755 353 3798 quindecim
367 3762 507 3800 principes
516 3784 524 3796 ,
545 3770 609 3789 cum
620 3760 719 3797 quibus
728 3759 820 3788 causas
831 3760 963 3796 cognovit
975 3781 984 3795 ‚
1006 3761 1033 3790 ὁὶ
1051 3770 1147 3792 eorum
1160 3763 1210 3800 qui

112 3798 203 3828 aliena
211 3800 357 3834 tenebant,
379 3801 404 3829 &
416 3809 513 3829 eorum
525 3798 570 3837 qui
580 3797 625 3827 sua
636 3796 791 3826 amiserant.
859 3834 864 3840 ¹

91 3836 285 3873 Cognoscebat
303 3843 396 3867 autem
414 3837 449 3866 de
467 3836 568 3867 talibus
584 3835 687 3870 causis,
708 3840 802 3864 taxato
823 3843 899 3872 prius
915 3834 1004 3864 modo
1022 3834 1152 3873 summae,
1173 3838 1210 3867 ad

112 3884 194 3911 quam
203 3874 406 3904 conficiendam
416 3875 580 3904 consideret.
603 3873 717 3902 Sueton.
729 3873 758 3901 in
770 3872 828 3902 Cal.
841 3877 883 3915 38.
910 3871 945 3901 H.
958 3872 996 3903 St.

91 3911 264 3950 Cognoscere
274 3934 283 3945 ,
304 3912 425 3942 Verbum
437 3913 578 3950 pertinens
586 3911 621 3940 ad
630 3910 754 3953 judicem
769 3931 777 3945 ‚
799 3917 830 3940 ut
848 3910 955 3940 dietum
971 3910 1010 3941 est
1021 3932 1029 3947 ‚
1050 3911 1114 3942 Seu.
1126 3911 1205 3944 Med.

110 3950 303 4019 4.vSijudiIcas
315 3972 323 3987 ,
341 3951 497 3988 cognosce:
520 3950 539 3979 si
551 3958 649 3987 regnas
664 3970 673 3985 ,
692 3949 768 3986 Jube.

174 3997 192 4018 o
203 3999 228 4018 L.
264 4010 272 4020 .

1671 133 1700 167 C
1795 135 1830 168 O
1928 136 1961 169 G
2365 148 2431 187 561

1308 213 1480 249 Cognoscere
1498 214 1675 244 instrumenta
1688 237 1695 249 ,
1716 215 1754 244 est
1769 215 1901 252 Relegcre
1922 218 1947 246 δε
1963 219 2164 255 recognoscere.
2206 222 2270 260 Uip.
2284 224 2313 253 in
2328 224 2346 252 l.
2380 226 2435 255 Co-

1327 252 1464 288 gnoscere.
1490 252 1520 280 D.
1542 252 1577 280 de
1591 254 1664 281 verb.
1680 255 1705 281 ὁὶ
1719 263 1769 282 rer.
1787 254 1900 290 siguino.

1309 289 1350 317 De
1364 289 1627 322 caulkczignoscere.
1668 290 1731 327 Ulp.
1757 292 1816 320 inl.
1843 291 1874 320 Et
1884 292 1944 327 post
1957 293 2090 323 edicium.
2112 295 2145 324 D.
2165 297 2325 333 deJuJiciis
2339 321 2346 333 ,
2368 300 2434 330 Non

1329 327 1424 367 urique
1438 327 1521 359 iudex
1533 329 1579 364 qui
1592 329 1627 356 de
1640 328 1764 363 judicato
1776 329 1919 366 cognoscit
1932 352 1940 365 ,
1964 331 2048 359 debet
2060 333 2094 361 de
2108 333 2229 363 Praetoris
2241 335 2377 366 sententia
2386 349 2435 368 cu-

1332 367 1471 397 gnoscere.

1311 401 1353 429 De
1366 401 1510 439 privilegio
1519 402 1699 432 Sacerdotum
1721 403 1896 440 cognoscere.
1919 405 1993 434 Suet.
2006 406 2071 442 Aug.
2086 417 2129 441 93.
2153 408 2222 437 Cum
2235 411 2327 446 postea
2338 411 2435 442 Roniae

1331 439 1519 474 protribunali
1534 441 1568 468 de
1581 441 1725 476 privilegio
1738 441 1910 472 sacerdotum
1927 444 2019 472 Attica·
2029 446 2136 474 Cereris
2144 448 2322 482 cognosceret
2333 471 2341 483 ,
2359 452 2412 480 ἃς.

1311 476 1426 540 Βιῖνῷὶ
1436 479 1603 514 proprietate
1617 480 1654 506 rei
1668 479 1842 516 cognoscere.
1866 481 2072 511 Callistratusin
2087 483 2105 512 l.
2128 484 2155 512 Si
2174 486 2209 513 de
2227 487 2262 514 vi.
2285 486 2316 515 l).
2336 488 2371 516 de
2386 489 2433 522 ,lu-

1331 523 1340 540 (
1353 523 1420 541 icus.

1311 550 1484 586 Cognoscere
1495 553 1521 580 Sc
1533 554 1723 587 pronuntiare.
1764 554 1828 592 Ulp.
1848 556 1878 584 in
1900 555 1917 585 l.
1938 556 1969 585 ln
1980 559 2179 595 peremptorio.
2203 559 2235 588 D.
2248 560 2432 598 delumens,

1330 588 1559 626 inpereniptorio
1570 598 1662 619 autem
1676 593 1862 623 comminatur
1874 594 1896 622 is
1908 595 1954 630 qui
1974 595 2095 625 edictum
2119 597 2194 632 edit,
2215 600 2300 627 etiam
2320 600 2434 631 absente

1331 625 1435 654 diverssi
1445 635 1522 662 parte
1532 629 1708 663 cogniturum
1718 630 1744 658 se
1756 632 1782 658 ὅ(
1793 633 2047 666 pronuntiaturum.

1312 663 1486 698 Cognoscere
1496 685 1503 698 ,
1527 674 1576 700 pro
1591 667 1750 701 Agnoscere.
1791 668 1856 698 Ter.
1869 669 1936 698 Eun.
1953 681 1976 705 ς.
1990 680 2015 700 2.
2027 676 2052 706 8.
2078 671 2119 702 Ita
2130 671 2296 704 miserrimus
2308 676 2347 705 fui
2365 676 2436 714 fugi-

1330 701 1416 729 tando
1429 711 1463 729 iic
1475 702 1535 737 quis
1543 712 1587 730 me
1598 704 1787 739 cognosceret.
1828 706 1962 736 Donatus.

1313 738 1426 767 Amores
1437 738 1498 767 suos
1509 740 1683 775 cognoscere.
1725 743 1808 772 Ovid.
1823 755 1849 778 4·
1867 744 1934 774 Met.
1948 754 2008 781 137.
2039 747 2056 775 i.
2069 755 2093 775 e.
2116 748 2243 778 Amicum
2265 749 2366 787 suum,
2387 752 2432 782 vel

1331 776 1449 804 amicam
1459 797 1467 809 ,
1492 777 1528 804 de
1538 777 1644 806 Thisbe
1656 789 1714 815 quse
1727 779 1870 816 Pyramum
1884 783 2042 813 inveniebat
2058 783 2150 819 gladio
2165 795 2349 825 peremptum.

1311 812 1522 842 Humanitatem
1532 814 1649 851 alicujus
1660 837 1668 851 ,
1691 818 1765 853 quod
1778 819 1927 855 gratulatus
1939 821 1987 856 sit,
2010 822 2185 857 cognoscere.
2208 826 2265 853 Cic.
2282 836 2303 855 1.
2317 826 2390 856 Fam.
2404 836 2432 862 7.

1311 849 1378 879 Vice
1387 850 1520 880 sermonis
1529 853 1696 889 cognoscere
1704 855 1833 891 aliquem.
1874 857 1960 887 Ovid.
1972 869 1999 895 4.
2012 860 2093 890 Trist.
2105 871 2132 897 4.
2144 870 2190 898 79.
2234 862 2262 892 h.
2276 873 2300 893 e.
2324 864 2364 893 Ex
2381 864 2436 895 ser-

1330 897 1415 917 mone
1425 889 1581 925 agnoscere.

1309 925 1409 955 Tellus
1422 926 1564 963 cognoscit
1574 927 1712 958 alumnos.
1733 929 1800 960 Stat.
1814 940 1840 966 4.
1851 930 1942 962 Theb.
1955 938 2019 970 638.

1311 963 1353 993 Os
1363 973 1420 992 non
1433 965 1669 1001 cognoscendum.
1690 967 1774 996 Ovid.
1790 978 1832 1034 ¹1²?
1851 969 1921 1000 Met.
1934 980 1998 1006 251.

1702 1021 1739 1025 -—
1750 1008 1775 1035 δέ
1786 1016 1803 1034 o
1827 1016 1842 1034 a

1391 1039 1456 1069 Non
1467 1039 1663 1078 cognoscendo
1672 1043 1784 1072 confusa
1794 1044 1904 1081 reliquit
1913 1045 1940 1074 in
1954 1056 2012 1076 ore.

1310 1076 1426 1114 Signum
1446 1078 1551 1113 (suum)
1564 1080 1739 1116 cognoscere.
1762 1082 1819 1111 Cic.
1831 1091 1856 1118 3.
1868 1084 1895 1111 in
1906 1084 1985 1113 Catil.
2002 1095 2044 1114 ιο.

1312 1115 1411 1144 Virum
1421 1116 1582 1152 cognoviss'e
1595 1118 1696 1146 dicitur
1707 1118 1827 1156 illa,quze
1839 1129 1902 1149 cuin
1914 1122 1974 1150 viro
1984 1132 2040 1151 rem
2050 1123 2432 1167 habuit.Ovid.6.Epist.133.'

1404 1153 1589 1191 Turpiterilla
1603 1156 1691 1184 virum
1703 1158 1855 1194 cognovit,
1879 1158 2002 1189 adultera
2016 1162 2100 1197 virgo.

1310 1190 1396 1221 Nulla
1404 1201 1468 1222 curn
1484 1193 1592 1221 ratione
1600 1194 1667 1222 vivae
1680 1194 1778 1224 afferre
1788 1196 1845 1225 vim
1861 1196 1963 1233 pollet,
1984 1199 2138 1234 jugulavit,
2159 1201 2366 1240 jugulatamque
2386 1215 2434 1235 co-

1327 1230 1433 1265 gnovit.
1475 1230 1614 1259 Pontanus
1634 1231 1669 1260 de
1698 1233 1872 1263 immanitate
1891 1238 1955 1269 607.
1991 1236 2036 1265 Sic
2056 1239 2080 1266 Sc
2103 1237 2178 1267 alibi.
2201 1240 2234 1269 H.
2245 1241 2283 1270 St.
2304 1243 2352 1272 fol.
2368 1252 2431 1279 3²2·

1329 1267 1356 1296 b.
1371 1266 1440 1297 Aldi.
1482 1267 1512 1297 V.
1535 1268 1611 1297 Grot.
1626 1269 1659 1297 ad
1670 1269 1770 1299 Matth.
1784 1282 1805 1300 i.
1820 1281 1864 1307 23.
1884 1272 1948 1301 Non
1961 1273 2069 1311 prorsus
2078 1276 2178 1305 eodem
2191 1279 2374 1309 niodotamen
2386 1292 2434 1310 an-

1329 1305 1400 1342 tiqui
1409 1305 1463 1334 'noc
1475 1305 1561 1335 verbo
1572 1307 1600 1335 in
1613 1316 1644 1335 ea
1654 1307 1852 1344 significatione
1862 1316 1976 1340 utuntur
1986 1333 1994 1345 ,
2017 1318 2098 1348 atque
2113 1313 2290 1345 Ecclesiastici
2299 1339 2307 1353 ,
2329 1325 2359 1347 ut
2375 1319 2432 1349 col-

1329 1342 1391 1372 latis
1401 1343 1537 1381 exemplis
1549 1344 1690 1374 constabit.
1731 1347 1807 1376 conf.
1830 1348 1965 1378 Notitiam
1977 1349 2077 1378 habere
2090 1351 2118 1379 in
2142 1361 2160 1379 N
2170 1362 2186 1380 o
2195 1362 2207 1381 s
2217 1363 2233 1381 c
2242 1363 2270 1383 o.

1311 1379 1486 1417 Cognoscere
1499 1403 1507 1416 ‚
1529 1381 1661 1420 Experiri.
1700 1383 1759 1414 Cic.
1776 1394 1818 1422 13.
1838 1386 1911 1415 Fam.
1926 1396 1970 1416 21.
1994 1387 2146 1418 Hominem
2157 1391 2325 1427 prudentem
2337 1394 2362 1422 &
2373 1394 2435 1422 offi·

1331 1418 1435 1448 ciosum
1449 1419 1598 1456 cognosces
1612 1442 1619 1455 ,
1641 1421 1793 1458 &dignum
1809 1424 1856 1461 qui
1868 1433 1882 1452 a
1892 1431 1919 1453 te
1931 1425 2069 1461 diligatur.

1311 1455 1409 1485 Virum
1419 1458 1557 1494 optimum
1571 1458 1804 1497 gratissimumque
1814 1461 1981 1497 cognoscere
1990 1463 2121 1500 aliquem.
2144 1465 2202 1494 Cic.
2217 1475 2259 1502 13.
2278 1467 2352 1497 Fam.
2365 1478 2410 1498 20.

1311 1493 1399 1524 Divos
1410 1494 1555 1531 praesentes
1566 1496 1741 1532 cognoscere,
1753 1498 1892 1528 Auxilium
1902 1500 2028 1529 divorum
2039 1502 2147 1532 sentire.
2171 1503 2273 1541 Virg.1.
2287 1505 2430 1543 Eclog.4a.

1406 1532 1466 1562 Nec
1475 1539 1531 1562 tam
1543 1534 1688 1570 praesentes
1698 1535 1763 1564 alibi
1774 1537 1943 1574 cognoscere
1952 1539 2042 1569 divos.

1311 1569 1367 1599 Res
1378 1570 1515 1600 humanas
1523 1578 1752 1602 contemnentem
1763 1595 1771 1609 ,
1793 1576 1819 1604 δι
1831 1575 1937 1613 optime
1948 1584 2045 1606 contra
2055 1577 2198 1608 fortunam
2207 1587 2333 1617 paratum
2348 1591 2435 1613 arma-

1330 1614 1446 1645 tumque
1457 1609 1624 1645 cognoscere
1635 1609 1765 1647 aliquem.
1788 1612 1846 1642 Cic.
1863 1623 1887 1649 5.
1902 1613 1975 1643 Fam.
1992 1623 2034 1651 13.

1311 1645 1344 1675 In
1357 1646 1563 1683 cognoscendo.
1605 1647 1634 1677 V.
1658 1659 1667 1676 1
1676 1657 1705 1677 N.

1311 1683 1476 1749 Pglrangusto
1487 1684 1559 1714 freto
1569 1685 1673 1721 divisa,
1696 1685 1847 1724 servitutis,
1869 1698 1901 1718 ac
1912 1688 2045 1720 libertatis
2056 1691 2116 1727 jura
2131 1692 2308 1729 cognoscere.
2330 1695 2388 1726 Cic.
2405 1705 2431 1733 7.

1356 1731 1407 1751 err.
1426 1725 1486 1757 169.

1313 1759 1502 1797 Cognoscere,
1523 1760 1663 1799 Inspicere
1673 1763 1699 1792 &
1711 1762 1852 1793 aestimare.
1871 1765 1930 1794 Cic.
1942 1775 1992 1803 pro
2005 1766 2104 1802 Quint.
2116 1775 2140 1803 3.
2163 1767 2312 1805 Temporis
2320 1772 2434 1806 quidem

1331 1803 1407 1827 certe
1416 1798 1462 1826 vix
1473 1798 1535 1828 satis
1545 1799 1647 1833 habui,
1668 1806 1699 1829 ut
1707 1810 1765 1830 rem
1776 1808 1893 1835 tantam,
1913 1810 1956 1832 tot
1966 1805 2158 1835 controversiis
2170 1806 2350 1844 implicatam,
2373 1810 2435 1846 pos-

1332 1835 1387 1864 sem
1399 1836 1575 1871 cognoscere.
1598 1837 1725 1869 Budaeus.

1311 1872 1479 1910 Cognoscite
1492 1896 1500 1909 ,
1524 1884 1574 1912 pro
1584 1876 1696 1905 Attente
1705 1876 1809 1906 audite.
1851 1877 1909 1908 Cic.
1923 1888 1949 1914 4.
1962 1878 2036 1909 Verr.
2048 1883 2094 1910 26.
2115 1880 2257 1918 Quantam
2269 1883 2435 1921 potestatem

1332 1911 1478 1947 habuerit,
1497 1913 1615 1943 videtis:
1638 1923 1706 1951 quas
1717 1924 1760 1943 res
1772 1914 1898 1952 gesserit,
1920 1917 2088 1954 cognoscite.

1312 1949 1355 1978 Ad
1364 1949 1590 1986 cognoscendum
1598 1951 1701 1981 venire.
1723 1952 1782 1982 Cic.
1799 1963 1821 1982 1.
1833 1953 1869 1982 de
1881 1954 1957 1984 Orat.
1969 1965 2031 1987 ποι.

1312 1986 1464 2024 Cognitum
1474 2009 1481 2022 ‚
1501 1989 1615 2025 cognitu
1626 2011 1634 2024 ,
1654 1989 1744 2027 supin.
1766 2000 1781 2019 a
1796 1990 1952 2028 Cognosco.
2000 1993 2109 2028 Festus,
2131 1994 2251 2031 Cognitu
2274 1995 2365 2026 facilia
2388 2007 2436 2027 ea·

1331 2025 1396 2055 dem
1411 2026 1519 2055 ratione
1530 2027 1646 2062 dicitur,
1667 2037 1720 2065 qua
1732 2027 1815 2057 Dic'tu
1823 2029 1915 2059 facilia
1925 2052 1931 2062 .
1954 2031 1981 2059 δι
1999 2030 2142 2070 perspectu
2154 2055 2161 2065 ,
2184 2035 2210 2062 ἃ
2230 2034 2311 2064 Ρᾶᾶιι
2327 2034 2431 2065 facilia.

1330 2062 1410 2098 [Sed
1419 2064 1541 2093 nominis
1553 2065 1669 2095 verbalis
1685 2065 1792 2095 sextum
1813 2066 1906 2097 casum
1925 2067 1980 2097 effe
1996 2069 2102 2099 docent
2119 2070 2254 2106 juniores.
2296 2072 2326 2101 V.
2348 2074 2434 2110 paulo

1330 2100 1402 2130 infra
1429 2111 1639 2139 cochTus,
1660 2113 1702 2139 us,
1730 2114 1768 2133 m.

1273 2137 1296 2167 C
1304 2147 1321 2166 o
1329 2148 1348 2167 G
1355 2148 1376 2167 N
1385 2148 1402 2167 o
1412 2148 1424 2168 s
1433 2149 1451 2168 c
1459 2149 1473 2168 Ε
1482 2149 1501 2168 Ν
1513 2149 1533 2168 T
1542 2149 1557 2168 a
1565 2150 1597 2174 R,
1621 2141 1687 2170 Adv.
1712 2147 1743 2171 ut
1751 2163 1760 2176 ,
1781 2141 1989 2180 Cognoscenter
1998 2145 2101 2175 videre.
2143 2145 2262 2176 Tertuil.
2270 2146 2333 2178 adV.
2342 2147 2432 2180 Marc.

1312 2186 1339 2211 4.
1355 2186 1400 2206 22.
1422 2177 1570 2207 Manifesta
1584 2184 1612 2208 te
1621 2179 1692 2208 milii
1701 2201 1709 2214 ,
1730 2186 1761 2208 ut
1772 2181 1973 2217 cognoscenter
1982 2189 2010 2211 te
2022 2183 2140 2213 videam.

1273 2213 1297 2242 C
1307 2223 1324 2242 o
1333 2224 1379 2243 GN
1389 2224 1407 2243 o
1416 2224 1428 2244 s
1439 2224 1456 2244 c
1467 2224 1481 2243 Ε
1490 2224 1510 2244 Ν
1520 2225 1540 2243 Τ
1550 2225 1559 2243 r
1568 2225 1588 2244 A
1602 2237 1610 2252 ‚
1631 2226 1661 2246 ae.
1684 2216 1703 2246 f.
1725 2218 1800 2255 apud
1816 2218 1938 2248 Marium
1951 2219 2085 2250 ViC’corin.
2102 2221 2149 2250 lib.
2165 2231 2187 2251 1.
2199 2223 2261 2252 adv.
2275 2223 2376 2252 Arium.

1272 2251 1296 2280 C
1305 2261 1349 2280 oc
1359 2253 1451 2281 Νἷτυ
1460 2262 1472 2282 s
1481 2274 1490 2289 ,
1514 2262 1530 2282 a
1541 2272 1550 2287 ‚
1572 2263 1629 2284 um.
1652 2255 1748 2285 Partic.
1770 2253 1973 2293 [iyueocssfiaee]
2003 2265 2033 2288 ut
2049 2280 2059 2294 ,
2088 2259 2222 2297 Cognitus
2238 2261 2329 2291 alicui.
2358 2260 2429 2292 Plin.

1311 2288 1360 2319 lib.
1377 2299 1418 2320 12.
1430 2300 1491 2328 cap.
1505 2301 1533 2326 4.

1312 2328 1399 2358 Armis
1410 2329 1555 2365 cognitus,
1577 2329 1654 2359 Bello
1665 2330 1833 2369 exploratus.
1855 2329 1944 2362 Valet.
1959 2332 2005 2362 lib.
2019 2343 2043 2369 5.

1311 2366 1435 2396 Nomine
1451 2368 1580 2404 cognitus
1591 2374 1709 2398 tantum.
1732 2369 1800 2399 Plin.
1812 2368 1862 2398 lib.
1879 2379 1921 2399 12.
1936 2380 1997 2408 cap.
2008 2380 2053 2400 21.

1310 2403 1343 2433 In
1358 2404 1452 2434 multis
1465 2405 1574 2439 iudiciis
1584 2406 1652 2435 caufi
1658 2406 1721 2443 sque
1732 2408 1870 2444 cognitus.
1891 2408 1951 2438 Cic.
1961 2410 1997 2438 de
2007 2408 2078 2439 Clar.
2094 2409 2173 2441 Orat.
2186 2415 2230 2445 18.

1310 2441 1344 2471 In
1357 2451 1491 2480 promptu
1500 2444 1622 2480 cognita.
1645 2443 1752 2474 Lucret.
1765 2445 1816 2474 lib.
1834 2454 1858 2473 2.
1872 2449 1936 2482 867.

1310 2479 1366 2510 Usu
1381 2489 1440 2509 non
1454 2480 1540 2518 longo
1553 2481 1690 2519 cognitus.
1712 2482 1795 2512 Ovid.
1810 2492 1834 2518 3.
1847 2482 1926 2513 Trist.
1943 2494 1967 2520 ς.
1981 2494 2006 2519 9.

1390 2518 1478 2555 quue
1489 2528 1586 2548 recens
1598 2520 1705 2557 praestas
1716 2541 1724 2555 ‚
1745 2530 1798 2550 nec
1806 2520 1892 2558 longo
1902 2523 2029 2559 cognitus
2043 2521 2102 2553 usu.

1309 2556 1375 2623 Azita
1392 2557 1518 2623 cgnjugis
1535 2558 1648 2594 cognita
1660 2557 1787 2588 Vulcano
1798 2580 1807 2595 ‚
1828 2559 1846 2588 i.
1858 2568 1884 2590 e.
1906 2559 2083 2590 Adulterium
2105 2561 2227 2592 Veneris.
2249 2562 2335 2593 Ovid.
2348 2573 2373 2594 2.
2394 2564 2432 2595 de

1351 2600 1392 2623 rte
1429 2604 1464 2623 m.
1491 2604 1554 2630 574.

1309 2631 1397 2661 Causa
1404 2632 1511 2669 liquido
1522 2632 1642 2670 cognita.
1666 2633 1752 2663 Ovid.
1764 2644 1788 2670 5.
1804 2634 1873 2664 Fast.
1884 2644 1911 2665 2.

1308 2669 1396 2699 Causa
1408 2670 1519 2707 cognita
1529 2670 1735 2700 excusationem
1745 2673 1881 2710 accipere.
1903 2672 2014 2710 Ulpian.
2025 2674 2054 2703 in
2065 2673 2084 2703 1.
2098 2673 2173 2704 licet.
2185 2675 2221 2705 D.
2233 2676 2268 2705 de
2277 2675 2393 2705 arbitris.

1308 2707 1395 2774 Cgusa
1406 2709 1518 2775 (gignita
1525 2708 1664 2744 judicium
1675 2709 1750 2740 dare.
1790 2710 1889 2741 Paulus
1899 2712 1958 2741 inl.
1971 2711 2054 2742 sed&
2066 2712 2092 2741 si.
2115 2714 2137 2750 §.
2157 2713 2204 2743 sed
2224 2716 2251 2744 Sc
2269 2714 2286 2743 fi
2302 2715 2370 2743 dies.
2392 2716 2429 2746 D.

1348 2755 1363 2775 e
1378 2756 1407 2781 Ju
1431 2756 1500 2775 icus.

1306 2783 1394 2813 Causa
1404 2784 1515 2821 cognita
1524 2784 1664 2815 aestimare.
1685 2785 1808 2815 Scaevola
1822 2787 1851 2816 in
1864 2786 1883 2816 l.
1894 2792 1980 2817 tutor.
1994 2787 2028 2817 D.
2041 2788 2077 2818 de
2088 2789 2217 2819 minorib.

1308 2821 1396 2851 Causa
1408 2823 1519 2859 cognita
1528 2823 1653 2860 probare.
1674 2823 1791 2853 Marcel.
1801 2824 1858 2854 inl.
1872 2825 1907 2855 de
1918 2831 2006 2854 aetate.
2029 2826 2063 2855 D.
2075 2827 2111 2855 de
2125 2827 2255 2856 minorib.

1308 2859 1395 2889 Causa
1411 2860 1522 2897 cognita
1533 2860 1658 2890 statuere.
1680 2861 1791 2898 Ulpian.
1803 2863 1832 2891 in
1843 2862 1862 2892 1.
1876 2872 1900 2893 1.
1922 2864 1944 2901 §.
1960 2863 2007 2892 sed
2024 2865 2050 2893 ἀ
2065 2864 2082 2893 fi
2095 2872 2184 2903 agant.
2207 2865 2239 2895 D.
2255 2865 2290 2894 de
2301 2865 2388 2901 judic.

1308 2897 1384 2927 Enfis
1396 2897 1466 2927 bene
1475 2899 1613 2936 cognitus.
1633 2899 1682 2929 Sil.
1694 2899 1744 2929 lib.
1762 2909 1803 2934 17.
1817 2910 1880 2936 395.

1307 2935 1403 2965 Homo
1423 2946 1473 2974 per
1490 2935 1665 2974 recognitus.
1706 2937 1809 2968 Cic.de
1821 2938 1892 2968 Clar.
1904 2939 1982 2969 Orat.
1997 2948 2058 2976 147.
2089 2939 2146 2976 Qui
2166 2940 2287 2970 summos
2305 2941 2428 2974 honores

1326 2973 1413 3003 homo
1422 2973 1506 3011 perse
1515 2975 1643 3012 cognitus
1653 2975 1708 3005 fine
1716 2975 1772 3005 ulla
1784 2977 2031 3007 commendatione
2043 2978 2180 3013 majorum
2192 2979 2231 3008 est
2242 2979 2369 3017 adeptus.

1306 3010 1377 3041 Puer
1408 3021 1474 3041 uero
1484 3012 1555 3041 mihi
1564 3014 1701 3050 cognitus.
1724 3014 1809 3044 Ovid.
1822 3026 1849 3048 4.
1861 3015 1896 3044 de
1905 3016 1983 3044 Pont.
2001 3025 2042 3044 12.
2056 3025 2101 3045 20.

1414 3059 1484 3116 egue
1493 3059 1592 3116 canzm
1602 3059 1844 3118 quacunquetnota
1854 3075 1863 3088 ,
1885 3054 1937 3083 tibi
1946 3053 2069 3083 carmina
2078 3053 2187 3083 mittam
2195 3073 2206 3085 .

1445 3097 1549 3117 aenemi
1572 3098 1580 3117 i
1615 3099 1681 3118 uero
1690 3099 1772 3118 cooni
1786 3100 1802 3119 e
1830 3100 1890 3120 aene
1921 3101 1978 3120 uer.

1307 3124 1362 3154 Res
1374 3125 1481 3155 indicio
1490 3099 1742 3165 alicujui'cognrtaf'
1759 3100 1843 3157 Ovitd.
1861 3138 1887 3158 2.
1901 3101 1938 3158 ge
1947 3131 2008 3158 Arte
2019 3131 2078 3158 Am.
2092 3138 2154 3167 574.

1306 3162 1362 3192 Res
1375 3163 1515 3200 perspecta
1527 3166 1553 3194 δι
1563 3166 1684 3203 cognita.
1706 3166 1764 3195 Cic.
1779 3176 1802 3195 1.
1822 3166 1895 3195 Fam.
1907 3176 1933 3202 7.

1307 3200 1363 3230 Res
1373 3203 1485 3239 penitus
1499 3202 1646 3240 perspectae
1656 3203 1796 3241 planeque
1810 3205 1937 3241 cognitae.
1959 3203 2017 3233 Cic.
2030 3213 2053 3233 1.
2067 3204 2103 3233 de
2113 3204 2189 3235 Orat.
2202 3215 2247 3242 9²·

1305 3238 1398 3269 Virtus
1407 3240 1528 3277 cognita.
1549 3241 1644 3270 Tibul.
1659 3241 1708 3270 lib.
1723 3253 1748 3276 4.
1765 3251 1788 3271 1.
1805 3252 1828 3271 1.

1305 3276 1385 3314 Saepe
1400 3280 1485 3308 etiam
1501 3278 1556 3308 fine
1574 3278 1739 3308 substantivo
1757 3280 1879 3316 ponitur.
1900 3284 1950 3313 ut,
1974 3278 2088 3313 [aiv-³7.
2104 3289 2145 3314 η.
2167 3280 2209 3310 Ibi
2227 3291 2263 3311 ex
2275 3284 2425 3320 agrestibus

1323 3316 1438 3351 cognito
1449 3338 1458 3350 ,
1479 3316 1599 3345 hostium
1611 3326 1692 3346 naves
1705 3317 1737 3345 ad
1753 3317 1902 3346 ffithaliam
1913 3317 1988 3346 stare.
2030 3317 2062 3346 Et
2076 3317 2195 3354 Quintil.
2211 3319 2290 3349 Decl.
2306 3326 2347 3350 16.
2372 3325 2424 3352 Co-

1323 3353 1411 3389 guito,
1422 3354 1498 3390 quod
1509 3354 1581 3383 filius
1593 3355 1738 3384 haberetur
1747 3364 1761 3383 a
1774 3363 1899 3391 tyranno.
1921 3355 1993 3383 adde
2003 3354 2085 3384 Tacit
2108 3356 2176 3385 ilnn.
2192 3366 2214 3385 1.
2225 3361 2270 3393 4⁶·
2281 3360 2307 3388 C(
2323 3369 2364 3395 14.
2375 3370 2420 3396 34.

1302 3389 1440 3427 Cognitus
1450 3392 1533 3421 etiarn
1543 3393 1578 3420 de
1593 3392 1632 3421 Re
1643 3401 1758 3421 venerea
1770 3393 1878 3421 dicitur.
1918 3392 2008 3422 Tacit.
2019 3404 2045 3428 4.
2060 3393 2126 3422 Hist.
2140 3405 2185 3429 44.
2209 3395 2342 3427 octavius
2357 3399 2424 3427 l‘on.

1322 3429 1389 3458 tiam
1403 3429 1567 3459 Postumiam
1580 3430 1672 3467 stupro
1688 3430 1828 3465 cognitam
1839 3451 1847 3464 ,
1869 3431 1894 3459 ἃ
1910 3431 2021 3466 nuptias
2041 3430 2101 3460 suas
2112 3431 2311 3471 abnuentem,
2334 3437 2425 3474 impo-

1324 3472 1386 3496 tens
1401 3467 1503 3497 amoris
1513 3469 1697 3497 interfecerat.
1723 3466 1755 3496 Et
1766 3469 1831 3496 Stat.
1843 3476 1867 3496 2.
1881 3468 1979 3497 Achill.
1992 3473 2056 3502 ²28-

1496 3520 1534 3526 -—
1545 3506 1693 3541 tacitojam
1703 3506 1814 3542 cognita
1824 3505 1898 3534 furto

1383 3541 1529 3571 Deidamia
1542 3543 1619 3571 mihi.
1703 3542 1733 3571 V.
1756 3542 1856 3572 Catull.
1870 3553 1912 3579 59.
1927 3552 1987 3579 147.
2010 3544 2036 3574 ἃ
2046 3543 2126 3582 supra
2136 3544 2165 3573 iii
2175 3544 2233 3582 ipso
2245 3547 2339 3579 verbo.

1302 3579 1438 3617 cognitus
1450 3602 1459 3615 ,
1482 3581 1631 3610 Auditione
1639 3586 1785 3617 perceptus
1796 3602 1803 3615 ‚
1825 3588 1856 3609 ut
1870 3581 1946 3618 apud
1960 3581 2031 3618 Virg.
2048 3592 2072 3610 1.
2083 3582 2145 3612 AEn.
2161 3586 2226 3621 627.

1394 3616 1537 3653 Tempore
1548 3619 1601 3653 jam
1613 3627 1647 3646 ex
1659 3617 1706 3646 illo
1717 3617 1791 3647 casus
1799 3618 1868 3647 mihi
1878 3619 2006 3656 cognitus
2017 3619 2090 3649 urbis
2101 3641 2110 3656 2
2132 3621 2184 3651 Sec.

1302 3654 1383 3684 Error
1395 3657 1530 3692 cognitus.
1554 3655 1673 3693 Propert.
1688 3656 1733 3683 lib.
1747 3665 1771 3689 3.
1787 3667 1825 3689 ις.
1841 3665 1885 3690 ³5-

1300 3693 1432 3730 Compar.
1454 3693 1655 3729 [γνωςέπςῶ]
1677 3693 1760 3722 Ovid.
1771 3703 1798 3728 4.
1812 3693 1892 3723 Trist.
1905 3697 1932 3723 6.
1950 3699 1996 3727 ²8-

1380 3731 1441 3760 Nec
1450 3738 1506 3759 tam
1518 3738 1584 3759 nota
1594 3730 1661 3760 mihi
1673 3752 1680 3765 ‚
1702 3741 1785 3767 quam
1794 3730 1856 3761 sunt
1864 3731 1936 3761 mala
1944 3732 2033 3761 nostra
2045 3753 2054 3768 ,
2074 3732 2204 3764 fuerunt:

1415 3768 1468 3796 Sed
1483 3769 1570 3803 magis
1580 3768 1654 3803 haec,
1675 3778 1730 3805 quo
1741 3768 1802 3797 sunt
1814 3770 1985 3806 cognitiora,
2006 3778 2128 3808 gravant.
2189 3772 2223 3802 Et
2236 3782 2280 3810 14·
2292 3774 2360 3806 Met,
2374 3786 2417 3813 ¹⁴·

1380 3804 1492 3841 Quanta
1501 3805 1531 3834 sit
1543 3805 1689 3835 herbarum
1701 3827 1709 3839 ,
1731 3805 1846 3842 Titani,
1870 3808 1998 3844 potentia
2009 3830 2018 3845 ‚
2039 3808 2110 3838 nulli

1379 3842 1471 3878 Quam
1484 3843 1553 3871 mihi
1565 3844 1712 3880 cognitius.

1298 3879 1406 3918 Superi.
1430 3880 1613 3916 [marim-&-
1626 3881 1640 3916 ]
1662 3880 1750 3910 Catul.
1762 3892 1788 3916 4.
1803 3891 1846 3917 ¹4-

1389 3916 1456 3946 Tibi
1468 3917 1527 3946 haec
1536 3917 1614 3948 fuisse
1624 3921 1649 3949 &
1659 3919 1712 3948 ess'e
1722 3918 1906 3957 cognitiffima

1391 3955 1437 3984 Ait
1443 3955 1588 3986 Phasellus.
1802 3993 1823 4024 B
1836 3994 1853 4024 b
1863 3994 1880 4024 b
1891 3994 1910 4025 b

2286 3999 2356 4029 Con
2369 4011 2417 4030 Ni-
