2604 4222
152 188 220 225 468
578 170 607 205 C
703 165 730 200 E
824 160 858 195 D

193 268 320 299 tempore
331 257 397 288 belli
408 256 498 286 civilis
506 276 514 289 ,
535 249 697 282 hirundines
708 252 789 287 parva

195 300 297 330 triebat
305 320 312 332 ,
334 305 400 334 quas
410 295 504 332 postea
517 291 628 320 nuntias
638 285 703 315 belli
713 286 792 322 mitte

199 347 243 368 1ο.
256 346 316 373 cap.
329 345 372 367 24.
395 331 506 370 Scripsit
516 329 616 358 librum
628 318 875 361 criminosissimum

199 375 228 405 in
240 374 303 404 Czes.
317 383 377 408 cap.
393 379 437 405 75.
479 367 541 397 Fuit
559 360 688 393 Ciceroni
698 355 839 387 familiaris
850 375 857 387 ,

199 420 240 443 tra
253 413 316 441 Sex.
333 407 484 440 IEbutium,
507 405 535 432 in
546 401 664 438 quadam
676 392 842 425 haereditatis
857 387 945 418 causa.

200 457 248 480 tat.
290 449 390 478 Extant
401 447 426 475 δι
437 445 509 473 inter
518 449 565 470 eos
577 435 696 475 epistolae
707 430 878 466 conscriptae.
919 426 966 454 Scr
1107 456 1112 461 1

201 486 330 518 curandis
342 482 495 520 fulguribus
509 500 517 513 ,
537 485 618 513 quem
633 474 736 502 Seneca
754 468 780 497 se
798 467 899 496 fatetur
913 460 1036 493 imitari,
1057 457 1182 492 dicitque
1198 459 1263 481 eum
1279 457 1320 477 Vl-

201 535 263 555 rum
275 522 425 553 facundum
436 541 445 555 ‚
467 516 516 547 nisi
529 525 544 544 a
554 510 697 543 Ciceronis
707 506 787 537 rebus
797 504 888 543 primo
904 496 1059 531 recessisset.
1082 493 1114 523 V.

203 563 251 592 lib.
267 572 290 590 2.

204 600 291 630 Cecin

793 280 839 308 bat
848 275 961 307 amicis,
981 271 1022 301 uti
1042 268 1144 298 Plinius
1158 262 1243 293 refert
1260 259 1311 289 lib.

886 318 982 342 contra
993 306 1135 338 Caesarem.
1158 301 1224 331 teste
1234 299 1311 328 Suet.

879 353 904 381 δι
916 349 1002 379 cliens
1016 341 1143 374 defensus
1156 339 1191 369 ab
1202 346 1236 366 eo
1248 344 1315 365 con-

987 384 1057 420 Quae
1067 379 1157 409 oratio
1168 375 1261 406 adhuc
1270 381 1318 402 ex-

968 422 1030 460 ipsit
1039 422 1064 450 &
1076 417 1180 447 librum
1201 413 1237 442 de
1256 411 1319 453 Pro-

294 608 308 627 a
321 596 389 626 alius
400 616 408 630 ‚
440 588 585 622 OCtaviani
599 584 710 616 Caesaris
727 579 833 615 scriba,
854 576 955 615 legitur
970 573 1001 603 in
1019 569 1097 610 epist.
1112 579 1137 606 5.
1157 566 1207 596 lib.
1227 566 1270 594 16.
1285 559 1322 592 ad

225 638 353 667 Atticum.

204 675 307 705 Cecina
317 671 386 701 alius
398 668 437 697 vir
453 662 608 695 Consularis
619 683 627 696 ,
649 659 687 688 ob
698 667 731 687 co

604 700 609 705 '
627 699 632 704 '
731 695 736 700 '
761 692 900 723 terfec‘tus.
915 687 993 726 Apud
1006 687 1080 715 Suet.
1091 692 1121 712 in
1133 681 1212 713 Tito,
1225 678 1320 715 cap.6.

204 750 308 780 Cecina
322 768 329 781 ,
352 746 409 774 dux
422 740 584 770 Vitellianus
597 745 661 766 cum
670 733 795 764 exercitu
810 739 825 759 e
839 726 929 758 Gallia
940 724 1092 764 profestus,
1110 720 1146 750 ad
1157 717 1323 748 Bebriacum

225 796 288 816 cum
301 780 467 813 Othonianis
481 774 639 814 congressus
650 772 769 802 feliciter
779 766 932 797 dimicavit.
947 764 976 792 V.
986 761 1077 792 Tacit.
1090 757 1157 788 Hist.
1174 766 1196 785 1.
1210 759 1321 791 cap.53.

225 826 249 854 &
261 823 314 860 seq.
326 821 360 850 ad
371 819 416 848 fin.
432 817 501 847 Sunt
512 815 556 852 qui
573 812 711 850 geminata
719 808 811 837 littera
825 804 956 835 Caecinna
966 800 1099 832 scribunt,
1109 796 1155 825 sed
1167 799 1322 831 perperam.

167 864 190 894 C
199 866 215 893 ἰ
224 871 263 891 cr<
275 870 291 889 o
301 869 314 888 i>
324 869 335 888 s
347 881 354 892 ,
375 856 445 894 opis
469 864 504 883 m.
529 848 673 888 [κὲκξοψ]
695 848 809 877 incertae
823 841 940 880 originis
949 861 956 872 ‚
980 836 1117 868 Conditor
1133 832 1302 862 Athenarum
1314 834 1322 856 t

203 900 250 938 qui
264 905 376 927 omnem
386 895 445 929 ejus
454 890 575 929 regionis
589 885 802 917 multitudinem
819 883 849 910 in
870 877 1022 909 duodecim
1042 873 1125 903 urbes
1146 867 1271 906 digessit,
1293 870 1325 894 ut

203 933 391 968 traditStrabo
404 932 421 961 l.
435 941 460 967 9.
476 939 511 959 ex
520 926 694 958 Philochoro.
717 924 737 952 A
751 930 807 959 quo
819 915 983 956 Cecropidae
993 936 1002 950 ,
1024 907 1214 943 Athenienses.
1237 902 1323 935 Ovid.

223 997 230 1005 .
295 979 313 1001 t.
327 983 340 1001 -,
382 993 389 1000 .

202 984 220 1005 2
244 974 439 1040 meInsicge⁴tabe
447 1012 494 1034 tua
503 1008 632 1032 natarum
642 998 776 1036 Cecropis
789 1003 885 1025 unam.

203 1047 376 1081 Atheniensis
385 1046 515 1081 Cecrops.
557 1039 648 1069 Tacit.
665 1048 674 1066 1
684 1047 707 1066 1.
722 1038 790 1065 Ann.
805 1043 846 1067 14.
876 1028 999 1066 Quidam
1009 1025 1165 1061 Cecropem
1178 1015 1328 1049 Athenien-

223 1087 280 1117 sem
292 1109 299 1120 ,
321 1085 365 1114 vel
377 1083 477 1113 Linum
487 1078 655 1109 Thebanum
665 1098 673 1110 ,
694 1069 906 1109 &temporibus
915 1065 1045 1101 Troianis
1059 1058 1236 1092 Palamedem
1253 1054 1329 1092 Argi-

222 1135 289 1155 vum
303 1126 459 1153 memorant
469 1139 477 1153 ,
498 1116 636 1146 sexdecim
650 1114 803 1142 litterarum
813 1108 924 1141 formas,
939 1112 1006 1134 mox
1015 1101 1094 1137 alios,
1111 1107 1144 1129 ac
1154 1095 1328 1136 praecipuum

224 1162 399 1192 Simonidem
410 1181 418 1193 ,
436 1164 540 1186 ceteras
551 1151 690 1192 reperisse.

205 1200 342 1232 Geminus
349 1198 479 1232 Cecrops.
502 1193 586 1222 Ovid.
599 1200 625 1220 2.
642 1189 710 1219 Met.
726 1196 757 1222 ςς
765 1196 790 1221 ς.

285 1234 497 1274 virginibusque
508 1230 596 1260 tribus
612 1227 724 1265 gemino
733 1224 768 1253 de
777 1222 903 1258 Cecrope
919 1216 991 1247 natis

287 1273 460 1305 Servandum
472 1269 594 1298 dederat.
687 1261 803 1292 subaudi
816 1255 1038 1288 Erichthonium.
1079 1250 1179 1281 Distus
1187 1245 1226 1277 est
1234 1249 1330 1275 autem

225 1314 348 1350 Cecrops
363 1311 491 1349 geminus
503 1329 510 1342 ,
531 1306 550 1335 i.
562 1315 586 1335 e.
608 1302 734 1340 Duplicis
744 1306 856 1331 naturae,
869 1295 932 1333 quia
942 1290 1116 1323 connubium
1127 1286 1245 1316 instituit
1253 1281 1329 1321 apud

226 1349 418 1383 Athenienses.
459 1345 573 1382 Quippe
588 1349 650 1372 ante
662 1340 817 1375 Cecropem
827 1343 905 1364 more
918 1332 1061 1361 brutorum
1072 1328 1102 1356 in
1115 1325 1220 1355 Graecia
1231 1320 1332 1351 mulie-

223 1400 270 1421 res
281 1386 437 1427 promiscuo
448 1382 596 1414 utebantur
605 1377 758 1409 concubitu
769 1384 776 1404 1
800 1373 875 1403 011ᾱο
883 1370 970 1400 fiebat
977 1374 1009 1397 ut
1024 1365 1103 1405 pueri
1117 1362 1244 1397 μωνοφυὲις
1256 1360 1332 1388 dice-

228 1436 324 1458 rentur
335 1448 343 1462 ,
362 1426 392 1454 id
403 1423 441 1453 est
451 1427 554 1451 naturae
564 1418 663 1448 unius:
687 1415 751 1452 quia
768 1417 887 1441 matrem
898 1414 1006 1438 tantum
1025 1401 1207 1441 agnoscerent
1220 1420 1229 1434 ,
1250 1404 1330 1436 patre

351 1464 356 1469 “
460 1483 466 1490 .
505 1457 558 1487 Ubi
571 1465 635 1486 vero
646 1453 748 1483 ferinos
766 1450 794 1479 id
807 1457 894 1487 genus
905 1454 997 1475 mores
1013 1440 1119 1472 sustulit
1129 1439 1253 1474 Cecrops
1263 1457 1272 1471 ,
1294 1433 1334 1463 ef-

228 1539 375 1572 Caeliolib.
392 1543 433 1572 ¹8·
448 1544 508 1573 cap.
524 1542 570 1568 ας.
609 1531 639 1558 V.
660 1529 746 1559 etiam
767 1524 902 1562 Aristoph.
926 1521 995 1551 Plut.
1008 1516 1101 1548 Schol.
1114 1523 1178 1551 773.
1201 1511 1250 1542 ubi
1272 1510 1333 1540 aliae

227 1580 397 1647 ffi‘njecigrae
415 1575 450 1604 de
471 1573 524 1603 hac
542 1568 733 1609 appellatione
751 1565 862 1595 dantur.
908 1556 1065 1591 Plenissime
1087 1551 1238 1584 Marsham.
1263 1549 1332 1579 Can.

273 1627 332 1646 ron.
368 1623 414 1644 aec.
433 1617 459 1647 8.

173 1657 386 1688 Ci‘scnorrii,
408 1661 436 1680 ae.
460 1648 479 1679 f.
502 1645 676 1685 Oppiduma
695 1642 824 1678 Cecrope
840 1635 1006 1668 conditore:
1028 1630 1123 1670 postea
1141 1636 1190 1658 arx
1211 1623 1334 1655 Athenis.

209 1694 279 1725 Plin.
293 1692 341 1721 lib.
354 1700 379 1727 7.
395 1698 455 1726 cap.
470 1690 513 1723 56.
536 1683 684 1722 Oppidum
694 1680 817 1717 Cecrops
830 1687 846 1707 a
859 1675 886 1705 se
897 1671 1049 1713 appellavit
1069 1665 1251 1704 Cecropiam,
1272 1670 1333 1701 quae

208 1740 287 1762 nunc
298 1730 336 1759 est
345 1737 392 1758 arx
403 1725 525 1757 Athenis.
1208 1720 1209 1723 =

210 1768 375 1804 Cecropiam
391 1774 441 1803 pro
456 1762 583 1797 Regione
593 1758 681 1788 Attica
691 1753 782 1795 posuit
795 1750 896 1783 Catull.
913 1752 957 1779 62.
971 1756 1017 1785 79.

290 1803 455 1842 Cecropiam
465 1800 572 1830 solitam
582 1795 635 1828 esse
646 1796 747 1833 dapem
762 1792 828 1821 dare
843 1788 1015 1820 Minotauro,

173 1846 196 1877 C
203 1848 220 1876 ’ἐ
230 1855 247 1875 0
254 1855 271 1874 u
279 1846 296 1874 ὅ
304 1854 317 1873 P
327 1845 364 1872 in
374 1852 398 1871 AE
407 1863 415 1877 ,
434 1843 522 1870 arum.
544 1835 583 1875 pl.
604 1831 784 1865 Athenienses
795 1828 862 1859 dicti
873 1826 947 1861 sunt,
958 1834 975 1854 a
985 1823 1112 1858 Cecrope
1124 1825 1197 1855 rege.
1211 1811 1296 1846 Ovid.
1306 1818 1333 1851 7.

210 1883 281 1915 Met.
291 1886 400 1950 ssigsus
411 1918 441 1947 in
453 1913 568 1946 interius
580 1909 699 1950 spatium
710 1929 719 1944 ,
741 1901 928 1946 pulchrosque
944 1896 1080 1932 recessus,

292 1955 461 1994 Cecropidas
470 1952 559 1983 duxit.

175 1998 272 2031 caci>
284 1999 411 2030 6P1US,
432 2003 463 2029 a,
484 1999 543 2021 um.

213 2036 314 2072 Georg.
332 2041 392 2069 177.

215 2075 280 2113 Apis
291 2069 435 2107 Cecropia.
456 2063 575 2097 Martial.
586 2061 635 2092 lib.
650 2069 693 2090 11.
711 2066 754 2094 43.

295 2110 329 2140 Et
341 2109 437 2145 thyma
446 2103 587 2141 Cecropiae
597 2098 706 2130 Corsica
716 2094 798 2135 ponis
811 2092 859 2131 api
867 2091 882 2121 ‘2

216 2151 281 2181 Arx.
303 2148 423 2178 Ovid.6.
437 2144 506 2174 Met.
518 2151 563 2178 70.

216 2187 376 2219 Cothurnus
387 2181 549 2219 Cecropius.

298 2222 435 2258 Cecropio
446 2224 553 2257 repetes
565 2214 716 2245 cothurno.

218 2264 355 2294 Minerva.
379 2259 481 2289 Lucan.
496 2255 546 2285 lib.
562 2262 585 2289 3.
602 2255 664 2288 306.

683 2285 700 2322 ]
721 2289 879 2323 patronym.

180 2305 227 2334 ΟΞ
239 2312 255 2332 0
267 2312 279 2330 r<
291 2286 672 2333 621s‚idis.f.[1<2=emis

179 2342 203 2374 C
210 2345 226 2372 ἓ
236 2350 253 2370 0
263 2350 281 2369 a
289 2340 309 2368 ΐῑ
317 2347 331 2366 1³
342 2346 363 2367 11
373 2339 389 2365 Ᾰ
399 2346 414 2364 i.
423 2344 440 2363 u
449 2343 471 2368 s,
493 2332 510 2361 i.
523 2340 561 2360 m.
584 2322 801 2365 [xrxgvkvass
820 2320 916 2349 Genus
925 2311 1084 2345 ornamenti
1092 2306 1245 2342 muliebris,
1266 2305 1343 2336 Reti-

220 2379 314 2409 culum
327 2374 473 2417 alias,item
482 2371 552 2399 vitta
560 2369 585 2398 δι
595 2366 757 2395 flammeum
767 2354 952 2389 discriminale
963 2353 1081 2385 dietum,
1090 2344 1163 2383 mi&
1178 2345 1201 2373 τί
1212 2344 1339 2381 agauno&

565 1985 625 2023 Adi.
647 1978 841 2022 [Κεκςόπτῶω]
862 1984 902 2014 ut,
922 1976 1050 2013 Thymus
1061 1963 1339 2009 Cecropius.Virg.4.

573 2176 638 2207 Hor.
651 2183 676 2203 2.
686 2171 778 2202 Carm.
791 2178 815 2199 1.
830 2175 873 2197 η.
955 2179 992 2186 --
1001 2160 1105 2201 grande
1118 2163 1221 2189 munus

181 2532 205 2563 C
213 2534 228 2561 ἓ
238 2540 255 2560 0
264 2529 308 2559 ait
316 2537 330 2556 i>
338 2536 358 2556 Η
367 2528 383 2554 Ᾰ
394 2535 410 2553 r.
418 2527 434 2552 ᾗ
445 2532 463 2551 Α
472 2543 481 2557 ,
502 2530 533 2550 ae.
554 2519 574 2548 f.
596 2511 822 2553 [Κεκρυφάλεωι]
844 2504 1068 2537 Promontorium
1079 2522 1088 2536 ,
1108 2500 1154 2530 seu
1164 2496 1253 2529 lnsula
1262 2494 1343 2525 Pelo-

218 2566 334 2608 ponnesi
346 2587 354 2599 ,
375 2563 452 2598 juxta
469 2567 552 2597 quam
564 2550 744 2586 Athenienses
759 2549 794 2580 ab
814 2545 950 2584 AEginetis
970 2540 1066 2581 praelio
1080 2537 1202 2576 superati
1219 2535 1341 2565 fuerunt.

220 2605 388 2644 Stephanus.

183 2645 384 2675 cacumin,

182 2683 371 2714 Cucurri,

410 2636 443 2666 V.
465 2644 482 2664 c
490 2644 514 2664 ie
524 2642 542 2662 c
549 2641 568 2661 u
576 2641 592 2660 a
601 2639 621 2659 u
629 2638 660 2658 M.

391 2675 506 2706 Veteres
521 2671 654 2700 dixerunt
665 2673 716 2704 pro
732 2659 858 2693 Cucurri.
897 2654 1034 2687 Perottus.

624 2739 653 2774 C
743 2734 770 2770 E
863 2731 897 2765 D

184 2803 207 2835 C
216 2805 233 2833 i}
242 2811 261 2831 n
273 2810 293 2830 A
301 2808 318 2828 R
329 2820 338 2834 ,
359 2792 490 2834 [Κῆδὶις]
510 2791 600 2829 Regio
612 2785 713 2818 Arabiae
725 2793 732 2814 :
753 2788 785 2812 ut
793 2765 868 2819 apud
879 2777 974 2808 isaiam
986 2797 995 2811 ,
1016 2768 1271 2804 Auferetur-omnis
1283 2766 1343 2806 glo-

221 2840 261 2870 ria
271 2837 370 2868 Cedat.
409 2834 483 2864 Nam
503 2831 556 2867 (ut
565 2826 657 2865 inquit
669 2818 880 2858 Hieronymus)
901 2825 935 2846 ex
950 2812 1062 2845 ismaele
1074 2810 1199 2840 Cedat&
1214 2806 1342 2846 Agareni,

221 2878 267 2915 qui
281 2872 406 2914 perverso
417 2870 532 2901 nomine
542 2863 671 2897 Saraceni
683 2865 818 2891 vocantur
830 2878 838 2892 ,
858 2852 980 2893 generati
996 2851 1136 2881 dicuntur.

185 2916 395 2946 Circinus,
424 2908 456 2938 V.
477 2909 674 2937 effluimus.
844 2928 851 2937 ,

697 2934 813 2967 ὑπείκω,
829 2929 954 2967 ἰωχωςέω
965 2949 974 2962 ,
990 2923 1103 2962 aim-cd&
1117 2923 1134 2959 ]
1153 2923 1208 2952 ἕπε.
1230 2919 1346 2962 proprie

185 2955 233 2985 CF.
245 2962 289 2982 no
302 2973 310 2985 ,
331 2949 412 2982 cesli,
434 2945 538 2976 cessum
551 2965 559 2978 ,
580 2939 675 2978 [ἅκω,

224 2989 356 3028 significat
370 2986 469 3019 Abire,
491 2984 517 3013 &
533 2981 627 3010 locum
645 2976 720 3005 dare.
760 2970 826 3009 Caes.
839 2978 865 2998 2.
878 2967 946 2998 Bell.
957 2964 1037 2995 Civil.
1050 2973 1095 2998 40.
1129 2961 1233 2991 Sabura
1250 2966 1346 2995 copias

225 3029 352 3066 equitum
369 3023 554 3062 peditumque
565 3015 690 3048 instruit,
711 3016 794 3046 atque
812 3007 846 3037 iis
867 3007 985 3044 imperat
1001 3008 1031 3032 ut
1044 2999 1221 3030 simulatione
1238 2996 1346 3026 timoris

225 3065 359 3107 paulatim
370 3062 473 3091 cedant
484 3081 491 3093 ,
512 3066 545 3087 ac
558 3054 660 3094 pedem
672 3050 802 3080 referant.
826 3045 893 3074 Hor.
910 3053 933 3072 1.
946 3043 1033 3073 Serm.
1046 3049 1069 3069 1.
1084 3047 1147 3074 119.

316 3101 386 3132 Iride
399 3099 429 3128 fit
440 3120 448 3133 ,
469 3103 501 3126 ut
509 3104 569 3124 raro
585 3114 593 3128 ‚
614 3091 660 3128 qui
673 3088 698 3118 se
710 3084 806 3117 vixisse
820 3083 934 3112 beatum

316 3140 399 3169 Dicat
409 3159 417 3172 ,
437 3137 463 3166 ἃ.
477 3134 575 3164 exac'to
585 3132 734 3160 contentus
740 3130 867 3160 tempore
877 3120 940 3149 vitae

319 3176 408 3206 Cedat
417 3197 425 3210 ,
445 3173 487 3203 uti
499 3170 617 3202 conviva
627 3166 698 3196 satur
707 3186 716 3199 ,
736 3160 855 3199 reperire
866 3163 1010 3196 queamus.

228 3214 376 3247 introrsum
388 3212 498 3242 cedere.
520 3209 628 3239 Luci-et.
643 3203 691 3233 lib.
706 3212 731 3236 4.
745 3207 808 3235 943.

919 3237 964 3267 83.
986 3229 1164 3266 Quacunque
1173 3221 1250 3254 enim
1260 3222 1344 3256 imus,

231 3253 335 3285 Locum
349 3252 413 3281 dare
425 3252 450 3280 δι
464 3247 572 3278 cedere.
595 3244 653 3274 Cic.
664 3250 689 3270 2.
707 3240 742 3268 de
752 3238 813 3267 Nat.
827 3235 909 3264 Deor.

250 3299 413 3326 quacunque
427 3294 586 3318 movemur,
607 3281 716 3311 videtur
727 3275 801 3314 quasi
816 3273 909 3302 locum
930 3270 994 3299 dare
1015 3269 1042 3297 δι
1065 3264 1173 3294 cedere.
1212 3261 1291 3291 Idem
1311 3260 1349 3289 de

251 3328 322 3357 Clar.
338 3328 415 3356 Orat.
425 3335 488 3360 ²90·
511 3319 624 3352 Gratioii
634 3316 726 3347 scribae
738 3312 827 3343 sintin
838 3309 932 3340 dando
943 3308 970 3338 δι
982 3302 1111 3335 cedendo
1126 3301 1200 3331 loco.

234 3365 338 3395 Cedam
352 3386 359 3399 ,
380 3371 461 3400 atque
469 3361 562 3391 abibo.
584 3358 642 3387 Cic.
654 3364 705 3393 pro
718 3351 816 3383 Milon.
831 3358 876 3385 94.

235 3403 340 3433 Cedere
350 3402 431 3436 loco,
452 3399 557 3438 patria,
575 3395 662 3428 urbe,
684 3392 779 3420 dom0.
801 3387 866 3417 Caes.
877 3377 1127 3414 2.Beli.Civil.4r.
1149 3373 1186 3404 Hi
1196 3381 1350 3411 quamcun-

255 3449 309 3476 que
320 3440 347 3468 in
362 3446 467 3477 partem
479 3438 615 3474 impetum
626 3432 765 3462 fecerant,
786 3425 876 3456 hostes
885 3422 949 3451 loco
960 3418 1060 3449 cedere
1070 3413 1216 3451 cogebant.

221 3478 373 3513 ,Cedamus
388 3476 480 3514 patria.
501 3474 519 3503 i.
531 3483 556 3502 e.
579 3472 731 3507 Migremus
742 3466 838 3495 Roma.
859 3461 958 3497 Juven.
974 3456 1066 3492 3.Sat.
1079 3462 1125 3488 29.
1147 3450 1235 3481 Italia.
1257 3450 1347 3485 Cic.9.

257 3516 309 3544 Att.
323 3524 362 3543 i2.
394 3514 474 3543 Urbe.
496 3512 555 3540 Cic.
564 3509 600 3538 ad
610 3508 708 3537 octav.
742 3503 846 3533 Domo.
865 3499 944 3530 Idem
957 3494 1118 3532 13.Att.39.

239 3552 358 3589 Campis.
382 3551 447 3580 Hor.
462 3559 487 3585 3,
503 3549 629 3580 Carm.8.
642 3554 688 3579 ²4·

237 3589 360 3621 Tellure.
384 3589 449 3617 Hor.
462 3597 487 3616 2.
505 3587 595 3615 Carm.
610 3593 632 3612 i.
644 3584 689 3611 26.

238 3630 259 3658 A
278 3626 425 3664 gladiatore
440 3625 548 3654 cedere.
588 3621 645 3650 Cic.
659 3627 709 3657 pro
718 3612 799 3646 Rosc.
814 3614 832 3644 A

259 3665 342 3697 bent,
367 3665 384 3691 A
397 3662 494 3699 gladiis
506 3658 646 3690 recessisse.

239 3703 280 3733 Ab
295 3700 409 3766 ορρὶείῖὶο.
448 3699 506 3728 Cic.
517 3708 541 3733 ς.
553 3698 660 3726 Attae.
681 3693 776 3729 Itaque
786 3699 834 3721 eos
845 3687 979 3719 cedentes
989 3682 1024 3713 ab
1043 3678 1151 3719 oppido
1163 3674 1267 3706 Cassius
1283 3673 1355 3703 inse-

259 3747 340 3769 cutus
351 3747 366 3766 e
392 3759 397 3766 .

242 3778 282 3808 Ab
292 3776 400 3805 ordine.
420 3773 495 3808 Virg.
511 3781 534 3806 3.
546 3771 606 3801 ffin.
619 3777 683 3805 447.

335 3811 382 3842 llla
394 3816 507 3839 manent
517 3809 631 3837 immota
640 3805 708 3834 locis
717 3825 726 3838 ,
742 3812 796 3832 nec
807 3802 842 3832 ab
856 3800 957 3831 ordine
967 3795 1081 3827 cedunt.

241 3849 407 3887 Deoppidis
416 3848 458 3876 his
467 3845 621 3875 cedendum
631 3842 738 3872 censeo.
761 3841 817 3870 Cic.
829 3849 855 3875 7.
869 3841 922 3868 Art.
933 3846 978 3866 21.
1007 3835 1025 3863 i.
1040 3843 1065 3862 e.
1086 3823 1300 3861 Decedendum.

240 3891 285 3922 De
296 3886 456 3924 Republica.
479 3884 537 3912 Cic.
551 3883 646 3917 Anteq.
662 3881 714 3908 iret
724 3879 752 3907 in
767 3877 832 3907 exil.
845 3886 870 3913 7.
891 3875 970 3905 Cedo
983 3872 1084 3900 invitus
1096 3869 1131 3897 de
1150 3863 1268 3903 Republ.
1281 3860 1354 3891 cedo

262 3924 406 3966 oppressus
416 3923 451 3951 de
461 3921 570 3950 fortuna
580 3940 587 3953 ,
606 3918 641 3946 de
648 3917 791 3954 dignitate,
808 3913 922 3944 discedo
931 3922 947 3941 a
957 3908 1067 3946 Repub.
1075 3907 1165 3936 victus
1174 3901 1289 3933 audacia
1298 3908 1357 3929 ma-

260 3966 362 3995 lorum.

239 4003 284 4035 De
295 4001 369 4032 sede.
391 3998 458 4028 Hor.
470 3996 500 4024 in
510 3994 573 4024 Arte
584 3992 659 4022 Poet.
670 3995 735 4026 ²58·

835 3613 977 3644 menng.
1004 3603 1126 3636 Codices
1148 3598 1290 3631 emendati
1304 3598 1352 3627 ha-

1843 121 1873 157 C
1972 116 2000 155 E
2091 115 2127 151 D

1404 214 1428 246 E
1437 220 1556 252 corpore
1566 208 1643 240 cessit
1651 207 1753 238 anima.
1777 204 1890 235 Lucret.
1902 202 1952 232 lib.
1964 209 1989 239 3.
2005 206 2071 236 219.

1405 253 1449 283 Ex
1460 252 1582 281 civitate.
1603 248 1662 277 Cic.
1675 244 1726 284 p'ro
1740 243 1842 275 Milon.
1853 247 1897 275 82.

1406 292 1492 322 Retro
1504 288 1611 318 cedere.
1635 280 1890 319 Liv.5.Bell.Pun.
1913 277 2018 311 Retro,
2039 277 2177 312 quantum
2188 268 2298 308 posset,
2320 266 2421 297 cedere
2432 263 2536 297 statuis.
2588 285 2590 290 .

1429 326 1516 366 Quod
1529 325 1595 354 alias
1609 331 1666 352 uno
1675 320 1761 350 verbo
1772 316 1958 348 Retrocedere
1968 314 2080 344 dicitur.
2103 310 2150 340 Sil.
2170 309 2221 338 lib.
2240 319 2266 341 4.
2283 309 2345 344 57⁶·

1505 361 1625 399 Utjuffae
1640 358 1742 389 eess'ere
1755 365 1829 387 retro
1842 377 1850 391 ,
1871 354 2045 393 spatiumque
2057 349 2196 379 dederunt
2209 368 2218 382 ,
2236 346 2288 376 &c.

1412 403 1519 435 Cedere
1532 423 1540 436 ,
1557 409 1608 438 pro
1624 397 1773 427 Accedere.
1797 393 1883 423 Plaut.
1897 392 1976 429 Capt.
1989 399 2015 419 2.
2027 398 2053 418 2.
2069 396 2130 417 102.

1506 439 1600 475 Quam
1615 434 1743 466 citissime
1754 431 1844 471 potest
1853 452 1861 466 ,
1882 436 1939 459 tam
1950 429 2004 457 hoc
2018 426 2119 456 cedere
2130 423 2165 453 ad
2178 421 2284 452 factum
2296 417 2372 448 volo.
2422 415 2440 445 i.
2451 424 2475 445 e.
2488 414 2543 444 Vo.

1431 478 1460 508 lo
1477 477 1558 506 istum
1570 473 1703 504 accedere
1718 471 1753 500 ad
1765 471 1821 500 hoc
1834 469 1939 498 fastum
1947 488 1956 501 ,
1968 465 2021 495 sive
2032 463 2068 493 ad
2079 463 2152 492 hanc
2163 469 2220 490 rem
2232 455 2419 496 peragendam
2430 475 2438 488 ‚
2460 462 2542 490 quam
2600 470 2602 474 ,

1433 515 1561 546 citiffime
1573 511 1673 551 potest.
1698 508 1817 539 [demin
1833 505 1922 536 Aulus.
1939 513 1964 541 3.
1979 513 2004 539 ς.
2018 511 2061 538 5²·
2086 499 2169 530 Cedit
2179 496 2277 531 miles,
2291 503 2327 524 aes
2335 492 2416 531 petit.
2438 490 2542 521 Ennius
2600 505 2604 521 i

1434 553 1510 592 apud
1522 552 1580 581 Cic.
1596 560 1619 579 1.
1635 549 1671 578 de
1681 547 1775 577 Divin.
1792 550 1854 579 108.

1495 589 1609 619 Cedunt
1618 587 1654 616 de
1665 585 1734 615 caelo
1747 592 1789 614 ter
1798 588 1916 621 quatuor
1925 586 2043 616 corpora
2054 574 2156 605 sansta.

1413 626 1455 660 Ad
1466 627 1572 657 locum.
1611 624 1697 655 Ovid.
1712 632 1737 653 1.
1747 623 1783 652 de
1795 622 1874 652 Pont.
1888 628 1912 656 3.
1924 627 1969 655 75.
1993 614 2065 646 Exul
2073 613 2107 643 ab
2122 609 2269 642 Haemonia
2280 605 2410 638 Pirenida
2419 602 2496 635 cessit
2505 601 2541 633 ad
2596 610 2604 653 ¹,

1415 666 1568 741 Qunodqaiigm
1580 700 1697 734 cedere,
1717 698 1736 728 i.
1752 708 1776 728 e.
1797 696 1841 726 Ite
1854 695 1884 725 iri
1897 693 2020 730 aliquam
2033 694 2148 728 partem.
2172 684 2284 715 Lucret.
2295 682 2345 713 lib.
2362 686 2462 718 5.84r.

1447 715 1463 734 u

1417 741 1504 773 Caesar
1515 741 1548 770 ab
1561 740 1683 768 humana
1693 735 1771 766 cessit
1780 736 1810 764 in
1826 734 1892 765 astra
1901 733 1954 761 via.
1977 730 2099 766 Propert.
2114 725 2162 755 lib.
2178 734 2202 761 3.
2219 728 2261 756 18.
2276 731 2321 758 34.

1416 780 1448 811 Iri
1457 787 1534 821 auras
1549 776 1650 807 cedere
1660 798 1668 811 ,
1690 775 1717 804 h.
1727 784 1751 804 e.
1773 773 1917 803 Recedere
1927 791 1935 805 ,
1957 768 2042 797 abire.
2065 763 2150 795 Ovid.
2168 772 2210 797 14.
2222 760 2291 790 Met.
2305 765 2371 794 849.
2582 776 2583 789 i

1415 818 1449 849 In
1469 816 1564 846 nubila
1578 814 1656 844 cessit
1667 812 1852 842 simulacrum.
1893 807 1942 838 Sil.
1958 806 2008 835 lib.
2025 813 2067 841 17.
2083 812 2147 839 ςςι.
2178 800 2198 830 i.
2210 808 2235 829 e.
2256 798 2386 828 Evanuit.
2406 793 2452 824 De
2459 791 2544 832 phari.
2580 809 2583 820 .-
2600 793 2604 828 j

1435 855 1550 885 tasmate
1564 854 1591 883 &
1603 851 1743 889 Scipionis
1757 849 1880 887 imagine
1892 845 2026 882 loquitur.
2580 832 2581 835 ’

1415 893 1525 924 Cedere
1538 892 1603 920 vita.
1643 890 1702 919 Cic.
1713 888 1749 918 ad
1760 888 1858 918 Odiav.
1881 884 1987 914 eedam
1997 881 2054 911 vita
2063 900 2072 915 ,
2087 879 2139 908 &c.
2161 874 2285 906 Honeste
2297 872 2403 902 dietum
2414 892 2423 906 ‚
2443 878 2495 908 pro
2506 867 2541 899 eo
2578 891 2580 893 .
2596 883 2604 902 3

1436 930 1511 969 quod
1522 929 1588 973 est‚·
1601 928 1679 957 Ultro
1690 927 1726 957 ad
1733 932 1853 956 mortem
1869 921 2005 953 accedam
2015 941 2024 954 ‚
2048 923 2167 947 mortem
2176 913 2247 943 mihi
2263 908 2440 942 consciscam.
2579 912 2582 923 2
2602 917 2604 938 3

1416 969 1524 999 Cedere
1535 977 1550 996 e
1563 972 1627 1010 vita.
1670 965 1728 995 Cic.
1740 965 1777 994 de
1789 963 1861 993 Clar.
1873 961 1951 991 Orat.
1966 969 1994 994 4.
2016 957 2153 994 Perpetua
2166 952 2286 990 quadam
2299 947 2430 978 Felicitate
2442 943 2504 976 usus
2513 943 2546 975 il-
2579 934 2583 976 1
2601 955 2604 975 ;

1434 1007 1462 1036 10
1473 1005 1550 1036 cessit
1560 1014 1575 1034 e
1587 1012 1651 1034 vita.
1674 1004 1692 1033 i.
1704 1012 1728 1032 e.
1752 1002 1883 1032 Mortuus
1894 998 1941 1028 est.
2578 992 2580 1000 ⁴

1415 1045 1484 1076 Fato
1496 1044 1596 1073 cedere
1605 1063 1614 1076 ‚
1633 1042 1710 1071 idem
1723 1039 1857 1078 significat
1869 1036 1946 1073 quod
1958 1033 2042 1064 Mori.
2080 1029 2142 1060 Liv.
2155 1031 2200 1058 26.
2219 1036 2262 1062 14.
2285 1024 2381 1062 Itaque
2392 1019 2491 1060 quibus
2500 1029 2545 1050 ve-
2578 1024 2583 1030 ·
2597 1030 2604 1055 «i

1435 1083 1519 1113 strum
1530 1087 1595 1110 ante
1605 1079 1663 1110 fato
1677 1079 1795 1113 cedere,
1816 1085 1900 1114 quam
1914 1074 1974 1104 haec
1983 1071 2060 1101 tot&
2069 1075 2128 1098 tam
2138 1065 2241 1097 acerba
2254 1063 2371 1094 videant
2380 1082 2389 1097 ,
2410 1060 2440 1089 in
2453 1058 2545 1089 animo
2578 1055 2580 1086 ἐ
2594 1069 2604 1109 q

1440 1121 1479 1150 est
1491 1142 1498 1155 ,
1517 1120 1569 1162 &c3
1593 1118 1680 1161 Quod
1693 1119 1719 1147 &
1732 1116 1800 1146 Fato
1808 1113 1966 1144 concedere
1977 1109 2090 1139 dicitur.
2600 1119 2604 1124 .

1416 1158 1524 1226 ngere
1535 1157 1619 1224 {lacui
1634 1178 1642 1191 ,
1663 1155 1729 1222 blign
1744 1161 1917 1192 repugnare,
1939 1151 1965 1180 δι
1977 1148 2004 1178 ei
2015 1145 2140 1176 obedire.
2181 1141 2258 1179 Virg.
2271 1149 2296 1177 ς.
2308 1137 2371 1169 AEn.
2387 1138 2453 1172 467.
2474 1133 2547 1164 Cede
2577 1128 2604 1172 J'j

1457 1206 1500 1226 eo.
1577 1204 1622 1224 em
1635 1203 1660 1231 3.
1708 1202 1735 1222 n.
1749 1197 1810 1226 188.

1446 1273 1451 1279 ·
1477 1272 1482 1278 ¹
1500 1233 1639 1263 Cedamus
1653 1230 1759 1261 Phoebo
1775 1252 1784 1264 ,
1806 1230 1833 1259 δι
1846 1226 1948 1258 moniti
1964 1223 2081 1254 meliora
2093 1220 2248 1257 sequamur.

1415 1272 1484 1317 T¹.b¹
1495 1277 1559 1315 aetas
1568 1271 1659 1300 nostra
1668 1270 1725 1306 jam
1735 1268 1857 1301 cederet,
1869 1263 2008 1300 fascesque
2018 1259 2211 1291 summitteret.
2221 1254 2280 1284 Cic.
2295 1252 2332 1282 de
2341 1248 2544 1281 Clar.Orat.22.
2576 1245 2580 1283 {-
2594 1257 2604 1283 ς

1416 1311 1533 1342 Minori.
1557 1308 1616 1338 Cic.
1631 1308 1666 1337 de
1676 1306 1748 1337 Clar.
1763 1306 1840 1336 Orat.
1851 1309 1915 1337 228.
1938 1300 2119 1336 interJeetum
2128 1297 2201 1325 inter
2213 1292 2282 1322 duas
2294 1297 2400 1323 aetates,
2412 1285 2545 1317 Hortensii
2574 1289 2604 1331 11

1437 1350 1463 1379 &
1474 1347 1594 1390 Sulpicii
1605 1355 1675 1390 ,nec
1685 1345 1821 1380 majorem
1828 1340 1960 1379 consequi
1970 1337 2123 1377 poterat,&
2134 1331 2235 1363 minori
2247 1327 2356 1359 necesse
2366 1332 2426 1356 erat
2434 1324 2540 1355 cedere.
2590 1331 2604 1358 η

1418 1387 1527 1417 Cedere
1538 1385 1640 1419 alicui,
1662 1383 1827 1414 lnferiorem
1837 1390 1872 1411 eo
1885 1402 1894 1414 .,
1914 1386 2005 1416 neque
2014 1372 2157 1405 tantiesse.
2180 1370 2254 1408 Virg.
2268 1379 2293 1405 5.
2310 1365 2367 1397 Ecl.
2384 1367 2428 1395 16.
2575 1344 2604 1409 {Li

1515 1423 1603 1467 Lenta
1615 1422 1682 1466 salix
1693 1427 1829 1459 quantum
1844 1417 1962 1457 pallenti
1973 1415 2050 1445 cedit
2063 1411 2164 1445 olivae,
2597 1418 2604 1450 1

1514 1462 1644 1505 Ρ111110013
1655 1459 1773 1489 humilis
1786 1463 1921 1496 quantum
1934 1454 2056 1484 saliunca
2065 1449 2160 1480 rosetis
2170 1469 2180 1483 ‚
2574 1430 2579 1463 'l
2597 1457 2604 1475 ,-

1511 1499 1626 1536 Judicio
1641 1498 1744 1533 nostro,
1771 1503 1882 1526 tantum
1893 1493 1945 1523 tibi
1956 1491 2033 1522 cedit
2045 1491 2186 1526 Amyntas.
2574 1466 2604 1511 34⁴

1421 1537 1530 1569 Cedere
1542 1537 1626 1567 alicui
1646 1537 1675 1566 in
1686 1535 1779 1573 aliqua
1795 1544 1824 1564 re
1835 1555 1843 1569 ‚
1864 1532 1909 1563 vel
1921 1532 1951 1560 in
1967 1527 2078 1567 agendo
2100 1522 2216 1560 aliquid.
2257 1519 2317 1549 Cic.
2336 1526 2388 1555 pro
2403 1513 2504 1546 Caecin.
2520 1521 2543 1545 1.
2572 1521 2577 1556 ³.
2596 1515 2604 1552 ς’

1441 1577 1465 1607 N
1470 1586 1508 1606 on
1520 1576 1614 1606 minus
1625 1576 1654 1604 in
1663 1573 1742 1604 causa
1751 1573 1865 1603 cederet
1875 1571 1904 1600 A.
1917 1569 2029 1599 Caecina
2039 1564 2118 1596 Sexti
2127 1559 2236 1594 AEbutii
2246 1555 2430 1596 impudentiae
2438 1576 2447 1591 ,
2469 1560 2546 1592 quam
2568 1565 2578 1590 i
2588 1573 2594 1583 .

2577 1201 2579 1211 1
2600 1200 2602 1202 .

2577 1218 2580 1234 s

1441 1622 1501 1644 tuni
1511 1615 1540 1644 in
1553 1614 1579 1643 vi
1593 1612 1722 1643 facienda
1732 1611 1811 1641 cessit
1819 1608 1951 1640 audaciae.

1422 1652 1504 1683 Ultro
1514 1652 1608 1682 alicui.
1629 1651 1697 1681 Stat.
1711 1659 1734 1687 3.
1746 1648 1815 1679 Silv.
1830 1659 1856 1682 4.
1869 1656 1915 1682 40.
2573 1650 2577 1662 ι

1424 1691 1503 1721 Cedo
1514 1690 1565 1720 tibi
1576 1689 1705 1719 inlaude.
1746 1686 1816 1717 Gell.
1834 1685 1882 1715 lib.
1895 1694 1941 1714 20.
1955 1678 2082 1720 capuit.
2112 1675 2240 1708 Tantum
2261 1669 2362 1703 ceteris
2380 1664 2510 1700 omnibus
2519 1663 2548 1696 iri
2570 1670 2577 1701 1

1443 1729 1527 1767 ipsius
1538 1737 1650 1765 quoque
1660 1725 1817 1770 scriptionis
1832 1722 1915 1754 laude
1927 1720 2079 1754 cedentes,
2099 1720 2236 1755 quantum
2255 1709 2384 1742 cessimus
2401 1707 2432 1737 'm
2448 1705 2546 1736 cura&
2569 1706 2589 1735 ,1,

1446 1767 1585 1811 elegantia
1600 1765 1767 1804 scriptionis.
2571 1734 2580 1768 1

1425 1805 1515 1835 Alicui
1525 1805 1626 1835 cedere
1636 1826 1644 1839 ,
1665 1803 1703 1833 est
1713 1801 1823 1832 Victum
1835 1798 1920 1829 abire.
1942 1796 2001 1826 Cic.
2012 1804 2038 1825 2.
2054 1789 2113 1823 Off.
2124 1800 2171 1827 40.
2192 1787 2245 1819 Cui
2255 1785 2371 1826 quidem
2381 1782 2467 1814 etiam
2476 1787 2549 1811 exer-
2569 1770 2587 1837 11

1446 1844 1518 1887 citus
1533 1842 1634 1877 nostri,
1655 1837 1890 1879 imperatoresque
1903 1835 2051 1865 cesserunt.

1426 1881 1516 1911 Alicui
1527 1880 1597 1910 nihil
1611 1879 1721 1924 cedere.
1761 1877 1821 1907 Cic.
1834 1885 1857 1905 i.
1868 1874 1904 1904 de
1913 1872 2007 1911 Legib.
2022 1882 2046 1906 ς.
2067 1868 2114 1898 Sic
2124 1865 2200 1897 enim
2217 1868 2338 1903 putant,
2358 1865 2387 1890 te
2407 1856 2484 1888 illam
2498 1861 2550 1886 tra-
2568 1848 2576 1885 {⁵

1445 1920 1539 1963 &ante
1550 1918 1622 1948 effici
1635 1916 1710 1956 posse
1722 1938 1730 1952 ,
1751 1922 1783 1946 ut
1792 1916 1821 1944 in
1830 1913 1886 1943 hoc
1898 1912 1982 1941 etiam
1993 1916 2095 1948 genere
2105 1904 2217 1935 Graeciae
2228 1900 2300 1932 nihil
2313 1899 2455 1929 cedamus.
2571 1891 2574 1922 ζ

1427 1957 1593 1988 actionibus
1602 1956 1702 1986 cedere
1711 1954 1805 1984 alicui.
1827 1950 1926 1981 Paulus
1940 1949 1970 1978 in
1980 1948 1998 1977 l.
2013 1947 2041 1977 Si
2051 1955 2066 1974 a
2076 1944 2158 1973 bonae
2167 1941 2242 1971 fidei.
2267 1940 2300 1969 D.
2315 1938 2351 1968 de
2361 1935 2411 1966 Rei
2420 1932 2550 1964 vindicat.
2566 1941 2574 1957 ⁴¹

1449 1996 1486 2040 Ut
1495 2003 1589 2039 tamen
1602 1995 1620 2023 11
1633 1993 1746 2023 interim
1758 2001 1822 2021 eum
1832 1988 1996 2025 usuceperat
2005 2007 2013 2020 ,
2033 1980 2190 2013 actionibus
2200 1979 2253 2008 suis
2262 1977 2343 2008 cedat
2353 1972 2474 2013 petitori.
2570 1963 2573 1985 1

1427 2033 1592 2078 1160001005
1603 2032 1703 2062 cedere
1721 2029 1804 2060 alicui
1822 2026 1950 2058 adversus
1968 2023 2133 2054 debitorem.
2158 2017 2327 2056 Papinianus
2338 2014 2368 2042 in
2378 2012 2396 2042 1.
2419 2009 2550 2041 Stichum.
2566 2017 2573 2046 *i

1449 2073 1471 2110 §.
1494 2072 1521 2102 Si
1534 2071 1667 2100 mandato
1688 2078 1763 2099 meo.
1782 2068 1816 2098 D.
1830 2067 1866 2095 de
1876 2063 2015 2095 Solution.
2040 2061 2066 2090 &
2083 2057 2191 2087 liberat.
2215 2052 2381 2092 Quinetiam
2401 2046 2550 2080 dicisolet,
2566 2057 2571 2077 ,ῑ

1444 2111 1541 2140 tutelae
1551 2108 1688 2138 contraria
1704 2107 1816 2137 afflone
1832 2102 1992 2142 agendum,
2013 2104 2046 2129 ut
2069 2098 2097 2127 ei
2116 2093 2240 2134 pupillus
2264 2088 2391 2122 adversus
2415 2086 2551 2117 debitore·
2561 2082 2571 2131 11

1450 2148 1610 2177 aciionibus
1621 2146 1713 2179 cedat,

1428 2187 1559 2217 Actiones
1571 2185 1679 2215 cedere.
1719 2181 1831 2220 Ulpian.
1845 2180 1874 2209 in
1887 2178 1907 2208 1.
1935 2175 2022 2213 Quod
2035 2174 2053 2204 si
2071 2172 2171 2202 servus.
2193 2169 2216 2207 §.
2235 2167 2317 2198 Idem
2338 2163 2433 2194 Labeo
2451 2160 2498 2191 ait.
2518 2158 2551 2190 D.
2564 2158 2570 2186 1

1449 2225 1485 2254 (10
1502 2224 1534 2254 111
1546 2233 1604 2253 rem
1617 2221 1694 2252 verso
1707 2244 1715 2257 ,
1736 2222 1765 2251 Si
1781 2229 1839 2249 non
1851 2222 1931 2256 putat
1943 2215 1991 2244 sibi
2006 2211 2141 2250 expedire
2160 2215 2265 2238 nomen
2281 2202 2416 2233 debitoris
2432 2199 2569 2254 habere‚q

1450 2264 1533 2292 cedat
1543 2261 1672 2291 creditori
1685 2260 1811 2290 actiones
1823 2279 1831 2293 ,
1853 2258 2119 2295 procuratoremque
2130 2256 2196 2276 eum
2207 2244 2299 2274 faciat.

1428 2300 1629 2347 Aquaeducsuni
1643 2298 1727 2328 alicui
1737 2297 1846 2327 cedere.
1886 2290 2057 2329 Pomponius
2068 2288 2097 2317 in
2108 2286 2126 2315 l.
2150 2284 2200 2314 Per
2219 2290 2304 2320 quem
2324 2279 2431 2309 locum.
2458 2274 2492 2305 D.
2516 2271 2550 2303 de
2562 2276 2569 2313 J

1449 2340 1580 2369 Servitut.
1593 2337 1683 2366 rustic.
1696 2336 1782 2374 praed.
1806 2334 1856 2363 Per
1871 2340 1954 2369 quem
1965 2329 2061 2358 locum
2077 2325 2152 2355 viam
2162 2321 2210 2352 alii
2221 2318 2324 2350 cessero
2336 2339 2345 2354 ,
2365 2325 2416 2355 per
2433 2311 2573 2359 0001101111Γ

1448 2376 1494 2406 alii
1512 2376 1707 2413 aquaeducium
1720 2373 1820 2404 cedere
1831 2379 1888 2400 non
1900 2375 2008 2407 potero,

1431 2414 1480 2452 Jus
1489 2414 1612 2444 nominis
1625 2414 1734 2443 cedere.
1774 2407 1896 2440 Seaevola
1910 2407 1939 2436 in
1953 2405 1971 2435 l.
1989 2401 2100 2434 Mulier.
2125 2399 2161 2430 D.
2184 2395 2242 2434 Qui
2259 2393 2384 2433 potiores
2402 2391 2432 2421 in
2443 2388 2471 2428 pi
2509 2394 2566 2422 ore2
2602 2413 2604 2418 ,

1448 2453 1605 2483 habeantur
1615 2473 1624 2486 ,
1646 2451 1749 2488 Quaero
1760 2459 1794 2479 an
1808 2447 1827 2477 si
1837 2447 1864 2477 ei
1875 2446 1961 2483 justus
1972 2440 2104 2482 possessor
2115 2436 2232 2471 offerat,
2253 2429 2466 2470 compellendus
2494 2425 2561 2463 tiusi

1447 2491 1571 2520 nominis
1588 2489 1698 2520 cedere.
2559 2472 2566 2492 ν
2602 2464 2604 2494 i

1429 2527 1566 2565 Jussuum
1577 2528 1678 2558 cedere
1688 2525 1767 2556 alteri
1782 2546 1790 2560 ,
1811 2524 1828 2553 i.
1842 2532 1866 2552 e.
1890 2520 1971 2551 Dare.
1993 2512 2273 2554 Virg.rr.AEn.359.
2303 2546 2309 2553 .

1432 2567 1475 2598 De
1486 2568 1545 2603 jure
1557 2567 1667 2596 cedere.
2076 2553 2082 2559 “

1708 2564 1766 2593 Cic.
1778 2572 1804 2592 2.
1817 2559 1874 2591 Off.
1888 2563 1933 2594 64.
1956 2556 2097 2586 Convenit
2109 2557 2205 2582 autem
2216 2557 2282 2578 cum
2301 2555 2331 2576 in
2347 2541 2442 2575 dando
2449 2535 2550 2571 munifi·
2562 2534 2570 2559 1

2558 2583 2563 2599 1“

1453 2615 1517 2649 cum
1525 2604 1579 2634 esse
1594 2626 1601 2638 ,
1612 2605 1664 2634 &c.
1687 2602 1774 2632 multa
1784 2598 1879 2630 multis
1891 2597 1926 2626 de
1937 2597 1996 2632 jure
2007 2593 2054 2623 suo
2064 2590 2225 2621 cedentem.
2558 2601 2563 2614 „

1432 2641 1522 2673 Litem
1535 2643 1635 2672 cedere
1644 2640 1809 2670 adversario.
1850 2634 2008 2666 Marcianus
2019 2630 2075 2659 inl.
2098 2628 2125 2658 Si
2135 2627 2171 2655 de
2181 2622 2336 2655 communi.
2358 2619 2393 2649 D.
2408 2618 2437 2649 Si
2446 2614 2562 2647 servitusl
2575 2631 2578 2639 ·

1453 2681 1556 2711 vindic.
1595 2680 1650 2709 Sed
1663 2680 1681 2708 si
1692 2688 1742 2717 per
1753 2674 1935 2707 collusionem
1946 2670 2024 2701 cessit
2035 2669 2115 2698 litem
2124 2662 2280 2695 adversario
2293 2682 2301 2696 ‚
2322 2657 2422 2689 ceteris
2437 2653 2562 2685 dandami

1454 2718 1508 2749 esse
1517 2720 1660 2749 acsionem
1676 2718 1711 2746 de
1725 2716 1791 2745 dolo
1803 2712 1898 2743 Celsus
1907 2709 2009 2740 scribit.

1432 2757 1558 2801 Uirorem
1569 2757 1669 2786 marito
1683 2755 1793 2784 cedere.
1834 2751 1906 2786 Virg.
1924 2757 1947 2783 3.
1961 2747 2022 2777 IEn.
2034 2753 2050 2774 2

1452 2803 1490 2825 ait
1499 2796 1609 2825 Servius
1624 2816 1632 2829 ,
1655 2794 1720 2831 quia
1731 2800 1802 2821 uxor
1812 2789 1864 2818 viri
1875 2784 2053 2816 domicilium

1454 2843 1483 2863 re
1494 2834 1541 2862 est.
1583 2832 1653 2861 Cedi
1665 2831 1741 2860 enim
1753 2827 1899 2858 haereditas
1913 2823 2025 2853 dicitur.

1434 2871 1472 2902 Ut
1481 2880 1579 2909 aquam
1592 2879 1727 2907 quaereres
1739 2889 1747 2903 ,
1769 2868 1794 2897 St
1807 2867 1949 2894 inventam
1968 2861 2071 2889 ducere

1454 2909 1504 2939 ult.
1529 2909 1560 2939 D.
1582 2910 1609 2938 Si
1620 2908 1709 2937 servit.
1726 2905 1831 2935 vindic.

1435 2947 1536 2978 Vicino
1549 2947 1566 2976 si
1576 2947 1635 2984 quis
1645 2944 1768 2978 cesserit,
1790 2940 1882 2971 Labeo
1891 2942 1974 2977 putat
1985 2957 1994 2970 .
2013 2935 2055 2970 ius
2067 2932 2093 2962 ei
2112 2930 2166 2961 esse
2180 2937 2280 2965 aquam
2291 2924 2458 2955 immittere:
2479 2914 2558 2986 aqua?
2576 2914 2578 2917 '

1454 2985 1557 3024 pluviae
1571 2984 1697 3014 arcendae
1708 2990 1774 3012 eum
1783 2988 1864 3018 agere
1876 2986 1934 3006 non
1944 2972 2029 3013 posse.
2051 2969 2152 3000 Paulus
2162 2969 2192 2997 in
2206 2966 2225 2996 l.
2237 2975 2263 2996 2.
2278 2965 2301 3003 §.
2315 2963 2366 2993 ult.
2393 2961 2427 2990 D.
2449 2957 2484 2988 de
2493 2965 2548 2994 aqu·
2578 2992 2581 2996 ,
2598 2961 2604 2990 ἢ

2597 2999 2601 3019 i

1455 3026 1483 3054 <Sc
1494 3033 1565 3060 aqua
1575 3022 1652 3060 pluv.
1668 3030 1721 3050 arc.

1764 3054 1857 3086 Foedae
1866 3049 1977 3082 libidini
1988 3045 2124 3077 inservire.
2146 3042 2235 3073 Valet.
2248 3050 2274 3080 7.
2293 3040 2391 3076 Argon.
2405 3043 2468 3072 319.

1436 3062 1529 3092 Amori
1539 3061 1614 3099 turpi
1623 3059 1723 3090 cedere
1733 3079 1741 3091 ,
2603 3064 2604 3067 η

1436 3100 1608 3131 Aucioritati.
1651 3097 1718 3126 Plin.
1732 3094 1779 3124 lib.
1796 3103 1837 3127 ις.
1851 3100 1912 3128 cap.
1926 3097 1970 3118 22.
1994 3086 2028 3115 de
2040 3083 2127 3114 sorbis
2139 3081 2257 3118 loquens
2279 3079 2305 3108 8<
2323 3084 2395 3106 nuce
2411 3067 2547 3109 juglande.
2563 3087 2565 3090 <
2600 3078 2604 3106 ¹„

1457 3138 1497 3168 Ab
1509 3138 1552 3167 his
1565 3136 1661 3166 locum
1671 3131 1857 3171 amplitudine
1869 3127 2101 3158 vindicaverunt,
2123 3129 2184 3158 quae
2203 3117 2304 3147 cessere
2318 3109 2472 3144 austeritati
2482 3129 2490 3143 ‚
2507 3115 2546 3136 nu·
2596 3113 2604 3144 ft

1938 3164 1970 3193 sae
1983 3159 2154 3199 nuptialium
2175 3155 2412 3186 Fescenninorum
2429 3145 2573 3213 comitet:

2548 3202 2550 3226 i
2569 3194 2572 3199 '
2594 3189 2604 3221 l:

1937 3201 2034 3238 Quum
2052 3195 2239 3234 amplitudine
2255 3191 2404 3232 praestant,
2424 3184 2506 3225 gratia
2518 3187 2543 3211 ta

1457 3261 1525 3281 men
1536 3251 1682 3280 inferiores
1692 3247 1763 3277 sunt.
1785 3244 1912 3275 Budaeus.

1440 3289 1602 3321 Caelestibus
1617 3309 1625 3323 ,
1645 3286 1694 3316 nisi
1706 3281 1914 3314 immortalitate
1929 3299 1938 3312 ,
1960 3285 2018 3306 non
2034 3274 2148 3304 cedens.
2170 3269 2228 3299 Cic.
2240 3277 2264 3297 2.
2279 3267 2315 3296 de
2325 3265 2389 3296 Nat.
2405 3250 2486 3292 beor.
2497 3232 2562 3299 {wli

1459 3327 1638 3364 Reliquaeque
1647 3325 1762 3354 virtutes
1772 3343 1780 3356 ,
1801 3330 1817 3349 e
1828 3318 1929 3356 quibus
1939 3315 2019 3344 beata
2029 3313 2084 3341 vita
2094 3308 2186 3339 existit
2195 3329 2203 3342 ,
2227 3316 2276 3344 par
2287 3307 2311 3334 ἃ
2325 3300 2418 3333 similis
2427 3299 2535 3328 deorum

1460 3365 1537 3396 nulla
1547 3364 1599 3394 alia
1611 3373 1640 3392 re
1649 3384 1657 3396 ,
1681 3361 1729 3390 nisi
1741 3355 1949 3389 immortalitate
1960 3374 1969 3388 ,
1990 3359 2052 3389 quae
2062 3347 2134 3378 nihil
2143 3345 2178 3376 ad
2189 3344 2261 3374 bene
2270 3340 2424 3372 vivendum
2433 3333 2551 3379 pertinet..

1461 3404 1566 3434 cedens
1581 3399 1743 3432 caelestibus.
2545 3397 2548 3423 1

1442 3441 1581 3472 Consiliis.
1603 3438 1687 3469 Ovid.
1703 3446 1743 3473 13.
1755 3434 1825 3465 Met.
1838 3433 1901 3467 361.

1441 3480 1543 3511 Famae.
1583 3477 1642 3507 Cic.
1656 3485 1681 3512 7.
1695 3475 1768 3504 Fam.
1781 3481 1805 3508 3.
1828 3467 1930 3500 Pudori
1950 3472 2044 3495 tamen
2063 3461 2171 3496 malui,
2191 3458 2328 3493 Pamaeque
2345 3451 2459 3484 cedere,
2479 3425 2548 3558 qui-inf

1462 3517 1555 3547 salutis
1565 3524 1635 3545 meae
1645 3513 1781 3543 rationem
1793 3509 1914 3539 ducere,
1936 3505 1988 3533 i.e.
2011 3500 2147 3532 Obsistere
2158 3496 2256 3529 nolui,
2278 3491 2368 3530 passus
2379 3489 2436 3519 sum
2446 3495 2489 3516 me
2495 3490 2549 3528 *vin*
2574 3466 2604 3554 i

2592 3532 2598 3559 l

1463 3556 1498 3585 ci.
1541 3554 1649 3583 Veritus
1660 3551 1735 3581 enim
1745 3548 1804 3578 sum
1816 3568 1824 3582 ‚
1845 3545 1862 3574 si
1880 3543 1916 3574 ad
1933 3540 2095 3578 Pompeium
2112 3546 2170 3566 non
2184 3531 2334 3564 transissem
2346 3551 2354 3564 ,
2375 3536 2411 3557 ne
2429 3522 2542 3555 existima

2544 3566 2545 3571 ¹
2582 3569 2585 3582 i

1462 3594 1569 3623 tionem
1580 3591 1634 3620 mei
1645 3589 1775 3618 laederem
1787 3586 1813 3614 &
1822 3583 1986 3613 minuerem.
2020 3577 2146 3606 Budaeus.

1443 3631 1583 3662 Fortunae.
1624 3628 1683 3657 Cic.
1694 3635 1718 3662 3.
1735 3622 1817 3654 Tusc.
1832 3625 1875 3657 36.
1898 3618 1974 3656 Quid
1985 3617 2076 3650 jaces,
2095 3618 2144 3643 aut
2160 3608 2229 3648 quid
2242 3613 2360 3640 moeres,
2379 3606 2485 3633 auteur
2502 3594 2545 3632 suc;
2568 3592 2604 3751 111.

1464 3667 1574 3699 cumbis
1584 3688 1592 3701 ,
1613 3663 1743 3700 cedisque
1754 3658 1893 3690 sortunae‘?
2535 3667 2540 3674 ,

1955 3691 2023 3722 Plin.
2037 3689 2101 3725 Jun.
2130 3686 2196 3716 Non
2219 3682 2294 3713 cedit
2310 3678 2402 3718 gratiae
2422 3676 2566 3705 marmorir.
2597 3662 2604 3685 ⁴*

1444 3707 1545 3737 Gratiae
1556 3703 1673 3738 alicujus
1683 3701 1721 3731 rei
1736 3708 1793 3729 non
1808 3696 1916 3727 cedere.

1463 3752 1571 3777 ramos,
1594 3737 1797 3774 insidentesque
1806 3734 1959 3765 ramisaves
1979 3728 2086 3758 imitata
2101 3725 2218 3764 pictura.
2248 3721 2270 3750 i.
2283 3729 2307 3749 e.
2331 3718 2396 3748 Non
2417 3712 2503 3742 minor
2518 3707 2543 3737 θ’]

2541 3778 2542 3793 i
2582 3760 2603 3799 Jlil

1465 3781 1550 3820 gratia
1561 3780 1684 3818 pichirae.
1707 3776 1834 3806 Budaeus.

1445 3819 1554 3850 Honori
1565 3826 1623 3846 non
1634 3815 1742 3845 cedere.
1764 3812 1837 3847 Virg.
1851 3817 1875 3845 3.
1887 3806 1949 3838 AEn.
1961 3810 2027 3841 484.

1538 3856 1601 3886 Fert
1611 3854 1758 3892 pit‘iuratas
1770 3849 1827 3879 auri
1838 3844 1994 3876 subtemine
2003 3840 2090 3871 vestes
2481 3857 2489 3865 ,
2581 3822 2604 3862 μζ

1538 3892 1572 3924 Et
1584 3891 1727 3928 Phrygiam
1741 3886 1854 3917 Ascanio
1865 3881 2042 3918 chlamydem
2053 3900 2062 3913 ,
2083 3884 2136 3905 nec
2147 3871 2223 3903 cedit
2237 3867 2347 3900 honori.
2437 3857 2490 3890 Ubi
2499 3855 2541 3899 95¹⁴
2551 3862 2559 3868 ⁹
2581 3861 2604 3903 ’111

1464 3931 1535 3962 vius.
1570 3930 1663 3960 Tanta
1674 3929 1721 3957 dat
1738 3932 1872 3957 munera,
1892 3925 1994 3958 quanta
2013 3914 2170 3946 merebatur
2189 3909 2336 3952 Ascanius:
2359 3903 2413 3933 hoc
2430 3897 2467 3929 est
2484 3901 2541 3942 ‘⁰¹¹2'
2576 3901 2604 3945 's

1464 3969 1568 4000 honori
1576 3977 1634 3998 nori
1647 3965 1746 3996 cedere
1759 3984 1769 3999 ‚
1792 3969 1888 4001 parem
1896 3957 1951 3989 esse
1963 3954 2069 3986 meritis
2079 3950 2253 3988 accipientis.

2054 2752 2099 2779 97.
2120 2738 2284 2771 Secundum
2308 2736 2351 2772 ius
2371 2731 2481 2763 locutus
2500 2725 2561 2768 estis

2068 2780 2198 2819 sequitur.
2239 2775 2312 2806 Nam
2322 2774 2349 2803 &
2359 2769 2462 2802 cessisse
2472 2767 2506 2798 de
2514 2767 2562 2820 Ju-:J

2082 2856 2198 2889 liceret,
2219 2851 2283 2882 cedi
2303 2847 2402 2888 potest.
2431 2842 2520 2875 Labeo
2533 2839 2559 2886 l„
2576 2879 2579 2883 ,
2603 2823 2604 2862 l

1457 3185 1504 3206 ces
1515 3174 1674 3213 juglandes:
1697 3177 1856 3209 quanquam
1870 3166 1935 3203 &ip

1457 3214 1577 3244 multum
1598 3211 1688 3250 pineis
1705 3210 1837 3239 minores.
1859 3206 1877 3234 i.
1889 3213 1914 3233 e.

2458 3968 2536 4003 cedei
2590 3965 2604 4006 s}
