<?xml version="1.0" encoding="UTF-8"?>
<!DOCTYPE html PUBLIC "-//W3C//DTD XHTML 1.0 Transitional//EN"
    "http://www.w3.org/TR/xhtml1/DTD/xhtml1-transitional.dtd">
<html xmlns="http://www.w3.org/1999/xhtml" xml:lang="en" lang="en">
 <head>
  <title>
</title>
<meta http-equiv="Content-Type" content="text/html;charset=utf-8" />
  <meta name='ocr-system' content='tesseract 3.04.00' />
  <meta name='ocr-capabilities' content='ocr_page ocr_carea ocr_par ocr_line ocrx_word'/>
</head>
<body>
  <div class='ocr_page' id='page_1' title='image "./robertistephanil01esti_0695.png"; bbox 0 0 2600 4177; ppageno 0'>
   <div class='ocr_carea' id='block_1_1' title="bbox 0 2033 55 4088">
    <p class='ocr_par' dir='ltr' id='par_1_1' title="bbox 0 2033 55 4088">
     <span class='ocr_line' id='line_1_1' title="bbox 0 2033 55 4088; baseline 0 0"><span class='ocrx_word' id='word_1_1' title='bbox 0 2033 55 4088; x_wconf 95' lang='lat' dir='ltr'> </span> 
     </span>
    </p>
   </div>
   <div class='ocr_carea' id='block_1_2' title="bbox 515 143 811 180">
    <p class='ocr_par' dir='ltr' id='par_1_2' title="bbox 515 143 811 180">
     <span class='ocr_line' id='line_1_2' title="bbox 515 143 811 180; baseline 0 -1"><span class='ocrx_word' id='word_1_2' title='bbox 515 144 544 179; x_wconf 94' lang='lat' dir='ltr'>C</span> <span class='ocrx_word' id='word_1_3' title='bbox 644 146 679 180; x_wconf 94' lang='lat' dir='ltr'>O</span> <span class='ocrx_word' id='word_1_4' title='bbox 776 143 811 179; x_wconf 92' lang='lat' dir='ltr'>N</span> 
     </span>
    </p>
   </div>
   <div class='ocr_carea' id='block_1_3' title="bbox 112 223 1253 1702">
    <p class='ocr_par' dir='ltr' id='par_1_3' title="bbox 129 223 1235 331">
     <span class='ocr_line' id='line_1_3' title="bbox 129 223 1233 264; baseline -0.001 -11"><span class='ocrx_word' id='word_1_5' title='bbox 129 224 286 256; x_wconf 78' lang='lat' dir='ltr'>domesticis</span> <span class='ocrx_word' id='word_1_6' title='bbox 297 226 372 256; x_wconf 88' lang='lat' dir='ltr'>vitiis</span> <span class='ocrx_word' id='word_1_7' title='bbox 381 232 463 263; x_wconf 81' lang='lat' dir='ltr'>atque</span> <span class='ocrx_word' id='word_1_8' title='bbox 476 226 586 264; x_wconf 79' lang='lat' dir='ltr'>flagitiis</span> <span class='ocrx_word' id='word_1_9' title='bbox 595 225 621 255; x_wconf 91' lang='lat' dir='ltr'>se</span> <span class='ocrx_word' id='word_1_10' title='bbox 631 225 818 262; x_wconf 81' lang='lat' dir='ltr'>inquinassent</span> <span class='ocrx_word' id='word_1_11' title='bbox 832 248 840 262; x_wconf 87' lang='lat'>‚</span> <span class='ocrx_word' id='word_1_12' title='bbox 860 228 906 256; x_wconf 83' lang='lat' dir='ltr'>vel</span> <span class='ocrx_word' id='word_1_13' title='bbox 925 227 952 255; x_wconf 89' lang='lat' dir='ltr'>in</span> <span class='ocrx_word' id='word_1_14' title='bbox 972 226 1080 264; x_wconf 85' lang='lat' dir='ltr'>Repub.</span> <span class='ocrx_word' id='word_1_15' title='bbox 1098 223 1233 257; x_wconf 75' lang='lat' dir='ltr'>violanda</span> 
     </span>
     <span class='ocr_line' id='line_1_4' title="bbox 129 262 1235 302; baseline 0 -11"><span class='ocrx_word' id='word_1_16' title='bbox 129 263 433 300; x_wconf 79' lang='lat' dir='ltr'>fraudesineirpiabilcs</span> <span class='ocrx_word' id='word_1_17' title='bbox 443 263 654 302; x_wconf 79' lang='lat' dir='ltr'>concepissent,</span> <span class='ocrx_word' id='word_1_18' title='bbox 675 264 709 293; x_wconf 86' lang='lat' dir='ltr'>iis</span> <span class='ocrx_word' id='word_1_19' title='bbox 727 265 843 294; x_wconf 85' lang='lat' dir='ltr'>denium</span> <span class='ocrx_word' id='word_1_20' title='bbox 863 265 1006 301; x_wconf 79' lang='lat' dir='ltr'>quoddam</span> <span class='ocrx_word' id='word_1_21' title='bbox 1019 266 1069 294; x_wconf 85' lang='lat' dir='ltr'>iter</span> <span class='ocrx_word' id='word_1_22' title='bbox 1084 263 1139 293; x_wconf 76' lang='lat' dir='ltr'>esse</span> <span class='ocrx_word' id='word_1_23' title='bbox 1148 262 1235 292; x_wconf 78' lang='lat' dir='ltr'>seciu-</span> 
     </span>
     <span class='ocr_line' id='line_1_5' title="bbox 130 297 488 331; baseline 0.008 -3"><span class='ocrx_word' id='word_1_24' title='bbox 130 297 189 328; x_wconf 84' lang='lat' dir='ltr'>sum</span> <span class='ocrx_word' id='word_1_25' title='bbox 201 311 215 329; x_wconf 85' lang='lat' dir='ltr'>a</span> <span class='ocrx_word' id='word_1_26' title='bbox 231 302 352 331; x_wconf 84' lang='lat' dir='ltr'>concilio</span> <span class='ocrx_word' id='word_1_27' title='bbox 362 302 488 331; x_wconf 86' lang='lat' dir='ltr'>deorum.</span> 
     </span>
    </p>

    <p class='ocr_par' dir='ltr' id='par_1_4' title="bbox 112 336 501 375">
     <span class='ocr_line' id='line_1_6' title="bbox 112 336 501 375; baseline 0.003 -9"><span class='ocrx_word' id='word_1_28' title='bbox 112 336 215 368; x_wconf 83' lang='lat' dir='ltr'>Furias.</span> <span class='ocrx_word' id='word_1_29' title='bbox 237 339 309 375; x_wconf 75' lang='lat' dir='ltr'>Virg.</span> <span class='ocrx_word' id='word_1_30' title='bbox 324 351 348 373; x_wconf 80' lang='lat'>4-</span> <span class='ocrx_word' id='word_1_31' title='bbox 364 339 423 369; x_wconf 77' lang='lat' dir='ltr'>AEn.</span> <span class='ocrx_word' id='word_1_32' title='bbox 437 349 501 373; x_wconf 65' lang='lat'>47⁴²-</span> 
     </span>
    </p>

    <p class='ocr_par' dir='ltr' id='par_1_5' title="bbox 198 375 844 414">
     <span class='ocr_line' id='line_1_7' title="bbox 198 375 844 414; baseline 0.002 -9"><span class='ocrx_word' id='word_1_33' title='bbox 198 376 265 413; x_wconf 73' lang='lat' dir='ltr'>Ergo</span> <span class='ocrx_word' id='word_1_34' title='bbox 278 377 324 405; x_wconf 87' lang='lat' dir='ltr'>ubi</span> <span class='ocrx_word' id='word_1_35' title='bbox 336 377 466 414; x_wconf 84' lang='lat' dir='ltr'>concepit</span> <span class='ocrx_word' id='word_1_36' title='bbox 475 376 557 405; x_wconf 80' lang='lat' dir='ltr'>sarias</span> <span class='ocrx_word' id='word_1_37' title='bbox 566 376 654 406; x_wconf 72' lang='lat' dir='ltr'>evit&#39;ta</span> <span class='ocrx_word' id='word_1_38' title='bbox 664 375 761 406; x_wconf 83' lang='lat' dir='ltr'>dolore</span> <span class='ocrx_word' id='word_1_39' title='bbox 771 399 777 409; x_wconf 73' lang='lat'>.</span> <span class='ocrx_word' id='word_1_40' title='bbox 792 378 844 407; x_wconf 72' lang='lat' dir='ltr'>Sec.</span> 
     </span>
    </p>

    <p class='ocr_par' dir='ltr' id='par_1_6' title="bbox 112 412 492 447">
     <span class='ocr_line' id='line_1_8' title="bbox 112 412 492 447; baseline 0.003 -6"><span class='ocrx_word' id='word_1_41' title='bbox 112 412 253 443; x_wconf 86' lang='lat' dir='ltr'>Furorem.</span> <span class='ocrx_word' id='word_1_42' title='bbox 277 413 324 443; x_wconf 86' lang='lat' dir='ltr'>Sil.</span> <span class='ocrx_word' id='word_1_43' title='bbox 336 413 384 443; x_wconf 91' lang='lat' dir='ltr'>lib.</span> <span class='ocrx_word' id='word_1_44' title='bbox 396 424 419 447; x_wconf 83' lang='grc' dir='ltr'>ς.</span> <span class='ocrx_word' id='word_1_45' title='bbox 433 419 492 447; x_wconf 77' lang='lat'><em>¹82-</em></span> 
     </span>
    </p>

    <p class='ocr_par' dir='ltr' id='par_1_7' title="bbox 113 450 827 487">
     <span class='ocr_line' id='line_1_9' title="bbox 113 450 827 487; baseline -0.001 -6"><span class='ocrx_word' id='word_1_46' title='bbox 113 450 231 481; x_wconf 85' lang='lat' dir='ltr'>Furores</span> <span class='ocrx_word' id='word_1_47' title='bbox 242 456 335 480; x_wconf 84' lang='lat' dir='ltr'>mente</span> <span class='ocrx_word' id='word_1_48' title='bbox 345 473 352 485; x_wconf 91' lang='lat'>,</span> <span class='ocrx_word' id='word_1_49' title='bbox 374 451 460 480; x_wconf 90' lang='lat' dir='ltr'>Furiis</span> <span class='ocrx_word' id='word_1_50' title='bbox 468 451 519 487; x_wconf 70' lang='lat' dir='ltr'>agi.</span> <span class='ocrx_word' id='word_1_51' title='bbox 541 451 624 480; x_wconf 85' lang='lat' dir='ltr'>Ovid.</span> <span class='ocrx_word' id='word_1_52' title='bbox 638 460 663 481; x_wconf 80' lang='lat'>².</span> <span class='ocrx_word' id='word_1_53' title='bbox 677 450 748 481; x_wconf 75' lang='lat' dir='ltr'>Met.</span> <span class='ocrx_word' id='word_1_54' title='bbox 763 455 827 484; x_wconf 71' lang='lat'>640.</span> 
     </span>
    </p>

    <p class='ocr_par' dir='ltr' id='par_1_8' title="bbox 115 488 909 528">
     <span class='ocr_line' id='line_1_10' title="bbox 115 488 909 528; baseline 0.003 -11"><span class='ocrx_word' id='word_1_55' title='bbox 115 488 271 519; x_wconf 88' lang='lat' dir='ltr'>Habitusin</span> <span class='ocrx_word' id='word_1_56' title='bbox 283 489 491 526; x_wconf 86' lang='lat' dir='ltr'>pronuntiando</span> <span class='ocrx_word' id='word_1_57' title='bbox 500 490 659 528; x_wconf 81' lang='lat' dir='ltr'>concipere.</span> <span class='ocrx_word' id='word_1_58' title='bbox 681 489 802 526; x_wconf 85' lang='lat' dir='ltr'>Quintil.</span> <span class='ocrx_word' id='word_1_59' title='bbox 820 489 870 520; x_wconf 85' lang='lat' dir='ltr'>lib.</span> <span class='ocrx_word' id='word_1_60' title='bbox 883 497 909 526; x_wconf 85' lang='lat'>3.</span> 
     </span>
    </p>

    <p class='ocr_par' dir='ltr' id='par_1_9' title="bbox 115 525 534 564">
     <span class='ocr_line' id='line_1_11' title="bbox 115 525 534 564; baseline -0.002 -8"><span class='ocrx_word' id='word_1_61' title='bbox 115 525 223 564; x_wconf 81' lang='lat' dir='ltr'><strong>Ignem.</strong></span> <span class='ocrx_word' id='word_1_62' title='bbox 247 526 353 555; x_wconf 79' lang='lat' dir='ltr'>Lucret.</span> <span class='ocrx_word' id='word_1_63' title='bbox 365 526 413 555; x_wconf 89' lang='lat' dir='ltr'>lib.</span> <span class='ocrx_word' id='word_1_64' title='bbox 429 530 453 555; x_wconf 84' lang='lat'>6.</span> <span class='ocrx_word' id='word_1_65' title='bbox 470 531 534 560; x_wconf 76' lang='lat'>880.</span> 
     </span>
    </p>

    <p class='ocr_par' dir='ltr' id='par_1_10' title="bbox 118 564 1240 713">
     <span class='ocr_line' id='line_1_12' title="bbox 197 564 861 603; baseline 0.003 -10"><span class='ocrx_word' id='word_1_66' title='bbox 197 565 283 600; x_wconf 79' lang='lat' dir='ltr'>stupa</span> <span class='ocrx_word' id='word_1_67' title='bbox 296 564 494 600; x_wconf 86' lang='lat' dir='ltr'>jacitflammas</span> <span class='ocrx_word' id='word_1_68' title='bbox 505 571 644 602; x_wconf 89' lang='lat' dir='ltr'>concepto</span> <span class='ocrx_word' id='word_1_69' title='bbox 652 566 779 603; x_wconf 89' lang='lat' dir='ltr'>protinus</span> <span class='ocrx_word' id='word_1_70' title='bbox 788 565 861 602; x_wconf 86' lang='lat' dir='ltr'>igne.</span> 
     </span>
     <span class='ocr_line' id='line_1_13' title="bbox 118 601 765 639; baseline 0 -9"><span class='ocrx_word' id='word_1_71' title='bbox 118 601 224 631; x_wconf 87' lang='lat' dir='ltr'>lraruin</span> <span class='ocrx_word' id='word_1_72' title='bbox 238 601 322 631; x_wconf 80' lang='lat' dir='ltr'>saevos</span> <span class='ocrx_word' id='word_1_73' title='bbox 335 602 421 639; x_wconf 78' lang='lat' dir='ltr'>ignes.</span> <span class='ocrx_word' id='word_1_74' title='bbox 444 602 532 632; x_wconf 90' lang='lat' dir='ltr'>Valcr.</span> <span class='ocrx_word' id='word_1_75' title='bbox 548 611 570 631; x_wconf 88' lang='lat'>1.</span> <span class='ocrx_word' id='word_1_76' title='bbox 591 604 688 639; x_wconf 77' lang='lat' dir='ltr'>Argon.</span> <span class='ocrx_word' id='word_1_77' title='bbox 701 608 765 639; x_wconf 76' lang='lat'>748.</span> 
     </span>
     <span class='ocr_line' id='line_1_14' title="bbox 118 636 1240 707; baseline -0.002 -38"><span class='ocrx_word' id='word_1_78' title='bbox 118 636 269 707; x_wconf 40' lang='lat' dir='ltr'>Imperium</span> <span class='ocrx_word' id='word_1_79' title='bbox 279 642 440 706; x_wconf 53' lang='grc' dir='ltr'>ᾓοηεῑρεῐςε,</span> <span class='ocrx_word' id='word_1_80' title='bbox 462 641 499 670; x_wconf 84' lang='lat' dir='ltr'>est</span> <span class='ocrx_word' id='word_1_81' title='bbox 510 641 548 670; x_wconf 84' lang='lat' dir='ltr'>Ex</span> <span class='ocrx_word' id='word_1_82' title='bbox 560 641 694 670; x_wconf 88' lang='lat' dir='ltr'>destinato</span> <span class='ocrx_word' id='word_1_83' title='bbox 704 640 848 679; x_wconf 82' lang='lat' dir='ltr'>suscipere.</span> <span class='ocrx_word' id='word_1_84' title='bbox 871 639 1060 671; x_wconf 85' lang='lat' dir='ltr'>Rhenanusin</span> <span class='ocrx_word' id='word_1_85' title='bbox 1071 638 1196 677; x_wconf 77' lang='lat' dir='ltr'>Castigat.</span> <span class='ocrx_word' id='word_1_86' title='bbox 1210 637 1240 667; x_wconf 86' lang='lat' dir='ltr'>in</span> 
     </span>
     <span class='ocr_line' id='line_1_15' title="bbox 165 677 385 713; baseline 0.009 -8"><span class='ocrx_word' id='word_1_87' title='bbox 165 684 227 706; x_wconf 88' lang='lat' dir='ltr'>acit.</span> <span class='ocrx_word' id='word_1_88' title='bbox 241 686 265 705; x_wconf 90' lang='lat'>2.</span> <span class='ocrx_word' id='word_1_89' title='bbox 307 677 346 706; x_wconf 83' lang='lat' dir='ltr'>ist.</span> <span class='ocrx_word' id='word_1_90' title='bbox 361 687 385 713; x_wconf 87' lang='lat'>3.</span> 
     </span>
    </p>

    <p class='ocr_par' dir='ltr' id='par_1_11' title="bbox 119 714 1241 830">
     <span class='ocr_line' id='line_1_16' title="bbox 119 714 1240 753; baseline -0.002 -8"><span class='ocrx_word' id='word_1_91' title='bbox 119 714 282 745; x_wconf 78' lang='lat' dir='ltr'>Inimicitias</span> <span class='ocrx_word' id='word_1_92' title='bbox 292 725 356 744; x_wconf 86' lang='lat' dir='ltr'>cuni</span> <span class='ocrx_word' id='word_1_93' title='bbox 365 716 458 753; x_wconf 89' lang='lat' dir='ltr'>aliquo</span> <span class='ocrx_word' id='word_1_94' title='bbox 469 726 503 745; x_wconf 87' lang='lat' dir='ltr'>ex</span> <span class='ocrx_word' id='word_1_95' title='bbox 517 726 545 745; x_wconf 89' lang='lat' dir='ltr'>re</span> <span class='ocrx_word' id='word_1_96' title='bbox 555 716 655 753; x_wconf 87' lang='lat' dir='ltr'>aliqua.</span> <span class='ocrx_word' id='word_1_97' title='bbox 691 715 757 746; x_wconf 87' lang='lat' dir='ltr'>Caes.</span> <span class='ocrx_word' id='word_1_98' title='bbox 773 725 796 751; x_wconf 84' lang='lat'>3.</span> <span class='ocrx_word' id='word_1_99' title='bbox 811 715 878 745; x_wconf 87' lang='lat' dir='ltr'>Bell.</span> <span class='ocrx_word' id='word_1_100' title='bbox 895 715 973 745; x_wconf 90' lang='lat' dir='ltr'>Civil.</span> <span class='ocrx_word' id='word_1_101' title='bbox 991 717 1032 745; x_wconf 92' lang='lat'>16.</span> <span class='ocrx_word' id='word_1_102' title='bbox 1055 715 1150 744; x_wconf 80' lang='lat' dir='ltr'>Prodit</span> <span class='ocrx_word' id='word_1_103' title='bbox 1162 714 1240 749; x_wconf 81' lang='lat' dir='ltr'>Libo,</span> 
     </span>
     <span class='ocr_line' id='line_1_17' title="bbox 139 753 1241 791; baseline -0.001 -10"><span class='ocrx_word' id='word_1_104' title='bbox 139 759 222 788; x_wconf 88' lang='lat' dir='ltr'>atque</span> <span class='ocrx_word' id='word_1_105' title='bbox 233 753 345 782; x_wconf 82' lang='lat' dir='ltr'>excusat</span> <span class='ocrx_word' id='word_1_106' title='bbox 357 754 486 783; x_wconf 85' lang='lat' dir='ltr'>Bibulum</span> <span class='ocrx_word' id='word_1_107' title='bbox 499 776 507 789; x_wconf 87' lang='lat'>,</span> <span class='ocrx_word' id='word_1_108' title='bbox 528 755 603 791; x_wconf 86' lang='lat' dir='ltr'>quod</span> <span class='ocrx_word' id='word_1_109' title='bbox 615 755 637 783; x_wconf 94' lang='lat' dir='ltr'>is</span> <span class='ocrx_word' id='word_1_110' title='bbox 655 754 799 784; x_wconf 82' lang='lat' dir='ltr'>iracundia</span> <span class='ocrx_word' id='word_1_111' title='bbox 815 753 919 782; x_wconf 90' lang='lat' dir='ltr'>summa</span> <span class='ocrx_word' id='word_1_112' title='bbox 931 760 1007 788; x_wconf 90' lang='lat' dir='ltr'>erat,</span> <span class='ocrx_word' id='word_1_113' title='bbox 1027 753 1241 789; x_wconf 79' lang='lat' dir='ltr'>inimicitiasque</span> 
     </span>
     <span class='ocr_line' id='line_1_18' title="bbox 139 790 1241 830; baseline 0 -11"><span class='ocrx_word' id='word_1_114' title='bbox 139 790 259 819; x_wconf 81' lang='lat' dir='ltr'>habebat</span> <span class='ocrx_word' id='word_1_115' title='bbox 270 792 353 820; x_wconf 88' lang='lat' dir='ltr'>etiam</span> <span class='ocrx_word' id='word_1_116' title='bbox 363 793 481 830; x_wconf 84' lang='lat' dir='ltr'>privatas</span> <span class='ocrx_word' id='word_1_117' title='bbox 491 802 555 821; x_wconf 92' lang='lat' dir='ltr'>cum</span> <span class='ocrx_word' id='word_1_118' title='bbox 566 791 669 822; x_wconf 63' lang='lat' dir='ltr'>Caesare</span> <span class='ocrx_word' id='word_1_119' title='bbox 678 814 686 827; x_wconf 84' lang='lat'>,</span> <span class='ocrx_word' id='word_1_120' title='bbox 713 798 749 821; x_wconf 75' lang='lat' dir='ltr'>cx</span> <span class='ocrx_word' id='word_1_121' title='bbox 765 791 895 821; x_wconf 84' lang='lat' dir='ltr'>aedil&#39;itate</span> <span class='ocrx_word' id='word_1_122' title='bbox 907 792 933 821; x_wconf 64' lang='grc' dir='ltr'>ἃ</span> <span class='ocrx_word' id='word_1_123' title='bbox 945 798 1062 829; x_wconf 80' lang='lat' dir='ltr'>praetura</span> <span class='ocrx_word' id='word_1_124' title='bbox 1080 798 1241 828; x_wconf 77' lang='lat' dir='ltr'>conceptas.</span> 
     </span>
    </p>

    <p class='ocr_par' dir='ltr' id='par_1_12' title="bbox 120 827 1111 868">
     <span class='ocr_line' id='line_1_19' title="bbox 120 827 1111 868; baseline 0.001 -10"><span class='ocrx_word' id='word_1_125' title='bbox 120 827 321 865; x_wconf 83' lang='lat' dir='ltr'>intelligentias</span> <span class='ocrx_word' id='word_1_126' title='bbox 329 831 504 859; x_wconf 83' lang='lat' dir='ltr'>adumbratas</span> <span class='ocrx_word' id='word_1_127' title='bbox 514 831 607 859; x_wconf 86' lang='lat' dir='ltr'>animo</span> <span class='ocrx_word' id='word_1_128' title='bbox 618 835 776 866; x_wconf 85' lang='lat' dir='ltr'>menteque.</span> <span class='ocrx_word' id='word_1_129' title='bbox 799 829 858 860; x_wconf 88' lang='lat' dir='ltr'>Cic.</span> <span class='ocrx_word' id='word_1_130' title='bbox 874 839 897 860; x_wconf 90' lang='lat'>1.</span> <span class='ocrx_word' id='word_1_131' title='bbox 910 830 945 859; x_wconf 85' lang='lat' dir='ltr'>de</span> <span class='ocrx_word' id='word_1_132' title='bbox 954 829 1048 868; x_wconf 85' lang='lat' dir='ltr'>Legib.</span> <span class='ocrx_word' id='word_1_133' title='bbox 1068 839 1111 866; x_wconf 73' lang='lat'>59.</span> 
     </span>
    </p>

    <p class='ocr_par' dir='ltr' id='par_1_13' title="bbox 120 865 931 903">
     <span class='ocr_line' id='line_1_20' title="bbox 120 865 931 903; baseline 0.001 -8"><span class='ocrx_word' id='word_1_134' title='bbox 120 865 178 896; x_wconf 85' lang='lat' dir='ltr'>Iras</span> <span class='ocrx_word' id='word_1_135' title='bbox 193 866 320 903; x_wconf 83' lang='lat' dir='ltr'>ingentes</span> <span class='ocrx_word' id='word_1_136' title='bbox 334 869 439 897; x_wconf 87' lang='lat' dir='ltr'>animo.</span> <span class='ocrx_word' id='word_1_137' title='bbox 461 867 546 897; x_wconf 90' lang='lat' dir='ltr'>Ovid.</span> <span class='ocrx_word' id='word_1_138' title='bbox 560 878 582 897; x_wconf 93' lang='lat'>1.</span> <span class='ocrx_word' id='word_1_139' title='bbox 595 867 662 897; x_wconf 83' lang='lat' dir='ltr'>Met.</span> <span class='ocrx_word' id='word_1_140' title='bbox 678 870 740 896; x_wconf 90' lang='lat'>166.</span> <span class='ocrx_word' id='word_1_141' title='bbox 929 876 931 879; x_wconf 88' lang='lat'>·</span> 
     </span>
    </p>

    <p class='ocr_par' dir='ltr' id='par_1_14' title="bbox 120 903 989 940">
     <span class='ocr_line' id='line_1_21' title="bbox 120 903 989 940; baseline 0.001 -6"><span class='ocrx_word' id='word_1_142' title='bbox 120 903 192 934; x_wconf 84' lang='lat' dir='ltr'>lram</span> <span class='ocrx_word' id='word_1_143' title='bbox 202 904 374 936; x_wconf 88' lang='lat' dir='ltr'>acerbiorem</span> <span class='ocrx_word' id='word_1_144' title='bbox 384 906 483 935; x_wconf 91' lang='lat' dir='ltr'>intimo</span> <span class='ocrx_word' id='word_1_145' title='bbox 499 905 564 935; x_wconf 87' lang='lat' dir='ltr'>odio</span> <span class='ocrx_word' id='word_1_146' title='bbox 580 907 606 936; x_wconf 71' lang='lat' dir='ltr'>Sc</span> <span class='ocrx_word' id='word_1_147' title='bbox 618 905 713 934; x_wconf 83' lang='lat' dir='ltr'>corde.</span> <span class='ocrx_word' id='word_1_148' title='bbox 735 904 794 934; x_wconf 83' lang='lat' dir='ltr'>Cic.</span> <span class='ocrx_word' id='word_1_149' title='bbox 805 915 831 940; x_wconf 87' lang='lat'>4.</span> <span class='ocrx_word' id='word_1_150' title='bbox 850 904 932 935; x_wconf 90' lang='lat' dir='ltr'>Tusc.</span> <span class='ocrx_word' id='word_1_151' title='bbox 944 915 989 935; x_wconf 81' lang='lat'>21.</span> 
     </span>
    </p>

    <p class='ocr_par' dir='ltr' id='par_1_15' title="bbox 121 941 1253 1702">
     <span class='ocr_line' id='line_1_22' title="bbox 121 941 1242 982; baseline 0.002 -12"><span class='ocrx_word' id='word_1_152' title='bbox 121 941 319 978; x_wconf 82' lang='lat' dir='ltr'>Jusjurandum</span> <span class='ocrx_word' id='word_1_153' title='bbox 331 944 500 982; x_wconf 83' lang='lat' dir='ltr'>concipere,</span> <span class='ocrx_word' id='word_1_154' title='bbox 521 944 587 981; x_wconf 86' lang='lat' dir='ltr'>quid</span> <span class='ocrx_word' id='word_1_155' title='bbox 603 943 649 977; x_wconf 90' lang='lat' dir='ltr'>sit,</span> <span class='ocrx_word' id='word_1_156' title='bbox 669 952 706 972; x_wconf 88' lang='lat' dir='ltr'>ex</span> <span class='ocrx_word' id='word_1_157' title='bbox 715 943 807 972; x_wconf 89' lang='lat' dir='ltr'>verbis</span> <span class='ocrx_word' id='word_1_158' title='bbox 819 942 909 973; x_wconf 78' lang='lat' dir='ltr'>Taciti</span> <span class='ocrx_word' id='word_1_159' title='bbox 920 942 1076 979; x_wconf 87' lang='lat' dir='ltr'>intelligere</span> <span class='ocrx_word' id='word_1_160' title='bbox 1088 941 1242 980; x_wconf 65' lang='lat' dir='ltr'>possumus„</span> 
     </span>
     <span class='ocr_line' id='line_1_23' title="bbox 141 979 1244 1019; baseline 0.001 -11"><span class='ocrx_word' id='word_1_161' title='bbox 141 991 167 1012; x_wconf 71' lang='lat'>4.</span> <span class='ocrx_word' id='word_1_162' title='bbox 182 979 248 1009; x_wconf 89' lang='lat' dir='ltr'>Hist.</span> <span class='ocrx_word' id='word_1_163' title='bbox 261 991 306 1016; x_wconf 87' lang='lat'>41.</span> <span class='ocrx_word' id='word_1_164' title='bbox 318 981 353 1011; x_wconf 85' lang='lat' dir='ltr'>iic</span> <span class='ocrx_word' id='word_1_165' title='bbox 362 983 438 1011; x_wconf 87' lang='lat' dir='ltr'>enim</span> <span class='ocrx_word' id='word_1_166' title='bbox 447 982 537 1019; x_wconf 86' lang='lat' dir='ltr'>inquit</span> <span class='ocrx_word' id='word_1_167' title='bbox 550 982 585 1011; x_wconf 90' lang='lat' dir='ltr'>de</span> <span class='ocrx_word' id='word_1_168' title='bbox 593 980 763 1010; x_wconf 86' lang='lat' dir='ltr'>delatoribus</span> <span class='ocrx_word' id='word_1_169' title='bbox 775 1002 783 1016; x_wconf 84' lang='lat'><strong>‚</strong></span> <span class='ocrx_word' id='word_1_170' title='bbox 804 982 889 1018; x_wconf 84' lang='lat' dir='ltr'>Signo</span> <span class='ocrx_word' id='word_1_171' title='bbox 904 981 1019 1010; x_wconf 91' lang='lat' dir='ltr'>ultionis</span> <span class='ocrx_word' id='word_1_172' title='bbox 1031 981 1060 1009; x_wconf 90' lang='lat' dir='ltr'>in</span> <span class='ocrx_word' id='word_1_173' title='bbox 1071 980 1244 1010; x_wconf 81' lang='lat' dir='ltr'>accusatores</span> 
     </span>
     <span class='ocr_line' id='line_1_24' title="bbox 141 1017 1245 1055; baseline 0.001 -9"><span class='ocrx_word' id='word_1_174' title='bbox 141 1017 224 1052; x_wconf 85' lang='lat' dir='ltr'>dato,</span> <span class='ocrx_word' id='word_1_175' title='bbox 245 1019 317 1055; x_wconf 88' lang='lat' dir='ltr'>petit</span> <span class='ocrx_word' id='word_1_176' title='bbox 339 1029 354 1049; x_wconf 91' lang='lat' dir='ltr'>a</span> <span class='ocrx_word' id='word_1_177' title='bbox 377 1019 480 1049; x_wconf 68' lang='lat' dir='ltr'>Caesare</span> <span class='ocrx_word' id='word_1_178' title='bbox 500 1020 539 1055; x_wconf 92' lang='lat' dir='ltr'>(i.</span> <span class='ocrx_word' id='word_1_179' title='bbox 552 1029 577 1050; x_wconf 90' lang='lat' dir='ltr'>e.</span> <span class='ocrx_word' id='word_1_180' title='bbox 600 1017 794 1054; x_wconf 88' lang='lat' dir='ltr'>Domitiano.)</span> <span class='ocrx_word' id='word_1_181' title='bbox 814 1018 913 1054; x_wconf 86' lang='lat' dir='ltr'>Junius</span> <span class='ocrx_word' id='word_1_182' title='bbox 934 1019 1091 1054; x_wconf 81' lang='lat' dir='ltr'>Mauricus,</span> <span class='ocrx_word' id='word_1_183' title='bbox 1118 1025 1149 1048; x_wconf 90' lang='lat' dir='ltr'>ut</span> <span class='ocrx_word' id='word_1_184' title='bbox 1168 1027 1245 1047; x_wconf 75' lang='lat' dir='ltr'>com-</span> 
     </span>
     <span class='ocr_line' id='line_1_25' title="bbox 141 1055 1246 1096; baseline 0.001 -13"><span class='ocrx_word' id='word_1_185' title='bbox 141 1056 342 1086; x_wconf 85' lang='lat' dir='ltr'>mentariorum</span> <span class='ocrx_word' id='word_1_186' title='bbox 355 1056 551 1096; x_wconf 84' lang='lat' dir='ltr'>principalium</span> <span class='ocrx_word' id='word_1_187' title='bbox 562 1057 847 1094; x_wconf 34' lang='lat' dir='ltr'>potestatem-Senatui</span> <span class='ocrx_word' id='word_1_188' title='bbox 859 1057 979 1089; x_wconf 78' lang='lat' dir='ltr'>faceret,</span> <span class='ocrx_word' id='word_1_189' title='bbox 1000 1066 1048 1094; x_wconf 90' lang='lat' dir='ltr'>per</span> <span class='ocrx_word' id='word_1_190' title='bbox 1062 1065 1132 1093; x_wconf 88' lang='lat' dir='ltr'>quos</span> <span class='ocrx_word' id='word_1_191' title='bbox 1151 1055 1246 1085; x_wconf 88' lang='lat' dir='ltr'>nosce-</span> 
     </span>
     <span class='ocr_line' id='line_1_26' title="bbox 141 1093 1246 1133; baseline 0 -11"><span class='ocrx_word' id='word_1_192' title='bbox 141 1099 200 1126; x_wconf 87' lang='lat' dir='ltr'>ret,</span> <span class='ocrx_word' id='word_1_193' title='bbox 222 1103 306 1129; x_wconf 86' lang='lat' dir='ltr'>quem</span> <span class='ocrx_word' id='word_1_194' title='bbox 326 1095 439 1133; x_wconf 85' lang='lat' dir='ltr'>quisque</span> <span class='ocrx_word' id='word_1_195' title='bbox 459 1095 646 1125; x_wconf 85' lang='lat' dir='ltr'>accusandum</span> <span class='ocrx_word' id='word_1_196' title='bbox 664 1093 840 1132; x_wconf 75' lang='lat' dir='ltr'>poposcisset.</span> <span class='ocrx_word' id='word_1_197' title='bbox 879 1094 1090 1124; x_wconf 78' lang='lat' dir='ltr'>consulendum</span> <span class='ocrx_word' id='word_1_198' title='bbox 1103 1093 1150 1123; x_wconf 90' lang='lat' dir='ltr'>tali</span> <span class='ocrx_word' id='word_1_199' title='bbox 1166 1093 1246 1132; x_wconf 87' lang='lat' dir='ltr'>super</span> 
     </span>
     <span class='ocr_line' id='line_1_27' title="bbox 142 1131 1246 1171; baseline 0 -11"><span class='ocrx_word' id='word_1_200' title='bbox 142 1140 172 1160; x_wconf 89' lang='lat' dir='ltr'>re</span> <span class='ocrx_word' id='word_1_201' title='bbox 194 1131 348 1170; x_wconf 81' lang='lat' dir='ltr'>Principem</span> <span class='ocrx_word' id='word_1_202' title='bbox 383 1134 423 1170; x_wconf 85' lang='lat' dir='ltr'>(i.</span> <span class='ocrx_word' id='word_1_203' title='bbox 435 1142 460 1163; x_wconf 90' lang='lat' dir='ltr'>e.</span> <span class='ocrx_word' id='word_1_204' title='bbox 484 1133 675 1171; x_wconf 90' lang='lat' dir='ltr'>Vaspasianum</span> <span class='ocrx_word' id='word_1_205' title='bbox 697 1133 830 1170; x_wconf 86' lang='lat' dir='ltr'>patrem)</span> <span class='ocrx_word' id='word_1_206' title='bbox 856 1132 1007 1170; x_wconf 85' lang='lat' dir='ltr'>respondit.</span> <span class='ocrx_word' id='word_1_207' title='bbox 1047 1133 1183 1168; x_wconf 87' lang='lat' dir='ltr'>Senatus,</span> <span class='ocrx_word' id='word_1_208' title='bbox 1205 1132 1246 1160; x_wconf 75' lang='lat' dir='ltr'>inr-</span> 
     </span>
     <span class='ocr_line' id='line_1_28' title="bbox 141 1168 1247 1209; baseline 0.002 -12"><span class='ocrx_word' id='word_1_209' title='bbox 141 1168 311 1200; x_wconf 86' lang='lat' dir='ltr'>choantibus</span> <span class='ocrx_word' id='word_1_210' title='bbox 329 1171 514 1209; x_wconf 86' lang='lat' dir='ltr'>primoribus,</span> <span class='ocrx_word' id='word_1_211' title='bbox 534 1171 730 1206; x_wconf 86' lang='lat' dir='ltr'>jusjurandum</span> <span class='ocrx_word' id='word_1_212' title='bbox 750 1171 901 1207; x_wconf 77' lang='lat' dir='ltr'>concepit,</span> <span class='ocrx_word' id='word_1_213' title='bbox 922 1180 978 1208; x_wconf 88' lang='lat' dir='ltr'>quo</span> <span class='ocrx_word' id='word_1_214' title='bbox 1001 1170 1129 1199; x_wconf 84' lang='lat' dir='ltr'>certatim</span> <span class='ocrx_word' id='word_1_215' title='bbox 1148 1176 1247 1199; x_wconf 80' lang='lat' dir='ltr'>omnes</span> 
     </span>
     <span class='ocr_line' id='line_1_29' title="bbox 143 1207 1246 1245; baseline 0.001 -10"><span class='ocrx_word' id='word_1_216' title='bbox 143 1207 314 1243; x_wconf 74' lang='lat' dir='ltr'>magistratus</span> <span class='ocrx_word' id='word_1_217' title='bbox 325 1231 333 1244; x_wconf 96' lang='lat'>‚</span> <span class='ocrx_word' id='word_1_218' title='bbox 355 1209 440 1239; x_wconf 89' lang='lat' dir='ltr'>ceteri</span> <span class='ocrx_word' id='word_1_219' title='bbox 451 1215 482 1238; x_wconf 90' lang='lat' dir='ltr'>ut</span> <span class='ocrx_word' id='word_1_220' title='bbox 490 1208 653 1238; x_wconf 81' lang='lat' dir='ltr'>sententiam</span> <span class='ocrx_word' id='word_1_221' title='bbox 664 1207 831 1245; x_wconf 83' lang='lat' dir='ltr'>rogabantur</span> <span class='ocrx_word' id='word_1_222' title='bbox 846 1229 854 1242; x_wconf 87' lang='lat'>,</span> <span class='ocrx_word' id='word_1_223' title='bbox 878 1208 951 1238; x_wconf 84' lang='lat' dir='ltr'>Deos</span> <span class='ocrx_word' id='word_1_224' title='bbox 961 1208 1042 1238; x_wconf 85' lang='lat' dir='ltr'>testes</span> <span class='ocrx_word' id='word_1_225' title='bbox 1056 1207 1246 1243; x_wconf 85' lang='lat' dir='ltr'>advocabant,</span> 
     </span>
     <span class='ocr_line' id='line_1_30' title="bbox 142 1245 1249 1284; baseline 0.001 -11"><span class='ocrx_word' id='word_1_226' title='bbox 142 1245 214 1274; x_wconf 87' lang='lat' dir='ltr'>nihil</span> <span class='ocrx_word' id='word_1_227' title='bbox 226 1255 281 1283; x_wconf 90' lang='lat' dir='ltr'>ope</span> <span class='ocrx_word' id='word_1_228' title='bbox 294 1246 339 1275; x_wconf 85' lang='lat' dir='ltr'>sua</span> <span class='ocrx_word' id='word_1_229' title='bbox 349 1246 462 1282; x_wconf 72' lang='lat' dir='ltr'>factum,</span> <span class='ocrx_word' id='word_1_230' title='bbox 473 1256 528 1283; x_wconf 88' lang='lat' dir='ltr'>quo</span> <span class='ocrx_word' id='word_1_231' title='bbox 537 1246 698 1283; x_wconf 81' lang='lat' dir='ltr'>cujusquam</span> <span class='ocrx_word' id='word_1_232' title='bbox 712 1245 781 1275; x_wconf 89' lang='lat' dir='ltr'>salus</span> <span class='ocrx_word' id='word_1_233' title='bbox 794 1245 951 1282; x_wconf 67' lang='lat' dir='ltr'>laederetur,</span> <span class='ocrx_word' id='word_1_234' title='bbox 961 1255 1052 1284; x_wconf 86' lang='lat' dir='ltr'>neque</span> <span class='ocrx_word' id='word_1_235' title='bbox 1062 1246 1089 1275; x_wconf 89' lang='lat' dir='ltr'>se</span> <span class='ocrx_word' id='word_1_236' title='bbox 1104 1246 1249 1283; x_wconf 81' lang='lat' dir='ltr'>praemium</span> 
     </span>
     <span class='ocr_line' id='line_1_31' title="bbox 144 1282 1249 1321; baseline 0 -9"><span class='ocrx_word' id='word_1_237' title='bbox 144 1289 194 1312; x_wconf 88' lang='lat' dir='ltr'>aut</span> <span class='ocrx_word' id='word_1_238' title='bbox 203 1283 338 1313; x_wconf 87' lang='lat' dir='ltr'>honorem</span> <span class='ocrx_word' id='word_1_239' title='bbox 351 1294 385 1313; x_wconf 84' lang='lat' dir='ltr'>ex</span> <span class='ocrx_word' id='word_1_240' title='bbox 394 1284 550 1314; x_wconf 81' lang='lat' dir='ltr'>calamitate</span> <span class='ocrx_word' id='word_1_241' title='bbox 561 1284 664 1314; x_wconf 91' lang='lat' dir='ltr'>civium</span> <span class='ocrx_word' id='word_1_242' title='bbox 675 1282 795 1321; x_wconf 76' lang='lat' dir='ltr'>cepisse:</span> <span class='ocrx_word' id='word_1_243' title='bbox 818 1285 942 1321; x_wconf 81' lang='lat' dir='ltr'>trepidis,</span> <span class='ocrx_word' id='word_1_244' title='bbox 957 1286 982 1314; x_wconf 83' lang='grc' dir='ltr'>8ι</span> <span class='ocrx_word' id='word_1_245' title='bbox 995 1284 1078 1313; x_wconf 89' lang='lat' dir='ltr'>verba</span> <span class='ocrx_word' id='word_1_246' title='bbox 1088 1284 1249 1319; x_wconf 67' lang='lat' dir='ltr'>jurisjuran.</span> 
     </span>
     <span class='ocr_line' id='line_1_32' title="bbox 143 1321 1248 1359; baseline 0.001 -10"><span class='ocrx_word' id='word_1_247' title='bbox 143 1321 174 1350; x_wconf 85' lang='lat' dir='ltr'>di</span> <span class='ocrx_word' id='word_1_248' title='bbox 185 1331 234 1358; x_wconf 87' lang='lat' dir='ltr'>per</span> <span class='ocrx_word' id='word_1_249' title='bbox 249 1323 337 1351; x_wconf 86' lang='lat' dir='ltr'>varias</span> <span class='ocrx_word' id='word_1_250' title='bbox 350 1328 421 1352; x_wconf 87' lang='lat' dir='ltr'>artes</span> <span class='ocrx_word' id='word_1_251' title='bbox 431 1322 603 1352; x_wconf 87' lang='lat' dir='ltr'>mutantibus</span> <span class='ocrx_word' id='word_1_252' title='bbox 614 1344 622 1357; x_wconf 92' lang='lat'>,</span> <span class='ocrx_word' id='word_1_253' title='bbox 644 1322 723 1358; x_wconf 83' lang='lat' dir='ltr'>queis</span> <span class='ocrx_word' id='word_1_254' title='bbox 731 1321 828 1359; x_wconf 78' lang='lat' dir='ltr'>flagitii</span> <span class='ocrx_word' id='word_1_255' title='bbox 840 1322 1114 1352; x_wconf 80' lang='lat' dir='ltr'>conscientiainerat.</span> <span class='ocrx_word' id='word_1_256' title='bbox 1138 1322 1154 1350; x_wconf 94' lang='lat' dir='ltr'>i.</span> <span class='ocrx_word' id='word_1_257' title='bbox 1166 1331 1191 1350; x_wconf 91' lang='lat' dir='ltr'>e.</span> <span class='ocrx_word' id='word_1_258' title='bbox 1212 1321 1248 1351; x_wconf 84' lang='lat' dir='ltr'>lis</span> 
     </span>
     <span class='ocr_line' id='line_1_33' title="bbox 144 1358 1249 1399; baseline 0 -11"><span class='ocrx_word' id='word_1_259' title='bbox 144 1359 193 1396; x_wconf 87' lang='lat' dir='ltr'>qui</span> <span class='ocrx_word' id='word_1_260' title='bbox 205 1359 380 1389; x_wconf 72' lang='lat' dir='ltr'>delationum</span> <span class='ocrx_word' id='word_1_261' title='bbox 389 1358 560 1390; x_wconf 86' lang='lat' dir='ltr'>conscientia</span> <span class='ocrx_word' id='word_1_262' title='bbox 571 1359 756 1399; x_wconf 83' lang='lat' dir='ltr'>urgebantur,</span> <span class='ocrx_word' id='word_1_263' title='bbox 776 1361 1007 1397; x_wconf 82' lang='lat' dir='ltr'>conceptionem,</span> <span class='ocrx_word' id='word_1_264' title='bbox 1028 1360 1084 1389; x_wconf 88' lang='lat' dir='ltr'>hoc</span> <span class='ocrx_word' id='word_1_265' title='bbox 1094 1360 1132 1389; x_wconf 86' lang='lat' dir='ltr'>est</span> <span class='ocrx_word' id='word_1_266' title='bbox 1144 1359 1249 1389; x_wconf 60' lang='lat' dir='ltr'>formu-</span> 
     </span>
     <span class='ocr_line' id='line_1_34' title="bbox 144 1396 1249 1435; baseline 0 -9"><span class='ocrx_word' id='word_1_267' title='bbox 144 1396 200 1426; x_wconf 86' lang='lat' dir='ltr'>lam</span> <span class='ocrx_word' id='word_1_268' title='bbox 213 1397 361 1433; x_wconf 82' lang='lat' dir='ltr'>juramenti</span> <span class='ocrx_word' id='word_1_269' title='bbox 371 1397 544 1427; x_wconf 87' lang='lat' dir='ltr'>mutantibus</span> <span class='ocrx_word' id='word_1_270' title='bbox 556 1419 564 1432; x_wconf 95' lang='lat'>,</span> <span class='ocrx_word' id='word_1_271' title='bbox 585 1405 616 1427; x_wconf 89' lang='lat' dir='ltr'>ut</span> <span class='ocrx_word' id='word_1_272' title='bbox 629 1397 718 1427; x_wconf 86' lang='lat' dir='ltr'>solent</span> <span class='ocrx_word' id='word_1_273' title='bbox 728 1398 775 1435; x_wconf 91' lang='lat' dir='ltr'>qui</span> <span class='ocrx_word' id='word_1_274' title='bbox 786 1398 919 1428; x_wconf 83' lang='lat' dir='ltr'>fallaciter</span> <span class='ocrx_word' id='word_1_275' title='bbox 930 1399 1029 1433; x_wconf 88' lang='lat' dir='ltr'>jurant.</span> <span class='ocrx_word' id='word_1_276' title='bbox 1070 1397 1148 1427; x_wconf 91' lang='lat' dir='ltr'>Idem</span> <span class='ocrx_word' id='word_1_277' title='bbox 1163 1397 1249 1433; x_wconf 80' lang='lat' dir='ltr'>alibi,</span> 
     </span>
     <span class='ocr_line' id='line_1_35' title="bbox 145 1435 1251 1474; baseline 0 -10"><span class='ocrx_word' id='word_1_278' title='bbox 145 1435 196 1470; x_wconf 80' lang='grc'>(4.</span> <span class='ocrx_word' id='word_1_279' title='bbox 212 1436 279 1471; x_wconf 71' lang='grc' dir='ltr'>μ.)</span> <span class='ocrx_word' id='word_1_280' title='bbox 300 1435 407 1466; x_wconf 79' lang='lat' dir='ltr'>Auxilia</span> <span class='ocrx_word' id='word_1_281' title='bbox 418 1435 532 1466; x_wconf 88' lang='lat' dir='ltr'>eGallia</span> <span class='ocrx_word' id='word_1_282' title='bbox 548 1435 727 1466; x_wconf 83' lang='lat' dir='ltr'>hortantibus</span> <span class='ocrx_word' id='word_1_283' title='bbox 744 1436 881 1474; x_wconf 64' lang='lat' dir='ltr'>praefectis</span> <span class='ocrx_word' id='word_1_284' title='bbox 898 1436 986 1465; x_wconf 86' lang='lat' dir='ltr'>statim</span> <span class='ocrx_word' id='word_1_285' title='bbox 1004 1446 1019 1465; x_wconf 90' lang='lat' dir='ltr'>a</span> <span class='ocrx_word' id='word_1_286' title='bbox 1036 1435 1149 1464; x_wconf 91' lang='lat' dir='ltr'>Vitellio</span> <span class='ocrx_word' id='word_1_287' title='bbox 1163 1435 1251 1465; x_wconf 88' lang='lat' dir='ltr'>desci-</span> 
     </span>
     <span class='ocr_line' id='line_1_36' title="bbox 145 1472 1252 1511; baseline 0 -9"><span class='ocrx_word' id='word_1_288' title='bbox 145 1472 243 1508; x_wconf 87' lang='lat' dir='ltr'>scunt,</span> <span class='ocrx_word' id='word_1_289' title='bbox 266 1479 344 1504; x_wconf 88' lang='lat' dir='ltr'>vetus</span> <span class='ocrx_word' id='word_1_290' title='bbox 365 1474 444 1504; x_wconf 86' lang='lat' dir='ltr'>miles</span> <span class='ocrx_word' id='word_1_291' title='bbox 454 1474 655 1509; x_wconf 70' lang='lat' dir='ltr'>cunctabatur,</span> <span class='ocrx_word' id='word_1_292' title='bbox 676 1473 723 1503; x_wconf 87' lang='lat' dir='ltr'>sed</span> <span class='ocrx_word' id='word_1_293' title='bbox 735 1474 865 1511; x_wconf 85' lang='lat' dir='ltr'>adigente</span> <span class='ocrx_word' id='word_1_294' title='bbox 886 1473 1048 1504; x_wconf 85' lang='lat' dir='ltr'>Hordeonio</span> <span class='ocrx_word' id='word_1_295' title='bbox 1067 1473 1166 1503; x_wconf 86' lang='lat' dir='ltr'>Flacco</span> <span class='ocrx_word' id='word_1_296' title='bbox 1180 1495 1188 1508; x_wconf 93' lang='lat'>,</span> <span class='ocrx_word' id='word_1_297' title='bbox 1209 1473 1252 1502; x_wconf 79' lang='lat' dir='ltr'>in—</span> 
     </span>
     <span class='ocr_line' id='line_1_37' title="bbox 145 1511 1253 1549; baseline 0 -9"><span class='ocrx_word' id='word_1_298' title='bbox 145 1511 279 1541; x_wconf 84' lang='lat' dir='ltr'>stantibus</span> <span class='ocrx_word' id='word_1_299' title='bbox 290 1512 408 1541; x_wconf 82' lang='lat' dir='ltr'>tribunis</span> <span class='ocrx_word' id='word_1_300' title='bbox 418 1534 426 1547; x_wconf 92' lang='lat'>,</span> <span class='ocrx_word' id='word_1_301' title='bbox 448 1513 520 1542; x_wconf 84' lang='lat' dir='ltr'>dixit</span> <span class='ocrx_word' id='word_1_302' title='bbox 529 1512 730 1542; x_wconf 88' lang='lat' dir='ltr'>sacramentum</span> <span class='ocrx_word' id='word_1_303' title='bbox 740 1531 749 1547; x_wconf 72' lang='grc'><em>,</em></span> <span class='ocrx_word' id='word_1_304' title='bbox 771 1522 827 1541; x_wconf 93' lang='lat' dir='ltr'>non</span> <span class='ocrx_word' id='word_1_305' title='bbox 844 1511 923 1541; x_wconf 86' lang='lat' dir='ltr'>vultu</span> <span class='ocrx_word' id='word_1_306' title='bbox 933 1521 1024 1549; x_wconf 88' lang='lat' dir='ltr'>neque</span> <span class='ocrx_word' id='word_1_307' title='bbox 1036 1511 1131 1541; x_wconf 89' lang='lat' dir='ltr'>animo</span> <span class='ocrx_word' id='word_1_308' title='bbox 1143 1511 1205 1540; x_wconf 87' lang='lat' dir='ltr'>satis</span> <span class='ocrx_word' id='word_1_309' title='bbox 1213 1511 1253 1540; x_wconf 78' lang='lat' dir='ltr'>as-</span> 
     </span>
     <span class='ocr_line' id='line_1_38' title="bbox 145 1545 1252 1588; baseline 0 -10"><span class='ocrx_word' id='word_1_310' title='bbox 145 1548 276 1579; x_wconf 88' lang='lat' dir='ltr'>firmans:</span> <span class='ocrx_word' id='word_1_311' title='bbox 298 1549 331 1579; x_wconf 89' lang='lat' dir='ltr'>Et</span> <span class='ocrx_word' id='word_1_312' title='bbox 349 1560 435 1587; x_wconf 89' lang='lat' dir='ltr'>quum</span> <span class='ocrx_word' id='word_1_313' title='bbox 460 1558 550 1580; x_wconf 87' lang='lat' dir='ltr'>cetera</span> <span class='ocrx_word' id='word_1_314' title='bbox 570 1550 747 1585; x_wconf 82' lang='lat' dir='ltr'>iurisiurandi</span> <span class='ocrx_word' id='word_1_315' title='bbox 766 1549 850 1579; x_wconf 90' lang='lat' dir='ltr'>verba</span> <span class='ocrx_word' id='word_1_316' title='bbox 869 1551 1077 1588; x_wconf 87' lang='lat' dir='ltr'>conciperent,</span> <span class='ocrx_word' id='word_1_317' title='bbox 1098 1545 1252 1587; x_wconf 73' lang='lat' dir='ltr'>Vespasiani</span> 
     </span>
     <span class='ocr_line' id='line_1_39' title="bbox 146 1587 1252 1626; baseline 0 -10"><span class='ocrx_word' id='word_1_318' title='bbox 146 1596 251 1617; x_wconf 89' lang='lat' dir='ltr'>nomen</span> <span class='ocrx_word' id='word_1_319' title='bbox 263 1587 417 1618; x_wconf 80' lang='lat' dir='ltr'>haesitantes</span> <span class='ocrx_word' id='word_1_320' title='bbox 428 1610 436 1623; x_wconf 85' lang='lat'><strong>‚</strong></span> <span class='ocrx_word' id='word_1_321' title='bbox 457 1596 504 1618; x_wconf 86' lang='lat' dir='ltr'>aut</span> <span class='ocrx_word' id='word_1_322' title='bbox 515 1588 570 1618; x_wconf 84' lang='lat' dir='ltr'>levi</span> <span class='ocrx_word' id='word_1_323' title='bbox 588 1597 730 1618; x_wconf 87' lang='lat' dir='ltr'>murmure</span> <span class='ocrx_word' id='word_1_324' title='bbox 740 1610 748 1623; x_wconf 91' lang='lat'>‚</span> <span class='ocrx_word' id='word_1_325' title='bbox 770 1589 797 1618; x_wconf 73' lang='lat' dir='ltr'>Sc</span> <span class='ocrx_word' id='word_1_326' title='bbox 808 1588 974 1626; x_wconf 86' lang='lat' dir='ltr'>plerumque</span> <span class='ocrx_word' id='word_1_327' title='bbox 990 1588 1098 1617; x_wconf 91' lang='lat' dir='ltr'>silentio</span> <span class='ocrx_word' id='word_1_328' title='bbox 1114 1587 1252 1617; x_wconf 54' lang='lat' dir='ltr'>transmit*</span> 
     </span>
     <span class='ocr_line' id='line_1_40' title="bbox 145 1625 1252 1664; baseline 0 -10"><span class='ocrx_word' id='word_1_329' title='bbox 145 1625 250 1655; x_wconf 80' lang='lat' dir='ltr'>rebant.</span> <span class='ocrx_word' id='word_1_330' title='bbox 291 1625 481 1664; x_wconf 90' lang='lat' dir='ltr'>Conciperent</span> <span class='ocrx_word' id='word_1_331' title='bbox 501 1626 635 1664; x_wconf 86' lang='lat' dir='ltr'>(inquit)</span> <span class='ocrx_word' id='word_1_332' title='bbox 656 1625 685 1655; x_wconf 88' lang='lat' dir='ltr'>id</span> <span class='ocrx_word' id='word_1_333' title='bbox 701 1625 740 1655; x_wconf 90' lang='lat' dir='ltr'>est</span> <span class='ocrx_word' id='word_1_334' title='bbox 752 1627 960 1664; x_wconf 77' lang='lat' dir='ltr'>exprimerent,</span> <span class='ocrx_word' id='word_1_335' title='bbox 982 1626 1153 1663; x_wconf 81' lang='lat' dir='ltr'>&amp;integram</span> <span class='ocrx_word' id='word_1_336' title='bbox 1166 1625 1252 1654; x_wconf 71' lang='lat' dir='ltr'>sacra—</span> 
     </span>
     <span class='ocr_line' id='line_1_41' title="bbox 146 1663 1253 1702; baseline 0.001 -11"><span class='ocrx_word' id='word_1_337' title='bbox 146 1664 234 1692; x_wconf 90' lang='lat' dir='ltr'>menti</span> <span class='ocrx_word' id='word_1_338' title='bbox 246 1663 396 1694; x_wconf 82' lang='lat' dir='ltr'>formulam</span> <span class='ocrx_word' id='word_1_339' title='bbox 407 1665 638 1702; x_wconf 88' lang='lat' dir='ltr'>pronuntiarent:</span> <span class='ocrx_word' id='word_1_340' title='bbox 660 1670 691 1693; x_wconf 90' lang='lat' dir='ltr'>ut</span> <span class='ocrx_word' id='word_1_341' title='bbox 704 1663 745 1693; x_wconf 91' lang='lat' dir='ltr'>illi</span> <span class='ocrx_word' id='word_1_342' title='bbox 758 1664 805 1702; x_wconf 90' lang='lat' dir='ltr'>qui</span> <span class='ocrx_word' id='word_1_343' title='bbox 826 1663 1007 1694; x_wconf 76' lang='lat' dir='ltr'>asseveranter</span> <span class='ocrx_word' id='word_1_344' title='bbox 1028 1665 1054 1694; x_wconf 68' lang='grc' dir='ltr'>ἃ</span> <span class='ocrx_word' id='word_1_345' title='bbox 1075 1663 1253 1701; x_wconf 77' lang='lat' dir='ltr'>praefidenter</span> 
     </span>
    </p>
   </div>
   <div class='ocr_carea' id='block_1_4' title="bbox 145 1700 1253 1777">
    <p class='ocr_par' dir='ltr' id='par_1_16' title="bbox 145 1700 1253 1777">
     <span class='ocr_line' id='line_1_42' title="bbox 147 1700 1253 1740; baseline 0.001 -10"><span class='ocrx_word' id='word_1_346' title='bbox 147 1701 241 1737; x_wconf 81' lang='lat' dir='ltr'>jurant</span> <span class='ocrx_word' id='word_1_347' title='bbox 251 1702 427 1732; x_wconf 83' lang='lat' dir='ltr'>conscientiae</span> <span class='ocrx_word' id='word_1_348' title='bbox 438 1703 550 1733; x_wconf 85' lang='lat' dir='ltr'>fiducia.</span> <span class='ocrx_word' id='word_1_349' title='bbox 590 1703 634 1733; x_wconf 83' lang='lat' dir='ltr'>Est</span> <span class='ocrx_word' id='word_1_350' title='bbox 652 1711 718 1739; x_wconf 84' lang='lat' dir='ltr'>ergo</span> <span class='ocrx_word' id='word_1_351' title='bbox 737 1702 910 1740; x_wconf 83' lang='lat' dir='ltr'>Concipere,</span> <span class='ocrx_word' id='word_1_352' title='bbox 932 1702 973 1732; x_wconf 90' lang='lat' dir='ltr'>Ad</span> <span class='ocrx_word' id='word_1_353' title='bbox 984 1708 1090 1732; x_wconf 89' lang='lat' dir='ltr'>certam</span> <span class='ocrx_word' id='word_1_354' title='bbox 1102 1700 1253 1731; x_wconf 80' lang='lat' dir='ltr'>formulam</span> 
     </span>
     <span class='ocr_line' id='line_1_43' title="bbox 145 1740 544 1777; baseline 0.005 -9"><span class='ocrx_word' id='word_1_355' title='bbox 145 1740 311 1777; x_wconf 79' lang='lat' dir='ltr'>exprimere.</span> <span class='ocrx_word' id='word_1_356' title='bbox 343 1741 410 1770; x_wconf 82' lang='lat' dir='ltr'>Haec</span> <span class='ocrx_word' id='word_1_357' title='bbox 419 1741 544 1770; x_wconf 68' lang='lat' dir='ltr'>Budaeus.</span> 
     </span>
    </p>
   </div>
   <div class='ocr_carea' id='block_1_5' title="bbox 125 1776 1260 2732">
    <p class='ocr_par' dir='ltr' id='par_1_17' title="bbox 126 1776 1251 1885">
     <span class='ocr_line' id='line_1_44' title="bbox 126 1776 1233 1817; baseline 0 -11"><span class='ocrx_word' id='word_1_358' title='bbox 126 1776 248 1807; x_wconf 86' lang='lat' dir='ltr'>Libellos</span> <span class='ocrx_word' id='word_1_359' title='bbox 257 1778 457 1816; x_wconf 89' lang='lat' dir='ltr'>appellatorios</span> <span class='ocrx_word' id='word_1_360' title='bbox 467 1778 627 1816; x_wconf 89' lang='lat' dir='ltr'>concipere,</span> <span class='ocrx_word' id='word_1_361' title='bbox 648 1778 725 1816; x_wconf 89' lang='lat' dir='ltr'>apud</span> <span class='ocrx_word' id='word_1_362' title='bbox 738 1777 800 1817; x_wconf 90' lang='lat' dir='ltr'>Ulp.</span> <span class='ocrx_word' id='word_1_363' title='bbox 814 1777 832 1808; x_wconf 95' lang='lat' dir='ltr'>l.</span> <span class='ocrx_word' id='word_1_364' title='bbox 848 1788 871 1808; x_wconf 90' lang='lat' dir='ltr'>r.</span> <span class='ocrx_word' id='word_1_365' title='bbox 885 1778 915 1807; x_wconf 90' lang='lat' dir='ltr'>in</span> <span class='ocrx_word' id='word_1_366' title='bbox 931 1777 996 1807; x_wconf 71' lang='lat' dir='ltr'>fine.</span> <span class='ocrx_word' id='word_1_367' title='bbox 1009 1777 1042 1807; x_wconf 91' lang='lat' dir='ltr'>D.</span> <span class='ocrx_word' id='word_1_368' title='bbox 1055 1776 1091 1806; x_wconf 89' lang='lat' dir='ltr'>de</span> <span class='ocrx_word' id='word_1_369' title='bbox 1102 1776 1233 1815; x_wconf 75' lang='lat' dir='ltr'>appellat.</span> 
     </span>
     <span class='ocr_line' id='line_1_45' title="bbox 126 1815 1251 1883; baseline -0.001 -38"><span class='ocrx_word' id='word_1_370' title='bbox 126 1815 232 1883; x_wconf 62' lang='lat' dir='ltr'>Llugein</span> <span class='ocrx_word' id='word_1_371' title='bbox 244 1816 301 1846; x_wconf 88' lang='lat' dir='ltr'>diei</span> <span class='ocrx_word' id='word_1_372' title='bbox 311 1817 462 1856; x_wconf 88' lang='lat' dir='ltr'>concipere</span> <span class='ocrx_word' id='word_1_373' title='bbox 472 1817 572 1847; x_wconf 90' lang='lat' dir='ltr'>dicitur</span> <span class='ocrx_word' id='word_1_374' title='bbox 581 1817 661 1847; x_wconf 87' lang='lat' dir='ltr'>locus</span> <span class='ocrx_word' id='word_1_375' title='bbox 672 1816 831 1855; x_wconf 87' lang='lat' dir='ltr'>quicunque</span> <span class='ocrx_word' id='word_1_376' title='bbox 842 1827 857 1847; x_wconf 92' lang='lat' dir='ltr'>a</span> <span class='ocrx_word' id='word_1_377' title='bbox 868 1816 933 1846; x_wconf 89' lang='lat' dir='ltr'>Sole</span> <span class='ocrx_word' id='word_1_378' title='bbox 943 1815 1126 1845; x_wconf 87' lang='lat' dir='ltr'>illuminatur.</span> <span class='ocrx_word' id='word_1_379' title='bbox 1140 1816 1251 1845; x_wconf 78' lang='lat' dir='ltr'>Lucret.</span> 
     </span>
     <span class='ocr_line' id='line_1_46' title="bbox 158 1864 390 1885; baseline 0.013 -3"><span class='ocrx_word' id='word_1_380' title='bbox 158 1864 164 1882; x_wconf 96' lang='lat' dir='ltr'>i</span> <span class='ocrx_word' id='word_1_381' title='bbox 189 1877 194 1883; x_wconf 95' lang='lat'>.</span> <span class='ocrx_word' id='word_1_382' title='bbox 212 1864 235 1884; x_wconf 87' lang='lat'>1.</span> <span class='ocrx_word' id='word_1_383' title='bbox 384 1880 390 1885; x_wconf 88' lang='lat'>.</span> 
     </span>
    </p>

    <p class='ocr_par' dir='ltr' id='par_1_18' title="bbox 125 1888 1256 2007">
     <span class='ocr_line' id='line_1_47' title="bbox 125 1888 1252 1932; baseline -0.002 -10"><span class='ocrx_word' id='word_1_384' title='bbox 125 1891 281 1922; x_wconf 80' lang='lat' dir='ltr'>Maculam.</span> <span class='ocrx_word' id='word_1_385' title='bbox 319 1893 378 1924; x_wconf 87' lang='lat' dir='ltr'>Cic.</span> <span class='ocrx_word' id='word_1_386' title='bbox 390 1903 441 1932; x_wconf 89' lang='lat' dir='ltr'>pro</span> <span class='ocrx_word' id='word_1_387' title='bbox 451 1892 532 1923; x_wconf 87' lang='lat' dir='ltr'>Rosc.</span> <span class='ocrx_word' id='word_1_388' title='bbox 544 1893 634 1923; x_wconf 86' lang='lat' dir='ltr'>Anier.</span> <span class='ocrx_word' id='word_1_389' title='bbox 649 1895 695 1922; x_wconf 88' lang='lat'>66.</span> <span class='ocrx_word' id='word_1_390' title='bbox 717 1892 759 1922; x_wconf 85' lang='lat' dir='ltr'>Ex</span> <span class='ocrx_word' id='word_1_391' title='bbox 771 1902 825 1929; x_wconf 89' lang='lat' dir='ltr'>quo</span> <span class='ocrx_word' id='word_1_392' title='bbox 841 1892 858 1922; x_wconf 86' lang='lat' dir='ltr'>si</span> <span class='ocrx_word' id='word_1_393' title='bbox 871 1902 924 1930; x_wconf 88' lang='lat' dir='ltr'>qua</span> <span class='ocrx_word' id='word_1_394' title='bbox 935 1891 1044 1922; x_wconf 84' lang='lat' dir='ltr'>macula</span> <span class='ocrx_word' id='word_1_395' title='bbox 1055 1896 1193 1929; x_wconf 87' lang='lat' dir='ltr'>concepta</span> <span class='ocrx_word' id='word_1_396' title='bbox 1204 1888 1252 1926; x_wconf 83' lang='lat' dir='ltr'>est,</span> 
     </span>
     <span class='ocr_line' id='line_1_48' title="bbox 146 1929 1256 1970; baseline -0.002 -10"><span class='ocrx_word' id='word_1_397' title='bbox 146 1939 207 1960; x_wconf 86' lang='lat' dir='ltr'>non</span> <span class='ocrx_word' id='word_1_398' title='bbox 216 1930 301 1960; x_wconf 85' lang='lat' dir='ltr'>modo</span> <span class='ocrx_word' id='word_1_399' title='bbox 311 1931 368 1961; x_wconf 89' lang='lat' dir='ltr'>elui</span> <span class='ocrx_word' id='word_1_400' title='bbox 379 1941 436 1961; x_wconf 89' lang='lat' dir='ltr'>non</span> <span class='ocrx_word' id='word_1_401' title='bbox 445 1931 536 1970; x_wconf 90' lang='lat' dir='ltr'>potest</span> <span class='ocrx_word' id='word_1_402' title='bbox 546 1952 555 1966; x_wconf 91' lang='lat'>,</span> <span class='ocrx_word' id='word_1_403' title='bbox 575 1940 672 1961; x_wconf 89' lang='lat' dir='ltr'>verum</span> <span class='ocrx_word' id='word_1_404' title='bbox 694 1930 781 1967; x_wconf 90' lang='lat' dir='ltr'>usque</span> <span class='ocrx_word' id='word_1_405' title='bbox 794 1940 828 1961; x_wconf 92' lang='lat' dir='ltr'>eo</span> <span class='ocrx_word' id='word_1_406' title='bbox 839 1937 987 1970; x_wconf 85' lang='lat' dir='ltr'>permanat</span> <span class='ocrx_word' id='word_1_407' title='bbox 1004 1930 1041 1960; x_wconf 84' lang='lat' dir='ltr'>ad</span> <span class='ocrx_word' id='word_1_408' title='bbox 1058 1929 1183 1960; x_wconf 89' lang='lat' dir='ltr'>animum</span> <span class='ocrx_word' id='word_1_409' title='bbox 1193 1949 1202 1965; x_wconf 86' lang='lat'>,</span> <span class='ocrx_word' id='word_1_410' title='bbox 1222 1933 1256 1958; x_wconf 79' lang='lat' dir='ltr'>ut</span> 
     </span>
     <span class='ocr_line' id='line_1_49' title="bbox 147 1967 784 2007; baseline 0.003 -10"><span class='ocrx_word' id='word_1_411' title='bbox 147 1967 272 1998; x_wconf 89' lang='lat' dir='ltr'>suminus</span> <span class='ocrx_word' id='word_1_412' title='bbox 285 1969 360 1999; x_wconf 86' lang='lat' dir='ltr'>furor</span> <span class='ocrx_word' id='word_1_413' title='bbox 371 1976 452 2007; x_wconf 87' lang='lat' dir='ltr'>atque</span> <span class='ocrx_word' id='word_1_414' title='bbox 461 1970 582 1999; x_wconf 86' lang='lat' dir='ltr'>amentia</span> <span class='ocrx_word' id='word_1_415' title='bbox 592 1968 784 2006; x_wconf 81' lang='lat' dir='ltr'>consequatur.</span> 
     </span>
    </p>

    <p class='ocr_par' dir='ltr' id='par_1_19' title="bbox 127 2005 702 2045">
     <span class='ocr_line' id='line_1_50' title="bbox 127 2005 702 2045; baseline -0.002 -8"><span class='ocrx_word' id='word_1_416' title='bbox 127 2005 278 2037; x_wconf 85' lang='lat' dir='ltr'>Metumin</span> <span class='ocrx_word' id='word_1_417' title='bbox 287 2005 322 2037; x_wconf 90' lang='lat' dir='ltr'>se.</span> <span class='ocrx_word' id='word_1_418' title='bbox 346 2007 430 2037; x_wconf 87' lang='lat' dir='ltr'>Plaut.</span> <span class='ocrx_word' id='word_1_419' title='bbox 444 2007 544 2045; x_wconf 84' lang='lat' dir='ltr'>Amph.</span> <span class='ocrx_word' id='word_1_420' title='bbox 562 2018 584 2038; x_wconf 90' lang='lat'>1.</span> <span class='ocrx_word' id='word_1_421' title='bbox 602 2017 624 2038; x_wconf 90' lang='lat'>1.</span> <span class='ocrx_word' id='word_1_422' title='bbox 641 2017 702 2042; x_wconf 79' lang='lat'>145.</span> 
     </span>
    </p>

    <p class='ocr_par' dir='ltr' id='par_1_20' title="bbox 221 2043 1108 2083">
     <span class='ocr_line' id='line_1_51' title="bbox 221 2043 1108 2083; baseline -0.001 -9"><span class='ocrx_word' id='word_1_423' title='bbox 221 2044 308 2082; x_wconf 86' lang='lat' dir='ltr'>Igitur</span> <span class='ocrx_word' id='word_1_424' title='bbox 317 2047 403 2083; x_wconf 84' lang='lat' dir='ltr'>magis</span> <span class='ocrx_word' id='word_1_425' title='bbox 413 2046 530 2076; x_wconf 91' lang='lat' dir='ltr'>modum</span> <span class='ocrx_word' id='word_1_426' title='bbox 540 2046 571 2075; x_wconf 89' lang='lat' dir='ltr'>in</span> <span class='ocrx_word' id='word_1_427' title='bbox 583 2045 717 2082; x_wconf 83' lang='lat' dir='ltr'>majorem</span> <span class='ocrx_word' id='word_1_428' title='bbox 727 2044 756 2074; x_wconf 89' lang='lat' dir='ltr'>in</span> <span class='ocrx_word' id='word_1_429' title='bbox 771 2044 827 2074; x_wconf 87' lang='lat' dir='ltr'>sese</span> <span class='ocrx_word' id='word_1_430' title='bbox 838 2043 981 2082; x_wconf 91' lang='lat' dir='ltr'>concipiet</span> <span class='ocrx_word' id='word_1_431' title='bbox 992 2048 1108 2074; x_wconf 88' lang='lat' dir='ltr'>metum.</span> 
     </span>
    </p>

    <p class='ocr_par' dir='ltr' id='par_1_21' title="bbox 127 2081 1255 2158">
     <span class='ocr_line' id='line_1_52' title="bbox 127 2081 1255 2127; baseline -0.002 -14"><span class='ocrx_word' id='word_1_432' title='bbox 127 2081 273 2127; x_wconf 73' lang='lat' dir='ltr'>Morbum.</span> <span class='ocrx_word' id='word_1_433' title='bbox 314 2083 452 2115; x_wconf 89' lang='lat' dir='ltr'>Columel.</span> <span class='ocrx_word' id='word_1_434' title='bbox 465 2083 515 2114; x_wconf 89' lang='lat' dir='ltr'>lib.</span> <span class='ocrx_word' id='word_1_435' title='bbox 526 2093 552 2121; x_wconf 91' lang='lat'>7.</span> <span class='ocrx_word' id='word_1_436' title='bbox 568 2093 628 2122; x_wconf 88' lang='lat' dir='ltr'>cap.</span> <span class='ocrx_word' id='word_1_437' title='bbox 645 2094 668 2120; x_wconf 88' lang='grc' dir='ltr'>ς.</span> <span class='ocrx_word' id='word_1_438' title='bbox 689 2083 745 2113; x_wconf 87' lang='lat' dir='ltr'>Sed</span> <span class='ocrx_word' id='word_1_439' title='bbox 756 2083 779 2113; x_wconf 92' lang='lat' dir='ltr'>is</span> <span class='ocrx_word' id='word_1_440' title='bbox 789 2083 905 2113; x_wconf 84' lang='lat' dir='ltr'>morbus</span> <span class='ocrx_word' id='word_1_441' title='bbox 913 2089 994 2112; x_wconf 80' lang='lat' dir='ltr'>aetate</span> <span class='ocrx_word' id='word_1_442' title='bbox 1010 2081 1177 2121; x_wconf 71' lang='lat' dir='ltr'>plerumque</span> <span class='ocrx_word' id='word_1_443' title='bbox 1188 2086 1255 2111; x_wconf 57' lang='lat' dir='ltr'>eone</span> 
     </span>
     <span class='ocr_line' id='line_1_53' title="bbox 149 2127 260 2158; baseline 0.018 -9"><span class='ocrx_word' id='word_1_444' title='bbox 149 2127 260 2158; x_wconf 75' lang='lat' dir='ltr'>cipitur.</span> 
     </span>
    </p>

    <p class='ocr_par' dir='ltr' id='par_1_22' title="bbox 130 2157 711 2197">
     <span class='ocr_line' id='line_1_54' title="bbox 130 2157 711 2197; baseline 0.002 -9"><span class='ocrx_word' id='word_1_445' title='bbox 130 2157 252 2188; x_wconf 84' lang='lat' dir='ltr'>Mortem</span> <span class='ocrx_word' id='word_1_446' title='bbox 263 2159 432 2197; x_wconf 72' lang='lat' dir='ltr'>praeco&#39;rdiis.</span> <span class='ocrx_word' id='word_1_447' title='bbox 453 2159 512 2190; x_wconf 89' lang='lat' dir='ltr'>Cic.</span> <span class='ocrx_word' id='word_1_448' title='bbox 528 2169 551 2189; x_wconf 87' lang='lat' dir='ltr'>r.</span> <span class='ocrx_word' id='word_1_449' title='bbox 569 2158 650 2190; x_wconf 85' lang='lat' dir='ltr'>Tusc.</span> <span class='ocrx_word' id='word_1_450' title='bbox 666 2162 711 2193; x_wconf 91' lang='grc'>96.</span> 
     </span>
    </p>

    <p class='ocr_par' dir='ltr' id='par_1_23' title="bbox 129 2196 790 2235">
     <span class='ocr_line' id='line_1_55' title="bbox 129 2196 790 2235; baseline 0.003 -9"><span class='ocrx_word' id='word_1_451' title='bbox 129 2196 215 2227; x_wconf 83' lang='lat' dir='ltr'>Nefas</span> <span class='ocrx_word' id='word_1_452' title='bbox 227 2196 341 2235; x_wconf 85' lang='lat' dir='ltr'>aliquod</span> <span class='ocrx_word' id='word_1_453' title='bbox 357 2203 461 2228; x_wconf 86' lang='lat' dir='ltr'>mente.</span> <span class='ocrx_word' id='word_1_454' title='bbox 484 2198 569 2229; x_wconf 88' lang='lat' dir='ltr'>Ovid.</span> <span class='ocrx_word' id='word_1_455' title='bbox 585 2208 627 2228; x_wconf 79' lang='grc' dir='ltr'>ιο.</span> <span class='ocrx_word' id='word_1_456' title='bbox 644 2197 714 2228; x_wconf 86' lang='lat' dir='ltr'>Met.</span> <span class='ocrx_word' id='word_1_457' title='bbox 726 2206 790 2235; x_wconf 76' lang='lat'>352.</span> 
     </span>
    </p>

    <p class='ocr_par' dir='ltr' id='par_1_24' title="bbox 129 2234 649 2273">
     <span class='ocr_line' id='line_1_56' title="bbox 129 2234 649 2273; baseline 0.002 -8"><span class='ocrx_word' id='word_1_458' title='bbox 129 2234 250 2265; x_wconf 84' lang='lat' dir='ltr'>Noxam.</span> <span class='ocrx_word' id='word_1_459' title='bbox 273 2235 412 2266; x_wconf 91' lang='lat' dir='ltr'>Columel.</span> <span class='ocrx_word' id='word_1_460' title='bbox 424 2236 474 2266; x_wconf 89' lang='lat' dir='ltr'>lib.</span> <span class='ocrx_word' id='word_1_461' title='bbox 489 2246 532 2266; x_wconf 83' lang='lat'>12.</span> <span class='ocrx_word' id='word_1_462' title='bbox 549 2245 610 2272; x_wconf 86' lang='lat' dir='ltr'>cap.</span> <span class='ocrx_word' id='word_1_463' title='bbox 625 2246 649 2273; x_wconf 93' lang='lat'>3.</span> 
     </span>
    </p>

    <p class='ocr_par' dir='ltr' id='par_1_25' title="bbox 130 2272 1163 2315">
     <span class='ocr_line' id='line_1_57' title="bbox 130 2272 1163 2315; baseline 0.002 -13"><span class='ocrx_word' id='word_1_464' title='bbox 130 2272 239 2303; x_wconf 87' lang='lat' dir='ltr'>Odium</span> <span class='ocrx_word' id='word_1_465' title='bbox 253 2275 282 2303; x_wconf 92' lang='lat' dir='ltr'>in</span> <span class='ocrx_word' id='word_1_466' title='bbox 295 2274 394 2304; x_wconf 86' lang='lat' dir='ltr'>bonos.</span> <span class='ocrx_word' id='word_1_467' title='bbox 417 2274 476 2304; x_wconf 85' lang='lat' dir='ltr'>Cic.</span> <span class='ocrx_word' id='word_1_468' title='bbox 493 2275 528 2304; x_wconf 87' lang='lat' dir='ltr'>ad</span> <span class='ocrx_word' id='word_1_469' title='bbox 541 2274 642 2311; x_wconf 85' lang='lat' dir='ltr'>Quirit.</span> <span class='ocrx_word' id='word_1_470' title='bbox 655 2274 716 2313; x_wconf 85' lang='lat' dir='ltr'>post</span> <span class='ocrx_word' id='word_1_471' title='bbox 730 2273 788 2303; x_wconf 81' lang='lat' dir='ltr'>red.</span> <span class='ocrx_word' id='word_1_472' title='bbox 803 2282 827 2303; x_wconf 76' lang='lat'>1.</span> <span class='ocrx_word' id='word_1_473' title='bbox 1155 2305 1163 2315; x_wconf 81' lang='lat'>.</span> 
     </span>
    </p>

    <p class='ocr_par' dir='ltr' id='par_1_26' title="bbox 129 2307 1257 2357">
     <span class='ocr_line' id='line_1_58' title="bbox 129 2307 1257 2357; baseline -0.001 -17"><span class='ocrx_word' id='word_1_474' title='bbox 129 2311 321 2357; x_wconf 42' lang='lat' dir='ltr'>Opinionem·</span> <span class='ocrx_word' id='word_1_475' title='bbox 347 2312 485 2343; x_wconf 86' lang='lat' dir='ltr'>Columel.</span> <span class='ocrx_word' id='word_1_476' title='bbox 496 2312 545 2342; x_wconf 85' lang='lat' dir='ltr'>lib.</span> <span class='ocrx_word' id='word_1_477' title='bbox 557 2322 583 2348; x_wconf 92' lang='lat'>9.</span> <span class='ocrx_word' id='word_1_478' title='bbox 597 2322 659 2351; x_wconf 88' lang='lat' dir='ltr'>cap.</span> <span class='ocrx_word' id='word_1_479' title='bbox 677 2322 720 2350; x_wconf 88' lang='lat'>14.</span> <span class='ocrx_word' id='word_1_480' title='bbox 742 2312 845 2342; x_wconf 88' lang='lat' dir='ltr'>Notior</span> <span class='ocrx_word' id='word_1_481' title='bbox 855 2311 893 2341; x_wconf 86' lang='lat' dir='ltr'>est</span> <span class='ocrx_word' id='word_1_482' title='bbox 901 2310 949 2340; x_wconf 86' lang='lat' dir='ltr'>ista</span> <span class='ocrx_word' id='word_1_483' title='bbox 957 2315 1038 2341; x_wconf 87' lang='lat' dir='ltr'>vetus</span> <span class='ocrx_word' id='word_1_484' title='bbox 1048 2307 1178 2349; x_wconf 77' lang='lat' dir='ltr'>agricolis</span> <span class='ocrx_word' id='word_1_485' title='bbox 1189 2315 1257 2340; x_wconf 62' lang='lat' dir='ltr'>con»,</span> 
     </span>
    </p>

    <p class='ocr_par' dir='ltr' id='par_1_27' title="bbox 130 2357 1260 2465">
     <span class='ocr_line' id='line_1_59' title="bbox 130 2357 1260 2431; baseline -0.002 -14"><span class='ocrx_word' id='word_1_486' title='bbox 130 2357 473 2427; x_wconf 49' lang='lat' dir='ltr'>Pgiibtiiliiiiitiignceptum</span> <span class='ocrx_word' id='word_1_487' title='bbox 484 2388 628 2427; x_wconf 87' lang='lat' dir='ltr'>parturire.</span> <span class='ocrx_word' id='word_1_488' title='bbox 669 2388 728 2418; x_wconf 90' lang='lat' dir='ltr'>Cic.</span> <span class='ocrx_word' id='word_1_489' title='bbox 739 2397 789 2431; x_wconf 82' lang='lat' dir='ltr'>pro</span> <span class='ocrx_word' id='word_1_490' title='bbox 805 2387 916 2431; x_wconf 77' lang='lat' dir='ltr'>Muren.</span> <span class='ocrx_word' id='word_1_491' title='bbox 925 2392 975 2431; x_wconf 29' lang='lat'>³84.</span> <span class='ocrx_word' id='word_1_492' title='bbox 998 2386 1062 2416; x_wconf 86' lang='lat' dir='ltr'>Hoc</span> <span class='ocrx_word' id='word_1_493' title='bbox 1072 2386 1148 2430; x_wconf 77' lang='lat' dir='ltr'>quod</span> <span class='ocrx_word' id='word_1_494' title='bbox 1158 2394 1260 2415; x_wconf 90' lang='lat' dir='ltr'>conce-</span> 
     </span>
     <span class='ocr_line' id='line_1_60' title="bbox 150 2425 1222 2465; baseline -0.003 -9"><span class='ocrx_word' id='word_1_495' title='bbox 150 2431 230 2464; x_wconf 84' lang='lat' dir='ltr'>ptum</span> <span class='ocrx_word' id='word_1_496' title='bbox 240 2426 360 2465; x_wconf 88' lang='lat' dir='ltr'>Respub.</span> <span class='ocrx_word' id='word_1_497' title='bbox 377 2426 534 2465; x_wconf 84' lang='lat' dir='ltr'>periculum</span> <span class='ocrx_word' id='word_1_498' title='bbox 545 2426 682 2465; x_wconf 89' lang='lat' dir='ltr'>parturit,</span> <span class='ocrx_word' id='word_1_499' title='bbox 705 2425 821 2456; x_wconf 85' lang='lat' dir='ltr'>coniilio</span> <span class='ocrx_word' id='word_1_500' title='bbox 833 2425 980 2455; x_wconf 82' lang='lat' dir='ltr'>discutiam</span> <span class='ocrx_word' id='word_1_501' title='bbox 989 2425 1015 2455; x_wconf 74' lang='grc' dir='ltr'>δι</span> <span class='ocrx_word' id='word_1_502' title='bbox 1027 2433 1222 2462; x_wconf 89' lang='lat' dir='ltr'>comprimam.</span> 
     </span>
    </p>

    <p class='ocr_par' dir='ltr' id='par_1_28' title="bbox 130 2462 546 2495">
     <span class='ocr_line' id='line_1_61' title="bbox 130 2462 546 2495; baseline 0.002 -1"><span class='ocrx_word' id='word_1_503' title='bbox 130 2462 237 2494; x_wconf 85' lang='lat' dir='ltr'>Preces.</span> <span class='ocrx_word' id='word_1_504' title='bbox 258 2465 322 2495; x_wconf 86' lang='lat' dir='ltr'>Seri.</span> <span class='ocrx_word' id='word_1_505' title='bbox 339 2465 420 2495; x_wconf 88' lang='lat' dir='ltr'>Herc.</span> <span class='ocrx_word' id='word_1_506' title='bbox 433 2465 487 2494; x_wconf 79' lang='lat' dir='ltr'>fur.</span> <span class='ocrx_word' id='word_1_507' title='bbox 504 2474 546 2495; x_wconf 90' lang='lat'>11.</span> 
     </span>
    </p>

    <p class='ocr_par' dir='ltr' id='par_1_29' title="bbox 130 2496 1257 2578">
     <span class='ocr_line' id='line_1_62' title="bbox 130 2496 1257 2542; baseline -0.003 -10"><span class='ocrx_word' id='word_1_508' title='bbox 130 2501 251 2533; x_wconf 86' lang='lat' dir='ltr'>Radices</span> <span class='ocrx_word' id='word_1_509' title='bbox 260 2504 413 2542; x_wconf 90' lang='lat' dir='ltr'>concipere</span> <span class='ocrx_word' id='word_1_510' title='bbox 424 2503 526 2533; x_wconf 88' lang='lat' dir='ltr'>dicitur</span> <span class='ocrx_word' id='word_1_511' title='bbox 540 2503 639 2538; x_wconf 86' lang='lat' dir='ltr'>arbor,</span> <span class='ocrx_word' id='word_1_512' title='bbox 661 2503 758 2541; x_wconf 78' lang='lat' dir='ltr'>Quum</span> <span class='ocrx_word' id='word_1_513' title='bbox 777 2502 833 2540; x_wconf 87' lang='lat' dir='ltr'>agit</span> <span class='ocrx_word' id='word_1_514' title='bbox 845 2501 963 2531; x_wconf 85' lang='lat' dir='ltr'>radices.</span> <span class='ocrx_word' id='word_1_515' title='bbox 987 2499 1051 2539; x_wconf 91' lang='lat' dir='ltr'>Ulp.</span> <span class='ocrx_word' id='word_1_516' title='bbox 1069 2501 1099 2530; x_wconf 90' lang='lat' dir='ltr'>in</span> <span class='ocrx_word' id='word_1_517' title='bbox 1115 2499 1134 2530; x_wconf 93' lang='lat' dir='ltr'>l.</span> <span class='ocrx_word' id='word_1_518' title='bbox 1155 2496 1257 2530; x_wconf 80' lang='lat' dir='ltr'>Vitem.</span> 
     </span>
     <span class='ocr_line' id='line_1_63' title="bbox 150 2541 669 2578; baseline 0.002 -8"><span class='ocrx_word' id='word_1_519' title='bbox 150 2541 172 2578; x_wconf 87' lang='lat'>§.</span> <span class='ocrx_word' id='word_1_520' title='bbox 187 2551 210 2570; x_wconf 77' lang='lat'>1.</span> <span class='ocrx_word' id='word_1_521' title='bbox 227 2542 259 2571; x_wconf 88' lang='lat' dir='ltr'>D.</span> <span class='ocrx_word' id='word_1_522' title='bbox 275 2541 409 2571; x_wconf 82' lang='lat' dir='ltr'>Arborum</span> <span class='ocrx_word' id='word_1_523' title='bbox 424 2541 518 2571; x_wconf 88' lang='lat' dir='ltr'>furtim</span> <span class='ocrx_word' id='word_1_524' title='bbox 530 2541 669 2571; x_wconf 76' lang='lat' dir='ltr'>caesarum.</span> 
     </span>
    </p>

    <p class='ocr_par' dir='ltr' id='par_1_30' title="bbox 129 2574 1153 2655">
     <span class='ocr_line' id='line_1_64' title="bbox 129 2574 932 2617; baseline -0.002 -9"><span class='ocrx_word' id='word_1_525' title='bbox 129 2577 227 2608; x_wconf 86' lang='lat' dir='ltr'>Scelus</span> <span class='ocrx_word' id='word_1_526' title='bbox 247 2589 379 2617; x_wconf 87' lang='lat' dir='ltr'>magnum</span> <span class='ocrx_word' id='word_1_527' title='bbox 399 2580 559 2617; x_wconf 86' lang='lat' dir='ltr'>concipere.</span> <span class='ocrx_word' id='word_1_528' title='bbox 597 2580 655 2609; x_wconf 90' lang='lat' dir='ltr'>Cic.</span> <span class='ocrx_word' id='word_1_529' title='bbox 668 2588 720 2617; x_wconf 84' lang='lat' dir='ltr'>pro</span> <span class='ocrx_word' id='word_1_530' title='bbox 734 2574 932 2608; x_wconf 66' lang='lat' dir='ltr'>C.Rabir.”=26.</span> 
     </span>
     <span class='ocr_line' id='line_1_65' title="bbox 149 2614 1153 2655; baseline -0.003 -9"><span class='ocrx_word' id='word_1_531' title='bbox 149 2622 258 2646; x_wconf 85' lang='lat' dir='ltr'>tantum</span> <span class='ocrx_word' id='word_1_532' title='bbox 270 2617 379 2647; x_wconf 73' lang='lat' dir='ltr'>scelus?</span> <span class='ocrx_word' id='word_1_533' title='bbox 400 2623 447 2646; x_wconf 90' lang='lat' dir='ltr'>aut</span> <span class='ocrx_word' id='word_1_534' title='bbox 457 2618 532 2655; x_wconf 91' lang='lat' dir='ltr'>quod</span> <span class='ocrx_word' id='word_1_535' title='bbox 542 2618 571 2646; x_wconf 92' lang='lat' dir='ltr'>in</span> <span class='ocrx_word' id='word_1_536' title='bbox 583 2627 630 2647; x_wconf 89' lang='lat' dir='ltr'>me</span> <span class='ocrx_word' id='word_1_537' title='bbox 640 2624 750 2647; x_wconf 89' lang='lat' dir='ltr'>tantum</span> <span class='ocrx_word' id='word_1_538' title='bbox 759 2617 868 2646; x_wconf 81' lang='lat' dir='ltr'>facinus</span> <span class='ocrx_word' id='word_1_539' title='bbox 880 2615 976 2644; x_wconf 87' lang='lat' dir='ltr'>admisi</span> <span class='ocrx_word' id='word_1_540' title='bbox 989 2637 997 2650; x_wconf 94' lang='lat'>,</span> <span class='ocrx_word' id='word_1_541' title='bbox 1018 2614 1153 2650; x_wconf 70' lang='lat' dir='ltr'>judices?</span> 
     </span>
    </p>

    <p class='ocr_par' dir='ltr' id='par_1_31' title="bbox 129 2651 1259 2732">
     <span class='ocr_line' id='line_1_66' title="bbox 129 2651 1259 2693; baseline -0.003 -9"><span class='ocrx_word' id='word_1_542' title='bbox 129 2653 226 2685; x_wconf 87' lang='lat' dir='ltr'>Scelus</span> <span class='ocrx_word' id='word_1_543' title='bbox 239 2656 269 2684; x_wconf 88' lang='lat' dir='ltr'>in</span> <span class='ocrx_word' id='word_1_544' title='bbox 282 2654 309 2685; x_wconf 89' lang='lat' dir='ltr'>se</span> <span class='ocrx_word' id='word_1_545' title='bbox 318 2656 479 2693; x_wconf 83' lang='lat' dir='ltr'>concipere.</span> <span class='ocrx_word' id='word_1_546' title='bbox 512 2654 571 2686; x_wconf 90' lang='lat' dir='ltr'>Cic.</span> <span class='ocrx_word' id='word_1_547' title='bbox 586 2665 609 2689; x_wconf 63' lang='grc' dir='ltr'>ς.</span> <span class='ocrx_word' id='word_1_548' title='bbox 624 2656 698 2685; x_wconf 91' lang='lat' dir='ltr'>Verr.</span> <span class='ocrx_word' id='word_1_549' title='bbox 710 2666 737 2690; x_wconf 90' lang='lat'>9.</span> <span class='ocrx_word' id='word_1_550' title='bbox 759 2655 796 2684; x_wconf 86' lang='lat' dir='ltr'>Ac</span> <span class='ocrx_word' id='word_1_551' title='bbox 811 2663 869 2683; x_wconf 90' lang='lat' dir='ltr'>non</span> <span class='ocrx_word' id='word_1_552' title='bbox 889 2653 925 2682; x_wconf 83' lang='lat' dir='ltr'>iic</span> <span class='ocrx_word' id='word_1_553' title='bbox 938 2653 1061 2683; x_wconf 87' lang='lat' dir='ltr'>statuerit</span> <span class='ocrx_word' id='word_1_554' title='bbox 1072 2674 1081 2688; x_wconf 83' lang='lat'>,</span> <span class='ocrx_word' id='word_1_555' title='bbox 1102 2661 1161 2682; x_wconf 91' lang='lat' dir='ltr'>non</span> <span class='ocrx_word' id='word_1_556' title='bbox 1177 2651 1259 2681; x_wconf 87' lang='lat' dir='ltr'>istum</span> 
     </span>
     <span class='ocr_line' id='line_1_67' title="bbox 149 2689 1078 2732; baseline -0.001 -10"><span class='ocrx_word' id='word_1_557' title='bbox 149 2693 239 2728; x_wconf 89' lang='lat' dir='ltr'>majus</span> <span class='ocrx_word' id='word_1_558' title='bbox 250 2694 279 2722; x_wconf 90' lang='lat' dir='ltr'>in</span> <span class='ocrx_word' id='word_1_559' title='bbox 289 2693 343 2723; x_wconf 88' lang='lat' dir='ltr'>sese</span> <span class='ocrx_word' id='word_1_560' title='bbox 353 2693 442 2724; x_wconf 86' lang='lat' dir='ltr'>scelus</span> <span class='ocrx_word' id='word_1_561' title='bbox 454 2694 615 2732; x_wconf 78' lang='lat' dir='ltr'>concepiffe</span> <span class='ocrx_word' id='word_1_562' title='bbox 627 2716 635 2728; x_wconf 97' lang='lat'>,</span> <span class='ocrx_word' id='word_1_563' title='bbox 656 2695 708 2723; x_wconf 71' lang='grc' dir='ltr'>διο.</span> <span class='ocrx_word' id='word_1_564' title='bbox 739 2693 757 2722; x_wconf 92' lang='lat' dir='ltr'>i.</span> <span class='ocrx_word' id='word_1_565' title='bbox 770 2702 793 2721; x_wconf 91' lang='lat' dir='ltr'>e.</span> <span class='ocrx_word' id='word_1_566' title='bbox 816 2692 932 2722; x_wconf 90' lang='lat' dir='ltr'>Gravius</span> <span class='ocrx_word' id='word_1_567' title='bbox 942 2689 1078 2729; x_wconf 75' lang='lat' dir='ltr'>peccasse.</span> 
     </span>
    </p>
   </div>
   <div class='ocr_carea' id='block_1_6' title="bbox 965 2575 1260 2614">
    <p class='ocr_par' dir='ltr' id='par_1_32' title="bbox 965 2575 1260 2614">
     <span class='ocr_line' id='line_1_68' title="bbox 965 2575 1260 2614; baseline -0.003 -8"><span class='ocrx_word' id='word_1_568' title='bbox 965 2576 1120 2614; x_wconf 83' lang='lat' dir='ltr'>Quodnam</span> <span class='ocrx_word' id='word_1_569' title='bbox 1138 2575 1260 2614; x_wconf 85' lang='lat' dir='ltr'>concepi</span> 
     </span>
    </p>
   </div>
   <div class='ocr_carea' id='block_1_7' title="bbox 131 2727 1273 2770">
    <p class='ocr_par' dir='ltr' id='par_1_33' title="bbox 131 2727 1273 2770">
     <span class='ocr_line' id='line_1_69' title="bbox 131 2727 1273 2770; baseline -0.003 -10"><span class='ocrx_word' id='word_1_570' title='bbox 131 2730 228 2760; x_wconf 89' lang='lat' dir='ltr'>Scelus</span> <span class='ocrx_word' id='word_1_571' title='bbox 240 2732 351 2770; x_wconf 83' lang='lat' dir='ltr'>concipi</span> <span class='ocrx_word' id='word_1_572' title='bbox 363 2731 483 2769; x_wconf 72' lang='lat' dir='ltr'>dicitur,&#39;</span> <span class='ocrx_word' id='word_1_573' title='bbox 490 2732 577 2770; x_wconf 75' lang='lat' dir='ltr'>Qlod</span> <span class='ocrx_word' id='word_1_574' title='bbox 585 2731 740 2770; x_wconf 82' lang='lat' dir='ltr'>suscipitur.</span> <span class='ocrx_word' id='word_1_575' title='bbox 761 2730 915 2760; x_wconf 85' lang='lat' dir='ltr'>Rhenanus</span> <span class='ocrx_word' id='word_1_576' title='bbox 926 2730 955 2759; x_wconf 91' lang='lat' dir='ltr'>in</span> <span class='ocrx_word' id='word_1_577' title='bbox 965 2728 1066 2767; x_wconf 82' lang='lat' dir='ltr'>Castig.</span> <span class='ocrx_word' id='word_1_578' title='bbox 1077 2728 1108 2758; x_wconf 90' lang='lat' dir='ltr'>in</span> <span class='ocrx_word' id='word_1_579' title='bbox 1116 2727 1259 2764; x_wconf 84' lang='lat' dir='ltr'>Taciturn,</span> <span class='ocrx_word' id='word_1_580' title='bbox 1271 2730 1273 2735; x_wconf 91' lang='grc'><strong>’</strong></span> 
     </span>
    </p>
   </div>
   <div class='ocr_carea' id='block_1_8' title="bbox 131 2769 1038 2998">
    <p class='ocr_par' dir='ltr' id='par_1_34' title="bbox 131 2769 1038 2998">
     <span class='ocr_line' id='line_1_70' title="bbox 152 2769 305 2800; baseline 0 -1"><span class='ocrx_word' id='word_1_581' title='bbox 152 2779 178 2799; x_wconf 84' lang='lat'>2.</span> <span class='ocrx_word' id='word_1_582' title='bbox 197 2769 265 2800; x_wconf 88' lang='lat' dir='ltr'>Hist.</span> <span class='ocrx_word' id='word_1_583' title='bbox 299 2793 305 2799; x_wconf 94' lang='lat'>.</span> 
     </span>
     <span class='ocr_line' id='line_1_71' title="bbox 131 2778 869 2846; baseline -0.001 -10"><span class='ocrx_word' id='word_1_584' title='bbox 131 2806 245 2837; x_wconf 86' lang='lat' dir='ltr'>Semina</span> <span class='ocrx_word' id='word_1_585' title='bbox 254 2778 381 2846; x_wconf 66' lang='lat' dir='ltr'>crincipit</span> <span class='ocrx_word' id='word_1_586' title='bbox 392 2812 471 2839; x_wconf 87' lang='lat' dir='ltr'>terra.</span> <span class='ocrx_word' id='word_1_587' title='bbox 494 2807 553 2838; x_wconf 80' lang='lat' dir='ltr'>Cic.</span> <span class='ocrx_word' id='word_1_588' title='bbox 564 2817 590 2838; x_wconf 81' lang='lat'>2.</span> <span class='ocrx_word' id='word_1_589' title='bbox 606 2807 641 2837; x_wconf 89' lang='lat' dir='ltr'>de</span> <span class='ocrx_word' id='word_1_590' title='bbox 650 2807 714 2837; x_wconf 83' lang='lat' dir='ltr'>Nat.</span> <span class='ocrx_word' id='word_1_591' title='bbox 726 2806 811 2836; x_wconf 91' lang='lat' dir='ltr'>Deor.</span> <span class='ocrx_word' id='word_1_592' title='bbox 824 2808 869 2835; x_wconf 90' lang='lat'>26.</span> 
     </span>
     <span class='ocr_line' id='line_1_72' title="bbox 133 2842 1038 2883; baseline -0.003 -7"><span class='ocrx_word' id='word_1_593' title='bbox 133 2844 223 2876; x_wconf 83' lang='lat' dir='ltr'>Sirim.</span> <span class='ocrx_word' id='word_1_594' title='bbox 247 2845 331 2876; x_wconf 89' lang='lat' dir='ltr'>Ovid.</span> <span class='ocrx_word' id='word_1_595' title='bbox 348 2857 371 2881; x_wconf 89' lang='grc' dir='ltr'>ς.</span> <span class='ocrx_word' id='word_1_596' title='bbox 387 2846 459 2876; x_wconf 82' lang='lat' dir='ltr'>Met.</span> <span class='ocrx_word' id='word_1_597' title='bbox 470 2850 537 2883; x_wconf 80' lang='lat'><strong>4⁴6-</strong></span> <span class='ocrx_word' id='word_1_598' title='bbox 567 2845 608 2876; x_wconf 92' lang='lat' dir='ltr'>Al.</span> <span class='ocrx_word' id='word_1_599' title='bbox 630 2846 687 2876; x_wconf 93' lang='lat' dir='ltr'>hoc</span> <span class='ocrx_word' id='word_1_600' title='bbox 700 2847 731 2875; x_wconf 87' lang='lat' dir='ltr'>in</span> <span class='ocrx_word' id='word_1_601' title='bbox 739 2844 805 2874; x_wconf 79' lang='lat' dir='ltr'>ioco</span> <span class='ocrx_word' id='word_1_602' title='bbox 820 2844 873 2882; x_wconf 84' lang='lat' dir='ltr'>leg.</span> <span class='ocrx_word' id='word_1_603' title='bbox 889 2842 1038 2881; x_wconf 77' lang='lat' dir='ltr'>Colligere.</span> 
     </span>
     <span class='ocr_line' id='line_1_73' title="bbox 131 2883 528 2922; baseline 0.003 -8"><span class='ocrx_word' id='word_1_604' title='bbox 131 2883 227 2922; x_wconf 88' lang='lat' dir='ltr'>Spem.</span> <span class='ocrx_word' id='word_1_605' title='bbox 249 2883 368 2914; x_wconf 84' lang='lat' dir='ltr'>Ovid.6.</span> <span class='ocrx_word' id='word_1_606' title='bbox 385 2884 455 2914; x_wconf 84' lang='lat' dir='ltr'>Met.</span> <span class='ocrx_word' id='word_1_607' title='bbox 467 2895 528 2921; x_wconf 78' lang='lat'>555·</span> 
     </span>
     <span class='ocr_line' id='line_1_74' title="bbox 406 2920 888 2961; baseline -0.01 -8"><span class='ocrx_word' id='word_1_608' title='bbox 406 2922 580 2961; x_wconf 84' lang='lat' dir='ltr'>—jugulum</span> <span class='ocrx_word' id='word_1_609' title='bbox 590 2920 745 2951; x_wconf 80' lang='lat' dir='ltr'>Philomela</span> <span class='ocrx_word' id='word_1_610' title='bbox 755 2920 888 2959; x_wconf 84' lang='lat' dir='ltr'>parabat,</span> 
     </span>
     <span class='ocr_line' id='line_1_75' title="bbox 226 2957 867 2998; baseline -0.005 -8"><span class='ocrx_word' id='word_1_611' title='bbox 226 2960 367 2998; x_wconf 80' lang='lat' dir='ltr'>Spemque</span> <span class='ocrx_word' id='word_1_612' title='bbox 378 2959 431 2990; x_wconf 83' lang='lat' dir='ltr'>suae</span> <span class='ocrx_word' id='word_1_613' title='bbox 440 2961 536 2990; x_wconf 90' lang='lat' dir='ltr'>mortis</span> <span class='ocrx_word' id='word_1_614' title='bbox 547 2961 603 2990; x_wconf 87' lang='lat' dir='ltr'>viso</span> <span class='ocrx_word' id='word_1_615' title='bbox 614 2964 783 2997; x_wconf 82' lang='lat' dir='ltr'>conceperat</span> <span class='ocrx_word' id='word_1_616' title='bbox 792 2957 867 2987; x_wconf 78' lang='lat' dir='ltr'>ense.</span> 
     </span>
    </p>
   </div>
   <div class='ocr_carea' id='block_1_9' title="bbox 38 2990 1261 3043">
    <p class='ocr_par' dir='ltr' id='par_1_35' title="bbox 38 2990 1261 3043">
     <span class='ocr_line' id='line_1_76' title="bbox 38 2990 1261 3043; baseline -0.003 -15"><span class='ocrx_word' id='word_1_617' title='bbox 38 3036 41 3043; x_wconf 69' lang='lat'>‚</span> <span class='ocrx_word' id='word_1_618' title='bbox 92 3037 94 3041; x_wconf 68' lang='lat'>,</span> <span class='ocrx_word' id='word_1_619' title='bbox 131 2997 218 3037; x_wconf 86' lang='lat' dir='ltr'>Spem</span> <span class='ocrx_word' id='word_1_620' title='bbox 229 2999 348 3034; x_wconf 85' lang='lat' dir='ltr'>alicujus</span> <span class='ocrx_word' id='word_1_621' title='bbox 359 2999 445 3036; x_wconf 84' lang='lat' dir='ltr'>regni.</span> <span class='ocrx_word' id='word_1_622' title='bbox 481 2997 623 3028; x_wconf 81' lang='lat' dir='ltr'>Columel.</span> <span class='ocrx_word' id='word_1_623' title='bbox 640 2997 686 3027; x_wconf 86' lang='lat' dir='ltr'>lib.</span> <span class='ocrx_word' id='word_1_624' title='bbox 700 3007 723 3032; x_wconf 77' lang='lat'>3-</span> <span class='ocrx_word' id='word_1_625' title='bbox 736 3006 796 3034; x_wconf 89' lang='lat' dir='ltr'>cap.</span> <span class='ocrx_word' id='word_1_626' title='bbox 810 3006 833 3031; x_wconf 86' lang='lat'>9.</span> <span class='ocrx_word' id='word_1_627' title='bbox 861 2995 946 3033; x_wconf 76' lang='lat' dir='ltr'>Spem</span> <span class='ocrx_word' id='word_1_628' title='bbox 964 2993 1119 3024; x_wconf 82' lang='lat' dir='ltr'>futurarum</span> <span class='ocrx_word' id='word_1_629' title='bbox 1130 2990 1261 3024; x_wconf 65' lang='lat' dir='ltr'>victoria·-</span> 
     </span>
    </p>
   </div>
   <div class='ocr_carea' id='block_1_10' title="bbox 130 3031 1267 4062">
    <p class='ocr_par' dir='ltr' id='par_1_36' title="bbox 151 3031 1260 3113">
     <span class='ocr_line' id='line_1_77' title="bbox 151 3031 1260 3074; baseline -0.004 -9"><span class='ocrx_word' id='word_1_630' title='bbox 151 3046 213 3065; x_wconf 86' lang='lat' dir='ltr'>rum</span> <span class='ocrx_word' id='word_1_631' title='bbox 224 3037 390 3074; x_wconf 90' lang='lat' dir='ltr'>concipiunt</span> <span class='ocrx_word' id='word_1_632' title='bbox 399 3042 550 3074; x_wconf 85' lang='lat' dir='ltr'>propagata</span> <span class='ocrx_word' id='word_1_633' title='bbox 561 3035 656 3065; x_wconf 87' lang='lat' dir='ltr'>sobole</span> <span class='ocrx_word' id='word_1_634' title='bbox 668 3035 789 3073; x_wconf 88' lang='lat' dir='ltr'>generosi</span> <span class='ocrx_word' id='word_1_635' title='bbox 798 3033 925 3063; x_wconf 86' lang='lat' dir='ltr'>armenti.</span> <span class='ocrx_word' id='word_1_636' title='bbox 949 3032 1007 3064; x_wconf 88' lang='lat' dir='ltr'>Liv.</span> <span class='ocrx_word' id='word_1_637' title='bbox 1019 3043 1046 3069; x_wconf 91' lang='lat'>4.</span> <span class='ocrx_word' id='word_1_638' title='bbox 1062 3042 1106 3069; x_wconf 79' lang='grc' dir='ltr'>ις.</span> <span class='ocrx_word' id='word_1_639' title='bbox 1124 3031 1156 3061; x_wconf 83' lang='lat' dir='ltr'>ln</span> <span class='ocrx_word' id='word_1_640' title='bbox 1168 3042 1200 3062; x_wconf 90' lang='lat' dir='ltr'>ea</span> <span class='ocrx_word' id='word_1_641' title='bbox 1210 3032 1260 3070; x_wconf 79' lang='lat' dir='ltr'>Sp.</span> 
     </span>
     <span class='ocr_line' id='line_1_78' title="bbox 153 3071 885 3113; baseline -0.003 -10"><span class='ocrx_word' id='word_1_642' title='bbox 153 3072 258 3104; x_wconf 82' lang='lat' dir='ltr'>Melius</span> <span class='ocrx_word' id='word_1_643' title='bbox 270 3074 346 3112; x_wconf 89' lang='lat' dir='ltr'>spem</span> <span class='ocrx_word' id='word_1_644' title='bbox 360 3074 436 3112; x_wconf 85' lang='lat' dir='ltr'>regni</span> <span class='ocrx_word' id='word_1_645' title='bbox 446 3080 625 3113; x_wconf 88' lang='lat' dir='ltr'>conceperat.</span> <span class='ocrx_word' id='word_1_646' title='bbox 664 3073 789 3103; x_wconf 87' lang='lat' dir='ltr'>Subaudi</span> <span class='ocrx_word' id='word_1_647' title='bbox 801 3071 885 3102; x_wconf 89' lang='lat' dir='ltr'>Urbe.</span> 
     </span>
    </p>

    <p class='ocr_par' dir='ltr' id='par_1_37' title="bbox 131 3108 826 3151">
     <span class='ocr_line' id='line_1_79' title="bbox 131 3108 826 3151; baseline -0.004 -9"><span class='ocrx_word' id='word_1_648' title='bbox 131 3108 218 3149; x_wconf 79' lang='lat' dir='ltr'>Spem</span> <span class='ocrx_word' id='word_1_649' title='bbox 229 3113 265 3142; x_wconf 89' lang='lat' dir='ltr'>de</span> <span class='ocrx_word' id='word_1_650' title='bbox 276 3112 369 3149; x_wconf 86' lang='lat' dir='ltr'>aliquo</span> <span class='ocrx_word' id='word_1_651' title='bbox 383 3112 541 3151; x_wconf 69' lang='lat' dir='ltr'>concipere.</span> <span class='ocrx_word' id='word_1_652' title='bbox 565 3111 632 3142; x_wconf 80' lang='lat' dir='ltr'>Plin.</span> <span class='ocrx_word' id='word_1_653' title='bbox 649 3122 671 3142; x_wconf 87' lang='lat' dir='ltr'>r.</span> <span class='ocrx_word' id='word_1_654' title='bbox 686 3111 768 3150; x_wconf 86' lang='lat' dir='ltr'>Epist.</span> <span class='ocrx_word' id='word_1_655' title='bbox 784 3120 826 3140; x_wconf 87' lang='lat'>10.</span> 
     </span>
    </p>

    <p class='ocr_par' dir='ltr' id='par_1_38' title="bbox 130 3144 1264 3219">
     <span class='ocr_line' id='line_1_80' title="bbox 130 3144 1264 3218; baseline -0.004 -39"><span class='ocrx_word' id='word_1_656' title='bbox 130 3150 188 3194; x_wconf 73' lang='lat' dir='ltr'>Spe</span> <span class='ocrx_word' id='word_1_657' title='bbox 197 3150 473 3218; x_wconf 50' lang='lat' dir='ltr'>“liquiflfcfffcspefe-</span> <span class='ocrx_word' id='word_1_658' title='bbox 513 3151 607 3181; x_wconf 79' lang='lat' dir='ltr'>Livius</span> <span class='ocrx_word' id='word_1_659' title='bbox 625 3159 669 3187; x_wconf 75' lang='lat'>3⁴·</span> <span class='ocrx_word' id='word_1_660' title='bbox 691 3158 734 3187; x_wconf 79' lang='lat'>33.</span> <span class='ocrx_word' id='word_1_661' title='bbox 752 3155 822 3179; x_wconf 83' lang='lat' dir='ltr'>extr.</span> <span class='ocrx_word' id='word_1_662' title='bbox 846 3145 908 3178; x_wconf 85' lang='lat' dir='ltr'>Hoc</span> <span class='ocrx_word' id='word_1_663' title='bbox 919 3146 967 3185; x_wconf 79' lang='lat' dir='ltr'>spe</span> <span class='ocrx_word' id='word_1_664' title='bbox 985 3146 1157 3185; x_wconf 79' lang='lat' dir='ltr'>concipere,</span> <span class='ocrx_word' id='word_1_665' title='bbox 1177 3144 1264 3175; x_wconf 72' lang='lat' dir='ltr'>auda-</span> 
     </span>
     <span class='ocr_line' id='line_1_81' title="bbox 150 3197 857 3219; baseline 0.001 -2"><span class='ocrx_word' id='word_1_666' title='bbox 150 3197 191 3217; x_wconf 81' lang='lat' dir='ltr'>cis</span> <span class='ocrx_word' id='word_1_667' title='bbox 201 3198 288 3218; x_wconf 88' lang='lat' dir='ltr'>animi</span> <span class='ocrx_word' id='word_1_668' title='bbox 311 3198 337 3218; x_wconf 91' lang='lat' dir='ltr'>ui</span> <span class='ocrx_word' id='word_1_669' title='bbox 362 3198 387 3219; x_wconf 86' lang='lat' dir='ltr'>e.</span> <span class='ocrx_word' id='word_1_670' title='bbox 854 3203 857 3206; x_wconf 62' lang='lat'><strong>&gt;</strong></span> 
     </span>
    </p>

    <p class='ocr_par' dir='ltr' id='par_1_39' title="bbox 132 3221 1264 3340">
     <span class='ocr_line' id='line_1_82' title="bbox 132 3221 1264 3265; baseline -0.005 -9"><span class='ocrx_word' id='word_1_671' title='bbox 132 3225 269 3256; x_wconf 84' lang='lat' dir='ltr'>Summas.</span> <span class='ocrx_word' id='word_1_672' title='bbox 309 3224 367 3256; x_wconf 84' lang='lat' dir='ltr'>Liv.</span> <span class='ocrx_word' id='word_1_673' title='bbox 382 3235 405 3262; x_wconf 86' lang='lat'>3.</span> <span class='ocrx_word' id='word_1_674' title='bbox 421 3233 444 3261; x_wconf 71' lang='grc' dir='ltr'>ς.</span> <span class='ocrx_word' id='word_1_675' title='bbox 465 3221 588 3256; x_wconf 85' lang='lat' dir='ltr'>Difficile</span> <span class='ocrx_word' id='word_1_676' title='bbox 597 3225 634 3255; x_wconf 85' lang='lat' dir='ltr'>ad</span> <span class='ocrx_word' id='word_1_677' title='bbox 643 3225 729 3255; x_wconf 70' lang='lat' dir='ltr'>iidem</span> <span class='ocrx_word' id='word_1_678' title='bbox 740 3224 796 3261; x_wconf 84' lang='lat' dir='ltr'>est,</span> <span class='ocrx_word' id='word_1_679' title='bbox 816 3224 847 3254; x_wconf 83' lang='lat' dir='ltr'>in</span> <span class='ocrx_word' id='word_1_680' title='bbox 862 3229 921 3253; x_wconf 82' lang='lat' dir='ltr'>tam</span> <span class='ocrx_word' id='word_1_681' title='bbox 941 3222 1055 3260; x_wconf 84' lang='lat' dir='ltr'>antiqua</span> <span class='ocrx_word' id='word_1_682' title='bbox 1064 3231 1093 3252; x_wconf 91' lang='lat' dir='ltr'>re</span> <span class='ocrx_word' id='word_1_683' title='bbox 1105 3244 1114 3257; x_wconf 85' lang='lat'>,</span> <span class='ocrx_word' id='word_1_684' title='bbox 1135 3226 1204 3258; x_wconf 82' lang='lat' dir='ltr'>quot</span> <span class='ocrx_word' id='word_1_685' title='bbox 1213 3231 1264 3265; x_wconf 76' lang='lat' dir='ltr'>pu-</span> 
     </span>
     <span class='ocr_line' id='line_1_83' title="bbox 153 3260 1264 3301; baseline -0.004 -9"><span class='ocrx_word' id='word_1_686' title='bbox 153 3264 300 3301; x_wconf 86' lang='lat' dir='ltr'>gnaverint</span> <span class='ocrx_word' id='word_1_687' title='bbox 310 3264 500 3294; x_wconf 85' lang='lat' dir='ltr'>ceciderintve</span> <span class='ocrx_word' id='word_1_688' title='bbox 510 3287 518 3300; x_wconf 92' lang='lat'>,</span> <span class='ocrx_word' id='word_1_689' title='bbox 539 3265 639 3294; x_wconf 66' lang='lat' dir='ltr'>exacto</span> <span class='ocrx_word' id='word_1_690' title='bbox 649 3263 783 3293; x_wconf 83' lang='lat' dir='ltr'>affirmare</span> <span class='ocrx_word' id='word_1_691' title='bbox 794 3271 921 3292; x_wconf 86' lang='lat' dir='ltr'>numero.</span> <span class='ocrx_word' id='word_1_692' title='bbox 962 3261 1052 3291; x_wconf 77' lang='lat' dir='ltr'>Audet</span> <span class='ocrx_word' id='word_1_693' title='bbox 1064 3265 1159 3290; x_wconf 85' lang='lat' dir='ltr'>tamen</span> <span class='ocrx_word' id='word_1_694' title='bbox 1170 3260 1264 3290; x_wconf 79' lang='lat' dir='ltr'>Antias</span> 
     </span>
     <span class='ocr_line' id='line_1_84' title="bbox 154 3301 661 3340; baseline 0.004 -10"><span class='ocrx_word' id='word_1_695' title='bbox 154 3301 279 3331; x_wconf 88' lang='lat' dir='ltr'>Valerius</span> <span class='ocrx_word' id='word_1_696' title='bbox 296 3303 446 3340; x_wconf 89' lang='lat' dir='ltr'>concipere</span> <span class='ocrx_word' id='word_1_697' title='bbox 457 3302 577 3332; x_wconf 86' lang='lat' dir='ltr'>summas</span> <span class='ocrx_word' id='word_1_698' title='bbox 588 3324 596 3338; x_wconf 82' lang='lat'>,</span> <span class='ocrx_word' id='word_1_699' title='bbox 609 3304 661 3332; x_wconf 73' lang='lat' dir='ltr'>Sco.</span> 
     </span>
    </p>

    <p class='ocr_par' dir='ltr' id='par_1_40' title="bbox 133 3334 1003 3381">
     <span class='ocr_line' id='line_1_85' title="bbox 133 3334 1003 3381; baseline -0.005 -12"><span class='ocrx_word' id='word_1_700' title='bbox 133 3338 250 3369; x_wconf 85' lang='lat' dir='ltr'>Summa</span> <span class='ocrx_word' id='word_1_701' title='bbox 263 3340 298 3369; x_wconf 89' lang='lat' dir='ltr'>de</span> <span class='ocrx_word' id='word_1_702' title='bbox 308 3341 402 3378; x_wconf 84' lang='lat' dir='ltr'>aliquo</span> <span class='ocrx_word' id='word_1_703' title='bbox 410 3341 570 3379; x_wconf 84' lang='lat' dir='ltr'>concipere.</span> <span class='ocrx_word' id='word_1_704' title='bbox 591 3339 712 3377; x_wconf 86' lang='lat' dir='ltr'>Quintil.</span> <span class='ocrx_word' id='word_1_705' title='bbox 723 3339 752 3368; x_wconf 89' lang='lat' dir='ltr'>in</span> <span class='ocrx_word' id='word_1_706' title='bbox 764 3346 883 3377; x_wconf 84' lang='lat' dir='ltr'>prooem.</span> <span class='ocrx_word' id='word_1_707' title='bbox 896 3334 945 3366; x_wconf 90' lang='lat' dir='ltr'>lib.</span> <span class='ocrx_word' id='word_1_708' title='bbox 958 3339 984 3365; x_wconf 90' lang='lat'>6.</span> <span class='ocrx_word' id='word_1_709' title='bbox 996 3374 1003 3381; x_wconf 92' lang='lat'>.</span> 
     </span>
    </p>

    <p class='ocr_par' dir='ltr' id='par_1_41' title="bbox 135 3375 1091 3416">
     <span class='ocr_line' id='line_1_86' title="bbox 135 3375 1091 3416; baseline -0.002 -9"><span class='ocrx_word' id='word_1_710' title='bbox 135 3377 326 3415; x_wconf 86' lang='lat' dir='ltr'>Superstitiosa</span> <span class='ocrx_word' id='word_1_711' title='bbox 336 3379 504 3416; x_wconf 89' lang='lat' dir='ltr'>concipiunt</span> <span class='ocrx_word' id='word_1_712' title='bbox 517 3379 601 3408; x_wconf 85' lang='lat' dir='ltr'>animi</span> <span class='ocrx_word' id='word_1_713' title='bbox 613 3377 757 3408; x_wconf 88' lang='lat' dir='ltr'>imbecilli.</span> <span class='ocrx_word' id='word_1_714' title='bbox 779 3377 839 3405; x_wconf 89' lang='lat' dir='ltr'>Cic.</span> <span class='ocrx_word' id='word_1_715' title='bbox 852 3385 878 3405; x_wconf 85' lang='lat'>2.</span> <span class='ocrx_word' id='word_1_716' title='bbox 893 3375 928 3404; x_wconf 86' lang='lat' dir='ltr'>de</span> <span class='ocrx_word' id='word_1_717' title='bbox 941 3375 1033 3404; x_wconf 85' lang='lat' dir='ltr'>Divin.</span> <span class='ocrx_word' id='word_1_718' title='bbox 1046 3379 1091 3409; x_wconf 82' lang='lat'>81.</span> 
     </span>
    </p>

    <p class='ocr_par' dir='ltr' id='par_1_42' title="bbox 136 3413 1030 3454">
     <span class='ocr_line' id='line_1_87' title="bbox 136 3413 1030 3454; baseline -0.004 -8"><span class='ocrx_word' id='word_1_719' title='bbox 136 3415 226 3446; x_wconf 84' lang='lat' dir='ltr'>Triste</span> <span class='ocrx_word' id='word_1_720' title='bbox 238 3416 346 3454; x_wconf 78' lang='lat' dir='ltr'>aliquid</span> <span class='ocrx_word' id='word_1_721' title='bbox 357 3418 508 3454; x_wconf 83' lang='lat' dir='ltr'>concipere</span> <span class='ocrx_word' id='word_1_722' title='bbox 519 3417 642 3454; x_wconf 71' lang='lat' dir='ltr'>pectore.</span> <span class='ocrx_word' id='word_1_723' title='bbox 665 3415 751 3445; x_wconf 86' lang='lat' dir='ltr'>Ovid.</span> <span class='ocrx_word' id='word_1_724' title='bbox 765 3424 791 3444; x_wconf 81' lang='lat'>2.</span> <span class='ocrx_word' id='word_1_725' title='bbox 808 3415 844 3444; x_wconf 91' lang='lat' dir='ltr'>de</span> <span class='ocrx_word' id='word_1_726' title='bbox 856 3413 935 3444; x_wconf 84' lang='lat' dir='ltr'>Pont.</span> <span class='ocrx_word' id='word_1_727' title='bbox 947 3420 972 3450; x_wconf 86' lang='lat'>7.</span> <span class='ocrx_word' id='word_1_728' title='bbox 987 3415 1030 3442; x_wconf 86' lang='lat'>16.</span> 
     </span>
    </p>

    <p class='ocr_par' dir='ltr' id='par_1_43' title="bbox 218 3453 758 3492">
     <span class='ocr_line' id='line_1_88' title="bbox 218 3453 758 3492; baseline -0.004 -7"><span class='ocrx_word' id='word_1_729' title='bbox 218 3453 331 3485; x_wconf 67' lang='lat' dir='ltr'>Pedtore</span> <span class='ocrx_word' id='word_1_730' title='bbox 341 3455 477 3492; x_wconf 85' lang='lat' dir='ltr'>concipio</span> <span class='ocrx_word' id='word_1_731' title='bbox 492 3455 532 3484; x_wconf 87' lang='lat' dir='ltr'>nil</span> <span class='ocrx_word' id='word_1_732' title='bbox 543 3454 591 3484; x_wconf 90' lang='lat' dir='ltr'>nisi</span> <span class='ocrx_word' id='word_1_733' title='bbox 601 3454 676 3484; x_wconf 84' lang='lat' dir='ltr'>triste</span> <span class='ocrx_word' id='word_1_734' title='bbox 683 3462 758 3483; x_wconf 78' lang='lat' dir='ltr'>meo·</span> 
     </span>
    </p>

    <p class='ocr_par' dir='ltr' id='par_1_44' title="bbox 137 3487 1267 3681">
     <span class='ocr_line' id='line_1_89' title="bbox 137 3487 1265 3530; baseline -0.003 -8"><span class='ocrx_word' id='word_1_735' title='bbox 137 3489 345 3522; x_wconf 85' lang='lat' dir='ltr'>Vadimonium.</span> <span class='ocrx_word' id='word_1_736' title='bbox 383 3492 442 3522; x_wconf 88' lang='lat' dir='ltr'>Cic.</span> <span class='ocrx_word' id='word_1_737' title='bbox 457 3502 483 3522; x_wconf 95' lang='lat'>2.</span> <span class='ocrx_word' id='word_1_738' title='bbox 496 3490 532 3530; x_wconf 80' lang='lat' dir='ltr'>Q.</span> <span class='ocrx_word' id='word_1_739' title='bbox 544 3493 606 3522; x_wconf 81' lang='lat' dir='ltr'>frat.</span> <span class='ocrx_word' id='word_1_740' title='bbox 623 3502 666 3528; x_wconf 76' lang='lat'>14.</span> <span class='ocrx_word' id='word_1_741' title='bbox 688 3491 852 3521; x_wconf 80' lang='lat' dir='ltr'>Trebatium</span> <span class='ocrx_word' id='word_1_742' title='bbox 871 3489 946 3526; x_wconf 89' lang='lat' dir='ltr'>quod</span> <span class='ocrx_word' id='word_1_743' title='bbox 958 3488 993 3518; x_wconf 89' lang='lat' dir='ltr'>ad</span> <span class='ocrx_word' id='word_1_744' title='bbox 1004 3488 1031 3517; x_wconf 82' lang='lat' dir='ltr'>se</span> <span class='ocrx_word' id='word_1_745' title='bbox 1042 3487 1163 3519; x_wconf 84' lang='lat' dir='ltr'>miserim</span> <span class='ocrx_word' id='word_1_746' title='bbox 1174 3510 1182 3524; x_wconf 93' lang='lat'>‚</span> <span class='ocrx_word' id='word_1_747' title='bbox 1204 3494 1265 3527; x_wconf 78' lang='lat' dir='ltr'>&#39;per-</span> 
     </span>
     <span class='ocr_line' id='line_1_90' title="bbox 144 3526 1267 3568; baseline -0.004 -8"><span class='ocrx_word' id='word_1_748' title='bbox 144 3530 223 3560; x_wconf 60' lang='lat' dir='ltr'>salse</span> <span class='ocrx_word' id='word_1_749' title='bbox 235 3532 259 3560; x_wconf 66' lang='lat'>81</span> <span class='ocrx_word' id='word_1_750' title='bbox 270 3531 427 3560; x_wconf 84' lang='lat' dir='ltr'>humaniter</span> <span class='ocrx_word' id='word_1_751' title='bbox 438 3531 522 3560; x_wconf 84' lang='lat' dir='ltr'>etiarn</span> <span class='ocrx_word' id='word_1_752' title='bbox 531 3531 630 3568; x_wconf 81' lang='lat' dir='ltr'>gratias</span> <span class='ocrx_word' id='word_1_753' title='bbox 640 3529 708 3559; x_wconf 89' lang='lat' dir='ltr'>mihi</span> <span class='ocrx_word' id='word_1_754' title='bbox 723 3529 787 3567; x_wconf 83' lang='lat' dir='ltr'>agit.</span> <span class='ocrx_word' id='word_1_755' title='bbox 812 3534 894 3565; x_wconf 83' lang='lat' dir='ltr'>negat</span> <span class='ocrx_word' id='word_1_756' title='bbox 910 3527 986 3556; x_wconf 86' lang='lat' dir='ltr'>enim</span> <span class='ocrx_word' id='word_1_757' title='bbox 1004 3527 1032 3555; x_wconf 92' lang='lat' dir='ltr'>in</span> <span class='ocrx_word' id='word_1_758' title='bbox 1045 3533 1120 3556; x_wconf 89' lang='lat' dir='ltr'>tanta</span> <span class='ocrx_word' id='word_1_759' title='bbox 1138 3526 1267 3556; x_wconf 81' lang='lat' dir='ltr'>multitu.</span> 
     </span>
     <span class='ocr_line' id='line_1_91' title="bbox 157 3565 1264 3606; baseline -0.005 -9"><span class='ocrx_word' id='word_1_760' title='bbox 157 3569 225 3598; x_wconf 82' lang='lat' dir='ltr'>dine</span> <span class='ocrx_word' id='word_1_761' title='bbox 239 3578 336 3598; x_wconf 84' lang='lat' dir='ltr'>eorum</span> <span class='ocrx_word' id='word_1_762' title='bbox 347 3566 394 3606; x_wconf 89' lang='lat' dir='ltr'>qui</span> <span class='ocrx_word' id='word_1_763' title='bbox 403 3579 458 3599; x_wconf 90' lang='lat' dir='ltr'>una</span> <span class='ocrx_word' id='word_1_764' title='bbox 471 3568 558 3598; x_wconf 75' lang='lat' dir='ltr'>essent</span> <span class='ocrx_word' id='word_1_765' title='bbox 567 3590 574 3603; x_wconf 87' lang='lat'>,</span> <span class='ocrx_word' id='word_1_766' title='bbox 595 3576 756 3605; x_wconf 84' lang='lat' dir='ltr'>quenquam</span> <span class='ocrx_word' id='word_1_767' title='bbox 766 3565 845 3596; x_wconf 89' lang='lat' dir='ltr'>fuisse</span> <span class='ocrx_word' id='word_1_768' title='bbox 864 3566 911 3602; x_wconf 82' lang='lat' dir='ltr'>qui</span> <span class='ocrx_word' id='word_1_769' title='bbox 925 3565 1121 3594; x_wconf 81' lang='lat' dir='ltr'>vadimonium</span> <span class='ocrx_word' id='word_1_770' title='bbox 1132 3566 1264 3603; x_wconf 88' lang='lat' dir='ltr'>concipe.</span> 
     </span>
     <span class='ocr_line' id='line_1_92' title="bbox 159 3602 1265 3644; baseline -0.003 -8"><span class='ocrx_word' id='word_1_771' title='bbox 159 3614 189 3634; x_wconf 82' lang='lat' dir='ltr'>re</span> <span class='ocrx_word' id='word_1_772' title='bbox 199 3605 296 3644; x_wconf 85' lang='lat' dir='ltr'>posset.</span> <span class='ocrx_word' id='word_1_773' title='bbox 327 3607 346 3636; x_wconf 92' lang='lat' dir='ltr'>i.</span> <span class='ocrx_word' id='word_1_774' title='bbox 358 3616 383 3636; x_wconf 88' lang='lat' dir='ltr'>e.</span> <span class='ocrx_word' id='word_1_775' title='bbox 407 3607 464 3644; x_wconf 83' lang='lat' dir='ltr'>Qii</span> <span class='ocrx_word' id='word_1_776' title='bbox 473 3606 626 3635; x_wconf 88' lang='lat' dir='ltr'>vadimonii</span> <span class='ocrx_word' id='word_1_777' title='bbox 638 3605 787 3635; x_wconf 86' lang='lat' dir='ltr'>formulam</span> <span class='ocrx_word' id='word_1_778' title='bbox 803 3605 909 3634; x_wconf 60' lang='lat' dir='ltr'>dictare</span> <span class='ocrx_word' id='word_1_779' title='bbox 929 3602 1026 3640; x_wconf 76' lang='lat' dir='ltr'>posset.</span> <span class='ocrx_word' id='word_1_780' title='bbox 1067 3603 1136 3632; x_wconf 88' lang='lat' dir='ltr'>Inde</span> <span class='ocrx_word' id='word_1_781' title='bbox 1155 3603 1265 3633; x_wconf 81' lang='lat' dir='ltr'>Conce-</span> 
     </span>
     <span class='ocr_line' id='line_1_93' title="bbox 158 3639 1263 3681; baseline -0.001 -9"><span class='ocrx_word' id='word_1_782' title='bbox 158 3649 240 3681; x_wconf 87' lang='lat' dir='ltr'>ptum</span> <span class='ocrx_word' id='word_1_783' title='bbox 251 3644 440 3681; x_wconf 85' lang='lat' dir='ltr'>jusjurandum</span> <span class='ocrx_word' id='word_1_784' title='bbox 450 3667 459 3680; x_wconf 93' lang='lat'>,</span> <span class='ocrx_word' id='word_1_785' title='bbox 480 3644 568 3681; x_wconf 80' lang='lat' dir='ltr'>Quod</span> <span class='ocrx_word' id='word_1_786' title='bbox 581 3646 656 3673; x_wconf 81' lang='lat' dir='ltr'>certa</span> <span class='ocrx_word' id='word_1_787' title='bbox 666 3642 784 3673; x_wconf 86' lang='lat' dir='ltr'>formula</span> <span class='ocrx_word' id='word_1_788' title='bbox 797 3642 922 3671; x_wconf 90' lang='lat' dir='ltr'>delatum</span> <span class='ocrx_word' id='word_1_789' title='bbox 936 3639 1112 3670; x_wconf 75' lang='lat' dir='ltr'>estssudaeus.</span> <span class='ocrx_word' id='word_1_790' title='bbox 1126 3640 1158 3670; x_wconf 94' lang='lat' dir='ltr'>V.</span> <span class='ocrx_word' id='word_1_791' title='bbox 1173 3640 1263 3679; x_wconf 86' lang='lat' dir='ltr'>supra.</span> 
     </span>
    </p>

    <p class='ocr_par' dir='ltr' id='par_1_45' title="bbox 139 3678 1264 3757">
     <span class='ocr_line' id='line_1_94' title="bbox 139 3678 1264 3721; baseline -0.003 -10"><span class='ocrx_word' id='word_1_792' title='bbox 139 3678 270 3712; x_wconf 88' lang='lat' dir='ltr'>Ventum.</span> <span class='ocrx_word' id='word_1_793' title='bbox 311 3682 378 3711; x_wconf 84' lang='lat' dir='ltr'>Plin.</span> <span class='ocrx_word' id='word_1_794' title='bbox 391 3682 439 3720; x_wconf 87' lang='lat' dir='ltr'>lib.</span> <span class='ocrx_word' id='word_1_795' title='bbox 453 3686 494 3712; x_wconf 84' lang='lat'>16.</span> <span class='ocrx_word' id='word_1_796' title='bbox 507 3692 568 3721; x_wconf 83' lang='lat' dir='ltr'>cap.</span> <span class='ocrx_word' id='word_1_797' title='bbox 583 3691 626 3718; x_wconf 86' lang='lat'>31.</span> <span class='ocrx_word' id='word_1_798' title='bbox 650 3681 755 3711; x_wconf 83' lang='lat' dir='ltr'>Platani</span> <span class='ocrx_word' id='word_1_799' title='bbox 765 3680 918 3718; x_wconf 87' lang='lat' dir='ltr'>plurimum</span> <span class='ocrx_word' id='word_1_800' title='bbox 928 3679 1264 3717; x_wconf 74' lang='lat' dir='ltr'>ventorumconcipiunt,</span> 
     </span>
     <span class='ocr_line' id='line_1_95' title="bbox 160 3719 612 3757; baseline 0.004 -9"><span class='ocrx_word' id='word_1_801' title='bbox 160 3726 274 3757; x_wconf 81' lang='lat' dir='ltr'>propter</span> <span class='ocrx_word' id='word_1_802' title='bbox 286 3719 448 3750; x_wconf 87' lang='lat' dir='ltr'>densitatem</span> <span class='ocrx_word' id='word_1_803' title='bbox 463 3729 612 3750; x_wconf 84' lang='lat' dir='ltr'>ramorum.</span> 
     </span>
    </p>

    <p class='ocr_par' dir='ltr' id='par_1_46' title="bbox 140 3753 1267 3872">
     <span class='ocr_line' id='line_1_96' title="bbox 140 3753 1265 3795; baseline -0.002 -8"><span class='ocrx_word' id='word_1_804' title='bbox 140 3756 230 3787; x_wconf 87' lang='lat' dir='ltr'>Verba</span> <span class='ocrx_word' id='word_1_805' title='bbox 239 3758 399 3795; x_wconf 76' lang='lat' dir='ltr'>concipere.</span> <span class='ocrx_word' id='word_1_806' title='bbox 441 3759 499 3788; x_wconf 89' lang='lat' dir='ltr'>Liv.</span> <span class='ocrx_word' id='word_1_807' title='bbox 511 3768 537 3795; x_wconf 90' lang='lat'>7.</span> <span class='ocrx_word' id='word_1_808' title='bbox 555 3769 579 3793; x_wconf 81' lang='grc' dir='ltr'>ς.</span> <span class='ocrx_word' id='word_1_809' title='bbox 600 3757 692 3795; x_wconf 82' lang='lat' dir='ltr'>Super</span> <span class='ocrx_word' id='word_1_810' title='bbox 709 3755 814 3786; x_wconf 69' lang='lat' dir='ltr'>lectum</span> <span class='ocrx_word' id='word_1_811' title='bbox 827 3756 899 3785; x_wconf 85' lang='lat' dir='ltr'>stans</span> <span class='ocrx_word' id='word_1_812' title='bbox 918 3754 992 3784; x_wconf 80' lang='lat' dir='ltr'>ferro</span> <span class='ocrx_word' id='word_1_813' title='bbox 1012 3753 1122 3784; x_wconf 81' lang='lat' dir='ltr'>intento</span> <span class='ocrx_word' id='word_1_814' title='bbox 1135 3776 1144 3790; x_wconf 89' lang='lat'>,</span> <span class='ocrx_word' id='word_1_815' title='bbox 1164 3754 1213 3784; x_wconf 87' lang='lat' dir='ltr'>nisi</span> <span class='ocrx_word' id='word_1_816' title='bbox 1234 3755 1265 3785; x_wconf 88' lang='lat' dir='ltr'>in</span> 
     </span>
     <span class='ocr_line' id='line_1_97' title="bbox 159 3791 1267 3834; baseline -0.002 -9"><span class='ocrx_word' id='word_1_817' title='bbox 159 3804 221 3833; x_wconf 83' lang='lat' dir='ltr'>quae</span> <span class='ocrx_word' id='word_1_818' title='bbox 232 3795 290 3833; x_wconf 86' lang='lat' dir='ltr'>ipse</span> <span class='ocrx_word' id='word_1_819' title='bbox 301 3796 472 3834; x_wconf 76' lang='lat' dir='ltr'>concepifl&#39;et</span> <span class='ocrx_word' id='word_1_820' title='bbox 481 3819 489 3832; x_wconf 96' lang='lat'>,</span> <span class='ocrx_word' id='word_1_821' title='bbox 509 3797 592 3827; x_wconf 89' lang='lat' dir='ltr'>verba</span> <span class='ocrx_word' id='word_1_822' title='bbox 603 3797 721 3832; x_wconf 86' lang='lat' dir='ltr'>juraret,</span> <span class='ocrx_word' id='word_1_823' title='bbox 744 3794 770 3823; x_wconf 87' lang='lat' dir='ltr'>se</span> <span class='ocrx_word' id='word_1_824' title='bbox 784 3794 868 3831; x_wconf 85' lang='lat' dir='ltr'>patris</span> <span class='ocrx_word' id='word_1_825' title='bbox 879 3793 939 3828; x_wconf 89' lang='lat' dir='ltr'>ejus</span> <span class='ocrx_word' id='word_1_826' title='bbox 949 3791 1097 3822; x_wconf 87' lang='lat' dir='ltr'>accusandi</span> <span class='ocrx_word' id='word_1_827' title='bbox 1108 3792 1188 3823; x_wconf 87' lang='lat' dir='ltr'>causa</span> <span class='ocrx_word' id='word_1_828' title='bbox 1198 3802 1267 3823; x_wconf 87' lang='lat' dir='ltr'>con-</span> 
     </span>
     <span class='ocr_line' id='line_1_98' title="bbox 158 3829 1103 3872; baseline -0.002 -9"><span class='ocrx_word' id='word_1_829' title='bbox 158 3833 257 3863; x_wconf 84' lang='lat' dir='ltr'>cilium</span> <span class='ocrx_word' id='word_1_830' title='bbox 271 3833 361 3871; x_wconf 76' lang='lat' dir='ltr'>plebis</span> <span class='ocrx_word' id='word_1_831' title='bbox 372 3843 515 3872; x_wconf 81' lang='lat' dir='ltr'>nunquam</span> <span class='ocrx_word' id='word_1_832' title='bbox 523 3834 701 3868; x_wconf 87' lang='lat' dir='ltr'>habiturum,</span> <span class='ocrx_word' id='word_1_833' title='bbox 717 3833 769 3862; x_wconf 73' lang='grc' dir='ltr'>διε.</span> <span class='ocrx_word' id='word_1_834' title='bbox 792 3831 877 3860; x_wconf 84' lang='lat' dir='ltr'>Ovid.</span> <span class='ocrx_word' id='word_1_835' title='bbox 895 3840 935 3859; x_wconf 88' lang='lat'>10.</span> <span class='ocrx_word' id='word_1_836' title='bbox 954 3829 1024 3860; x_wconf 82' lang='lat' dir='ltr'>Met.</span> <span class='ocrx_word' id='word_1_837' title='bbox 1038 3838 1103 3867; x_wconf 87' lang='lat'>290.</span> 
     </span>
    </p>

    <p class='ocr_par' dir='ltr' id='par_1_47' title="bbox 233 3869 1152 3948">
     <span class='ocr_line' id='line_1_99' title="bbox 233 3869 910 3911; baseline -0.006 -10"><span class='ocrx_word' id='word_1_838' title='bbox 233 3870 307 3901; x_wconf 89' lang='lat' dir='ltr'>Turn</span> <span class='ocrx_word' id='word_1_839' title='bbox 319 3881 384 3900; x_wconf 86' lang='lat' dir='ltr'>vero</span> <span class='ocrx_word' id='word_1_840' title='bbox 394 3871 511 3911; x_wconf 80' lang='lat' dir='ltr'>Paphius</span> <span class='ocrx_word' id='word_1_841' title='bbox 521 3872 677 3910; x_wconf 78' lang='lat' dir='ltr'>pieniffima</span> <span class='ocrx_word' id='word_1_842' title='bbox 688 3870 815 3907; x_wconf 82' lang='lat' dir='ltr'>concipit</span> <span class='ocrx_word' id='word_1_843' title='bbox 827 3869 910 3898; x_wconf 80' lang='lat' dir='ltr'>heros</span> 
     </span>
     <span class='ocr_line' id='line_1_100' title="bbox 234 3908 1152 3948; baseline -0.001 -11"><span class='ocrx_word' id='word_1_844' title='bbox 234 3909 324 3938; x_wconf 83' lang='lat' dir='ltr'>Verba</span> <span class='ocrx_word' id='word_1_845' title='bbox 334 3931 341 3942; x_wconf 83' lang='lat'>.</span> <span class='ocrx_word' id='word_1_846' title='bbox 363 3909 464 3945; x_wconf 88' lang='lat' dir='ltr'>quibus</span> <span class='ocrx_word' id='word_1_847' title='bbox 475 3908 576 3940; x_wconf 86' lang='lat' dir='ltr'>Veneri</span> <span class='ocrx_word' id='word_1_848' title='bbox 587 3916 676 3948; x_wconf 79' lang='lat' dir='ltr'>grates</span> <span class='ocrx_word' id='word_1_849' title='bbox 686 3909 750 3946; x_wconf 84' lang='lat' dir='ltr'>agit.</span> <span class='ocrx_word' id='word_1_850' title='bbox 1150 3941 1152 3944; x_wconf 42' lang='grc'><strong>,</strong></span> 
     </span>
    </p>

    <p class='ocr_par' dir='ltr' id='par_1_48' title="bbox 142 3943 1266 3985">
     <span class='ocr_line' id='line_1_101' title="bbox 142 3943 1266 3985; baseline -0.004 -9"><span class='ocrx_word' id='word_1_851' title='bbox 142 3944 238 3977; x_wconf 88' lang='lat' dir='ltr'>Verbis</span> <span class='ocrx_word' id='word_1_852' title='bbox 249 3948 393 3985; x_wconf 87' lang='lat' dir='ltr'>conceptis</span> <span class='ocrx_word' id='word_1_853' title='bbox 404 3948 502 3983; x_wconf 86' lang='lat' dir='ltr'>jurare.</span> <span class='ocrx_word' id='word_1_854' title='bbox 527 3949 545 3978; x_wconf 89' lang='lat' dir='ltr'>i.</span> <span class='ocrx_word' id='word_1_855' title='bbox 556 3958 580 3977; x_wconf 85' lang='lat' dir='ltr'>e.</span> <span class='ocrx_word' id='word_1_856' title='bbox 605 3947 722 3976; x_wconf 63' lang='lat' dir='ltr'>Dic&#39;tatis</span> <span class='ocrx_word' id='word_1_857' title='bbox 735 3956 749 3975; x_wconf 87' lang='lat' dir='ltr'>a</span> <span class='ocrx_word' id='word_1_858' title='bbox 762 3944 906 3974; x_wconf 87' lang='lat' dir='ltr'>deferente</span> <span class='ocrx_word' id='word_1_859' title='bbox 920 3943 1109 3980; x_wconf 74' lang='lat' dir='ltr'>iuramentum</span> <span class='ocrx_word' id='word_1_860' title='bbox 1118 3965 1126 3978; x_wconf 81' lang='grc'>,</span> <span class='ocrx_word' id='word_1_861' title='bbox 1145 3943 1214 3974; x_wconf 84' lang='lat' dir='ltr'>&amp;ex</span> <span class='ocrx_word' id='word_1_862' title='bbox 1225 3952 1266 3974; x_wconf 88' lang='lat' dir='ltr'>ar.</span> 
     </span>
    </p>

    <p class='ocr_par' dir='ltr' id='par_1_49' title="bbox 159 3981 1263 4062">
     <span class='ocr_line' id='line_1_102' title="bbox 159 3981 1263 4054; baseline 0 -40"><span class='ocrx_word' id='word_1_863' title='bbox 159 3984 247 4054; x_wconf 52' lang='lat' dir='ltr'>ixo‘istripl</span> <span class='ocrx_word' id='word_1_864' title='bbox 262 3986 429 4021; x_wconf 73' lang='lat' dir='ltr'>adjurantis:</span> <span class='ocrx_word' id='word_1_865' title='bbox 462 3987 490 4018; x_wconf 86' lang='lat' dir='ltr'>h.</span> <span class='ocrx_word' id='word_1_866' title='bbox 503 3996 529 4017; x_wconf 89' lang='lat' dir='ltr'>e.</span> <span class='ocrx_word' id='word_1_867' title='bbox 551 3985 694 4023; x_wconf 71' lang='lat' dir='ltr'>Adigentis</span> <span class='ocrx_word' id='word_1_868' title='bbox 721 3984 758 4014; x_wconf 82' lang='lat' dir='ltr'>ad</span> <span class='ocrx_word' id='word_1_869' title='bbox 774 3983 968 4020; x_wconf 78' lang='lat' dir='ltr'>jusjurandum</span> <span class='ocrx_word' id='word_1_870' title='bbox 987 3982 1152 4021; x_wconf 78' lang='lat' dir='ltr'>pernotatis.</span> <span class='ocrx_word' id='word_1_871' title='bbox 1174 3981 1263 4014; x_wconf 84' lang='lat' dir='ltr'>Plaut.</span> 
     </span>
     <span class='ocr_line' id='line_1_103' title="bbox 192 4033 619 4062; baseline -0.005 -9"><span class='ocrx_word' id='word_1_872' title='bbox 192 4033 226 4053; x_wconf 86' lang='lat' dir='ltr'>eu</span> <span class='ocrx_word' id='word_1_873' title='bbox 249 4046 255 4054; x_wconf 94' lang='lat'>.</span> <span class='ocrx_word' id='word_1_874' title='bbox 272 4033 294 4054; x_wconf 85' lang='lat' dir='ltr'>i.</span> <span class='ocrx_word' id='word_1_875' title='bbox 308 4033 406 4062; x_wconf 79' lang='lat'>3·119-</span> <span class='ocrx_word' id='word_1_876' title='bbox 618 4048 619 4051; x_wconf 73' lang='grc'>,</span> 
     </span>
    </p>
   </div>
   <div class='ocr_carea' id='block_1_11' title="bbox 1700 139 1992 175">
    <p class='ocr_par' dir='ltr' id='par_1_50' title="bbox 1700 139 1992 175">
     <span class='ocr_line' id='line_1_104' title="bbox 1700 139 1992 175; baseline 0 0"><span class='ocrx_word' id='word_1_877' title='bbox 1700 140 1730 175; x_wconf 88' lang='lat' dir='ltr'>C</span> <span class='ocrx_word' id='word_1_878' title='bbox 1825 140 1861 175; x_wconf 87' lang='lat' dir='ltr'>O</span> <span class='ocrx_word' id='word_1_879' title='bbox 1958 139 1992 175; x_wconf 77' lang='lat' dir='ltr'>N</span> 
     </span>
    </p>
   </div>
   <div class='ocr_carea' id='block_1_12' title="bbox 1330 220 2464 644">
    <p class='ocr_par' dir='ltr' id='par_1_51' title="bbox 1408 220 2141 261">
     <span class='ocr_line' id='line_1_105' title="bbox 1408 220 2141 261; baseline -0.005 -7"><span class='ocrx_word' id='word_1_880' title='bbox 1408 220 1534 261; x_wconf 79' lang='lat' dir='ltr'>Jurastin&#39;</span> <span class='ocrx_word' id='word_1_881' title='bbox 1553 229 1581 252; x_wconf 91' lang='lat' dir='ltr'>te</span> <span class='ocrx_word' id='word_1_882' title='bbox 1592 221 1667 252; x_wconf 86' lang='lat' dir='ltr'>illam</span> <span class='ocrx_word' id='word_1_883' title='bbox 1683 221 1752 251; x_wconf 84' lang='lat' dir='ltr'>nulli</span> <span class='ocrx_word' id='word_1_884' title='bbox 1763 222 1943 252; x_wconf 80' lang='lat' dir='ltr'>venditurum</span> <span class='ocrx_word' id='word_1_885' title='bbox 1957 243 1964 255; x_wconf 92' lang='lat'>,</span> <span class='ocrx_word' id='word_1_886' title='bbox 1986 221 2034 250; x_wconf 88' lang='lat' dir='ltr'>nili</span> <span class='ocrx_word' id='word_1_887' title='bbox 2048 220 2115 250; x_wconf 90' lang='lat' dir='ltr'>mihi</span> <span class='ocrx_word' id='word_1_888' title='bbox 2127 223 2141 250; x_wconf 74' lang='grc' dir='ltr'>ἶ)</span> 
     </span>
    </p>

    <p class='ocr_par' dir='ltr' id='par_1_52' title="bbox 1349 259 2461 374">
     <span class='ocr_line' id='line_1_106' title="bbox 1409 259 2458 300; baseline 0.002 -10"><span class='ocrx_word' id='word_1_889' title='bbox 1409 262 1767 298; x_wconf 66' lang='grc' dir='ltr'>κΑι..Ρ;ηεοι-.ωι,.ηεηιρε</span> <span class='ocrx_word' id='word_1_890' title='bbox 1776 261 1920 297; x_wconf 82' lang='lat' dir='ltr'>conceptis</span> <span class='ocrx_word' id='word_1_891' title='bbox 1930 259 2027 288; x_wconf 81' lang='lat' dir='ltr'>verbis.</span> <span class='ocrx_word' id='word_1_892' title='bbox 2036 261 2187 288; x_wconf 58' lang='lat' dir='ltr'>ameriam</span> <span class='ocrx_word' id='word_1_893' title='bbox 2198 260 2330 290; x_wconf 87' lang='lat' dir='ltr'>consultis</span> <span class='ocrx_word' id='word_1_894' title='bbox 2338 273 2458 300; x_wconf 85' lang='lat' dir='ltr'>quoque.</span> 
     </span>
     <span class='ocr_line' id='line_1_107' title="bbox 1349 296 2461 337; baseline 0.002 -8"><span class='ocrx_word' id='word_1_895' title='bbox 1349 300 1366 329; x_wconf 87' lang='lat' dir='ltr'>i.</span> <span class='ocrx_word' id='word_1_896' title='bbox 1380 310 1404 329; x_wconf 89' lang='lat' dir='ltr'>e.</span> <span class='ocrx_word' id='word_1_897' title='bbox 1427 300 1491 328; x_wconf 89' lang='lat' dir='ltr'>Non</span> <span class='ocrx_word' id='word_1_898' title='bbox 1502 299 1587 328; x_wconf 87' lang='lat' dir='ltr'>modo</span> <span class='ocrx_word' id='word_1_899' title='bbox 1601 299 1712 327; x_wconf 68' lang='lat' dir='ltr'>dictatis</span> <span class='ocrx_word' id='word_1_900' title='bbox 1723 308 1739 327; x_wconf 91' lang='lat' dir='ltr'>a</span> <span class='ocrx_word' id='word_1_901' title='bbox 1751 307 1778 327; x_wconf 92' lang='lat' dir='ltr'>te</span> <span class='ocrx_word' id='word_1_902' title='bbox 1790 298 1895 329; x_wconf 68' lang='lat' dir='ltr'>verbis,</span> <span class='ocrx_word' id='word_1_903' title='bbox 1917 297 1962 326; x_wconf 84' lang='lat' dir='ltr'>sed</span> <span class='ocrx_word' id='word_1_904' title='bbox 1974 296 2056 326; x_wconf 79' lang='lat' dir='ltr'>etiam</span> <span class='ocrx_word' id='word_1_905' title='bbox 2072 298 2199 333; x_wconf 76' lang='lat' dir='ltr'>cogitatis</span> <span class='ocrx_word' id='word_1_906' title='bbox 2211 316 2218 329; x_wconf 80' lang='lat'>‚</span> <span class='ocrx_word' id='word_1_907' title='bbox 2242 300 2437 331; x_wconf 65' lang='lat' dir='ltr'>animadvertis</span> <span class='ocrx_word' id='word_1_908' title='bbox 2452 324 2461 337; x_wconf 87' lang='lat'>‚</span> 
     </span>
     <span class='ocr_line' id='line_1_108' title="bbox 1351 335 2291 374; baseline -0.001 -9"><span class='ocrx_word' id='word_1_909' title='bbox 1351 338 1556 374; x_wconf 67' lang='lat' dir='ltr'>praemeditatis.</span> <span class='ocrx_word' id='word_1_910' title='bbox 1582 337 1648 365; x_wconf 77' lang='lat' dir='ltr'>Haec</span> <span class='ocrx_word' id='word_1_911' title='bbox 1661 336 1785 365; x_wconf 74' lang='lat' dir='ltr'>Budaeus.</span> <span class='ocrx_word' id='word_1_912' title='bbox 1820 336 1899 364; x_wconf 66' lang='lat' dir='ltr'>Confi</span> <span class='ocrx_word' id='word_1_913' title='bbox 1922 335 2121 370; x_wconf 71' lang='lat' dir='ltr'>jusjurandum</span> <span class='ocrx_word' id='word_1_914' title='bbox 2133 336 2291 372; x_wconf 80' lang='lat' dir='ltr'>concipere.</span> 
     </span>
    </p>

    <p class='ocr_par' dir='ltr' id='par_1_53' title="bbox 1330 372 2462 487">
     <span class='ocr_line' id='line_1_109' title="bbox 1330 372 2462 411; baseline 0.003 -8"><span class='ocrx_word' id='word_1_915' title='bbox 1330 372 1428 404; x_wconf 82' lang='lat' dir='ltr'>Verbis</span> <span class='ocrx_word' id='word_1_916' title='bbox 1439 374 1585 411; x_wconf 87' lang='lat' dir='ltr'>conceptis</span> <span class='ocrx_word' id='word_1_917' title='bbox 1601 375 1733 411; x_wconf 78' lang='lat' dir='ltr'>pejerare.</span> <span class='ocrx_word' id='word_1_918' title='bbox 1774 373 1833 403; x_wconf 89' lang='lat' dir='ltr'>Cic.</span> <span class='ocrx_word' id='word_1_919' title='bbox 1851 383 1901 410; x_wconf 89' lang='lat' dir='ltr'>pro</span> <span class='ocrx_word' id='word_1_920' title='bbox 1916 373 2027 402; x_wconf 76' lang='lat' dir='ltr'>cluent.</span> <span class='ocrx_word' id='word_1_921' title='bbox 2050 380 2110 406; x_wconf 76' lang='lat'>¹34.</span> <span class='ocrx_word' id='word_1_922' title='bbox 2147 372 2225 401; x_wconf 82' lang='lat' dir='ltr'>Dixit</span> <span class='ocrx_word' id='word_1_923' title='bbox 2243 373 2270 401; x_wconf 92' lang='lat' dir='ltr'>se</span> <span class='ocrx_word' id='word_1_924' title='bbox 2295 374 2362 404; x_wconf 89' lang='lat' dir='ltr'>scire</span> <span class='ocrx_word' id='word_1_925' title='bbox 2382 376 2462 406; x_wconf 87' lang='lat' dir='ltr'>illum</span> 
     </span>
     <span class='ocr_line' id='line_1_110' title="bbox 1351 410 2461 450; baseline 0.002 -9"><span class='ocrx_word' id='word_1_926' title='bbox 1351 413 1443 441; x_wconf 84' lang='lat' dir='ltr'>verbis</span> <span class='ocrx_word' id='word_1_927' title='bbox 1454 412 1599 449; x_wconf 84' lang='lat' dir='ltr'>conceptis</span> <span class='ocrx_word' id='word_1_928' title='bbox 1611 412 1750 447; x_wconf 71' lang='lat' dir='ltr'>peierasse.</span> <span class='ocrx_word' id='word_1_929' title='bbox 1782 412 1800 440; x_wconf 92' lang='lat' dir='ltr'>i.</span> <span class='ocrx_word' id='word_1_930' title='bbox 1814 422 1839 440; x_wconf 87' lang='lat' dir='ltr'>e.</span> <span class='ocrx_word' id='word_1_931' title='bbox 1864 410 2029 448; x_wconf 81' lang='lat' dir='ltr'>inexpiabili</span> <span class='ocrx_word' id='word_1_932' title='bbox 2043 412 2165 448; x_wconf 82' lang='lat' dir='ltr'>perjurio</span> <span class='ocrx_word' id='word_1_933' title='bbox 2184 410 2238 440; x_wconf 87' lang='lat' dir='ltr'>sese</span> <span class='ocrx_word' id='word_1_934' title='bbox 2249 414 2461 450; x_wconf 78' lang='lat' dir='ltr'>contaminasse,</span> 
     </span>
     <span class='ocr_line' id='line_1_111' title="bbox 1350 448 2423 487; baseline 0.002 -8"><span class='ocrx_word' id='word_1_935' title='bbox 1350 449 1442 487; x_wconf 88' lang='lat' dir='ltr'>inquit</span> <span class='ocrx_word' id='word_1_936' title='bbox 1452 449 1579 479; x_wconf 53' lang='lat' dir='ltr'>Budaeus.</span> <span class='ocrx_word' id='word_1_937' title='bbox 1601 449 1647 478; x_wconf 88' lang='lat' dir='ltr'>Sic</span> <span class='ocrx_word' id='word_1_938' title='bbox 1658 448 1746 478; x_wconf 90' lang='lat' dir='ltr'>Valer.</span> <span class='ocrx_word' id='word_1_939' title='bbox 1762 449 1837 479; x_wconf 84' lang='lat' dir='ltr'>Max.</span> <span class='ocrx_word' id='word_1_940' title='bbox 1851 448 1898 478; x_wconf 90' lang='lat' dir='ltr'>lib.</span> <span class='ocrx_word' id='word_1_941' title='bbox 1916 460 1942 483; x_wconf 82' lang='lat'>4.</span> <span class='ocrx_word' id='word_1_942' title='bbox 1954 458 2014 487; x_wconf 88' lang='lat' dir='ltr'>cap.</span> <span class='ocrx_word' id='word_1_943' title='bbox 2033 458 2056 477; x_wconf 82' lang='lat'>1.</span> <span class='ocrx_word' id='word_1_944' title='bbox 2077 448 2112 477; x_wconf 84' lang='lat' dir='ltr'>de</span> <span class='ocrx_word' id='word_1_945' title='bbox 2125 449 2253 477; x_wconf 79' lang='lat' dir='ltr'>Africano</span> <span class='ocrx_word' id='word_1_946' title='bbox 2262 450 2423 487; x_wconf 81' lang='lat' dir='ltr'>posteriore.</span> 
     </span>
    </p>

    <p class='ocr_par' dir='ltr' id='par_1_54' title="bbox 1332 485 2240 525">
     <span class='ocr_line' id='line_1_112' title="bbox 1332 485 2240 525; baseline -0.001 -8"><span class='ocrx_word' id='word_1_947' title='bbox 1332 487 1411 518; x_wconf 90' lang='lat' dir='ltr'>Vires</span> <span class='ocrx_word' id='word_1_948' title='bbox 1420 488 1579 525; x_wconf 87' lang='lat' dir='ltr'>concipere.</span> <span class='ocrx_word' id='word_1_949' title='bbox 1604 486 1672 515; x_wconf 92' lang='lat' dir='ltr'>Plin.</span> <span class='ocrx_word' id='word_1_950' title='bbox 1688 485 1737 516; x_wconf 80' lang='lat' dir='ltr'>lib.</span> <span class='ocrx_word' id='word_1_951' title='bbox 1755 497 1795 523; x_wconf 86' lang='lat'>17.</span> <span class='ocrx_word' id='word_1_952' title='bbox 1810 497 1869 524; x_wconf 77' lang='lat' dir='ltr'>cap.</span> <span class='ocrx_word' id='word_1_953' title='bbox 1883 496 1928 516; x_wconf 80' lang='lat'>22.</span> <span class='ocrx_word' id='word_1_954' title='bbox 1952 486 2022 523; x_wconf 84' lang='lat' dir='ltr'>Virg.</span> <span class='ocrx_word' id='word_1_955' title='bbox 2039 496 2062 516; x_wconf 89' lang='lat'>1.</span> <span class='ocrx_word' id='word_1_956' title='bbox 2082 486 2182 524; x_wconf 86' lang='lat' dir='ltr'>Georg.</span> <span class='ocrx_word' id='word_1_957' title='bbox 2195 492 2240 523; x_wconf 87' lang='lat'>87.</span> 
     </span>
    </p>

    <p class='ocr_par' dir='ltr' id='par_1_55' title="bbox 1334 524 2464 644">
     <span class='ocr_line' id='line_1_113' title="bbox 1425 524 2035 562; baseline 0.002 -9"><span class='ocrx_word' id='word_1_958' title='bbox 1425 525 1489 554; x_wconf 84' lang='lat' dir='ltr'>Sive</span> <span class='ocrx_word' id='word_1_959' title='bbox 1500 525 1566 553; x_wconf 91' lang='lat' dir='ltr'>inde</span> <span class='ocrx_word' id='word_1_960' title='bbox 1577 524 1701 553; x_wconf 80' lang='lat' dir='ltr'>occultas</span> <span class='ocrx_word' id='word_1_961' title='bbox 1716 525 1789 554; x_wconf 84' lang='lat' dir='ltr'>vires</span> <span class='ocrx_word' id='word_1_962' title='bbox 1801 527 1827 554; x_wconf 70' lang='grc' dir='ltr'>δι</span> <span class='ocrx_word' id='word_1_963' title='bbox 1842 524 1943 562; x_wconf 78' lang='lat' dir='ltr'>pabula</span> <span class='ocrx_word' id='word_1_964' title='bbox 1958 530 2035 554; x_wconf 84' lang='lat' dir='ltr'>terrae</span> 
     </span>
     <span class='ocr_line' id='line_1_114' title="bbox 1428 562 1980 599; baseline -0.002 -8"><span class='ocrx_word' id='word_1_965' title='bbox 1428 563 1544 599; x_wconf 85' lang='lat' dir='ltr'>Pinguia</span> <span class='ocrx_word' id='word_1_966' title='bbox 1551 563 1727 599; x_wconf 86' lang='lat' dir='ltr'>concipiunt.</span> <span class='ocrx_word' id='word_1_967' title='bbox 1849 562 1888 591; x_wconf 85' lang='lat' dir='ltr'>De</span> <span class='ocrx_word' id='word_1_968' title='bbox 1901 562 1980 599; x_wconf 84' lang='lat' dir='ltr'>agris.</span> 
     </span>
     <span class='ocr_line' id='line_1_115' title="bbox 1334 597 2464 644; baseline 0.002 -15"><span class='ocrx_word' id='word_1_969' title='bbox 1334 597 1442 629; x_wconf 87' lang='lat' dir='ltr'>Vitium</span> <span class='ocrx_word' id='word_1_970' title='bbox 1459 601 1617 637; x_wconf 89' lang='lat' dir='ltr'>concipere.</span> <span class='ocrx_word' id='word_1_971' title='bbox 1660 600 1718 629; x_wconf 88' lang='lat' dir='ltr'>Cic.</span> <span class='ocrx_word' id='word_1_972' title='bbox 1730 609 1754 634; x_wconf 77' lang='lat'>3.</span> <span class='ocrx_word' id='word_1_973' title='bbox 1772 600 1808 629; x_wconf 86' lang='lat' dir='ltr'>de</span> <span class='ocrx_word' id='word_1_974' title='bbox 1820 599 1914 637; x_wconf 70' lang='lat' dir='ltr'>Legib.</span> <span class='ocrx_word' id='word_1_975' title='bbox 1929 607 1971 635; x_wconf 71' lang='lat'>32.</span> <span class='ocrx_word' id='word_1_976' title='bbox 2005 599 2273 644; x_wconf 39' lang='lat' dir='ltr'>Qut-[perniciosius</span> <span class='ocrx_word' id='word_1_977' title='bbox 2292 600 2327 630; x_wconf 90' lang='lat' dir='ltr'>de</span> <span class='ocrx_word' id='word_1_978' title='bbox 2353 601 2464 640; x_wconf 86' lang='lat' dir='ltr'>Repub.</span> 
     </span>
    </p>
   </div>
   <div class='ocr_carea' id='block_1_13' title="bbox 1353 637 2467 704">
    <p class='ocr_par' dir='ltr' id='par_1_56' title="bbox 1353 637 2467 704">
     <span class='ocr_line' id='line_1_116' title="bbox 1353 637 2467 676; baseline 0.002 -9"><span class='ocrx_word' id='word_1_979' title='bbox 1353 644 1496 667; x_wconf 85' lang='lat' dir='ltr'>merentur</span> <span class='ocrx_word' id='word_1_980' title='bbox 1504 637 1591 666; x_wconf 81' lang='lat' dir='ltr'>vitiosi</span> <span class='ocrx_word' id='word_1_981' title='bbox 1605 637 1764 675; x_wconf 83' lang='lat' dir='ltr'>principes,</span> <span class='ocrx_word' id='word_1_982' title='bbox 1787 638 1862 674; x_wconf 88' lang='lat' dir='ltr'>quod</span> <span class='ocrx_word' id='word_1_983' title='bbox 1874 647 1932 666; x_wconf 93' lang='lat' dir='ltr'>non</span> <span class='ocrx_word' id='word_1_984' title='bbox 1941 637 2029 667; x_wconf 89' lang='lat' dir='ltr'>solum</span> <span class='ocrx_word' id='word_1_985' title='bbox 2040 644 2104 667; x_wconf 87' lang='lat' dir='ltr'>vitia</span> <span class='ocrx_word' id='word_1_986' title='bbox 2112 639 2293 676; x_wconf 88' lang='lat' dir='ltr'>concipiunt,</span> <span class='ocrx_word' id='word_1_987' title='bbox 2316 639 2362 669; x_wconf 89' lang='lat' dir='ltr'>sed</span> <span class='ocrx_word' id='word_1_988' title='bbox 2379 649 2411 669; x_wconf 89' lang='lat' dir='ltr'>ea</span> <span class='ocrx_word' id='word_1_989' title='bbox 2422 641 2467 669; x_wconf 87' lang='lat' dir='ltr'>in-</span> 
     </span>
     <span class='ocr_line' id='line_1_117' title="bbox 1357 674 1683 704; baseline 0 0"><span class='ocrx_word' id='word_1_990' title='bbox 1357 675 1481 704; x_wconf 77' lang='lat' dir='ltr'>fundunt</span> <span class='ocrx_word' id='word_1_991' title='bbox 1490 677 1518 704; x_wconf 92' lang='lat' dir='ltr'>in</span> <span class='ocrx_word' id='word_1_992' title='bbox 1531 674 1683 704; x_wconf 74' lang='lat' dir='ltr'>civitatem.</span> 
     </span>
    </p>
   </div>
   <div class='ocr_carea' id='block_1_14' title="bbox 1336 711 2409 753">
    <p class='ocr_par' dir='ltr' id='par_1_57' title="bbox 1336 711 2409 753">
     <span class='ocr_line' id='line_1_118' title="bbox 1336 711 2409 753; baseline 0.005 -12"><span class='ocrx_word' id='word_1_993' title='bbox 1336 712 1552 749; x_wconf 82' lang='lat' dir='ltr'>Vocesalicujus</span> <span class='ocrx_word' id='word_1_994' title='bbox 1563 718 1658 741; x_wconf 84' lang='lat' dir='ltr'>niente</span> <span class='ocrx_word' id='word_1_995' title='bbox 1672 713 1830 750; x_wconf 81' lang='lat' dir='ltr'>concipere.</span> <span class='ocrx_word' id='word_1_996' title='bbox 1868 711 1953 742; x_wconf 81' lang='lat' dir='ltr'>Ovid.</span> <span class='ocrx_word' id='word_1_997' title='bbox 1971 722 1993 741; x_wconf 87' lang='lat'>1.</span> <span class='ocrx_word' id='word_1_998' title='bbox 2011 712 2081 742; x_wconf 79' lang='lat' dir='ltr'>Fast.</span> <span class='ocrx_word' id='word_1_999' title='bbox 2100 722 2160 742; x_wconf 86' lang='lat'>102.</span> <span class='ocrx_word' id='word_1_1000' title='bbox 2196 713 2230 742; x_wconf 93' lang='lat' dir='ltr'>al.</span> <span class='ocrx_word' id='word_1_1001' title='bbox 2255 714 2409 753; x_wconf 82' lang='lat' dir='ltr'>Perciperc.</span> 
     </span>
    </p>
   </div>
   <div class='ocr_carea' id='block_1_15' title="bbox 1302 750 2494 2538">
    <p class='ocr_par' dir='ltr' id='par_1_58' title="bbox 1337 750 2380 789">
     <span class='ocr_line' id='line_1_119' title="bbox 1337 750 2380 789; baseline 0.004 -9"><span class='ocrx_word' id='word_1_1002' title='bbox 1337 750 1517 789; x_wconf 85' lang='lat' dir='ltr'>Voluptatem</span> <span class='ocrx_word' id='word_1_1003' title='bbox 1533 751 1682 787; x_wconf 86' lang='lat' dir='ltr'>concipere</span> <span class='ocrx_word' id='word_1_1004' title='bbox 1693 752 1718 780; x_wconf 69' lang='lat' dir='ltr'>&lt;St</span> <span class='ocrx_word' id='word_1_1005' title='bbox 1732 750 1975 788; x_wconf 82' lang='lat' dir='ltr'>comprehendere</span> <span class='ocrx_word' id='word_1_1006' title='bbox 1987 752 2092 781; x_wconf 81' lang='lat' dir='ltr'>animo.</span> <span class='ocrx_word' id='word_1_1007' title='bbox 2120 751 2179 781; x_wconf 83' lang='lat' dir='ltr'>Cic.</span> <span class='ocrx_word' id='word_1_1008' title='bbox 2192 761 2218 781; x_wconf 88' lang='lat'>2.</span> <span class='ocrx_word' id='word_1_1009' title='bbox 2230 752 2267 782; x_wconf 88' lang='lat' dir='ltr'>de</span> <span class='ocrx_word' id='word_1_1010' title='bbox 2279 753 2340 784; x_wconf 80' lang='lat' dir='ltr'>Fin.</span> <span class='ocrx_word' id='word_1_1011' title='bbox 2353 758 2380 784; x_wconf 87' lang='lat'>6.</span> 
     </span>
    </p>

    <p class='ocr_par' dir='ltr' id='par_1_59' title="bbox 1338 787 1722 825">
     <span class='ocr_line' id='line_1_120' title="bbox 1338 787 1722 825; baseline -0.003 -8"><span class='ocrx_word' id='word_1_1012' title='bbox 1338 789 1418 818; x_wconf 81' lang='lat' dir='ltr'>Vota.</span> <span class='ocrx_word' id='word_1_1013' title='bbox 1441 789 1563 825; x_wconf 83' lang='lat' dir='ltr'>Ovid.7.</span> <span class='ocrx_word' id='word_1_1014' title='bbox 1576 787 1645 817; x_wconf 81' lang='lat' dir='ltr'>Met.</span> <span class='ocrx_word' id='word_1_1015' title='bbox 1661 794 1722 822; x_wconf 71' lang='lat'>584.</span> 
     </span>
    </p>

    <p class='ocr_par' dir='ltr' id='par_1_60' title="bbox 1337 824 2003 864">
     <span class='ocr_line' id='line_1_121' title="bbox 1337 824 2003 864; baseline -0.003 -8"><span class='ocrx_word' id='word_1_1016' title='bbox 1337 827 1524 864; x_wconf 84' lang='lat' dir='ltr'>Concipitur,</span> <span class='ocrx_word' id='word_1_1017' title='bbox 1546 824 1648 864; x_wconf 77' lang='lat' dir='ltr'>passive</span> <span class='ocrx_word' id='word_1_1018' title='bbox 1660 826 1731 854; x_wconf 83' lang='lat' dir='ltr'>(lixit</span> <span class='ocrx_word' id='word_1_1019' title='bbox 1751 825 1859 854; x_wconf 87' lang='lat' dir='ltr'>Lucret.</span> <span class='ocrx_word' id='word_1_1020' title='bbox 1872 824 1920 854; x_wconf 92' lang='lat' dir='ltr'>lib.</span> <span class='ocrx_word' id='word_1_1021' title='bbox 1936 835 1960 855; x_wconf 85' lang='lat' dir='ltr'>r.</span> <span class='ocrx_word' id='word_1_1022' title='bbox 1979 836 2003 860; x_wconf 84' lang='grc' dir='ltr'>ς.</span> 
     </span>
    </p>

    <p class='ocr_par' dir='ltr' id='par_1_61' title="bbox 1382 864 2472 969">
     <span class='ocr_line' id='line_1_122' title="bbox 1531 864 2194 901; baseline 0.003 -9"><span class='ocrx_word' id='word_1_1023' title='bbox 1531 880 1569 885; x_wconf 89' lang='lat'>-—</span> <span class='ocrx_word' id='word_1_1024' title='bbox 1580 872 1629 900; x_wconf 88' lang='lat' dir='ltr'>per</span> <span class='ocrx_word' id='word_1_1025' title='bbox 1640 870 1667 892; x_wconf 92' lang='lat' dir='ltr'>te</span> <span class='ocrx_word' id='word_1_1026' title='bbox 1680 864 1814 901; x_wconf 81' lang='lat' dir='ltr'>quoniam</span> <span class='ocrx_word' id='word_1_1027' title='bbox 1825 872 1912 900; x_wconf 85' lang='lat' dir='ltr'>genus</span> <span class='ocrx_word' id='word_1_1028' title='bbox 1924 873 2010 894; x_wconf 86' lang='lat' dir='ltr'>omne</span> <span class='ocrx_word' id='word_1_1029' title='bbox 2020 864 2194 894; x_wconf 85' lang='lat' dir='ltr'>animantum</span> 
     </span>
     <span class='ocr_line' id='line_1_123' title="bbox 1382 901 2472 946; baseline 0.001 -15"><span class='ocrx_word' id='word_1_1030' title='bbox 1382 940 1388 946; x_wconf 45' lang='grc'><em>.</em></span> <span class='ocrx_word' id='word_1_1031' title='bbox 1420 902 1588 940; x_wconf 84' lang='lat' dir='ltr'>Concipitur</span> <span class='ocrx_word' id='word_1_1032' title='bbox 1599 922 1607 936; x_wconf 94' lang='lat'>,</span> <span class='ocrx_word' id='word_1_1033' title='bbox 1632 902 1684 931; x_wconf 76' lang='grc' dir='ltr'>διε.</span> <span class='ocrx_word' id='word_1_1034' title='bbox 1799 901 1833 930; x_wconf 82' lang='lat' dir='ltr'>Et</span> <span class='ocrx_word' id='word_1_1035' title='bbox 1844 901 1921 930; x_wconf 88' lang='lat' dir='ltr'>Curt.</span> <span class='ocrx_word' id='word_1_1036' title='bbox 1935 910 1960 938; x_wconf 90' lang='lat'>3.</span> <span class='ocrx_word' id='word_1_1037' title='bbox 1975 905 2001 931; x_wconf 92' lang='lat'>6.</span> <span class='ocrx_word' id='word_1_1038' title='bbox 2036 902 2278 934; x_wconf 77' lang='lat' dir='ltr'>Medicamentum</span> <span class='ocrx_word' id='word_1_1039' title='bbox 2286 904 2364 934; x_wconf 88' lang='lat' dir='ltr'>venis</span> <span class='ocrx_word' id='word_1_1040' title='bbox 2372 906 2472 935; x_wconf 84' lang='lat' dir='ltr'>conci.</span> 
     </span>
     <span class='ocr_line' id='line_1_124' title="bbox 1382 945 1444 969; baseline 0 0"><span class='ocrx_word' id='word_1_1041' title='bbox 1382 945 1444 969; x_wconf 88' lang='lat' dir='ltr'>itur.</span> 
     </span>
    </p>

    <p class='ocr_par' dir='ltr' id='par_1_62' title="bbox 1339 950 2471 1054">
     <span class='ocr_line' id='line_1_125' title="bbox 1339 950 2471 1014; baseline 0.004 -7"><span class='ocrx_word' id='word_1_1042' title='bbox 1339 950 1402 1008; x_wconf 61' lang='grc' dir='ltr'>Ρξῐς</span> <span class='ocrx_word' id='word_1_1043' title='bbox 1412 978 1512 1007; x_wconf 68' lang='lat' dir='ltr'>animat</span> <span class='ocrx_word' id='word_1_1044' title='bbox 1522 976 1683 1014; x_wconf 82' lang='lat' dir='ltr'>concipitur</span> <span class='ocrx_word' id='word_1_1045' title='bbox 1701 975 1793 1005; x_wconf 81' lang='lat' dir='ltr'>cordis</span> <span class='ocrx_word' id='word_1_1046' title='bbox 1811 982 1889 1013; x_wconf 87' lang='lat' dir='ltr'>parte</span> <span class='ocrx_word' id='word_1_1047' title='bbox 1904 976 2023 1012; x_wconf 82' lang='lat' dir='ltr'>quadam</span> <span class='ocrx_word' id='word_1_1048' title='bbox 2035 998 2043 1012; x_wconf 85' lang='lat'>,</span> <span class='ocrx_word' id='word_1_1049' title='bbox 2065 987 2150 1014; x_wconf 89' lang='lat' dir='ltr'>quam</span> <span class='ocrx_word' id='word_1_1050' title='bbox 2171 979 2357 1010; x_wconf 86' lang='lat' dir='ltr'>ventriculum</span> <span class='ocrx_word' id='word_1_1051' title='bbox 2377 982 2471 1011; x_wconf 83' lang='lat' dir='ltr'>cordis</span> 
     </span>
     <span class='ocr_line' id='line_1_126' title="bbox 1360 1013 2227 1054; baseline 0.001 -9"><span class='ocrx_word' id='word_1_1052' title='bbox 1360 1015 1513 1054; x_wconf 81' lang='lat' dir='ltr'>appellant.</span> <span class='ocrx_word' id='word_1_1053' title='bbox 1542 1015 1603 1045; x_wconf 87' lang='lat' dir='ltr'>Cic.</span> <span class='ocrx_word' id='word_1_1054' title='bbox 1617 1025 1640 1043; x_wconf 84' lang='lat'>2.</span> <span class='ocrx_word' id='word_1_1055' title='bbox 1653 1014 1761 1044; x_wconf 88' lang='lat' dir='ltr'>deNat.</span> <span class='ocrx_word' id='word_1_1056' title='bbox 1779 1013 1860 1043; x_wconf 88' lang='lat' dir='ltr'>Deor.</span> <span class='ocrx_word' id='word_1_1057' title='bbox 1877 1019 1937 1049; x_wconf 80' lang='lat'>¹38·</span> <span class='ocrx_word' id='word_1_1058' title='bbox 1970 1015 1989 1043; x_wconf 83' lang='lat' dir='ltr'>i.</span> <span class='ocrx_word' id='word_1_1059' title='bbox 2003 1023 2027 1043; x_wconf 91' lang='lat' dir='ltr'>e.</span> <span class='ocrx_word' id='word_1_1060' title='bbox 2050 1015 2227 1046; x_wconf 88' lang='lat' dir='ltr'>Continetur.</span> 
     </span>
    </p>

    <p class='ocr_par' dir='ltr' id='par_1_63' title="bbox 1302 1051 2468 1123">
     <span class='ocr_line' id='line_1_127' title="bbox 1302 1051 2468 1093; baseline 0.002 -9"><span class='ocrx_word' id='word_1_1061' title='bbox 1302 1055 1329 1087; x_wconf 79' lang='lat' dir='ltr'>‘C</span> <span class='ocrx_word' id='word_1_1062' title='bbox 1337 1065 1353 1084; x_wconf 96' lang='lat' dir='ltr'>o</span> <span class='ocrx_word' id='word_1_1063' title='bbox 1363 1064 1381 1083; x_wconf 99' lang='grc' dir='ltr'><strong>Ν</strong></span> <span class='ocrx_word' id='word_1_1064' title='bbox 1390 1063 1407 1082; x_wconf 86' lang='lat' dir='ltr'>c</span> <span class='ocrx_word' id='word_1_1065' title='bbox 1416 1065 1424 1082; x_wconf 93' lang='lat' dir='ltr'>i</span> <span class='ocrx_word' id='word_1_1066' title='bbox 1432 1063 1447 1082; x_wconf 76' lang='lat' dir='ltr'>P</span> <span class='ocrx_word' id='word_1_1067' title='bbox 1458 1065 1467 1082; x_wconf 87' lang='lat'>1</span> <span class='ocrx_word' id='word_1_1068' title='bbox 1476 1063 1492 1083; x_wconf 73' lang='lat' dir='ltr'>ti</span> <span class='ocrx_word' id='word_1_1069' title='bbox 1500 1064 1520 1083; x_wconf 83' lang='lat' dir='ltr'>N</span> <span class='ocrx_word' id='word_1_1070' title='bbox 1529 1063 1550 1090; x_wconf 86' lang='lat' dir='ltr'>s,</span> <span class='ocrx_word' id='word_1_1071' title='bbox 1572 1051 1793 1089; x_wconf 53' lang='lat' dir='ltr'>[caumatum]</span> <span class='ocrx_word' id='word_1_1072' title='bbox 1815 1052 1912 1081; x_wconf 79' lang='lat' dir='ltr'>Partic.</span> <span class='ocrx_word' id='word_1_1073' title='bbox 1935 1058 1983 1087; x_wconf 89' lang='lat' dir='ltr'>ut,</span> <span class='ocrx_word' id='word_1_1074' title='bbox 2003 1051 2175 1091; x_wconf 88' lang='lat' dir='ltr'>Concipiens</span> <span class='ocrx_word' id='word_1_1075' title='bbox 2187 1056 2213 1084; x_wconf 68' lang='lat' dir='ltr'>cr</span> <span class='ocrx_word' id='word_1_1076' title='bbox 2223 1055 2468 1093; x_wconf 73' lang='lat' dir='ltr'>comprehendens</span> 
     </span>
     <span class='ocr_line' id='line_1_128' title="bbox 1343 1090 1851 1123; baseline -0.008 -1"><span class='ocrx_word' id='word_1_1077' title='bbox 1343 1098 1452 1122; x_wconf 86' lang='lat' dir='ltr'>natura.</span> <span class='ocrx_word' id='word_1_1078' title='bbox 1474 1092 1534 1122; x_wconf 90' lang='lat' dir='ltr'>Cic.</span> <span class='ocrx_word' id='word_1_1079' title='bbox 1549 1101 1574 1121; x_wconf 87' lang='lat'>2.</span> <span class='ocrx_word' id='word_1_1080' title='bbox 1589 1091 1624 1120; x_wconf 91' lang='lat' dir='ltr'>de</span> <span class='ocrx_word' id='word_1_1081' title='bbox 1635 1090 1699 1119; x_wconf 89' lang='lat' dir='ltr'>Nat.</span> <span class='ocrx_word' id='word_1_1082' title='bbox 1712 1090 1794 1120; x_wconf 87' lang='lat' dir='ltr'>Deor.</span> <span class='ocrx_word' id='word_1_1083' title='bbox 1807 1095 1851 1123; x_wconf 82' lang='lat'>8¹.</span> 
     </span>
    </p>

    <p class='ocr_par' dir='ltr' id='par_1_64' title="bbox 1345 1125 2195 1168">
     <span class='ocr_line' id='line_1_129' title="bbox 1345 1125 2195 1168; baseline -0.001 -9"><span class='ocrx_word' id='word_1_1084' title='bbox 1345 1131 1462 1168; x_wconf 89' lang='lat' dir='ltr'>Spiritus</span> <span class='ocrx_word' id='word_1_1085' title='bbox 1478 1129 1558 1168; x_wconf 88' lang='lat' dir='ltr'>plura</span> <span class='ocrx_word' id='word_1_1086' title='bbox 1569 1129 1639 1165; x_wconf 71' lang='lat' dir='ltr'>iusto</span> <span class='ocrx_word' id='word_1_1087' title='bbox 1651 1128 1824 1166; x_wconf 89' lang='lat' dir='ltr'>concipiens.</span> <span class='ocrx_word' id='word_1_1088' title='bbox 1847 1125 1969 1164; x_wconf 83' lang='lat' dir='ltr'>Quintil.</span> <span class='ocrx_word' id='word_1_1089' title='bbox 1986 1125 2034 1156; x_wconf 90' lang='lat' dir='ltr'>lib.</span> <span class='ocrx_word' id='word_1_1090' title='bbox 2048 1136 2074 1156; x_wconf 86' lang='lat'>2.</span> <span class='ocrx_word' id='word_1_1091' title='bbox 2093 1137 2153 1166; x_wconf 84' lang='lat' dir='ltr'>cap.</span> <span class='ocrx_word' id='word_1_1092' title='bbox 2169 1140 2195 1164; x_wconf 83' lang='lat'>4.</span> 
     </span>
    </p>

    <p class='ocr_par' dir='ltr' id='par_1_65' title="bbox 1306 1165 2470 1243">
     <span class='ocr_line' id='line_1_130' title="bbox 1306 1165 2470 1209; baseline 0.001 -11"><span class='ocrx_word' id='word_1_1093' title='bbox 1306 1168 1330 1199; x_wconf 89' lang='lat' dir='ltr'>C</span> <span class='ocrx_word' id='word_1_1094' title='bbox 1340 1178 1356 1198; x_wconf 92' lang='lat' dir='ltr'>o</span> <span class='ocrx_word' id='word_1_1095' title='bbox 1368 1178 1387 1197; x_wconf 92' lang='grc' dir='ltr'><strong>Ν</strong></span> <span class='ocrx_word' id='word_1_1096' title='bbox 1397 1177 1414 1196; x_wconf 86' lang='lat' dir='ltr'>c</span> <span class='ocrx_word' id='word_1_1097' title='bbox 1424 1177 1438 1196; x_wconf 74' lang='lat' dir='ltr'>a</span> <span class='ocrx_word' id='word_1_1098' title='bbox 1447 1177 1461 1196; x_wconf 72' lang='lat' dir='ltr'>r»</span> <span class='ocrx_word' id='word_1_1099' title='bbox 1469 1178 1488 1196; x_wconf 76' lang='lat' dir='ltr'>T</span> <span class='ocrx_word' id='word_1_1100' title='bbox 1500 1178 1516 1197; x_wconf 86' lang='lat' dir='ltr'>u</span> <span class='ocrx_word' id='word_1_1101' title='bbox 1526 1177 1538 1197; x_wconf 92' lang='lat' dir='ltr'>s</span> <span class='ocrx_word' id='word_1_1102' title='bbox 1548 1189 1556 1202; x_wconf 88' lang='lat'>,</span> <span class='ocrx_word' id='word_1_1103' title='bbox 1577 1177 1592 1196; x_wconf 90' lang='lat' dir='ltr'>a</span> <span class='ocrx_word' id='word_1_1104' title='bbox 1603 1188 1611 1201; x_wconf 75' lang='lat'>.</span> <span class='ocrx_word' id='word_1_1105' title='bbox 1631 1175 1688 1195; x_wconf 86' lang='lat' dir='ltr'>um.</span> <span class='ocrx_word' id='word_1_1106' title='bbox 1716 1167 1733 1202; x_wconf 90' lang='lat'>[</span> <span class='ocrx_word' id='word_1_1107' title='bbox 1742 1167 1936 1201; x_wconf 59' lang='grc' dir='ltr'>συιειληριμένῶι</span> <span class='ocrx_word' id='word_1_1108' title='bbox 1946 1184 1954 1200; x_wconf 86' lang='grc'><em>,</em></span> <span class='ocrx_word' id='word_1_1109' title='bbox 1977 1165 2095 1202; x_wconf 57' lang='grc' dir='ltr'>κνῆ-θεὶς]</span> <span class='ocrx_word' id='word_1_1110' title='bbox 2128 1167 2224 1197; x_wconf 82' lang='lat' dir='ltr'>Partic.</span> <span class='ocrx_word' id='word_1_1111' title='bbox 2252 1172 2303 1204; x_wconf 91' lang='lat' dir='ltr'>ut,</span> <span class='ocrx_word' id='word_1_1112' title='bbox 2323 1167 2470 1209; x_wconf 85' lang='lat' dir='ltr'>Concepta</span> 
     </span>
     <span class='ocr_line' id='line_1_131' title="bbox 1346 1203 2109 1243; baseline -0.005 -8"><span class='ocrx_word' id='word_1_1113' title='bbox 1346 1206 1410 1236; x_wconf 87' lang='lat' dir='ltr'>aestii</span> <span class='ocrx_word' id='word_1_1114' title='bbox 1423 1205 1513 1243; x_wconf 84' lang='lat' dir='ltr'>pestis.</span> <span class='ocrx_word' id='word_1_1115' title='bbox 1536 1203 1673 1234; x_wconf 89' lang='lat' dir='ltr'>Columel.</span> <span class='ocrx_word' id='word_1_1116' title='bbox 1684 1203 1733 1233; x_wconf 91' lang='lat' dir='ltr'>lib.</span> <span class='ocrx_word' id='word_1_1117' title='bbox 1747 1213 1772 1241; x_wconf 87' lang='lat'>7.</span> <span class='ocrx_word' id='word_1_1118' title='bbox 1790 1213 1852 1241; x_wconf 90' lang='lat' dir='ltr'>cap.</span> <span class='ocrx_word' id='word_1_1119' title='bbox 1867 1213 1891 1239; x_wconf 84' lang='grc' dir='ltr'>ς.</span> <span class='ocrx_word' id='word_1_1120' title='bbox 2104 1215 2109 1220; x_wconf 89' lang='grc'><strong>-</strong></span> 
     </span>
    </p>

    <p class='ocr_par' dir='ltr' id='par_1_66' title="bbox 1345 1239 2261 1281">
     <span class='ocr_line' id='line_1_132' title="bbox 1345 1239 2261 1281; baseline -0.002 -8"><span class='ocrx_word' id='word_1_1121' title='bbox 1345 1244 1524 1281; x_wconf 87' lang='lat' dir='ltr'>Conceptum</span> <span class='ocrx_word' id='word_1_1122' title='bbox 1536 1243 1641 1280; x_wconf 90' lang='lat' dir='ltr'>aliquid</span> <span class='ocrx_word' id='word_1_1123' title='bbox 1652 1252 1684 1271; x_wconf 89' lang='lat' dir='ltr'>ac</span> <span class='ocrx_word' id='word_1_1124' title='bbox 1701 1241 1876 1271; x_wconf 86' lang='lat' dir='ltr'>meditatum.</span> <span class='ocrx_word' id='word_1_1125' title='bbox 1899 1240 1957 1270; x_wconf 89' lang='lat' dir='ltr'>Cic.</span> <span class='ocrx_word' id='word_1_1126' title='bbox 1970 1240 2006 1270; x_wconf 84' lang='lat' dir='ltr'>de</span> <span class='ocrx_word' id='word_1_1127' title='bbox 2014 1239 2108 1279; x_wconf 86' lang='lat' dir='ltr'>Arusp.</span> <span class='ocrx_word' id='word_1_1128' title='bbox 2122 1240 2201 1279; x_wconf 89' lang='lat' dir='ltr'>Resp.</span> <span class='ocrx_word' id='word_1_1129' title='bbox 2216 1253 2261 1279; x_wconf 78' lang='lat'>55.</span> 
     </span>
    </p>

    <p class='ocr_par' dir='ltr' id='par_1_67' title="bbox 1344 1279 1951 1319">
     <span class='ocr_line' id='line_1_133' title="bbox 1344 1279 1951 1319; baseline -0.007 -7"><span class='ocrx_word' id='word_1_1130' title='bbox 1344 1282 1493 1319; x_wconf 79' lang='lat' dir='ltr'>concepta</span> <span class='ocrx_word' id='word_1_1131' title='bbox 1504 1292 1519 1311; x_wconf 93' lang='lat' dir='ltr'>e</span> <span class='ocrx_word' id='word_1_1132' title='bbox 1532 1280 1625 1310; x_wconf 89' lang='lat' dir='ltr'>leone.</span> <span class='ocrx_word' id='word_1_1133' title='bbox 1649 1279 1717 1309; x_wconf 89' lang='lat' dir='ltr'>Plin.</span> <span class='ocrx_word' id='word_1_1134' title='bbox 1730 1279 1777 1309; x_wconf 90' lang='lat' dir='ltr'>lib.</span> <span class='ocrx_word' id='word_1_1135' title='bbox 1790 1285 1816 1313; x_wconf 85' lang='lat'>8.</span> <span class='ocrx_word' id='word_1_1136' title='bbox 1829 1289 1891 1316; x_wconf 84' lang='lat' dir='ltr'>cap.</span> <span class='ocrx_word' id='word_1_1137' title='bbox 1908 1283 1951 1308; x_wconf 90' lang='lat'>16.</span> 
     </span>
    </p>

    <p class='ocr_par' dir='ltr' id='par_1_68' title="bbox 1346 1315 2154 1357">
     <span class='ocr_line' id='line_1_134' title="bbox 1346 1315 2154 1357; baseline -0.004 -8"><span class='ocrx_word' id='word_1_1138' title='bbox 1346 1319 1389 1349; x_wconf 86' lang='lat' dir='ltr'>Ex</span> <span class='ocrx_word' id='word_1_1139' title='bbox 1401 1320 1514 1357; x_wconf 83' lang='lat' dir='ltr'>virginis</span> <span class='ocrx_word' id='word_1_1140' title='bbox 1529 1319 1631 1348; x_wconf 87' lang='lat' dir='ltr'>furtivo</span> <span class='ocrx_word' id='word_1_1141' title='bbox 1644 1318 1738 1355; x_wconf 90' lang='lat' dir='ltr'>stupro</span> <span class='ocrx_word' id='word_1_1142' title='bbox 1750 1324 1913 1355; x_wconf 86' lang='lat' dir='ltr'>conceptus.</span> <span class='ocrx_word' id='word_1_1143' title='bbox 1934 1317 1998 1346; x_wconf 90' lang='lat' dir='ltr'>Sen.</span> <span class='ocrx_word' id='word_1_1144' title='bbox 2012 1315 2117 1346; x_wconf 87' lang='lat' dir='ltr'>Troad.</span> <span class='ocrx_word' id='word_1_1145' title='bbox 2128 1327 2154 1352; x_wconf 80' lang='grc'>4.</span> 
     </span>
    </p>

    <p class='ocr_par' dir='ltr' id='par_1_69' title="bbox 1346 1354 2475 1429">
     <span class='ocr_line' id='line_1_135' title="bbox 1346 1354 2475 1395; baseline 0.002 -7"><span class='ocrx_word' id='word_1_1146' title='bbox 1346 1358 1432 1388; x_wconf 86' lang='lat' dir='ltr'>Furto</span> <span class='ocrx_word' id='word_1_1147' title='bbox 1443 1364 1598 1395; x_wconf 85' lang='lat' dir='ltr'>conceptus</span> <span class='ocrx_word' id='word_1_1148' title='bbox 1609 1357 1713 1385; x_wconf 86' lang='lat' dir='ltr'>dicitur</span> <span class='ocrx_word' id='word_1_1149' title='bbox 1723 1376 1733 1392; x_wconf 92' lang='lat'>,</span> <span class='ocrx_word' id='word_1_1150' title='bbox 1754 1355 1813 1392; x_wconf 85' lang='lat' dir='ltr'>Qui</span> <span class='ocrx_word' id='word_1_1151' title='bbox 1824 1365 1881 1384; x_wconf 83' lang='lat' dir='ltr'>non</span> <span class='ocrx_word' id='word_1_1152' title='bbox 1893 1355 2021 1393; x_wconf 77' lang='lat' dir='ltr'>legitimo</span> <span class='ocrx_word' id='word_1_1153' title='bbox 2032 1354 2211 1385; x_wconf 86' lang='lat' dir='ltr'>matrimonio</span> <span class='ocrx_word' id='word_1_1154' title='bbox 2221 1362 2303 1387; x_wconf 89' lang='lat' dir='ltr'>natus</span> <span class='ocrx_word' id='word_1_1155' title='bbox 2318 1357 2366 1388; x_wconf 87' lang='lat' dir='ltr'>est.</span> <span class='ocrx_word' id='word_1_1156' title='bbox 2387 1358 2475 1390; x_wconf 80' lang='lat' dir='ltr'>Ovid.</span> 
     </span>
     <span class='ocr_line' id='line_1_136' title="bbox 1365 1395 1550 1429; baseline -0.011 -3"><span class='ocrx_word' id='word_1_1157' title='bbox 1365 1404 1393 1426; x_wconf 63' lang='grc' dir='ltr'>Ω.</span> <span class='ocrx_word' id='word_1_1158' title='bbox 1407 1395 1474 1425; x_wconf 82' lang='lat' dir='ltr'>Fast.</span> <span class='ocrx_word' id='word_1_1159' title='bbox 1491 1401 1522 1429; x_wconf 83' lang='lat'>¹8</span> <span class='ocrx_word' id='word_1_1160' title='bbox 1545 1418 1550 1424; x_wconf 95' lang='lat'>.</span> 
     </span>
    </p>

    <p class='ocr_par' dir='ltr' id='par_1_70' title="bbox 1440 1405 2109 1470">
     <span class='ocr_line' id='line_1_137' title="bbox 1440 1405 2109 1470; baseline -0.003 -8"><span class='ocrx_word' id='word_1_1161' title='bbox 1440 1434 1500 1469; x_wconf 88' lang='lat' dir='ltr'>Jam</span> <span class='ocrx_word' id='word_1_1162' title='bbox 1510 1405 1561 1463; x_wconf 49' lang='lat' dir='ltr'>tr‘ia</span> <span class='ocrx_word' id='word_1_1163' title='bbox 1575 1431 1656 1462; x_wconf 84' lang='lat' dir='ltr'>lustra</span> <span class='ocrx_word' id='word_1_1164' title='bbox 1665 1441 1734 1470; x_wconf 85' lang='lat' dir='ltr'>puer</span> <span class='ocrx_word' id='word_1_1165' title='bbox 1744 1431 1817 1461; x_wconf 82' lang='lat' dir='ltr'>furto</span> <span class='ocrx_word' id='word_1_1166' title='bbox 1829 1436 1985 1469; x_wconf 80' lang='lat' dir='ltr'>conceptus</span> <span class='ocrx_word' id='word_1_1167' title='bbox 2001 1430 2109 1468; x_wconf 81' lang='lat' dir='ltr'>agebat.</span> 
     </span>
    </p>

    <p class='ocr_par' dir='ltr' id='par_1_71' title="bbox 1346 1469 2480 1508">
     <span class='ocr_line' id='line_1_138' title="bbox 1346 1469 2480 1508; baseline 0 -6"><span class='ocrx_word' id='word_1_1168' title='bbox 1346 1471 1462 1502; x_wconf 87' lang='lat' dir='ltr'>Crimen</span> <span class='ocrx_word' id='word_1_1169' title='bbox 1474 1477 1656 1508; x_wconf 88' lang='lat' dir='ltr'>conceptum.</span> <span class='ocrx_word' id='word_1_1170' title='bbox 1693 1470 1711 1499; x_wconf 91' lang='lat' dir='ltr'>i.</span> <span class='ocrx_word' id='word_1_1171' title='bbox 1723 1480 1748 1499; x_wconf 90' lang='lat' dir='ltr'>e.</span> <span class='ocrx_word' id='word_1_1172' title='bbox 1771 1470 1931 1507; x_wconf 87' lang='lat' dir='ltr'>Conceptus</span> <span class='ocrx_word' id='word_1_1173' title='bbox 1944 1469 2028 1498; x_wconf 61' lang='lat' dir='ltr'>foetus</span> <span class='ocrx_word' id='word_1_1174' title='bbox 2041 1479 2075 1498; x_wconf 87' lang='lat' dir='ltr'>ex</span> <span class='ocrx_word' id='word_1_1175' title='bbox 2086 1469 2177 1507; x_wconf 89' lang='lat' dir='ltr'>impio</span> <span class='ocrx_word' id='word_1_1176' title='bbox 2195 1470 2319 1508; x_wconf 83' lang='lat' dir='ltr'>quodam</span> <span class='ocrx_word' id='word_1_1177' title='bbox 2336 1472 2363 1501; x_wconf 71' lang='lat' dir='ltr'>Sc</span> <span class='ocrx_word' id='word_1_1178' title='bbox 2374 1473 2480 1502; x_wconf 89' lang='lat' dir='ltr'>nefario</span> 
     </span>
    </p>

    <p class='ocr_par' dir='ltr' id='par_1_72' title="bbox 1368 1508 2186 1583">
     <span class='ocr_line' id='line_1_139' title="bbox 1368 1508 2062 1545; baseline -0.007 -5"><span class='ocrx_word' id='word_1_1179' title='bbox 1368 1509 1530 1540; x_wconf 88' lang='lat' dir='ltr'>concubitu.</span> <span class='ocrx_word' id='word_1_1180' title='bbox 1557 1508 1641 1538; x_wconf 89' lang='lat' dir='ltr'>Ovid.</span> <span class='ocrx_word' id='word_1_1181' title='bbox 1657 1517 1699 1538; x_wconf 89' lang='lat'>10.</span> <span class='ocrx_word' id='word_1_1182' title='bbox 1717 1508 1786 1538; x_wconf 84' lang='lat' dir='ltr'>Met.</span> <span class='ocrx_word' id='word_1_1183' title='bbox 1800 1516 1865 1543; x_wconf 87' lang='lat'>470.</span> <span class='ocrx_word' id='word_1_1184' title='bbox 1889 1508 1925 1535; x_wconf 86' lang='lat' dir='ltr'>de</span> <span class='ocrx_word' id='word_1_1185' title='bbox 1937 1508 2038 1545; x_wconf 85' lang='lat' dir='ltr'>Cinyra</span> <span class='ocrx_word' id='word_1_1186' title='bbox 2054 1529 2062 1542; x_wconf 89' lang='lat'>‚</span> 
     </span>
     <span class='ocr_line' id='line_1_140' title="bbox 1441 1546 2186 1583; baseline -0.003 -6"><span class='ocrx_word' id='word_1_1187' title='bbox 1441 1548 1553 1577; x_wconf 87' lang='lat' dir='ltr'>Semina</span> <span class='ocrx_word' id='word_1_1188' title='bbox 1563 1547 1616 1576; x_wconf 86' lang='lat' dir='ltr'>sert</span> <span class='ocrx_word' id='word_1_1189' title='bbox 1628 1552 1708 1575; x_wconf 88' lang='lat' dir='ltr'>utero</span> <span class='ocrx_word' id='word_1_1190' title='bbox 1718 1568 1726 1581; x_wconf 76' lang='lat'>,</span> <span class='ocrx_word' id='word_1_1191' title='bbox 1747 1551 1943 1583; x_wconf 83' lang='lat' dir='ltr'>conceptaque</span> <span class='ocrx_word' id='word_1_1192' title='bbox 1953 1546 2072 1575; x_wconf 85' lang='lat' dir='ltr'>crimina</span> <span class='ocrx_word' id='word_1_1193' title='bbox 2085 1551 2186 1583; x_wconf 82' lang='lat' dir='ltr'>portat.</span> 
     </span>
    </p>

    <p class='ocr_par' dir='ltr' id='par_1_73' title="bbox 1347 1583 2483 1768">
     <span class='ocr_line' id='line_1_141' title="bbox 1347 1583 2482 1624; baseline -0.003 -8"><span class='ocrx_word' id='word_1_1194' title='bbox 1347 1586 1527 1624; x_wconf 81' lang='lat' dir='ltr'>Conceptum</span> <span class='ocrx_word' id='word_1_1195' title='bbox 1540 1586 1644 1614; x_wconf 75' lang='lat' dir='ltr'>furtum</span> <span class='ocrx_word' id='word_1_1196' title='bbox 1653 1585 1682 1613; x_wconf 89' lang='lat' dir='ltr'>in</span> <span class='ocrx_word' id='word_1_1197' title='bbox 1693 1585 1754 1620; x_wconf 82' lang='lat' dir='ltr'>jure</span> <span class='ocrx_word' id='word_1_1198' title='bbox 1765 1585 1868 1612; x_wconf 87' lang='lat' dir='ltr'>dicitur</span> <span class='ocrx_word' id='word_1_1199' title='bbox 1877 1606 1884 1618; x_wconf 95' lang='lat'>,</span> <span class='ocrx_word' id='word_1_1200' title='bbox 1908 1583 2005 1620; x_wconf 84' lang='lat' dir='ltr'>Quum</span> <span class='ocrx_word' id='word_1_1201' title='bbox 2016 1584 2090 1621; x_wconf 88' lang='lat' dir='ltr'>apud</span> <span class='ocrx_word' id='word_1_1202' title='bbox 2101 1583 2224 1620; x_wconf 85' lang='lat' dir='ltr'>aliquem</span> <span class='ocrx_word' id='word_1_1203' title='bbox 2234 1584 2347 1615; x_wconf 81' lang='lat' dir='ltr'>testibus</span> <span class='ocrx_word' id='word_1_1204' title='bbox 2364 1586 2482 1623; x_wconf 79' lang='lat' dir='ltr'>praesen.</span> 
     </span>
     <span class='ocr_line' id='line_1_142' title="bbox 1367 1622 2483 1660; baseline 0 -6"><span class='ocrx_word' id='word_1_1205' title='bbox 1367 1625 1442 1654; x_wconf 80' lang='lat' dir='ltr'>tibus</span> <span class='ocrx_word' id='word_1_1206' title='bbox 1451 1646 1459 1659; x_wconf 91' lang='lat'>,</span> <span class='ocrx_word' id='word_1_1207' title='bbox 1481 1624 1635 1652; x_wconf 78' lang='lat' dir='ltr'>furtiva-res</span> <span class='ocrx_word' id='word_1_1208' title='bbox 1647 1622 1756 1659; x_wconf 81' lang='lat' dir='ltr'>quaesita</span> <span class='ocrx_word' id='word_1_1209' title='bbox 1767 1623 1918 1651; x_wconf 75' lang='lat' dir='ltr'>&amp;inventa</span> <span class='ocrx_word' id='word_1_1210' title='bbox 1932 1623 1970 1651; x_wconf 85' lang='lat' dir='ltr'>iit.</span> <span class='ocrx_word' id='word_1_1211' title='bbox 2007 1622 2079 1651; x_wconf 81' lang='lat' dir='ltr'>Nam</span> <span class='ocrx_word' id='word_1_1212' title='bbox 2093 1622 2121 1650; x_wconf 84' lang='lat' dir='ltr'>in</span> <span class='ocrx_word' id='word_1_1213' title='bbox 2129 1632 2194 1651; x_wconf 88' lang='lat' dir='ltr'>eum</span> <span class='ocrx_word' id='word_1_1214' title='bbox 2206 1623 2318 1660; x_wconf 83' lang='lat' dir='ltr'>propria</span> <span class='ocrx_word' id='word_1_1215' title='bbox 2329 1625 2401 1653; x_wconf 73' lang='lat' dir='ltr'>arftio</span> <span class='ocrx_word' id='word_1_1216' title='bbox 2415 1635 2483 1654; x_wconf 86' lang='lat' dir='ltr'>con-</span> 
     </span>
     <span class='ocr_line' id='line_1_143' title="bbox 1369 1659 2482 1698; baseline -0.001 -7"><span class='ocrx_word' id='word_1_1217' title='bbox 1369 1663 1462 1692; x_wconf 87' lang='lat' dir='ltr'>stituta</span> <span class='ocrx_word' id='word_1_1218' title='bbox 1476 1662 1513 1692; x_wconf 88' lang='lat' dir='ltr'>est</span> <span class='ocrx_word' id='word_1_1219' title='bbox 1525 1684 1532 1697; x_wconf 93' lang='lat'>,</span> <span class='ocrx_word' id='word_1_1220' title='bbox 1553 1661 1679 1698; x_wconf 89' lang='lat' dir='ltr'>quamvis</span> <span class='ocrx_word' id='word_1_1221' title='bbox 1692 1660 1735 1689; x_wconf 81' lang='lat' dir='ltr'>fur</span> <span class='ocrx_word' id='word_1_1222' title='bbox 1749 1670 1807 1689; x_wconf 88' lang='lat' dir='ltr'>non</span> <span class='ocrx_word' id='word_1_1223' title='bbox 1823 1660 1853 1688; x_wconf 91' lang='lat' dir='ltr'>sit</span> <span class='ocrx_word' id='word_1_1224' title='bbox 1863 1682 1871 1692; x_wconf 97' lang='lat'>,</span> <span class='ocrx_word' id='word_1_1225' title='bbox 1894 1669 1953 1695; x_wconf 76' lang='lat' dir='ltr'>quae</span> <span class='ocrx_word' id='word_1_1226' title='bbox 1965 1659 2121 1697; x_wconf 83' lang='lat' dir='ltr'>appellatur</span> <span class='ocrx_word' id='word_1_1227' title='bbox 2132 1681 2140 1695; x_wconf 89' lang='lat'>,</span> <span class='ocrx_word' id='word_1_1228' title='bbox 2162 1661 2304 1698; x_wconf 86' lang='lat' dir='ltr'>concepti.</span> <span class='ocrx_word' id='word_1_1229' title='bbox 2327 1662 2350 1698; x_wconf 85' lang='lat'>§.</span> <span class='ocrx_word' id='word_1_1230' title='bbox 2373 1674 2397 1698; x_wconf 50' lang='lat'>4.</span> <span class='ocrx_word' id='word_1_1231' title='bbox 2418 1663 2482 1693; x_wconf 80' lang='lat' dir='ltr'>lnst.</span> 
     </span>
     <span class='ocr_line' id='line_1_144' title="bbox 1368 1696 2482 1738; baseline 0 -8"><span class='ocrx_word' id='word_1_1232' title='bbox 1368 1701 1406 1731; x_wconf 84' lang='lat' dir='ltr'>de</span> <span class='ocrx_word' id='word_1_1233' title='bbox 1417 1700 1502 1738; x_wconf 81' lang='lat' dir='ltr'>oblig.</span> <span class='ocrx_word' id='word_1_1234' title='bbox 1512 1709 1572 1737; x_wconf 82' lang='lat' dir='ltr'>quae</span> <span class='ocrx_word' id='word_1_1235' title='bbox 1583 1709 1618 1728; x_wconf 90' lang='lat' dir='ltr'>ex</span> <span class='ocrx_word' id='word_1_1236' title='bbox 1631 1698 1724 1728; x_wconf 63' lang='lat' dir='ltr'>delict.</span> <span class='ocrx_word' id='word_1_1237' title='bbox 1738 1701 1764 1728; x_wconf 68' lang='grc' dir='ltr'><strong>ἃ</strong></span> <span class='ocrx_word' id='word_1_1238' title='bbox 1773 1698 1848 1736; x_wconf 83' lang='lat' dir='ltr'>apud</span> <span class='ocrx_word' id='word_1_1239' title='bbox 1861 1696 1977 1727; x_wconf 78' lang='lat' dir='ltr'>Paulum</span> <span class='ocrx_word' id='word_1_1240' title='bbox 1988 1697 2035 1727; x_wconf 87' lang='lat' dir='ltr'>lib.</span> <span class='ocrx_word' id='word_1_1241' title='bbox 2052 1708 2078 1727; x_wconf 83' lang='lat'>2.</span> <span class='ocrx_word' id='word_1_1242' title='bbox 2099 1698 2176 1728; x_wconf 89' lang='lat' dir='ltr'>Sent.</span> <span class='ocrx_word' id='word_1_1243' title='bbox 2187 1708 2248 1737; x_wconf 88' lang='lat' dir='ltr'>cap.</span> <span class='ocrx_word' id='word_1_1244' title='bbox 2265 1709 2308 1734; x_wconf 74' lang='lat'>31.</span> <span class='ocrx_word' id='word_1_1245' title='bbox 2329 1701 2482 1731; x_wconf 79' lang='lat' dir='ltr'>Hotoman.</span> 
     </span>
     <span class='ocr_line' id='line_1_145' title="bbox 1370 1739 1635 1768; baseline -0.008 0"><span class='ocrx_word' id='word_1_1246' title='bbox 1370 1739 1447 1768; x_wconf 87' lang='lat' dir='ltr'>conf.</span> <span class='ocrx_word' id='word_1_1247' title='bbox 1470 1749 1483 1767; x_wconf 79' lang='lat' dir='ltr'>F</span> <span class='ocrx_word' id='word_1_1248' title='bbox 1495 1748 1512 1767; x_wconf 90' lang='lat' dir='ltr'>u</span> <span class='ocrx_word' id='word_1_1249' title='bbox 1523 1748 1539 1766; x_wconf 72' lang='lat' dir='ltr'>a</span> <span class='ocrx_word' id='word_1_1250' title='bbox 1548 1747 1568 1766; x_wconf 81' lang='lat' dir='ltr'>T</span> <span class='ocrx_word' id='word_1_1251' title='bbox 1578 1748 1596 1766; x_wconf 89' lang='lat' dir='ltr'>u</span> <span class='ocrx_word' id='word_1_1252' title='bbox 1605 1748 1635 1767; x_wconf 85' lang='lat' dir='ltr'>M.</span> 
     </span>
    </p>

    <p class='ocr_par' dir='ltr' id='par_1_74' title="bbox 1351 1770 2464 1813">
     <span class='ocr_line' id='line_1_146' title="bbox 1351 1770 2464 1813; baseline -0.001 -6"><span class='ocrx_word' id='word_1_1253' title='bbox 1351 1776 1447 1807; x_wconf 83' lang='lat' dir='ltr'>Infans</span> <span class='ocrx_word' id='word_1_1254' title='bbox 1462 1775 1534 1806; x_wconf 87' lang='lat' dir='ltr'>male</span> <span class='ocrx_word' id='word_1_1255' title='bbox 1545 1781 1710 1813; x_wconf 87' lang='lat' dir='ltr'>conceptus.</span> <span class='ocrx_word' id='word_1_1256' title='bbox 1731 1770 1751 1803; x_wconf 84' lang='lat' dir='ltr'>i.</span> <span class='ocrx_word' id='word_1_1257' title='bbox 1764 1783 1788 1803; x_wconf 88' lang='lat' dir='ltr'>e.</span> <span class='ocrx_word' id='word_1_1258' title='bbox 1809 1773 1875 1803; x_wconf 76' lang='lat' dir='ltr'>Non</span> <span class='ocrx_word' id='word_1_1259' title='bbox 1887 1772 2060 1809; x_wconf 65' lang='lat' dir='ltr'>exieaitimo</span> <span class='ocrx_word' id='word_1_1260' title='bbox 2070 1774 2138 1803; x_wconf 89' lang='lat' dir='ltr'>viro.</span> <span class='ocrx_word' id='word_1_1261' title='bbox 2161 1773 2245 1803; x_wconf 88' lang='lat' dir='ltr'>Ovid.</span> <span class='ocrx_word' id='word_1_1262' title='bbox 2263 1784 2304 1804; x_wconf 71' lang='grc' dir='ltr'>ιο,</span> <span class='ocrx_word' id='word_1_1263' title='bbox 2320 1774 2389 1805; x_wconf 84' lang='lat' dir='ltr'>Met.</span> <span class='ocrx_word' id='word_1_1264' title='bbox 2400 1786 2464 1811; x_wconf 66' lang='lat' dir='ltr'>roz.</span> 
     </span>
    </p>

    <p class='ocr_par' dir='ltr' id='par_1_75' title="bbox 1352 1812 2486 1928">
     <span class='ocr_line' id='line_1_147' title="bbox 1352 1812 2485 1850; baseline 0 -5"><span class='ocrx_word' id='word_1_1265' title='bbox 1352 1815 1386 1845; x_wconf 79' lang='lat' dir='ltr'>ln</span> <span class='ocrx_word' id='word_1_1266' title='bbox 1399 1814 1505 1844; x_wconf 91' lang='lat' dir='ltr'>bonum</span> <span class='ocrx_word' id='word_1_1267' title='bbox 1524 1816 1550 1843; x_wconf 87' lang='lat'>&amp;</span> <span class='ocrx_word' id='word_1_1268' title='bbox 1565 1823 1676 1850; x_wconf 87' lang='lat' dir='ltr'>aequum</span> <span class='ocrx_word' id='word_1_1269' title='bbox 1693 1817 1832 1850; x_wconf 87' lang='lat' dir='ltr'>concepta</span> <span class='ocrx_word' id='word_1_1270' title='bbox 1851 1813 1933 1841; x_wconf 63' lang='lat' dir='ltr'>aetio.</span> <span class='ocrx_word' id='word_1_1271' title='bbox 1965 1813 2058 1848; x_wconf 80' lang='lat' dir='ltr'>Papiri.</span> <span class='ocrx_word' id='word_1_1272' title='bbox 2074 1813 2102 1841; x_wconf 89' lang='lat' dir='ltr'>in</span> <span class='ocrx_word' id='word_1_1273' title='bbox 2123 1812 2141 1841; x_wconf 93' lang='lat' dir='ltr'>l.</span> <span class='ocrx_word' id='word_1_1274' title='bbox 2161 1812 2314 1848; x_wconf 67' lang='lat' dir='ltr'>Quaesitum</span> <span class='ocrx_word' id='word_1_1275' title='bbox 2326 1815 2371 1842; x_wconf 79' lang='lat' dir='ltr'>est.</span> <span class='ocrx_word' id='word_1_1276' title='bbox 2396 1815 2429 1844; x_wconf 90' lang='lat' dir='ltr'>D.</span> <span class='ocrx_word' id='word_1_1277' title='bbox 2448 1816 2485 1845; x_wconf 83' lang='lat' dir='ltr'>de</span> 
     </span>
     <span class='ocr_line' id='line_1_148' title="bbox 1372 1850 2485 1891; baseline -0.001 -8"><span class='ocrx_word' id='word_1_1278' title='bbox 1372 1852 1527 1891; x_wconf 88' lang='lat' dir='ltr'>Sepulchro</span> <span class='ocrx_word' id='word_1_1279' title='bbox 1537 1852 1642 1881; x_wconf 87' lang='lat' dir='ltr'>violato</span> <span class='ocrx_word' id='word_1_1280' title='bbox 1653 1873 1661 1885; x_wconf 89' lang='lat'>,</span> <span class='ocrx_word' id='word_1_1281' title='bbox 1682 1850 1746 1880; x_wconf 83' lang='lat' dir='ltr'>Dixi</span> <span class='ocrx_word' id='word_1_1282' title='bbox 1759 1860 1823 1879; x_wconf 82' lang='lat' dir='ltr'>eum</span> <span class='ocrx_word' id='word_1_1283' title='bbox 1835 1852 1908 1879; x_wconf 67' lang='lat' dir='ltr'>recte</span> <span class='ocrx_word' id='word_1_1284' title='bbox 1920 1859 1952 1878; x_wconf 87' lang='lat' dir='ltr'>ea</span> <span class='ocrx_word' id='word_1_1285' title='bbox 1964 1851 2076 1880; x_wconf 74' lang='lat' dir='ltr'>actione</span> <span class='ocrx_word' id='word_1_1286' title='bbox 2084 1852 2203 1888; x_wconf 87' lang='lat' dir='ltr'>experiri</span> <span class='ocrx_word' id='word_1_1287' title='bbox 2216 1873 2223 1885; x_wconf 88' lang='lat'>,</span> <span class='ocrx_word' id='word_1_1288' title='bbox 2246 1862 2307 1887; x_wconf 76' lang='lat' dir='ltr'>quae</span> <span class='ocrx_word' id='word_1_1289' title='bbox 2327 1853 2356 1880; x_wconf 88' lang='lat' dir='ltr'>in</span> <span class='ocrx_word' id='word_1_1290' title='bbox 2376 1851 2485 1882; x_wconf 83' lang='lat' dir='ltr'>bonum</span> 
     </span>
     <span class='ocr_line' id='line_1_149' title="bbox 1370 1888 2486 1928; baseline 0 -7"><span class='ocrx_word' id='word_1_1291' title='bbox 1370 1892 1399 1922; x_wconf 66' lang='grc' dir='ltr'><strong>ἃ</strong></span> <span class='ocrx_word' id='word_1_1292' title='bbox 1409 1900 1518 1928; x_wconf 78' lang='lat' dir='ltr'>aequum</span> <span class='ocrx_word' id='word_1_1293' title='bbox 1534 1896 1674 1926; x_wconf 87' lang='lat' dir='ltr'>concepta</span> <span class='ocrx_word' id='word_1_1294' title='bbox 1686 1889 1724 1919; x_wconf 86' lang='lat' dir='ltr'>est</span> <span class='ocrx_word' id='word_1_1295' title='bbox 1736 1898 1742 1917; x_wconf 91' lang='lat'>:</span> <span class='ocrx_word' id='word_1_1296' title='bbox 1766 1889 1796 1918; x_wconf 77' lang='lat' dir='ltr'>id</span> <span class='ocrx_word' id='word_1_1297' title='bbox 1807 1888 1845 1917; x_wconf 84' lang='lat' dir='ltr'>est</span> <span class='ocrx_word' id='word_1_1298' title='bbox 1858 1898 1912 1926; x_wconf 83' lang='lat' dir='ltr'>qua</span> <span class='ocrx_word' id='word_1_1299' title='bbox 1922 1888 2033 1917; x_wconf 61' lang='lat' dir='ltr'>anione</span> <span class='ocrx_word' id='word_1_1300' title='bbox 2049 1890 2095 1925; x_wconf 89' lang='lat' dir='ltr'>qui</span> <span class='ocrx_word' id='word_1_1301' title='bbox 2105 1890 2267 1926; x_wconf 84' lang='lat' dir='ltr'>experitur,</span> <span class='ocrx_word' id='word_1_1302' title='bbox 2288 1891 2326 1918; x_wconf 82' lang='lat' dir='ltr'>ita</span> <span class='ocrx_word' id='word_1_1303' title='bbox 2339 1891 2486 1921; x_wconf 80' lang='lat' dir='ltr'>intendere</span> 
     </span>
    </p>

    <p class='ocr_par' dir='ltr' id='par_1_76' title="bbox 1372 1926 2487 1997">
     <span class='ocr_line' id='line_1_150' title="bbox 1394 1926 2487 1966; baseline 0 -8"><span class='ocrx_word' id='word_1_1304' title='bbox 1394 1930 1544 1958; x_wconf 89' lang='lat' dir='ltr'>etitionem</span> <span class='ocrx_word' id='word_1_1305' title='bbox 1553 1928 1642 1966; x_wconf 89' lang='lat' dir='ltr'>potest</span> <span class='ocrx_word' id='word_1_1306' title='bbox 1652 1949 1661 1963; x_wconf 93' lang='lat'>,</span> <span class='ocrx_word' id='word_1_1307' title='bbox 1680 1933 1713 1957; x_wconf 91' lang='lat' dir='ltr'>ut</span> <span class='ocrx_word' id='word_1_1308' title='bbox 1720 1935 1778 1956; x_wconf 87' lang='lat' dir='ltr'>non</span> <span class='ocrx_word' id='word_1_1309' title='bbox 1789 1926 1860 1956; x_wconf 80' lang='lat' dir='ltr'>ultra</span> <span class='ocrx_word' id='word_1_1310' title='bbox 1871 1932 1966 1965; x_wconf 86' lang='lat' dir='ltr'>petat,</span> <span class='ocrx_word' id='word_1_1311' title='bbox 1987 1935 2069 1963; x_wconf 88' lang='lat' dir='ltr'>quam</span> <span class='ocrx_word' id='word_1_1312' title='bbox 2081 1928 2157 1965; x_wconf 89' lang='lat' dir='ltr'>quod</span> <span class='ocrx_word' id='word_1_1313' title='bbox 2170 1928 2288 1964; x_wconf 75' lang='lat' dir='ltr'>praestari</span> <span class='ocrx_word' id='word_1_1314' title='bbox 2301 1930 2326 1957; x_wconf 69' lang='grc' dir='ltr'><strong>ἃ</strong></span> <span class='ocrx_word' id='word_1_1315' title='bbox 2338 1938 2448 1966; x_wconf 81' lang='lat' dir='ltr'>aequum</span> <span class='ocrx_word' id='word_1_1316' title='bbox 2460 1932 2487 1960; x_wconf 65' lang='grc' dir='ltr'>δε</span> 
     </span>
     <span class='ocr_line' id='line_1_151' title="bbox 1372 1939 1698 1997; baseline -0.006 0"><span class='ocrx_word' id='word_1_1317' title='bbox 1372 1939 1484 1997; x_wconf 55' lang='lat' dir='ltr'>{onum</span> <span class='ocrx_word' id='word_1_1318' title='bbox 1500 1966 1546 1996; x_wconf 88' lang='lat' dir='ltr'>est.</span> <span class='ocrx_word' id='word_1_1319' title='bbox 1570 1966 1698 1995; x_wconf 65' lang='lat' dir='ltr'>Budaeus.</span> 
     </span>
    </p>

    <p class='ocr_par' dir='ltr' id='par_1_77' title="bbox 1355 2000 2490 2081">
     <span class='ocr_line' id='line_1_152' title="bbox 1355 2000 2490 2041; baseline -0.004 -5"><span class='ocrx_word' id='word_1_1320' title='bbox 1355 2002 1546 2036; x_wconf 86' lang='lat' dir='ltr'>Dulcedinem</span> <span class='ocrx_word' id='word_1_1321' title='bbox 1556 2004 1674 2040; x_wconf 83' lang='lat' dir='ltr'>alicujus</span> <span class='ocrx_word' id='word_1_1322' title='bbox 1686 2000 1725 2033; x_wconf 82' lang='lat' dir='ltr'>rei</span> <span class='ocrx_word' id='word_1_1323' title='bbox 1733 2008 1902 2041; x_wconf 76' lang='lat' dir='ltr'>conceptam</span> <span class='ocrx_word' id='word_1_1324' title='bbox 1908 2003 2004 2033; x_wconf 78' lang='lat' dir='ltr'>animo</span> <span class='ocrx_word' id='word_1_1325' title='bbox 2016 2002 2151 2032; x_wconf 85' lang='lat' dir='ltr'>inclusam</span> <span class='ocrx_word' id='word_1_1326' title='bbox 2162 2003 2319 2032; x_wconf 85' lang='lat' dir='ltr'>continere.</span> <span class='ocrx_word' id='word_1_1327' title='bbox 2332 2003 2390 2033; x_wconf 92' lang='lat' dir='ltr'>Cic.</span> <span class='ocrx_word' id='word_1_1328' title='bbox 2405 2007 2490 2034; x_wconf 82' lang='lat' dir='ltr'>Ante.</span> 
     </span>
     <span class='ocr_line' id='line_1_153' title="bbox 1374 2042 1760 2081; baseline -0.005 -8"><span class='ocrx_word' id='word_1_1329' title='bbox 1374 2052 1457 2081; x_wconf 85' lang='lat' dir='ltr'>quam</span> <span class='ocrx_word' id='word_1_1330' title='bbox 1468 2043 1521 2072; x_wconf 90' lang='lat' dir='ltr'>iret</span> <span class='ocrx_word' id='word_1_1331' title='bbox 1530 2043 1559 2071; x_wconf 89' lang='lat' dir='ltr'>in</span> <span class='ocrx_word' id='word_1_1332' title='bbox 1571 2042 1697 2072; x_wconf 86' lang='lat' dir='ltr'>exilium.</span> <span class='ocrx_word' id='word_1_1333' title='bbox 1719 2051 1760 2079; x_wconf 86' lang='lat' dir='ltr'>pr.</span> 
     </span>
    </p>

    <p class='ocr_par' dir='ltr' id='par_1_78' title="bbox 1354 2078 2487 2157">
     <span class='ocr_line' id='line_1_154' title="bbox 1354 2078 2487 2118; baseline -0.001 -7"><span class='ocrx_word' id='word_1_1334' title='bbox 1354 2080 1460 2112; x_wconf 74' lang='lat' dir='ltr'>Foedus</span> <span class='ocrx_word' id='word_1_1335' title='bbox 1482 2086 1654 2118; x_wconf 86' lang='lat' dir='ltr'>conceptum</span> <span class='ocrx_word' id='word_1_1336' title='bbox 1672 2086 1813 2110; x_wconf 83' lang='lat' dir='ltr'>excutere.</span> <span class='ocrx_word' id='word_1_1337' title='bbox 1853 2079 1925 2116; x_wconf 77' lang='lat' dir='ltr'>virg.</span> <span class='ocrx_word' id='word_1_1338' title='bbox 1942 2088 1985 2109; x_wconf 84' lang='lat'>12.</span> <span class='ocrx_word' id='word_1_1339' title='bbox 2009 2078 2074 2109; x_wconf 77' lang='lat' dir='ltr'>AEn.</span> <span class='ocrx_word' id='word_1_1340' title='bbox 2088 2087 2131 2116; x_wconf 83' lang='lat'>13.</span> <span class='ocrx_word' id='word_1_1341' title='bbox 2160 2079 2179 2110; x_wconf 83' lang='lat' dir='ltr'>i.</span> <span class='ocrx_word' id='word_1_1342' title='bbox 2187 2088 2216 2110; x_wconf 85' lang='lat' dir='ltr'>e.</span> <span class='ocrx_word' id='word_1_1343' title='bbox 2237 2078 2374 2110; x_wconf 76' lang='lat' dir='ltr'>Placitum</span> <span class='ocrx_word' id='word_1_1344' title='bbox 2390 2081 2487 2110; x_wconf 86' lang='lat' dir='ltr'>animo</span> 
     </span>
     <span class='ocr_line' id='line_1_155' title="bbox 1375 2117 2007 2157; baseline -0.005 -8"><span class='ocrx_word' id='word_1_1345' title='bbox 1375 2120 1469 2149; x_wconf 85' lang='lat' dir='ltr'>foedus</span> <span class='ocrx_word' id='word_1_1346' title='bbox 1478 2119 1761 2157; x_wconf 72' lang='lat' dir='ltr'>praedeitinatunique</span> <span class='ocrx_word' id='word_1_1347' title='bbox 1771 2124 1802 2147; x_wconf 89' lang='lat' dir='ltr'>ut</span> <span class='ocrx_word' id='word_1_1348' title='bbox 1812 2117 1866 2147; x_wconf 85' lang='lat' dir='ltr'>fiat.</span> <span class='ocrx_word' id='word_1_1349' title='bbox 1888 2117 2007 2147; x_wconf 78' lang='lat' dir='ltr'>Servius.</span> 
     </span>
    </p>

    <p class='ocr_par' dir='ltr' id='par_1_79' title="bbox 1355 2155 1933 2193">
     <span class='ocr_line' id='line_1_156' title="bbox 1355 2155 1933 2193; baseline -0.007 -5"><span class='ocrx_word' id='word_1_1350' title='bbox 1355 2158 1443 2188; x_wconf 82' lang='lat' dir='ltr'>Furor</span> <span class='ocrx_word' id='word_1_1351' title='bbox 1457 2163 1622 2193; x_wconf 87' lang='lat' dir='ltr'>conceptus.</span> <span class='ocrx_word' id='word_1_1352' title='bbox 1645 2157 1710 2185; x_wconf 88' lang='lat' dir='ltr'>Seri.</span> <span class='ocrx_word' id='word_1_1353' title='bbox 1724 2155 1840 2193; x_wconf 85' lang='lat' dir='ltr'>Hippoi.</span> <span class='ocrx_word' id='word_1_1354' title='bbox 1853 2164 1876 2190; x_wconf 81' lang='lat'>3.</span> <span class='ocrx_word' id='word_1_1355' title='bbox 1889 2165 1933 2191; x_wconf 83' lang='lat'>¹4-</span> 
     </span>
    </p>

    <p class='ocr_par' dir='ltr' id='par_1_80' title="bbox 1355 2192 2031 2232">
     <span class='ocr_line' id='line_1_157' title="bbox 1355 2192 2031 2232; baseline -0.004 -7"><span class='ocrx_word' id='word_1_1356' title='bbox 1355 2196 1443 2226; x_wconf 74' lang='lat' dir='ltr'>Furor</span> <span class='ocrx_word' id='word_1_1357' title='bbox 1452 2204 1488 2224; x_wconf 84' lang='lat' dir='ltr'>ex</span> <span class='ocrx_word' id='word_1_1358' title='bbox 1500 2194 1645 2224; x_wconf 76' lang='lat' dir='ltr'>maleficiis</span> <span class='ocrx_word' id='word_1_1359' title='bbox 1654 2201 1819 2232; x_wconf 62' lang='lat' dir='ltr'>conceptus</span> <span class='ocrx_word' id='word_1_1360' title='bbox 1841 2193 1900 2223; x_wconf 91' lang='lat' dir='ltr'>Cic.</span> <span class='ocrx_word' id='word_1_1361' title='bbox 1912 2200 1938 2229; x_wconf 89' lang='lat'>7.</span> <span class='ocrx_word' id='word_1_1362' title='bbox 1954 2192 2031 2222; x_wconf 86' lang='lat' dir='ltr'>Verr.</span> 
     </span>
    </p>

    <p class='ocr_par' dir='ltr' id='par_1_81' title="bbox 1357 2229 2147 2273">
     <span class='ocr_line' id='line_1_158' title="bbox 1357 2229 2147 2273; baseline -0.005 -9"><span class='ocrx_word' id='word_1_1363' title='bbox 1357 2233 1470 2273; x_wconf 70' lang='lat' dir='ltr'>Lyaeum</span> <span class='ocrx_word' id='word_1_1364' title='bbox 1483 2238 1656 2271; x_wconf 89' lang='lat' dir='ltr'>conceptum</span> <span class='ocrx_word' id='word_1_1365' title='bbox 1665 2233 1757 2261; x_wconf 84' lang='lat' dir='ltr'>ferens</span> <span class='ocrx_word' id='word_1_1366' title='bbox 1768 2232 1882 2261; x_wconf 80' lang='lat' dir='ltr'>Maenas.</span> <span class='ocrx_word' id='word_1_1367' title='bbox 1905 2232 2004 2261; x_wconf 91' lang='lat' dir='ltr'>Senec.</span> <span class='ocrx_word' id='word_1_1368' title='bbox 2019 2229 2110 2260; x_wconf 65' lang='lat' dir='ltr'>oeni.</span> <span class='ocrx_word' id='word_1_1369' title='bbox 2119 2241 2147 2267; x_wconf 84' lang='lat'>4.</span> 
     </span>
    </p>

    <p class='ocr_par' dir='ltr' id='par_1_82' title="bbox 1356 2266 2494 2348">
     <span class='ocr_line' id='line_1_159' title="bbox 1356 2266 2494 2309; baseline -0.003 -7"><span class='ocrx_word' id='word_1_1370' title='bbox 1356 2272 1472 2303; x_wconf 89' lang='lat' dir='ltr'>Numen</span> <span class='ocrx_word' id='word_1_1371' title='bbox 1485 2277 1657 2309; x_wconf 86' lang='lat' dir='ltr'>conceptum</span> <span class='ocrx_word' id='word_1_1372' title='bbox 1666 2270 1795 2307; x_wconf 85' lang='lat' dir='ltr'>virgineo</span> <span class='ocrx_word' id='word_1_1373' title='bbox 1807 2271 1928 2307; x_wconf 70' lang='lat' dir='ltr'>pectore.</span> <span class='ocrx_word' id='word_1_1374' title='bbox 1967 2266 2071 2298; x_wconf 87' lang='lat' dir='ltr'>Lucan.</span> <span class='ocrx_word' id='word_1_1375' title='bbox 2087 2279 2111 2304; x_wconf 85' lang='grc' dir='ltr'>ς.</span> <span class='ocrx_word' id='word_1_1376' title='bbox 2129 2278 2176 2306; x_wconf 87' lang='lat'>97.</span> <span class='ocrx_word' id='word_1_1377' title='bbox 2208 2268 2227 2300; x_wconf 88' lang='lat' dir='ltr'>i.</span> <span class='ocrx_word' id='word_1_1378' title='bbox 2239 2279 2263 2300; x_wconf 93' lang='lat' dir='ltr'>e.</span> <span class='ocrx_word' id='word_1_1379' title='bbox 2285 2268 2403 2302; x_wconf 82' lang='lat' dir='ltr'>Divinus</span> <span class='ocrx_word' id='word_1_1380' title='bbox 2415 2273 2440 2302; x_wconf 70' lang='grc' dir='ltr'><strong>ἃ</strong></span> <span class='ocrx_word' id='word_1_1381' title='bbox 2454 2272 2494 2302; x_wconf 85' lang='lat' dir='ltr'>sa..</span> 
     </span>
     <span class='ocr_line' id='line_1_160' title="bbox 1376 2307 2110 2348; baseline -0.005 -8"><span class='ocrx_word' id='word_1_1382' title='bbox 1376 2310 1480 2340; x_wconf 81' lang='lat' dir='ltr'>tidicus</span> <span class='ocrx_word' id='word_1_1383' title='bbox 1490 2309 1601 2348; x_wconf 90' lang='lat' dir='ltr'>spiritus</span> <span class='ocrx_word' id='word_1_1384' title='bbox 1612 2308 1745 2348; x_wconf 83' lang='lat' dir='ltr'>ingressus</span> <span class='ocrx_word' id='word_1_1385' title='bbox 1757 2307 1862 2346; x_wconf 85' lang='lat' dir='ltr'>Pythiae</span> <span class='ocrx_word' id='word_1_1386' title='bbox 1871 2307 1988 2345; x_wconf 82' lang='lat' dir='ltr'>virginis</span> <span class='ocrx_word' id='word_1_1387' title='bbox 2000 2307 2110 2345; x_wconf 71' lang='lat' dir='ltr'>pectus.</span> 
     </span>
    </p>

    <p class='ocr_par' dir='ltr' id='par_1_83' title="bbox 1356 2345 1983 2385">
     <span class='ocr_line' id='line_1_161' title="bbox 1356 2345 1983 2385; baseline -0.005 -8"><span class='ocrx_word' id='word_1_1388' title='bbox 1356 2347 1459 2378; x_wconf 84' lang='lat' dir='ltr'>Semen</span> <span class='ocrx_word' id='word_1_1389' title='bbox 1469 2353 1652 2385; x_wconf 85' lang='lat' dir='ltr'>conceptum.</span> <span class='ocrx_word' id='word_1_1390' title='bbox 1675 2346 1734 2376; x_wconf 83' lang='lat' dir='ltr'>Cic.</span> <span class='ocrx_word' id='word_1_1391' title='bbox 1745 2355 1771 2376; x_wconf 81' lang='lat'>².</span> <span class='ocrx_word' id='word_1_1392' title='bbox 1784 2346 1819 2376; x_wconf 90' lang='lat' dir='ltr'>de</span> <span class='ocrx_word' id='word_1_1393' title='bbox 1832 2345 1926 2375; x_wconf 85' lang='lat' dir='ltr'>Divin.</span> <span class='ocrx_word' id='word_1_1394' title='bbox 1937 2349 1983 2379; x_wconf 90' lang='lat'>68.</span> 
     </span>
    </p>

    <p class='ocr_par' dir='ltr' id='par_1_84' title="bbox 1356 2382 2490 2454">
     <span class='ocr_line' id='line_1_162' title="bbox 1356 2382 2490 2454; baseline 0 -38"><span class='ocrx_word' id='word_1_1395' title='bbox 1356 2386 1518 2454; x_wconf 53' lang='lat' dir='ltr'>Tilupiwdo</span> <span class='ocrx_word' id='word_1_1396' title='bbox 1529 2392 1614 2423; x_wconf 86' lang='lat' dir='ltr'>atque</span> <span class='ocrx_word' id='word_1_1397' title='bbox 1627 2385 1743 2415; x_wconf 84' lang='lat' dir='ltr'>infamia</span> <span class='ocrx_word' id='word_1_1398' title='bbox 1760 2383 1870 2422; x_wconf 74' lang='lat' dir='ltr'>aliquot</span> <span class='ocrx_word' id='word_1_1399' title='bbox 1881 2384 1939 2420; x_wconf 85' lang='lat' dir='ltr'>jam</span> <span class='ocrx_word' id='word_1_1400' title='bbox 1956 2392 2006 2422; x_wconf 86' lang='lat' dir='ltr'>per</span> <span class='ocrx_word' id='word_1_1401' title='bbox 2021 2391 2111 2412; x_wconf 84' lang='lat' dir='ltr'>annos</span> <span class='ocrx_word' id='word_1_1402' title='bbox 2128 2382 2212 2412; x_wconf 82' lang='lat' dir='ltr'>alicui</span> <span class='ocrx_word' id='word_1_1403' title='bbox 2225 2390 2374 2424; x_wconf 86' lang='lat' dir='ltr'>concepta.</span> <span class='ocrx_word' id='word_1_1404' title='bbox 2391 2385 2450 2416; x_wconf 83' lang='lat' dir='ltr'>Cic.</span> <span class='ocrx_word' id='word_1_1405' title='bbox 2463 2395 2490 2417; x_wconf 92' lang='lat'>2.</span> 
     </span>
    </p>

    <p class='ocr_par' dir='ltr' id='par_1_85' title="bbox 1318 2434 2489 2538">
     <span class='ocr_line' id='line_1_163' title="bbox 1402 2434 1735 2459; baseline -0.006 -5"><span class='ocrx_word' id='word_1_1406' title='bbox 1402 2434 1453 2454; x_wconf 85' lang='lat' dir='ltr'>err.</span> <span class='ocrx_word' id='word_1_1407' title='bbox 1465 2434 1509 2459; x_wconf 82' lang='lat'>49.</span> <span class='ocrx_word' id='word_1_1408' title='bbox 1732 2455 1735 2457; x_wconf 46' lang='grc'><strong>,</strong></span> 
     </span>
     <span class='ocr_line' id='line_1_164' title="bbox 1318 2459 2489 2499; baseline -0.002 -6"><span class='ocrx_word' id='word_1_1409' title='bbox 1318 2465 1368 2495; x_wconf 83' lang='lat' dir='ltr'>Co</span> <span class='ocrx_word' id='word_1_1410' title='bbox 1377 2472 1398 2492; x_wconf 85' lang='lat' dir='ltr'>N</span> <span class='ocrx_word' id='word_1_1411' title='bbox 1408 2471 1470 2492; x_wconf 67' lang='lat' dir='ltr'>cas</span> <span class='ocrx_word' id='word_1_1412' title='bbox 1479 2471 1528 2491; x_wconf 73' lang='lat' dir='ltr'>Tu</span> <span class='ocrx_word' id='word_1_1413' title='bbox 1537 2471 1559 2490; x_wconf 85' lang='lat' dir='ltr'>M</span> <span class='ocrx_word' id='word_1_1414' title='bbox 1569 2482 1577 2496; x_wconf 87' lang='lat'>‚</span> <span class='ocrx_word' id='word_1_1415' title='bbox 1598 2459 1617 2488; x_wconf 87' lang='lat' dir='ltr'>i.</span> <span class='ocrx_word' id='word_1_1416' title='bbox 1640 2470 1669 2490; x_wconf 94' lang='lat' dir='ltr'>n.</span> <span class='ocrx_word' id='word_1_1417' title='bbox 1691 2459 1752 2489; x_wconf 91' lang='lat' dir='ltr'>Col.</span> <span class='ocrx_word' id='word_1_1418' title='bbox 1771 2468 1794 2489; x_wconf 71' lang='grc' dir='ltr'>π.</span> <span class='ocrx_word' id='word_1_1419' title='bbox 1808 2461 1834 2490; x_wconf 87' lang='lat'>6.</span> <span class='ocrx_word' id='word_1_1420' title='bbox 1846 2469 1887 2498; x_wconf 88' lang='lat' dir='ltr'>pr.</span> <span class='ocrx_word' id='word_1_1421' title='bbox 1910 2459 1966 2489; x_wconf 90' lang='lat' dir='ltr'>Sed</span> <span class='ocrx_word' id='word_1_1422' title='bbox 1984 2459 2013 2488; x_wconf 92' lang='lat' dir='ltr'>in</span> <span class='ocrx_word' id='word_1_1423' title='bbox 2035 2459 2191 2490; x_wconf 80' lang='lat' dir='ltr'>emendatis</span> <span class='ocrx_word' id='word_1_1424' title='bbox 2203 2460 2290 2490; x_wconf 87' lang='lat' dir='ltr'>codd.</span> <span class='ocrx_word' id='word_1_1425' title='bbox 2304 2461 2489 2499; x_wconf 82' lang='lat' dir='ltr'>Conseptum.</span> 
     </span>
     <span class='ocr_line' id='line_1_165' title="bbox 1318 2495 2489 2538; baseline -0.002 -7"><span class='ocrx_word' id='word_1_1426' title='bbox 1318 2504 1368 2534; x_wconf 87' lang='lat' dir='ltr'>Co</span> <span class='ocrx_word' id='word_1_1427' title='bbox 1379 2510 1398 2530; x_wconf 82' lang='lat' dir='ltr'>N</span> <span class='ocrx_word' id='word_1_1428' title='bbox 1407 2509 1555 2535; x_wconf 80' lang='lat' dir='ltr'>CEPT10‚</span> <span class='ocrx_word' id='word_1_1429' title='bbox 1572 2498 1644 2528; x_wconf 69' lang='lat' dir='ltr'>finis.</span> <span class='ocrx_word' id='word_1_1430' title='bbox 1666 2499 1686 2528; x_wconf 87' lang='lat' dir='ltr'>f.</span> <span class='ocrx_word' id='word_1_1431' title='bbox 1710 2496 1875 2534; x_wconf 58' lang='grc' dir='ltr'>[σύῶηψις]</span> <span class='ocrx_word' id='word_1_1432' title='bbox 1897 2497 1975 2527; x_wconf 84' lang='lat' dir='ltr'>Idem</span> <span class='ocrx_word' id='word_1_1433' title='bbox 1985 2507 2017 2527; x_wconf 82' lang='lat' dir='ltr'>ac</span> <span class='ocrx_word' id='word_1_1434' title='bbox 2027 2495 2198 2535; x_wconf 85' lang='lat' dir='ltr'>Conceptus.</span> <span class='ocrx_word' id='word_1_1435' title='bbox 2221 2498 2290 2528; x_wconf 87' lang='lat' dir='ltr'>Plin.</span> <span class='ocrx_word' id='word_1_1436' title='bbox 2305 2499 2353 2529; x_wconf 91' lang='lat' dir='ltr'>lib.</span> <span class='ocrx_word' id='word_1_1437' title='bbox 2366 2509 2411 2529; x_wconf 79' lang='lat'>22.</span> <span class='ocrx_word' id='word_1_1438' title='bbox 2425 2509 2489 2538; x_wconf 87' lang='lat' dir='ltr'>cap.</span> 
     </span>
    </p>
   </div>
   <div class='ocr_carea' id='block_1_16' title="bbox 1358 2536 2493 2607">
    <p class='ocr_par' dir='ltr' id='par_1_86' title="bbox 1358 2536 2493 2607">
     <span class='ocr_line' id='line_1_166' title="bbox 1359 2536 2493 2606; baseline -0.001 -38"><span class='ocrx_word' id='word_1_1439' title='bbox 1359 2537 1596 2606; x_wconf 60' lang='lat' dir='ltr'>ul&#39;dfflliylbppus</span> <span class='ocrx_word' id='word_1_1440' title='bbox 1607 2539 1633 2567; x_wconf 70' lang='grc' dir='ltr'>ἃ.</span> <span class='ocrx_word' id='word_1_1441' title='bbox 1643 2536 1879 2574; x_wconf 80' lang='lat' dir='ltr'>conceptionibus</span> <span class='ocrx_word' id='word_1_1442' title='bbox 1891 2545 1953 2565; x_wconf 88' lang='lat' dir='ltr'>eam</span> <span class='ocrx_word' id='word_1_1443' title='bbox 1964 2541 2044 2574; x_wconf 86' lang='lat' dir='ltr'>putat</span> <span class='ocrx_word' id='word_1_1444' title='bbox 2051 2536 2182 2566; x_wconf 83' lang='lat' dir='ltr'>conferre</span> <span class='ocrx_word' id='word_1_1445' title='bbox 2189 2536 2320 2567; x_wconf 83' lang='lat' dir='ltr'>muitum.</span> <span class='ocrx_word' id='word_1_1446' title='bbox 2364 2537 2407 2567; x_wconf 86' lang='lat' dir='ltr'>De</span> <span class='ocrx_word' id='word_1_1447' title='bbox 2427 2547 2493 2567; x_wconf 89' lang='lat' dir='ltr'>cau-</span> 
     </span>
     <span class='ocr_line' id='line_1_167' title="bbox 1358 2585 1554 2607; baseline -0.01 0"><span class='ocrx_word' id='word_1_1448' title='bbox 1358 2587 1391 2607; x_wconf 87' lang='lat' dir='ltr'>ca</span> <span class='ocrx_word' id='word_1_1449' title='bbox 1405 2587 1411 2606; x_wconf 92' lang='lat' dir='ltr'>i</span> <span class='ocrx_word' id='word_1_1450' title='bbox 1435 2586 1450 2606; x_wconf 90' lang='lat' dir='ltr'>e</span> <span class='ocrx_word' id='word_1_1451' title='bbox 1481 2586 1508 2605; x_wconf 91' lang='lat' dir='ltr'>er</span> <span class='ocrx_word' id='word_1_1452' title='bbox 1531 2585 1554 2605; x_wconf 91' lang='lat' dir='ltr'>a.</span> 
     </span>
    </p>
   </div>
   <div class='ocr_carea' id='block_1_17' title="bbox 1318 2610 2502 4047">
    <p class='ocr_par' dir='ltr' id='par_1_87' title="bbox 1358 2610 2111 2649">
     <span class='ocr_line' id='line_1_168' title="bbox 1358 2610 2111 2649; baseline -0.007 -4"><span class='ocrx_word' id='word_1_1453' title='bbox 1358 2615 1464 2645; x_wconf 89' lang='lat' dir='ltr'>Contra</span> <span class='ocrx_word' id='word_1_1454' title='bbox 1473 2620 1600 2643; x_wconf 87' lang='lat' dir='ltr'>naturam</span> <span class='ocrx_word' id='word_1_1455' title='bbox 1607 2610 1767 2649; x_wconf 80' lang='lat' dir='ltr'>conceptio.</span> <span class='ocrx_word' id='word_1_1456' title='bbox 1792 2611 1853 2641; x_wconf 89' lang='lat' dir='ltr'>Cic.</span> <span class='ocrx_word' id='word_1_1457' title='bbox 1868 2620 1894 2642; x_wconf 87' lang='lat'>2.</span> <span class='ocrx_word' id='word_1_1458' title='bbox 1910 2611 1947 2641; x_wconf 89' lang='lat' dir='ltr'>de</span> <span class='ocrx_word' id='word_1_1459' title='bbox 1957 2611 2051 2641; x_wconf 85' lang='lat' dir='ltr'>Divin.</span> <span class='ocrx_word' id='word_1_1460' title='bbox 2065 2621 2111 2647; x_wconf 78' lang='lat'>49.</span> 
     </span>
    </p>

    <p class='ocr_par' dir='ltr' id='par_1_88' title="bbox 1358 2649 2492 2764">
     <span class='ocr_line' id='line_1_169' title="bbox 1358 2649 2492 2689; baseline -0.001 -7"><span class='ocrx_word' id='word_1_1461' title='bbox 1358 2652 1554 2684; x_wconf 84' lang='lat' dir='ltr'>Formularum</span> <span class='ocrx_word' id='word_1_1462' title='bbox 1575 2652 1736 2688; x_wconf 87' lang='lat' dir='ltr'>conceptio.</span> <span class='ocrx_word' id='word_1_1463' title='bbox 1777 2649 1852 2679; x_wconf 90' lang='lat' dir='ltr'>Paul.</span> <span class='ocrx_word' id='word_1_1464' title='bbox 1871 2650 1901 2678; x_wconf 89' lang='lat' dir='ltr'>in</span> <span class='ocrx_word' id='word_1_1465' title='bbox 1919 2649 1938 2679; x_wconf 90' lang='lat' dir='ltr'>l.</span> <span class='ocrx_word' id='word_1_1466' title='bbox 1958 2650 2032 2679; x_wconf 68' lang='lat' dir='ltr'>attio</span> <span class='ocrx_word' id='word_1_1467' title='bbox 2045 2650 2230 2687; x_wconf 81' lang='lat' dir='ltr'>negotiorum.</span> <span class='ocrx_word' id='word_1_1468' title='bbox 2252 2649 2286 2680; x_wconf 90' lang='lat' dir='ltr'>D.</span> <span class='ocrx_word' id='word_1_1469' title='bbox 2308 2651 2343 2680; x_wconf 86' lang='lat' dir='ltr'>de</span> <span class='ocrx_word' id='word_1_1470' title='bbox 2362 2651 2492 2689; x_wconf 70' lang='lat' dir='ltr'>Negotiis</span> 
     </span>
     <span class='ocr_line' id='line_1_170' title="bbox 1376 2688 2492 2729; baseline -0.001 -8"><span class='ocrx_word' id='word_1_1471' title='bbox 1376 2691 1459 2729; x_wconf 80' lang='lat' dir='ltr'>gestis</span> <span class='ocrx_word' id='word_1_1472' title='bbox 1469 2713 1477 2726; x_wconf 89' lang='lat'>,</span> <span class='ocrx_word' id='word_1_1473' title='bbox 1500 2691 1532 2720; x_wconf 92' lang='lat' dir='ltr'>In</span> <span class='ocrx_word' id='word_1_1474' title='bbox 1546 2688 1772 2719; x_wconf 89' lang='lat' dir='ltr'>extraordinariis</span> <span class='ocrx_word' id='word_1_1475' title='bbox 1782 2688 1896 2724; x_wconf 66' lang='lat' dir='ltr'>iudiciis</span> <span class='ocrx_word' id='word_1_1476' title='bbox 1907 2688 1955 2717; x_wconf 90' lang='lat' dir='ltr'>ubi</span> <span class='ocrx_word' id='word_1_1477' title='bbox 1965 2689 2116 2726; x_wconf 88' lang='lat' dir='ltr'>conceptio</span> <span class='ocrx_word' id='word_1_1478' title='bbox 2127 2688 2311 2719; x_wconf 81' lang='lat' dir='ltr'>formularum</span> <span class='ocrx_word' id='word_1_1479' title='bbox 2331 2699 2388 2719; x_wconf 84' lang='lat' dir='ltr'>non</span> <span class='ocrx_word' id='word_1_1480' title='bbox 2401 2691 2492 2720; x_wconf 80' lang='lat' dir='ltr'>obier-</span> 
     </span>
     <span class='ocr_line' id='line_1_171' title="bbox 1377 2725 1938 2764; baseline -0.007 -5"><span class='ocrx_word' id='word_1_1481' title='bbox 1377 2737 1457 2759; x_wconf 85' lang='lat' dir='ltr'>vatur</span> <span class='ocrx_word' id='word_1_1482' title='bbox 1468 2750 1476 2764; x_wconf 89' lang='lat'>‚</span> <span class='ocrx_word' id='word_1_1483' title='bbox 1497 2728 1558 2758; x_wconf 86' lang='lat' dir='ltr'>haec</span> <span class='ocrx_word' id='word_1_1484' title='bbox 1568 2727 1704 2757; x_wconf 88' lang='lat' dir='ltr'>subtilitas</span> <span class='ocrx_word' id='word_1_1485' title='bbox 1714 2727 1883 2764; x_wconf 87' lang='lat' dir='ltr'>supervacua</span> <span class='ocrx_word' id='word_1_1486' title='bbox 1892 2725 1938 2755; x_wconf 88' lang='lat' dir='ltr'>est.</span> 
     </span>
    </p>

    <p class='ocr_par' dir='ltr' id='par_1_89' title="bbox 1358 2763 2494 2880">
     <span class='ocr_line' id='line_1_172' title="bbox 1358 2763 2490 2804; baseline -0.002 -7"><span class='ocrx_word' id='word_1_1487' title='bbox 1358 2767 1515 2798; x_wconf 90' lang='lat' dir='ltr'>Verborum</span> <span class='ocrx_word' id='word_1_1488' title='bbox 1524 2766 1684 2804; x_wconf 89' lang='lat' dir='ltr'>conceptio.</span> <span class='ocrx_word' id='word_1_1489' title='bbox 1724 2764 1860 2802; x_wconf 89' lang='lat' dir='ltr'>Pompon.</span> <span class='ocrx_word' id='word_1_1490' title='bbox 1874 2763 1931 2793; x_wconf 86' lang='lat' dir='ltr'>inl.</span> <span class='ocrx_word' id='word_1_1491' title='bbox 1945 2774 1968 2799; x_wconf 80' lang='grc' dir='ltr'>ς.</span> <span class='ocrx_word' id='word_1_1492' title='bbox 1988 2763 2009 2801; x_wconf 88' lang='lat'>§.</span> <span class='ocrx_word' id='word_1_1493' title='bbox 2028 2763 2060 2794; x_wconf 92' lang='lat' dir='ltr'>D.</span> <span class='ocrx_word' id='word_1_1494' title='bbox 2084 2764 2120 2793; x_wconf 90' lang='lat' dir='ltr'>de</span> <span class='ocrx_word' id='word_1_1495' title='bbox 2137 2763 2211 2794; x_wconf 86' lang='lat' dir='ltr'>verb.</span> <span class='ocrx_word' id='word_1_1496' title='bbox 2233 2763 2318 2803; x_wconf 81' lang='lat' dir='ltr'>oblig.</span> <span class='ocrx_word' id='word_1_1497' title='bbox 2341 2765 2490 2803; x_wconf 78' lang='lat' dir='ltr'>Stipiiiatio</span> 
     </span>
     <span class='ocr_line' id='line_1_173' title="bbox 1377 2801 2494 2841; baseline -0.004 -5"><span class='ocrx_word' id='word_1_1498' title='bbox 1377 2812 1472 2836; x_wconf 87' lang='lat' dir='ltr'>autem</span> <span class='ocrx_word' id='word_1_1499' title='bbox 1482 2805 1520 2834; x_wconf 85' lang='lat' dir='ltr'>est</span> <span class='ocrx_word' id='word_1_1500' title='bbox 1533 2803 1682 2834; x_wconf 87' lang='lat' dir='ltr'>verborum</span> <span class='ocrx_word' id='word_1_1501' title='bbox 1695 2804 1857 2841; x_wconf 78' lang='lat' dir='ltr'>conceptio,</span> <span class='ocrx_word' id='word_1_1502' title='bbox 1879 2801 1981 2839; x_wconf 87' lang='lat' dir='ltr'>quibus</span> <span class='ocrx_word' id='word_1_1503' title='bbox 1997 2803 2019 2831; x_wconf 87' lang='lat' dir='ltr'>is</span> <span class='ocrx_word' id='word_1_1504' title='bbox 2029 2802 2075 2839; x_wconf 85' lang='lat' dir='ltr'>qui</span> <span class='ocrx_word' id='word_1_1505' title='bbox 2086 2803 2270 2840; x_wconf 86' lang='lat' dir='ltr'>interrogatur</span> <span class='ocrx_word' id='word_1_1506' title='bbox 2282 2825 2290 2839; x_wconf 87' lang='lat'>,</span> <span class='ocrx_word' id='word_1_1507' title='bbox 2312 2804 2442 2834; x_wconf 81' lang='lat' dir='ltr'>daturum</span> <span class='ocrx_word' id='word_1_1508' title='bbox 2454 2806 2494 2834; x_wconf 76' lang='lat' dir='ltr'>sa..</span> 
     </span>
     <span class='ocr_line' id='line_1_174' title="bbox 1379 2837 2124 2880; baseline -0.007 -6"><span class='ocrx_word' id='word_1_1509' title='bbox 1379 2845 1526 2874; x_wconf 65' lang='lat' dir='ltr'>&amp;urumve</span> <span class='ocrx_word' id='word_1_1510' title='bbox 1535 2842 1561 2872; x_wconf 87' lang='lat' dir='ltr'>sc</span> <span class='ocrx_word' id='word_1_1511' title='bbox 1570 2842 1649 2880; x_wconf 53' lang='lat' dir='ltr'>‘quod</span> <span class='ocrx_word' id='word_1_1512' title='bbox 1666 2843 1852 2878; x_wconf 79' lang='lat' dir='ltr'>interrogatus</span> <span class='ocrx_word' id='word_1_1513' title='bbox 1862 2841 1900 2869; x_wconf 87' lang='lat' dir='ltr'>est</span> <span class='ocrx_word' id='word_1_1514' title='bbox 1910 2862 1918 2875; x_wconf 89' lang='lat'>,</span> <span class='ocrx_word' id='word_1_1515' title='bbox 1940 2837 2124 2878; x_wconf 81' lang='lat' dir='ltr'>responderit.</span> 
     </span>
    </p>

    <p class='ocr_par' dir='ltr' id='par_1_90' title="bbox 1357 2877 2491 3032">
     <span class='ocr_line' id='line_1_175' title="bbox 1357 2877 2491 2920; baseline -0.005 -8"><span class='ocrx_word' id='word_1_1516' title='bbox 1357 2880 1538 2920; x_wconf 82' lang='lat' dir='ltr'>Conceptio,</span> <span class='ocrx_word' id='word_1_1517' title='bbox 1560 2879 1694 2915; x_wconf 84' lang='lat' dir='ltr'>absolute,</span> <span class='ocrx_word' id='word_1_1518' title='bbox 1716 2880 1792 2909; x_wconf 91' lang='lat' dir='ltr'>idern</span> <span class='ocrx_word' id='word_1_1519' title='bbox 1804 2878 1881 2917; x_wconf 85' lang='lat' dir='ltr'>quod</span> <span class='ocrx_word' id='word_1_1520' title='bbox 1891 2878 2030 2908; x_wconf 81' lang='lat' dir='ltr'>Formuia.</span> <span class='ocrx_word' id='word_1_1521' title='bbox 2068 2878 2125 2908; x_wconf 86' lang='lat' dir='ltr'>Cic.</span> <span class='ocrx_word' id='word_1_1522' title='bbox 2137 2887 2161 2906; x_wconf 86' lang='lat'>2.</span> <span class='ocrx_word' id='word_1_1523' title='bbox 2173 2878 2208 2908; x_wconf 87' lang='lat' dir='ltr'>de</span> <span class='ocrx_word' id='word_1_1524' title='bbox 2218 2877 2324 2908; x_wconf 71' lang='lat' dir='ltr'>invent.</span> <span class='ocrx_word' id='word_1_1525' title='bbox 2341 2884 2385 2913; x_wconf 72' lang='lat'>&lt;8-</span> <span class='ocrx_word' id='word_1_1526' title='bbox 2408 2879 2491 2917; x_wconf 77' lang='lat' dir='ltr'>Injii.</span> 
     </span>
     <span class='ocr_line' id='line_1_176' title="bbox 1378 2916 2489 2957; baseline -0.004 -7"><span class='ocrx_word' id='word_1_1527' title='bbox 1378 2930 1407 2950; x_wconf 93' lang='lat' dir='ltr'>re</span> <span class='ocrx_word' id='word_1_1528' title='bbox 1418 2919 1601 2957; x_wconf 82' lang='lat' dir='ltr'>exceptiones</span> <span class='ocrx_word' id='word_1_1529' title='bbox 1613 2916 1788 2956; x_wconf 82' lang='lat' dir='ltr'>postulantur</span> <span class='ocrx_word' id='word_1_1530' title='bbox 1800 2938 1809 2953; x_wconf 84' lang='lat'>,</span> <span class='ocrx_word' id='word_1_1531' title='bbox 1831 2918 1858 2947; x_wconf 69' lang='grc' dir='ltr'>ἃ</span> <span class='ocrx_word' id='word_1_1532' title='bbox 1869 2916 2080 2954; x_wconf 82' lang='lat' dir='ltr'>quodammodo</span> <span class='ocrx_word' id='word_1_1533' title='bbox 2096 2917 2196 2953; x_wconf 83' lang='lat' dir='ltr'>agendi</span> <span class='ocrx_word' id='word_1_1534' title='bbox 2208 2917 2326 2954; x_wconf 87' lang='lat' dir='ltr'>potestas</span> <span class='ocrx_word' id='word_1_1535' title='bbox 2338 2918 2420 2947; x_wconf 84' lang='lat' dir='ltr'>datur</span> <span class='ocrx_word' id='word_1_1536' title='bbox 2431 2940 2440 2952; x_wconf 91' lang='lat'>,</span> <span class='ocrx_word' id='word_1_1537' title='bbox 2463 2921 2489 2949; x_wconf 62' lang='grc' dir='ltr'>ἅς</span> 
     </span>
     <span class='ocr_line' id='line_1_177' title="bbox 1377 2954 2491 2994; baseline -0.001 -7"><span class='ocrx_word' id='word_1_1538' title='bbox 1377 2959 1473 2987; x_wconf 85' lang='lat' dir='ltr'>omi-iis</span> <span class='ocrx_word' id='word_1_1539' title='bbox 1490 2958 1641 2994; x_wconf 85' lang='lat' dir='ltr'>conceptio</span> <span class='ocrx_word' id='word_1_1540' title='bbox 1655 2957 1827 2994; x_wconf 84' lang='lat' dir='ltr'>privatorum</span> <span class='ocrx_word' id='word_1_1541' title='bbox 1840 2955 2013 2991; x_wconf 84' lang='lat' dir='ltr'>judiciorum</span> <span class='ocrx_word' id='word_1_1542' title='bbox 2028 2955 2216 2984; x_wconf 76' lang='lat' dir='ltr'>constituitur.</span> <span class='ocrx_word' id='word_1_1543' title='bbox 2238 2954 2312 2984; x_wconf 84' lang='lat' dir='ltr'>Paul.</span> <span class='ocrx_word' id='word_1_1544' title='bbox 2324 2955 2343 2984; x_wconf 94' lang='lat' dir='ltr'>l.</span> <span class='ocrx_word' id='word_1_1545' title='bbox 2357 2964 2382 2991; x_wconf 86' lang='lat'>3.</span> <span class='ocrx_word' id='word_1_1546' title='bbox 2405 2956 2439 2985; x_wconf 93' lang='lat' dir='ltr'>D.</span> <span class='ocrx_word' id='word_1_1547' title='bbox 2454 2957 2491 2986; x_wconf 84' lang='lat' dir='ltr'>dc</span> 
     </span>
     <span class='ocr_line' id='line_1_178' title="bbox 1379 2992 2187 3032; baseline -0.006 -6"><span class='ocrx_word' id='word_1_1548' title='bbox 1379 2996 1499 3026; x_wconf 82' lang='lat' dir='ltr'>accusat.</span> <span class='ocrx_word' id='word_1_1549' title='bbox 1524 2995 1697 3025; x_wconf 81' lang='lat' dir='ltr'>Libellorum</span> <span class='ocrx_word' id='word_1_1550' title='bbox 1708 2993 1898 3032; x_wconf 88' lang='lat' dir='ltr'>inscriptionis</span> <span class='ocrx_word' id='word_1_1551' title='bbox 1908 2993 2059 3030; x_wconf 86' lang='lat' dir='ltr'>conceptio</span> <span class='ocrx_word' id='word_1_1552' title='bbox 2067 2992 2130 3022; x_wconf 84' lang='lat' dir='ltr'>talis</span> <span class='ocrx_word' id='word_1_1553' title='bbox 2140 2993 2187 3021; x_wconf 87' lang='lat' dir='ltr'>est.</span> 
     </span>
    </p>

    <p class='ocr_par' dir='ltr' id='par_1_91' title="bbox 1359 3030 2491 3182">
     <span class='ocr_line' id='line_1_179' title="bbox 1359 3030 2491 3072; baseline -0.003 -8"><span class='ocrx_word' id='word_1_1554' title='bbox 1359 3034 1519 3072; x_wconf 86' lang='lat' dir='ltr'>Conceptio</span> <span class='ocrx_word' id='word_1_1555' title='bbox 1531 3056 1539 3069; x_wconf 91' lang='lat'>,</span> <span class='ocrx_word' id='word_1_1556' title='bbox 1560 3033 1638 3072; x_wconf 88' lang='lat' dir='ltr'>apud</span> <span class='ocrx_word' id='word_1_1557' title='bbox 1652 3033 1808 3062; x_wconf 86' lang='lat' dir='ltr'>Vitruvium</span> <span class='ocrx_word' id='word_1_1558' title='bbox 1823 3042 1849 3068; x_wconf 85' lang='lat'>9.</span> <span class='ocrx_word' id='word_1_1559' title='bbox 1859 3042 1886 3068; x_wconf 79' lang='lat'>4.</span> <span class='ocrx_word' id='word_1_1560' title='bbox 1910 3031 2128 3068; x_wconf 84' lang='lat' dir='ltr'>Comprehenfio</span> <span class='ocrx_word' id='word_1_1561' title='bbox 2144 3030 2197 3065; x_wconf 73' lang='lat' dir='ltr'>est,</span> <span class='ocrx_word' id='word_1_1562' title='bbox 2220 3031 2245 3060; x_wconf 78' lang='grc' dir='ltr'>δι</span> <span class='ocrx_word' id='word_1_1563' title='bbox 2257 3030 2419 3067; x_wconf 85' lang='lat' dir='ltr'>complexio</span> <span class='ocrx_word' id='word_1_1564' title='bbox 2431 3054 2438 3067; x_wconf 92' lang='lat'><strong>‚</strong></span> <span class='ocrx_word' id='word_1_1565' title='bbox 2459 3039 2491 3061; x_wconf 90' lang='lat' dir='ltr'>iit</span> 
     </span>
     <span class='ocr_line' id='line_1_180' title="bbox 1379 3069 2491 3110; baseline -0.005 -8"><span class='ocrx_word' id='word_1_1566' title='bbox 1379 3082 1467 3110; x_wconf 82' lang='lat' dir='ltr'>quum</span> <span class='ocrx_word' id='word_1_1567' title='bbox 1478 3072 1512 3101; x_wconf 91' lang='lat' dir='ltr'>ab</span> <span class='ocrx_word' id='word_1_1568' title='bbox 1522 3081 1556 3101; x_wconf 92' lang='lat' dir='ltr'>eo</span> <span class='ocrx_word' id='word_1_1569' title='bbox 1569 3071 1691 3101; x_wconf 89' lang='lat' dir='ltr'>mundus</span> <span class='ocrx_word' id='word_1_1570' title='bbox 1701 3070 1835 3100; x_wconf 82' lang='lat' dir='ltr'>definitur</span> <span class='ocrx_word' id='word_1_1571' title='bbox 1844 3092 1853 3104; x_wconf 97' lang='lat'>,</span> <span class='ocrx_word' id='word_1_1572' title='bbox 1876 3069 2015 3099; x_wconf 87' lang='lat' dir='ltr'>Omnium</span> <span class='ocrx_word' id='word_1_1573' title='bbox 2026 3076 2130 3098; x_wconf 81' lang='lat' dir='ltr'>naturae</span> <span class='ocrx_word' id='word_1_1574' title='bbox 2147 3078 2239 3098; x_wconf 82' lang='lat' dir='ltr'>reruni</span> <span class='ocrx_word' id='word_1_1575' title='bbox 2257 3070 2409 3106; x_wconf 84' lang='lat' dir='ltr'>conceptio</span> <span class='ocrx_word' id='word_1_1576' title='bbox 2418 3071 2491 3100; x_wconf 75' lang='lat' dir='ltr'>ium-</span> 
     </span>
     <span class='ocr_line' id='line_1_181' title="bbox 1377 3106 2489 3146; baseline -0.003 -6"><span class='ocrx_word' id='word_1_1577' title='bbox 1377 3120 1433 3141; x_wconf 88' lang='lat' dir='ltr'>ma.</span> <span class='ocrx_word' id='word_1_1578' title='bbox 1474 3110 1601 3140; x_wconf 78' lang='lat' dir='ltr'>Mundus</span> <span class='ocrx_word' id='word_1_1579' title='bbox 1620 3110 1697 3139; x_wconf 82' lang='lat' dir='ltr'>enim</span> <span class='ocrx_word' id='word_1_1580' title='bbox 1719 3108 1766 3138; x_wconf 91' lang='lat' dir='ltr'>sua</span> <span class='ocrx_word' id='word_1_1581' title='bbox 1785 3107 1973 3146; x_wconf 75' lang='lat' dir='ltr'>amplitudine</span> <span class='ocrx_word' id='word_1_1582' title='bbox 1996 3115 2089 3137; x_wconf 87' lang='lat' dir='ltr'>rerum</span> <span class='ocrx_word' id='word_1_1583' title='bbox 2109 3106 2245 3136; x_wconf 85' lang='lat' dir='ltr'>sumniam</span> <span class='ocrx_word' id='word_1_1584' title='bbox 2270 3108 2489 3146; x_wconf 70' lang='lat' dir='ltr'>complectitur,</span> 
     </span>
     <span class='ocr_line' id='line_1_182' title="bbox 1379 3146 2365 3182; baseline -0.007 -3"><span class='ocrx_word' id='word_1_1585' title='bbox 1379 3149 1508 3179; x_wconf 89' lang='lat' dir='ltr'>continet</span> <span class='ocrx_word' id='word_1_1586' title='bbox 1524 3170 1532 3182; x_wconf 81' lang='grc'><em>,</em></span> <span class='ocrx_word' id='word_1_1587' title='bbox 1554 3155 1639 3178; x_wconf 87' lang='lat' dir='ltr'>arcet.</span> <span class='ocrx_word' id='word_1_1588' title='bbox 1679 3146 1839 3177; x_wconf 80' lang='lat' dir='ltr'>Turnebus.</span> <span class='ocrx_word' id='word_1_1589' title='bbox 2362 3147 2365 3149; x_wconf 74' lang='grc'><strong><em>’</em></strong></span> 
     </span>
    </p>

    <p class='ocr_par' dir='ltr' id='par_1_92' title="bbox 1320 3182 2489 3222">
     <span class='ocr_line' id='line_1_183' title="bbox 1320 3182 2489 3222; baseline -0.003 -5"><span class='ocrx_word' id='word_1_1590' title='bbox 1320 3188 1567 3221; x_wconf 74' lang='grc' dir='ltr'><strong>ῸοΝοῑΡΤυε,</strong></span> <span class='ocrx_word' id='word_1_1591' title='bbox 1587 3187 1629 3216; x_wconf 70' lang='lat' dir='ltr'>us.</span> <span class='ocrx_word' id='word_1_1592' title='bbox 1651 3195 1690 3215; x_wconf 85' lang='lat' dir='ltr'>m.</span> <span class='ocrx_word' id='word_1_1593' title='bbox 1720 3184 1849 3222; x_wconf 58' lang='lat' dir='ltr'>[abuma]</span> <span class='ocrx_word' id='word_1_1594' title='bbox 1877 3193 1928 3222; x_wconf 90' lang='lat' dir='ltr'>pro</span> <span class='ocrx_word' id='word_1_1595' title='bbox 1947 3182 2009 3221; x_wconf 82' lang='lat' dir='ltr'>Ipso</span> <span class='ocrx_word' id='word_1_1596' title='bbox 2030 3183 2111 3212; x_wconf 81' lang='lat' dir='ltr'>foetu.</span> <span class='ocrx_word' id='word_1_1597' title='bbox 2149 3182 2219 3212; x_wconf 90' lang='lat' dir='ltr'>Plin.</span> <span class='ocrx_word' id='word_1_1598' title='bbox 2238 3182 2285 3211; x_wconf 80' lang='lat' dir='ltr'>lib.</span> <span class='ocrx_word' id='word_1_1599' title='bbox 2298 3192 2343 3212; x_wconf 84' lang='lat'>20.</span> <span class='ocrx_word' id='word_1_1600' title='bbox 2365 3193 2428 3222; x_wconf 83' lang='lat' dir='ltr'>cap.</span> <span class='ocrx_word' id='word_1_1601' title='bbox 2441 3194 2489 3216; x_wconf 73' lang='grc' dir='ltr'>η.</span> 
     </span>
    </p>

    <p class='ocr_par' dir='ltr' id='par_1_93' title="bbox 1360 3221 2491 3262">
     <span class='ocr_line' id='line_1_184' title="bbox 1360 3221 2491 3262; baseline -0.001 -7"><span class='ocrx_word' id='word_1_1602' title='bbox 1360 3225 1427 3256; x_wconf 90' lang='lat' dir='ltr'>Non</span> <span class='ocrx_word' id='word_1_1603' title='bbox 1436 3225 1579 3255; x_wconf 89' lang='lat' dir='ltr'>edendum</span> <span class='ocrx_word' id='word_1_1604' title='bbox 1591 3224 1712 3262; x_wconf 77' lang='lat' dir='ltr'>gravidis</span> <span class='ocrx_word' id='word_1_1605' title='bbox 1722 3245 1730 3259; x_wconf 88' lang='lat'>,</span> <span class='ocrx_word' id='word_1_1606' title='bbox 1751 3223 1799 3252; x_wconf 77' lang='lat' dir='ltr'>nifi</span> <span class='ocrx_word' id='word_1_1607' title='bbox 1811 3229 1922 3251; x_wconf 72' lang='lat' dir='ltr'>moi-tuo</span> <span class='ocrx_word' id='word_1_1608' title='bbox 1935 3228 2094 3259; x_wconf 83' lang='lat' dir='ltr'>conceptu,</span> <span class='ocrx_word' id='word_1_1609' title='bbox 2115 3221 2221 3259; x_wconf 81' lang='lat' dir='ltr'>quippe</span> <span class='ocrx_word' id='word_1_1610' title='bbox 2233 3221 2319 3251; x_wconf 86' lang='lat' dir='ltr'>etiam</span> <span class='ocrx_word' id='word_1_1611' title='bbox 2328 3222 2491 3260; x_wconf 77' lang='lat' dir='ltr'>impolitum</span> 
     </span>
    </p>

    <p class='ocr_par' dir='ltr' id='par_1_94' title="bbox 1357 3261 2092 3301">
     <span class='ocr_line' id='line_1_185' title="bbox 1357 3261 2092 3301; baseline -0.008 -8"><span class='ocrx_word' id='word_1_1612' title='bbox 1357 3264 1446 3300; x_wconf 81' lang='lat' dir='ltr'>ejicit.</span> <span class='ocrx_word' id='word_1_1613' title='bbox 1488 3262 1688 3301; x_wconf 83' lang='lat' dir='ltr'>DeSisymbrio</span> <span class='ocrx_word' id='word_1_1614' title='bbox 1698 3261 1830 3298; x_wconf 79' lang='lat' dir='ltr'>loquitur.</span> <span class='ocrx_word' id='word_1_1615' title='bbox 2090 3294 2092 3296; x_wconf 26' lang='grc' dir='ltr'>Ι</span> 
     </span>
    </p>

    <p class='ocr_par' dir='ltr' id='par_1_95' title="bbox 1359 3295 2489 3415">
     <span class='ocr_line' id='line_1_186' title="bbox 1359 3295 2489 3340; baseline -0.004 -8"><span class='ocrx_word' id='word_1_1616' title='bbox 1359 3302 1525 3340; x_wconf 85' lang='lat' dir='ltr'>Conceptus</span> <span class='ocrx_word' id='word_1_1617' title='bbox 1535 3321 1543 3336; x_wconf 85' lang='lat'><strong>‚</strong></span> <span class='ocrx_word' id='word_1_1618' title='bbox 1574 3300 1698 3337; x_wconf 67' lang='grc' dir='ltr'>[κύησις]</span> <span class='ocrx_word' id='word_1_1619' title='bbox 1720 3300 1803 3328; x_wconf 73' lang='lat' dir='ltr'>Actus</span> <span class='ocrx_word' id='word_1_1620' title='bbox 1832 3297 1888 3336; x_wconf 87' lang='lat' dir='ltr'>ipse</span> <span class='ocrx_word' id='word_1_1621' title='bbox 1916 3296 2109 3335; x_wconf 82' lang='lat' dir='ltr'>concipiendi.</span> <span class='ocrx_word' id='word_1_1622' title='bbox 2146 3295 2208 3326; x_wconf 81' lang='lat' dir='ltr'>Cic.</span> <span class='ocrx_word' id='word_1_1623' title='bbox 2232 3306 2256 3326; x_wconf 79' lang='lat' dir='ltr'>x.</span> <span class='ocrx_word' id='word_1_1624' title='bbox 2274 3297 2311 3326; x_wconf 88' lang='lat' dir='ltr'>de</span> <span class='ocrx_word' id='word_1_1625' title='bbox 2330 3297 2424 3328; x_wconf 83' lang='lat' dir='ltr'>Divin.</span> <span class='ocrx_word' id='word_1_1626' title='bbox 2441 3308 2489 3334; x_wconf 71' lang='lat'>93.</span> 
     </span>
     <span class='ocr_line' id='line_1_187' title="bbox 1379 3334 2489 3376; baseline -0.003 -6"><span class='ocrx_word' id='word_1_1627' title='bbox 1379 3338 1472 3370; x_wconf 85' lang='lat' dir='ltr'>Multa</span> <span class='ocrx_word' id='word_1_1628' title='bbox 1483 3339 1609 3369; x_wconf 89' lang='lat' dir='ltr'>inusitata</span> <span class='ocrx_word' id='word_1_1629' title='bbox 1619 3339 1719 3376; x_wconf 80' lang='lat' dir='ltr'>partim</span> <span class='ocrx_word' id='word_1_1630' title='bbox 1732 3347 1748 3366; x_wconf 88' lang='lat' dir='ltr'>e</span> <span class='ocrx_word' id='word_1_1631' title='bbox 1758 3335 1832 3366; x_wconf 86' lang='lat' dir='ltr'>coelo</span> <span class='ocrx_word' id='word_1_1632' title='bbox 1844 3358 1852 3371; x_wconf 85' lang='lat'>.,</span> <span class='ocrx_word' id='word_1_1633' title='bbox 1874 3336 1926 3364; x_wconf 87' lang='lat' dir='ltr'>alia</span> <span class='ocrx_word' id='word_1_1634' title='bbox 1934 3345 1967 3364; x_wconf 82' lang='lat' dir='ltr'>ex</span> <span class='ocrx_word' id='word_1_1635' title='bbox 1977 3343 2046 3364; x_wconf 88' lang='lat' dir='ltr'>terra</span> <span class='ocrx_word' id='word_1_1636' title='bbox 2056 3334 2234 3370; x_wconf 81' lang='lat' dir='ltr'>oriebantur,</span> <span class='ocrx_word' id='word_1_1637' title='bbox 2254 3336 2386 3374; x_wconf 79' lang='lat' dir='ltr'>quaedam</span> <span class='ocrx_word' id='word_1_1638' title='bbox 2403 3338 2489 3367; x_wconf 86' lang='lat' dir='ltr'>etiam</span> 
     </span>
     <span class='ocr_line' id='line_1_188' title="bbox 1377 3372 2037 3415; baseline -0.009 -8"><span class='ocrx_word' id='word_1_1639' title='bbox 1377 3387 1413 3407; x_wconf 89' lang='lat' dir='ltr'>ex</span> <span class='ocrx_word' id='word_1_1640' title='bbox 1421 3377 1574 3407; x_wconf 84' lang='lat' dir='ltr'>hominum</span> <span class='ocrx_word' id='word_1_1641' title='bbox 1586 3376 1763 3415; x_wconf 81' lang='lat' dir='ltr'>pecudumve</span> <span class='ocrx_word' id='word_1_1642' title='bbox 1779 3381 1920 3412; x_wconf 85' lang='lat' dir='ltr'>conceptu</span> <span class='ocrx_word' id='word_1_1643' title='bbox 1935 3374 1961 3403; x_wconf 72' lang='grc' dir='ltr'>δι</span> <span class='ocrx_word' id='word_1_1644' title='bbox 1971 3372 2037 3402; x_wconf 77' lang='lat' dir='ltr'>sat-u.</span> 
     </span>
    </p>

    <p class='ocr_par' dir='ltr' id='par_1_96' title="bbox 1358 3408 2490 3491">
     <span class='ocr_line' id='line_1_189' title="bbox 1358 3408 2490 3453; baseline -0.009 -7"><span class='ocrx_word' id='word_1_1645' title='bbox 1358 3411 1453 3446; x_wconf 82' lang='lat' dir='ltr'>Terrae</span> <span class='ocrx_word' id='word_1_1646' title='bbox 1472 3421 1615 3453; x_wconf 89' lang='lat' dir='ltr'>conceptu</span> <span class='ocrx_word' id='word_1_1647' title='bbox 1635 3413 1760 3451; x_wconf 80' lang='lat' dir='ltr'>generari</span> <span class='ocrx_word' id='word_1_1648' title='bbox 1784 3413 1811 3442; x_wconf 76' lang='grc' dir='ltr'>δι</span> <span class='ocrx_word' id='word_1_1649' title='bbox 1827 3412 1882 3441; x_wconf 88' lang='lat' dir='ltr'>edi.</span> <span class='ocrx_word' id='word_1_1650' title='bbox 1923 3410 1982 3440; x_wconf 88' lang='lat' dir='ltr'>Cic.</span> <span class='ocrx_word' id='word_1_1651' title='bbox 1995 3412 2030 3439; x_wconf 90' lang='lat' dir='ltr'>de</span> <span class='ocrx_word' id='word_1_1652' title='bbox 2041 3408 2163 3440; x_wconf 75' lang='lat' dir='ltr'>Univers.</span> <span class='ocrx_word' id='word_1_1653' title='bbox 2176 3419 2220 3446; x_wconf 77' lang='lat'>33.</span> <span class='ocrx_word' id='word_1_1654' title='bbox 2249 3411 2396 3441; x_wconf 83' lang='lat' dir='ltr'>Oceanum</span> <span class='ocrx_word' id='word_1_1655' title='bbox 2414 3412 2490 3442; x_wconf 66' lang='lat' dir='ltr'>Saia.</span> 
     </span>
     <span class='ocr_line' id='line_1_190' title="bbox 1380 3448 2488 3491; baseline -0.002 -8"><span class='ocrx_word' id='word_1_1656' title='bbox 1380 3454 1509 3491; x_wconf 89' lang='lat' dir='ltr'>ciamque</span> <span class='ocrx_word' id='word_1_1657' title='bbox 1519 3453 1579 3483; x_wconf 81' lang='lat' dir='ltr'>caeli</span> <span class='ocrx_word' id='word_1_1658' title='bbox 1588 3452 1647 3482; x_wconf 88' lang='lat' dir='ltr'>satu</span> <span class='ocrx_word' id='word_1_1659' title='bbox 1659 3459 1792 3488; x_wconf 85' lang='lat' dir='ltr'>terraeque</span> <span class='ocrx_word' id='word_1_1660' title='bbox 1802 3454 1943 3487; x_wconf 80' lang='lat' dir='ltr'>conceptu</span> <span class='ocrx_word' id='word_1_1661' title='bbox 1963 3455 2107 3486; x_wconf 84' lang='lat' dir='ltr'>generatos</span> <span class='ocrx_word' id='word_1_1662' title='bbox 2124 3448 2271 3486; x_wconf 78' lang='lat' dir='ltr'>editosque</span> <span class='ocrx_word' id='word_1_1663' title='bbox 2284 3456 2488 3481; x_wconf 62' lang='lat' dir='ltr'>memoremus.</span> 
     </span>
    </p>

    <p class='ocr_par' dir='ltr' id='par_1_97' title="bbox 1357 3486 2488 3603">
     <span class='ocr_line' id='line_1_191' title="bbox 1357 3486 2485 3530; baseline -0.004 -8"><span class='ocrx_word' id='word_1_1664' title='bbox 1357 3490 1521 3530; x_wconf 80' lang='lat' dir='ltr'>Conceptus</span> <span class='ocrx_word' id='word_1_1665' title='bbox 1529 3491 1626 3520; x_wconf 85' lang='lat' dir='ltr'>animi.</span> <span class='ocrx_word' id='word_1_1666' title='bbox 1658 3490 1768 3520; x_wconf 79' lang='lat' dir='ltr'>Firmic.</span> <span class='ocrx_word' id='word_1_1667' title='bbox 1780 3488 1828 3517; x_wconf 92' lang='lat' dir='ltr'>lib.</span> <span class='ocrx_word' id='word_1_1668' title='bbox 1843 3499 1866 3522; x_wconf 80' lang='grc' dir='ltr'>ς.</span> <span class='ocrx_word' id='word_1_1669' title='bbox 1880 3497 1942 3524; x_wconf 85' lang='lat' dir='ltr'>cap.</span> <span class='ocrx_word' id='word_1_1670' title='bbox 1959 3497 2000 3516; x_wconf 86' lang='lat'>12.</span> <span class='ocrx_word' id='word_1_1671' title='bbox 2023 3486 2098 3517; x_wconf 77' lang='lat' dir='ltr'>Mars</span> <span class='ocrx_word' id='word_1_1672' title='bbox 2109 3486 2236 3516; x_wconf 85' lang='lat' dir='ltr'>homines</span> <span class='ocrx_word' id='word_1_1673' title='bbox 2245 3486 2485 3524; x_wconf 68' lang='lat' dir='ltr'>facietffiperbos,</span> 
     </span>
     <span class='ocr_line' id='line_1_192' title="bbox 1378 3523 2488 3565; baseline -0.004 -5"><span class='ocrx_word' id='word_1_1674' title='bbox 1378 3531 1509 3565; x_wconf 83' lang='lat' dir='ltr'>audaces,</span> <span class='ocrx_word' id='word_1_1675' title='bbox 1530 3528 1626 3563; x_wconf 80' lang='lat' dir='ltr'>saevos,</span> <span class='ocrx_word' id='word_1_1676' title='bbox 1648 3527 1815 3558; x_wconf 84' lang='lat' dir='ltr'>iracundos.</span> <span class='ocrx_word' id='word_1_1677' title='bbox 1838 3527 1865 3555; x_wconf 67' lang='grc' dir='ltr'>ἃ</span> <span class='ocrx_word' id='word_1_1678' title='bbox 1876 3527 1924 3563; x_wconf 88' lang='lat' dir='ltr'>qui</span> <span class='ocrx_word' id='word_1_1679' title='bbox 1936 3532 2035 3554; x_wconf 84' lang='lat' dir='ltr'>omnes</span> <span class='ocrx_word' id='word_1_1680' title='bbox 2050 3523 2185 3554; x_wconf 78' lang='lat' dir='ltr'>animisui</span> <span class='ocrx_word' id='word_1_1681' title='bbox 2195 3530 2350 3563; x_wconf 80' lang='lat' dir='ltr'>conceptus</span> <span class='ocrx_word' id='word_1_1682' title='bbox 2360 3526 2488 3556; x_wconf 81' lang='lat' dir='ltr'>studeant</span> 
     </span>
     <span class='ocr_line' id='line_1_193' title="bbox 1375 3563 2101 3603; baseline -0.01 -5"><span class='ocrx_word' id='word_1_1683' title='bbox 1375 3569 1411 3598; x_wconf 86' lang='lat' dir='ltr'>ad</span> <span class='ocrx_word' id='word_1_1684' title='bbox 1420 3568 1506 3598; x_wconf 81' lang='lat' dir='ltr'>finem</span> <span class='ocrx_word' id='word_1_1685' title='bbox 1516 3566 1601 3603; x_wconf 87' lang='lat' dir='ltr'>usque</span> <span class='ocrx_word' id='word_1_1686' title='bbox 1612 3565 1760 3595; x_wconf 86' lang='lat' dir='ltr'>deducere.</span> <span class='ocrx_word' id='word_1_1687' title='bbox 1809 3564 1992 3600; x_wconf 62' lang='grc' dir='ltr'>[ἐπ’νοιίκφπε.</span> <span class='ocrx_word' id='word_1_1688' title='bbox 2016 3563 2048 3591; x_wconf 88' lang='grc' dir='ltr'>Η.</span> <span class='ocrx_word' id='word_1_1689' title='bbox 2063 3563 2101 3592; x_wconf 88' lang='lat' dir='ltr'>St.</span> 
     </span>
    </p>

    <p class='ocr_par' dir='ltr' id='par_1_98' title="bbox 1318 3600 2486 3746">
     <span class='ocr_line' id='line_1_194' title="bbox 1318 3600 2486 3640; baseline -0.006 -4"><span class='ocrx_word' id='word_1_1690' title='bbox 1318 3606 1493 3637; x_wconf 66' lang='lat' dir='ltr'>Concui‘T</span> <span class='ocrx_word' id='word_1_1691' title='bbox 1503 3615 1520 3633; x_wconf 88' lang='lat' dir='ltr'>o</span> <span class='ocrx_word' id='word_1_1692' title='bbox 1531 3614 1557 3638; x_wconf 65' lang='lat' dir='ltr'>a,</span> <span class='ocrx_word' id='word_1_1693' title='bbox 1575 3604 1639 3633; x_wconf 68' lang='lat' dir='ltr'>oris.</span> <span class='ocrx_word' id='word_1_1694' title='bbox 1657 3613 1693 3633; x_wconf 89' lang='lat' dir='ltr'>m.</span> <span class='ocrx_word' id='word_1_1695' title='bbox 1718 3610 1757 3638; x_wconf 87' lang='lat' dir='ltr'>ut,</span> <span class='ocrx_word' id='word_1_1696' title='bbox 1770 3601 1878 3631; x_wconf 87' lang='lat' dir='ltr'>Peccati</span> <span class='ocrx_word' id='word_1_1697' title='bbox 1891 3606 2053 3638; x_wconf 77' lang='lat' dir='ltr'>conceptor.</span> <span class='ocrx_word' id='word_1_1698' title='bbox 2067 3602 2137 3630; x_wconf 87' lang='lat' dir='ltr'>Arat.</span> <span class='ocrx_word' id='word_1_1699' title='bbox 2151 3600 2178 3629; x_wconf 91' lang='lat' dir='ltr'>in</span> <span class='ocrx_word' id='word_1_1700' title='bbox 2193 3600 2248 3630; x_wconf 67' lang='lat' dir='ltr'>Act.</span> <span class='ocrx_word' id='word_1_1701' title='bbox 2263 3601 2353 3638; x_wconf 82' lang='lat' dir='ltr'>Apost.</span> <span class='ocrx_word' id='word_1_1702' title='bbox 2365 3611 2425 3640; x_wconf 82' lang='lat' dir='ltr'>cap.</span> <span class='ocrx_word' id='word_1_1703' title='bbox 2443 3605 2486 3632; x_wconf 76' lang='lat'>16.</span> 
     </span>
     <span class='ocr_line' id='line_1_195' title="bbox 1319 3638 2483 3676; baseline -0.005 -1"><span class='ocrx_word' id='word_1_1704' title='bbox 1319 3645 1343 3675; x_wconf 94' lang='lat' dir='ltr'>C</span> <span class='ocrx_word' id='word_1_1705' title='bbox 1352 3654 1369 3674; x_wconf 88' lang='lat' dir='ltr'>o</span> <span class='ocrx_word' id='word_1_1706' title='bbox 1379 3654 1400 3674; x_wconf 89' lang='grc' dir='ltr'><strong>Ν</strong></span> <span class='ocrx_word' id='word_1_1707' title='bbox 1409 3654 1426 3673; x_wconf 86' lang='lat' dir='ltr'>c</span> <span class='ocrx_word' id='word_1_1708' title='bbox 1436 3654 1451 3673; x_wconf 75' lang='lat' dir='ltr'>a</span> <span class='ocrx_word' id='word_1_1709' title='bbox 1460 3652 1503 3672; x_wconf 74' lang='lat' dir='ltr'>P&#39;r</span> <span class='ocrx_word' id='word_1_1710' title='bbox 1514 3652 1533 3671; x_wconf 85' lang='lat' dir='ltr'>A</span> <span class='ocrx_word' id='word_1_1711' title='bbox 1544 3644 1589 3671; x_wconf 69' lang='lat' dir='ltr'>cu</span> <span class='ocrx_word' id='word_1_1712' title='bbox 1599 3653 1616 3670; x_wconf 84' lang='lat' dir='ltr'>L</span> <span class='ocrx_word' id='word_1_1713' title='bbox 1626 3651 1645 3670; x_wconf 87' lang='lat' dir='ltr'>u</span> <span class='ocrx_word' id='word_1_1714' title='bbox 1654 3652 1691 3676; x_wconf 82' lang='lat' dir='ltr'>M,</span> <span class='ocrx_word' id='word_1_1715' title='bbox 1713 3642 1732 3670; x_wconf 89' lang='lat' dir='ltr'>i.</span> <span class='ocrx_word' id='word_1_1716' title='bbox 1754 3650 1782 3669; x_wconf 91' lang='lat' dir='ltr'>n.</span> <span class='ocrx_word' id='word_1_1717' title='bbox 1804 3639 2018 3676; x_wconf 53' lang='lat' dir='ltr'>[waima-fesor]</span> <span class='ocrx_word' id='word_1_1718' title='bbox 2048 3638 2102 3667; x_wconf 85' lang='lat' dir='ltr'>Ubi</span> <span class='ocrx_word' id='word_1_1719' title='bbox 2122 3638 2189 3676; x_wconf 87' lang='lat' dir='ltr'>quid</span> <span class='ocrx_word' id='word_1_1720' title='bbox 2208 3640 2377 3676; x_wconf 79' lang='lat' dir='ltr'>concipitur.</span> <span class='ocrx_word' id='word_1_1721' title='bbox 2414 3640 2483 3669; x_wconf 74' lang='lat' dir='ltr'>Piiii.</span> 
     </span>
     <span class='ocr_line' id='line_1_196' title="bbox 1359 3676 2483 3746; baseline -0.004 -34"><span class='ocrx_word' id='word_1_1722' title='bbox 1359 3680 1409 3712; x_wconf 92' lang='lat' dir='ltr'>lib.</span> <span class='ocrx_word' id='word_1_1723' title='bbox 1426 3692 1468 3711; x_wconf 88' lang='lat'>11.</span> <span class='ocrx_word' id='word_1_1724' title='bbox 1484 3690 1547 3718; x_wconf 86' lang='lat' dir='ltr'>cap.</span> <span class='ocrx_word' id='word_1_1725' title='bbox 1561 3689 1604 3746; x_wconf 70' lang='lat'>371.</span> <span class='ocrx_word' id='word_1_1726' title='bbox 1626 3678 1761 3717; x_wconf 86' lang='lat' dir='ltr'>Superbia</span> <span class='ocrx_word' id='word_1_1727' title='bbox 1776 3677 1864 3707; x_wconf 79' lang='lat' dir='ltr'>aliubi</span> <span class='ocrx_word' id='word_1_1728' title='bbox 1875 3677 2133 3715; x_wconf 86' lang='lat' dir='ltr'>conceptaculum,</span> <span class='ocrx_word' id='word_1_1729' title='bbox 2154 3676 2202 3706; x_wconf 87' lang='lat' dir='ltr'>sed</span> <span class='ocrx_word' id='word_1_1730' title='bbox 2214 3676 2261 3706; x_wconf 79' lang='lat' dir='ltr'>hic</span> <span class='ocrx_word' id='word_1_1731' title='bbox 2278 3677 2371 3706; x_wconf 78' lang='lat' dir='ltr'>sedem</span> <span class='ocrx_word' id='word_1_1732' title='bbox 2391 3679 2483 3707; x_wconf 63' lang='lat' dir='ltr'>habe-r.</span> 
     </span>
    </p>

    <p class='ocr_par' dir='ltr' id='par_1_99' title="bbox 1361 3717 1643 3751">
     <span class='ocr_line' id='line_1_197' title="bbox 1361 3717 1643 3751; baseline -0.018 0"><span class='ocrx_word' id='word_1_1733' title='bbox 1361 3721 1379 3751; x_wconf 91' lang='lat' dir='ltr'>i.</span> <span class='ocrx_word' id='word_1_1734' title='bbox 1393 3730 1417 3750; x_wconf 91' lang='lat' dir='ltr'>e.</span> <span class='ocrx_word' id='word_1_1735' title='bbox 1437 3718 1506 3749; x_wconf 80' lang='lat' dir='ltr'>insu</span> <span class='ocrx_word' id='word_1_1736' title='bbox 1529 3719 1584 3747; x_wconf 89' lang='lat' dir='ltr'>erci</span> <span class='ocrx_word' id='word_1_1737' title='bbox 1599 3717 1643 3746; x_wconf 91' lang='lat' dir='ltr'>iis.</span> 
     </span>
    </p>

    <p class='ocr_par' dir='ltr' id='par_1_100' title="bbox 1321 3728 2487 3791">
     <span class='ocr_line' id='line_1_198' title="bbox 1321 3728 2487 3791; baseline -0.008 -2"><span class='ocrx_word' id='word_1_1738' title='bbox 1321 3759 1344 3789; x_wconf 82' lang='lat' dir='ltr'>C</span> <span class='ocrx_word' id='word_1_1739' title='bbox 1354 3769 1371 3788; x_wconf 90' lang='grc' dir='ltr'>ο</span> <span class='ocrx_word' id='word_1_1740' title='bbox 1379 3767 1400 3787; x_wconf 84' lang='grc' dir='ltr'><strong>Ν</strong></span> <span class='ocrx_word' id='word_1_1741' title='bbox 1410 3767 1427 3788; x_wconf 90' lang='lat' dir='ltr'>c</span> <span class='ocrx_word' id='word_1_1742' title='bbox 1436 3767 1450 3786; x_wconf 81' lang='lat'>1³</span> <span class='ocrx_word' id='word_1_1743' title='bbox 1458 3767 1473 3786; x_wconf 85' lang='lat' dir='ltr'>i&gt;</span> <span class='ocrx_word' id='word_1_1744' title='bbox 1484 3728 1527 3785; x_wconf 59' lang='grc' dir='ltr'>ΥΞ</span> <span class='ocrx_word' id='word_1_1745' title='bbox 1536 3767 1552 3784; x_wconf 81' lang='lat' dir='ltr'>L</span> <span class='ocrx_word' id='word_1_1746' title='bbox 1561 3765 1589 3790; x_wconf 80' lang='lat' dir='ltr'>A,</span> <span class='ocrx_word' id='word_1_1747' title='bbox 1612 3765 1643 3784; x_wconf 82' lang='lat' dir='ltr'>ae.</span> <span class='ocrx_word' id='word_1_1748' title='bbox 1666 3755 1684 3784; x_wconf 83' lang='lat' dir='ltr'>f.</span> <span class='ocrx_word' id='word_1_1749' title='bbox 1706 3753 1795 3784; x_wconf 86' lang='lat' dir='ltr'>Idem.</span> <span class='ocrx_word' id='word_1_1750' title='bbox 1817 3752 1966 3783; x_wconf 84' lang='lat' dir='ltr'>Frontinus</span> <span class='ocrx_word' id='word_1_1751' title='bbox 1977 3752 2013 3782; x_wconf 88' lang='lat' dir='ltr'>de</span> <span class='ocrx_word' id='word_1_1752' title='bbox 2022 3751 2183 3789; x_wconf 69' lang='lat' dir='ltr'>Aquaedust.</span> <span class='ocrx_word' id='word_1_1753' title='bbox 2205 3752 2393 3791; x_wconf 74' lang='lat' dir='ltr'>Conceptelas</span> <span class='ocrx_word' id='word_1_1754' title='bbox 2405 3760 2487 3782; x_wconf 61' lang='lat' dir='ltr'>votat</span> 
     </span>
    </p>

    <p class='ocr_par' dir='ltr' id='par_1_101' title="bbox 1361 3792 2502 3833">
     <span class='ocr_line' id='line_1_199' title="bbox 1361 3792 2502 3833; baseline -0.007 -8"><span class='ocrx_word' id='word_1_1755' title='bbox 1361 3798 1498 3833; x_wconf 82' lang='lat' dir='ltr'>Aquaruni</span> <span class='ocrx_word' id='word_1_1756' title='bbox 1508 3792 1719 3830; x_wconf 84' lang='lat' dir='ltr'>conceptacula.</span> <span class='ocrx_word' id='word_1_1757' title='bbox 2497 3818 2502 3820; x_wconf 63' lang='grc'>,</span> 
     </span>
    </p>

    <p class='ocr_par' dir='ltr' id='par_1_102' title="bbox 1321 3828 2487 3944">
     <span class='ocr_line' id='line_1_200' title="bbox 1321 3828 2486 3866; baseline -0.006 -3"><span class='ocrx_word' id='word_1_1758' title='bbox 1321 3835 1344 3866; x_wconf 93' lang='lat' dir='ltr'>C</span> <span class='ocrx_word' id='word_1_1759' title='bbox 1354 3844 1371 3864; x_wconf 91' lang='lat' dir='ltr'>o</span> <span class='ocrx_word' id='word_1_1760' title='bbox 1384 3844 1403 3863; x_wconf 90' lang='grc' dir='ltr'><strong>Ν</strong></span> <span class='ocrx_word' id='word_1_1761' title='bbox 1413 3844 1429 3862; x_wconf 86' lang='lat' dir='ltr'>c</span> <span class='ocrx_word' id='word_1_1762' title='bbox 1439 3843 1452 3862; x_wconf 66' lang='grc' dir='ltr'>ιζ</span> <span class='ocrx_word' id='word_1_1763' title='bbox 1461 3843 1474 3861; x_wconf 79' lang='lat'>1²</span> <span class='ocrx_word' id='word_1_1764' title='bbox 1484 3835 1523 3860; x_wconf 77' lang='grc' dir='ltr'>τῖ</span> <span class='ocrx_word' id='word_1_1765' title='bbox 1533 3841 1549 3860; x_wconf 87' lang='grc' dir='ltr'><strong><em>ν</em></strong></span> <span class='ocrx_word' id='word_1_1766' title='bbox 1559 3841 1576 3860; x_wconf 87' lang='grc' dir='ltr'>υ</span> <span class='ocrx_word' id='word_1_1767' title='bbox 1587 3841 1599 3860; x_wconf 88' lang='lat' dir='ltr'>s</span> <span class='ocrx_word' id='word_1_1768' title='bbox 1609 3853 1617 3866; x_wconf 88' lang='lat'>,</span> <span class='ocrx_word' id='word_1_1769' title='bbox 1638 3840 1654 3860; x_wconf 88' lang='lat' dir='ltr'>a</span> <span class='ocrx_word' id='word_1_1770' title='bbox 1665 3853 1673 3866; x_wconf 97' lang='lat'>,</span> <span class='ocrx_word' id='word_1_1771' title='bbox 1700 3839 1758 3859; x_wconf 89' lang='lat' dir='ltr'>um.</span> <span class='ocrx_word' id='word_1_1772' title='bbox 1785 3828 1968 3866; x_wconf 72' lang='lat' dir='ltr'>Conceptivae</span> <span class='ocrx_word' id='word_1_1773' title='bbox 1987 3828 2061 3857; x_wconf 72' lang='lat' dir='ltr'>feria:</span> <span class='ocrx_word' id='word_1_1774' title='bbox 2076 3828 2153 3858; x_wconf 82' lang='lat' dir='ltr'>Festa</span> <span class='ocrx_word' id='word_1_1775' title='bbox 2169 3828 2333 3858; x_wconf 81' lang='lat' dir='ltr'>dicebantur</span> <span class='ocrx_word' id='word_1_1776' title='bbox 2343 3851 2350 3862; x_wconf 84' lang='lat'>,</span> <span class='ocrx_word' id='word_1_1777' title='bbox 2378 3838 2438 3865; x_wconf 65' lang='lat' dir='ltr'>quie</span> <span class='ocrx_word' id='word_1_1778' title='bbox 2458 3828 2486 3856; x_wconf 61' lang='grc' dir='ltr'>ἱπ</span> 
     </span>
     <span class='ocr_line' id='line_1_201' title="bbox 1360 3866 2487 3905; baseline -0.007 -4"><span class='ocrx_word' id='word_1_1779' title='bbox 1360 3872 1441 3902; x_wconf 88' lang='lat' dir='ltr'>certis</span> <span class='ocrx_word' id='word_1_1780' title='bbox 1452 3870 1551 3899; x_wconf 81' lang='lat' dir='ltr'>diebus</span> <span class='ocrx_word' id='word_1_1781' title='bbox 1562 3868 1738 3898; x_wconf 88' lang='lat' dir='ltr'>servabantur</span> <span class='ocrx_word' id='word_1_1782' title='bbox 1748 3868 1913 3905; x_wconf 83' lang='lat' dir='ltr'>quotannis,</span> <span class='ocrx_word' id='word_1_1783' title='bbox 1937 3872 1967 3895; x_wconf 89' lang='lat' dir='ltr'>ut</span> <span class='ocrx_word' id='word_1_1784' title='bbox 1982 3866 2154 3896; x_wconf 82' lang='lat' dir='ltr'>Sementinae</span> <span class='ocrx_word' id='word_1_1785' title='bbox 2169 3869 2193 3896; x_wconf 55' lang='grc' dir='ltr'>ὃς</span> <span class='ocrx_word' id='word_1_1786' title='bbox 2207 3866 2415 3904; x_wconf 73' lang='lat' dir='ltr'>Conipitaliciae.</span> <span class='ocrx_word' id='word_1_1787' title='bbox 2440 3867 2487 3894; x_wconf 68' lang='lat' dir='ltr'>Fe-</span> 
     </span>
     <span class='ocr_line' id='line_1_202' title="bbox 1359 3904 2483 3944; baseline -0.008 -4"><span class='ocrx_word' id='word_1_1788' title='bbox 1359 3911 1424 3940; x_wconf 79' lang='lat' dir='ltr'>stus.</span> <span class='ocrx_word' id='word_1_1789' title='bbox 1466 3908 1549 3937; x_wconf 83' lang='lat' dir='ltr'>Erant</span> <span class='ocrx_word' id='word_1_1790' title='bbox 1559 3914 1652 3936; x_wconf 86' lang='lat' dir='ltr'>autem</span> <span class='ocrx_word' id='word_1_1791' title='bbox 1672 3905 1748 3944; x_wconf 89' lang='lat' dir='ltr'>apud</span> <span class='ocrx_word' id='word_1_1792' title='bbox 1768 3912 1876 3934; x_wconf 83' lang='lat' dir='ltr'>veteres</span> <span class='ocrx_word' id='word_1_1793' title='bbox 1895 3910 2014 3941; x_wconf 87' lang='lat' dir='ltr'>quatuor</span> <span class='ocrx_word' id='word_1_1794' title='bbox 2032 3904 2206 3942; x_wconf 85' lang='lat' dir='ltr'>publicarum</span> <span class='ocrx_word' id='word_1_1795' title='bbox 2226 3906 2356 3933; x_wconf 62' lang='lat' dir='ltr'>striarum</span> <span class='ocrx_word' id='word_1_1796' title='bbox 2375 3913 2483 3940; x_wconf 64' lang='lat' dir='ltr'>genera.</span> 
     </span>
    </p>

    <p class='ocr_par' dir='ltr' id='par_1_103' title="bbox 1358 3941 2488 3980">
     <span class='ocr_line' id='line_1_203' title="bbox 1358 3941 2488 3980; baseline -0.008 -3"><span class='ocrx_word' id='word_1_1797' title='bbox 1358 3948 1433 3978; x_wconf 88' lang='lat' dir='ltr'>Nam</span> <span class='ocrx_word' id='word_1_1798' title='bbox 1444 3952 1490 3975; x_wconf 91' lang='lat' dir='ltr'>aut</span> <span class='ocrx_word' id='word_1_1799' title='bbox 1500 3945 1611 3975; x_wconf 86' lang='lat' dir='ltr'>Stativae</span> <span class='ocrx_word' id='word_1_1800' title='bbox 1621 3952 1717 3980; x_wconf 90' lang='lat' dir='ltr'>erant,</span> <span class='ocrx_word' id='word_1_1801' title='bbox 1739 3953 1799 3980; x_wconf 83' lang='lat' dir='ltr'>quae</span> <span class='ocrx_word' id='word_1_1802' title='bbox 1810 3942 1891 3972; x_wconf 83' lang='lat' dir='ltr'>certis</span> <span class='ocrx_word' id='word_1_1803' title='bbox 1908 3944 1932 3972; x_wconf 70' lang='grc' dir='ltr'>ἀ</span> <span class='ocrx_word' id='word_1_1804' title='bbox 1947 3941 2009 3971; x_wconf 78' lang='lat' dir='ltr'>fixis</span> <span class='ocrx_word' id='word_1_1805' title='bbox 2025 3943 2122 3972; x_wconf 91' lang='lat' dir='ltr'>diebus</span> <span class='ocrx_word' id='word_1_1806' title='bbox 2138 3943 2286 3980; x_wconf 69' lang='lat' dir='ltr'>quotannis</span> <span class='ocrx_word' id='word_1_1807' title='bbox 2306 3941 2488 3970; x_wconf 49' lang='lat' dir='ltr'>observabam</span> 
     </span>
    </p>

    <p class='ocr_par' dir='ltr' id='par_1_104' title="bbox 1360 3978 2486 4045">
     <span class='ocr_line' id='line_1_204' title="bbox 1360 3978 2486 4045; baseline -0.011 -29"><span class='ocrx_word' id='word_1_1808' title='bbox 1360 3992 1422 4022; x_wconf 86' lang='lat' dir='ltr'>tur,</span> <span class='ocrx_word' id='word_1_1809' title='bbox 1443 3985 1470 4015; x_wconf 71' lang='grc' dir='ltr'>ἀ</span> <span class='ocrx_word' id='word_1_1810' title='bbox 1481 3983 1584 4014; x_wconf 81' lang='lat' dir='ltr'>eodem</span> <span class='ocrx_word' id='word_1_1811' title='bbox 1594 3982 1701 4021; x_wconf 77' lang='lat' dir='ltr'>semper</span> <span class='ocrx_word' id='word_1_1812' title='bbox 1710 3981 1759 4012; x_wconf 76' lang='lat' dir='ltr'>vdie</span> <span class='ocrx_word' id='word_1_1813' title='bbox 1770 3982 1800 4011; x_wconf 88' lang='lat' dir='ltr'>in</span> <span class='ocrx_word' id='word_1_1814' title='bbox 1810 3981 1884 4011; x_wconf 84' lang='lat' dir='ltr'>fastis</span> <span class='ocrx_word' id='word_1_1815' title='bbox 1895 3979 2119 4011; x_wconf 81' lang='lat' dir='ltr'>annotabantur:</span> <span class='ocrx_word' id='word_1_1816' title='bbox 2142 3990 2194 4009; x_wconf 84' lang='lat' dir='ltr'>nos</span> <span class='ocrx_word' id='word_1_1817' title='bbox 2206 3980 2290 4009; x_wconf 85' lang='lat' dir='ltr'>hodie</span> <span class='ocrx_word' id='word_1_1818' title='bbox 2302 3978 2374 4009; x_wconf 83' lang='lat' dir='ltr'>Festa</span> <span class='ocrx_word' id='word_1_1819' title='bbox 2387 3980 2486 4045; x_wconf 42' lang='lat' dir='ltr'>ingeri).</span> 
     </span>
    </p>

    <p class='ocr_par' dir='ltr' id='par_1_105' title="bbox 2441 4026 2487 4047">
     <span class='ocr_line' id='line_1_205' title="bbox 2441 4026 2487 4047; baseline 0.065 -3"><span class='ocrx_word' id='word_1_1820' title='bbox 2441 4028 2446 4044; x_wconf 82' lang='lat' dir='ltr'>i</span> <span class='ocrx_word' id='word_1_1821' title='bbox 2461 4026 2487 4047; x_wconf 68' lang='lat'>13</span> 
     </span>
    </p>
   </div>
   <div class='ocr_carea' id='block_1_18' title="bbox 2388 147 2453 184">
    <p class='ocr_par' dir='ltr' id='par_1_106' title="bbox 2388 147 2453 184">
     <span class='ocr_line' id='line_1_206' title="bbox 2388 147 2453 184; baseline -0.031 -3"><span class='ocrx_word' id='word_1_1822' title='bbox 2388 147 2453 184; x_wconf 77' lang='lat'>621</span> 
     </span>
    </p>
   </div>
   <div class='ocr_carea' id='block_1_19' title="bbox 1866 4017 1969 4055">
    <p class='ocr_par' dir='ltr' id='par_1_107' title="bbox 1866 4017 1969 4055">
     <span class='ocr_line' id='line_1_207' title="bbox 1866 4017 1969 4055; baseline -0.01 -7"><span class='ocrx_word' id='word_1_1823' title='bbox 1866 4017 1969 4055; x_wconf 63' lang='lat' dir='ltr'>iii-ig</span> 
     </span>
    </p>
   </div>
  </div>
 </body>
</html>
