2600 4177
486 124 516 159 C
612 124 646 159 O
749 123 785 159 N

144 203 249 242 Supera
261 213 396 234 convexa.
416 203 489 241 Virg.
503 207 527 232 6.
547 203 605 233 lEn.
618 212 681 237 24r.

425 258 460 262 —-
471 241 531 269 ralis
541 241 594 270 sese
604 240 705 270 halitus
720 241 785 270 atris

227 279 361 308 Faucibus
379 278 525 308 effundens
542 278 636 315 supera
659 278 694 307 ad
712 287 837 308 convexa
851 279 965 310 serebat.
1060 281 1078 310 i.
1091 290 1115 310 e.
1137 279 1178 309 Ad
1199 279 1259 309 caeli

167 318 339 345 curvitatem.
361 316 478 345 Servius.

152 353 317 382 convexum
330 362 481 382 nemorum.
505 352 576 389 Virg.
593 362 614 380 1.
628 352 688 390 AEn.
701 361 761 388 ³¹4-

240 391 356 419 Claisem
371 391 398 418 iii
415 399 540 418 convexo
554 399 698 418 nemorum
707 389 754 419 sub
766 400 834 428 rupe
843 398 948 421 cavata.

148 427 290 457 Convexae
312 429 339 456 iri
362 427 444 456 maria
461 434 546 456 terrae.
586 427 653 456 Plin.
673 427 720 457 lib.
740 438 780 457 12.
799 438 858 466 cap.
871 439 916 459 22.
947 428 1120 459 Disceslimus
1144 439 1159 459 a
1180 429 1260 459 terris

169 466 316 494 Oceanum
328 464 514 501 spectantibus
526 465 560 493 ad
569 474 707 494 convexas
727 466 754 494 in
768 467 857 495 nostra
876 467 968 496 maria.
1064 467 1089 496 h.
1104 477 1127 496 e.
1152 467 1262 496 vicinas

168 502 260 531 nostro
276 503 351 530 mari.
392 503 406 536 [
420 502 506 530 linmo
526 502 616 531 Curvo
634 503 739 532 ambitu
763 503 1001 534 Mediterraneum
1017 514 1092 534 mare
1107 505 1260 541 cingentes.

168 538 320 570 Conversas
331 538 505 568 scribendum
516 539 664 577 suspicatur
679 541 844 570 Harduinus.
886 541 927 571 Est
939 549 1032 571 autem
1044 563 1051 573 .
1077 549 1107 571 ut
1121 551 1154 571 ex
1173 542 1265 570 onini-

167 577 220 606 bus
232 577 277 605 hic
291 576 416 605 adduc-“tis
432 577 500 606 locis
514 585 642 614 apparet,
664 578 831 607 convexum
847 580 965 617 antiquis
984 579 1058 608 idem
1079 589 1111 608 ac
1131 579 1168 608 Ex
1184 580 1263 608 omni

169 622 248 652 parte
271 613 407 643 devexum
418 636 427 649 ,
450 615 591 650 quomodo
607 617 632 644 St
653 615 742 644 Festus
757 616 881 652 exponit.
923 617 953 646 ln
978 623 1033 646 vet.
1055 616 1137 646 Gloss.
1155 616 1264 646 Conve-

172 660 239 681 xum
257 652 408 686 υπνφεξὲς,
427 652 556 688 ὡφεςίε.
595 652 665 683 Tam
676 653 794 690 proinde
805 653 840 681 de
851 654 884 682 iis
898 654 998 683 dicitur
1008 676 1016 688 ,
1038 664 1097 690 quae
1110 663 1264 684 concavam

168 697 203 718 ac
214 687 366 726 depressam
382 688 410 718 in
422 690 517 719 orbem
530 712 537 723 ,
559 700 643 726 quam
661 700 720 728 quie
732 691 901 720 eminentem
915 693 941 721 &
958 691 1110 729 expressam
1134 692 1265 729 protube-

169 731 335 763 rantemque
352 728 514 756 curvitatem
531 727 642 757 liabent.
682 727 811 763 Juniores
825 736 890 756 vero
902 730 1014 766 proprie
1035 729 1101 758 huic
1117 730 1264 759 circumfe-

170 764 265 793 rentiae
275 764 452 793 vindicarunt
466 786 473 799 ,
495 775 555 802 quae
565 765 699 794 Concavae
709 766 737 793 in
746 765 841 794 orbem
856 768 1020 803 opponitur.

150 800 318 830 convexum
329 823 337 836 ,
359 801 488 832 Concavo
499 803 657 840 oppositum
674 802 728 837 est,
748 802 834 838 Quod
850 804 887 832 est
907 813 942 833 ex
959 804 1034 833 omni
1049 809 1126 841 parte
1141 803 1265 833 declina-

169 844 244 868 tum.
267 838 342 868 Eucl.
356 840 383 868 in
396 840 554 877 specularia
568 840 671 869 Theor.
691 850 711 868 i.
736 839 873 876 lipsanis,
895 842 1044 875 convexis,
1067 840 1193 878 cavisque
1205 841 1266 880 spe-

173 876 243 906 culis
254 876 324 906 visus
340 878 367 906 in
379 877 529 913 :equalibus
538 877 644 915 angulis
658 877 851 913 refringuntur.

115 912 166 942 Co
175 923 193 942 Ν
202 924 219 942 ν
228 916 313 943 11er
325 925 342 943 A
351 924 362 944 s
374 937 382 950 ,
402 917 463 944 fitis.
485 916 503 944 f.
526 915 707 950 [συγκλινιάι]
727 915 839 943 denom.
872 915 939 945 Plin.
953 915 1001 945 lib.
1017 921 1058 948 ¹8.
1073 925 1136 953 cap.
1150 925 1195 952 25.
1216 915 1266 946 Su·

156 960 206 988 per
219 952 314 981 omnia
326 953 363 982 est
372 953 468 981 mundi
481 953 682 987 convexitatis,
702 958 890 988 terrarumque
901 953 975 990 globi
993 953 1158 982 differentia.

115 986 141 1018 C
150 998 167 1032 o
178 999 196 1017 Ν
206 999 222 1018 ν
233 999 246 1018 s
255 999 272 1018 x
285 999 318 1019 io
330 1011 337 1025 ,
359 991 430 1020 onis.
451 990 469 1019 f.
493 990 580 1020 Idem.
596 989 665 1019 Geli.
677 989 726 1020 lib.
744 998 787 1025 14.
799 999 861 1028 cap.
875 1001 898 1021 1.
923 991 951 1021 V.
974 990 1134 1021 Declinatio
1147 990 1264 1027 mundi,

155 1035 184 1055 in
205 1037 223 1055 r>
234 1036 248 1055 iz
258 1036 276 1055 c
285 1038 301 1055 ι.
309 1037 318 1055 ι
327 1036 347 1055 Ν
357 1038 382 1056 o.

117 1063 168 1092 Co
179 1073 197 1092 Ν
206 1073 223 1092 ν
232 1067 267 1092 Ta
279 1074 293 1092 a
302 1074 318 1092 o
331 1086 338 1099 ,
360 1068 414 1094 are.
437 1063 514 1103 Apul.
527 1066 553 1094 &
569 1064 705 1094 Ammian.

118 1101 360 1136 Convicium,
382 1103 412 1131 V.
434 1112 667 1132 convivium.

115 1138 141 1166 C
153 1147 363 1176 onvrcrus,
388 1140 485 1170 Partic.
519 1139 550 1169 In
571 1148 781 1170 convinco.

117 1176 346 1206 Convicroa
359 1199 367 1212 ,
388 1178 620 1207 ConvicTus.
660 1177 692 1206 In
712 1185 888 1208 εοΝνινο.

119 1212 142 1242 C
152 1223 168 1241 o
179 1223 197 1242 Ν
208 1223 241 1242 vi
251 1223 269 1243 Ν
278 1223 296 1243 c
306 1224 323 1243 ο
335 1237 343 1249 ,
364 1216 419 1244 vIci
431 1237 440 1249 ,
458 1216 563 1245 vietum
574 1236 583 1251 ‚
603 1214 768 1250 [image-tint»
780 1213 903 1252 ὦελίζζω]
923 1217 977 1246 ὅτε.
998 1216 1126 1253 Ejusdem
1136 1217 1193 1247 fere
1203 1226 1268 1246 cum

153 1250 204 1280 suo
216 1251 331 1289 simplici
342 1251 555 1290 significationis.
597 1252 654 1282 Cic.
670 1263 694 1288 ς.
713 1252 786 1281 Verr.
801 1263 861 1288 109.
884 1255 933 1283 Sui
945 1255 1061 1291 quaestus
1071 1254 1150 1284 causa
1161 1253 1270 1293 irrupis-

152 1288 183 1317 se
193 1291 370 1319 convincam.

154 1327 308 1357 Convincit
318 1328 387 1357 ratio
396 1327 453 1364 ipsa
465 1328 490 1357 ἅ
501 1326 601 1356 veritas
612 1347 620 1361 ,
639 1336 705 1356 eum
714 1326 768 1356 effe
779 1327 906 1357 liberum.
928 1329 987 1358 Cic.
998 1330 1027 1358 in
1037 1329 1130 1359 Parad.
1150 1340 1174 1365 ς.

156 1364 330 1394 convincere
344 1365 527 1394 adversarium
540 1365 749 1394 auctoritatibus
762 1366 788 1394 &
798 1366 921 1396 testibus
944 1367 1003 1397 Cic.
1016 1376 1040 1404 7.
1053 1367 1125 1398 Verr.
1135 1377 1182 1404 40,

156 1402 333 1432 Convincere
344 1403 414 1433 fasta
425 1403 543 1437 alicujus
556 1402 655 1439 turpia.
676 1402 763 1431 Plaut.
778 1402 875 1441 Amph.
886 1413 912 1434 2.
926 1413 952 1434 2.
968 1414 1028 1441 147.

156 1441 331 1476 Argumentis
341 1447 462 1478 peccata.
485 1440 543 1469 Cic.
557 1441 586 1469 in
598 1439 686 1470 Partit.
703 1444 762 1469 116.

157 1477 349 1515 ehirographo
358 1478 485 1514 aliquem.
510 1478 567 1507 Cic.
580 1487 605 1507 2.
626 1477 744 1515 Philipp.
757 1483 782 1511 8.

154 1515 302 1552 Opinione
312 1515 459 1544 hominum
471 1515 600 1545 convinci
614 1516 639 1545 &
649 1516 839 1544 condemnari.
861 1516 919 1546 Cic.
932 1526 982 1555 pro
993 1517 1102 1548 Cluent.
1111 1525 1141 1555 7.

157 1552 293 1582 Convinci
305 1553 333 1581 in
346 1559 462 1590 peccato
471 1575 478 1588 ,
500 1563 549 1590 pro
557 1553 680 1590 genitivo
693 1553 807 1582 Peccati.
832 1560 862 1584 ut

157 1589 190 1619 ln
205 1590 303 1626 majori
317 1590 411 1620 fraude
418 1591 549 1620 conviffi.
572 1591 647 1620 Suet.
659 1590 757 1620 Claud.
770 1600 830 1628 cap.
845 1602 888 1627 14.

157 1627 190 1658 In
202 1629 258 1665 pari
270 1634 384 1665 peccato
395 1629 548 1658 convietus.
571 1628 630 1658 Cic.
641 1637 666 1657 2.
683 1628 718 1657 de
729 1628 836 1658 invent.
853 1639 894 1663 μ.

157 1667 178 1694 A
189 1665 300 1695 testibus
310 1666 440 1695 convinci
455 1687 463 1700 ,
485 1667 510 1696 ἀ
524 1666 613 1704 urgeri
625 1665 803 1696 confessione.
826 1667 884 1698 Cic.
896 1670 924 1697 6.
941 1666 1014 1698 Verr.
1030 1676 1092 1705 104.

157 1702 296 1740 Redargui
313 1705 339 1733 ἃ
351 1704 488 1733 convinci.
509 1703 568 1733 Cic.
584 1704 619 1732 de
629 1703 753 1733 Univers.
766 1708 792 1734 6.

158 1740 270 1770 Errores
282 1740 409 1777 alicujus.
431 1742 488 1771 Cic.
499 1750 524 1770 2.
542 1741 578 1770 de
589 1741 652 1771 Nat.
664 1741 746 1770 Deor.
760 1750 786 1775 3.

157 1778 265 1808 Falsum
275 1779 393 1808 refutatu
405 1779 529 1816 ancipiti.
552 1779 659 1809 Lucret.
670 1787 695 1814 3.
710 1789 773 1814 5²4·

156 1815 328 1846 Testimonia
343 1816 506 1854 aliquorum.
529 1817 588 1846 Cic.
605 1826 655 1854 pro
668 1817 747 1846 Font.
761 1826 806 1852 ²4·

157 1853 233 1884 Voce
243 1854 400 1884 inauditum
415 1855 531 1884 facinus.
553 1854 611 1884 Cic.
625 1864 675 1892 pro
690 1855 791 1891 Quint.
803 1863 848 1891 79.

156 1891 334 1958 Cfiffiinoere
343 1892 463 1930 aliquem
471 1902 528 1921 non
538 1891 749 1922 inhumanitatis
760 1898 868 1922 tantuin
880 1913 888 1928 ,
909 1891 957 1923 sed
971 1894 998 1924 &
1011 1893 1149 1924 amentiae.
1171 1892 1232 1925 cic.
1243 1901 1270 1924 ι.

218 1940 225 1958 i
240 1940 246 1958 1
291 1952 296 1958 .
310 1940 336 1965 9.

156 1939 296 1997 Οοηνίξὲἰ
309 1968 353 1997 de.
376 1966 461 1997 Plaut.
472 1966 554 1998 Truc.
567 1976 594 1997 2.
606 1971 633 1997 6.
646 1978 671 2003 ς.

249 2005 307 2042 Qui
320 2007 346 2035 ἃ
358 2006 483 2035 convi6ti
495 2007 521 2035 δι
530 2005 712 2035 condemnati
720 2005 792 2035 falsis
803 2005 839 2035 de
856 2006 958 2044 pugnis
968 2005 1047 2036 sient.

156 2041 323 2072 Devotionis
331 2043 449 2078 alicujus
458 2043 596 2078 convinci,
616 2044 723 2079 {udicio
733 2044 849 2073 deorum
861 2066 869 2079 ,
890 2043 1051 2073 testimonio
1060 2043 1187 2077 Senatu&
1206 2053 1273 2073 con.

174 2079 290 2110 feffione
299 2081 488 2110 inimicorum.
501 2081 622 2110 Cic.l'ost
632 2081 689 2110 red.
698 2081 817 2118 adQuir.
825 2091 848 2110 r.
861 2083 907 2111 i.e.
921 2081 985 2110 Voti
996 2091 1074 2111 reum
1084 2081 1270 2112 fieri-Hotom-

158 2118 279 2147 Summae
292 2118 475 2156 negligentiae.
498 2118 557 2148 Cic.
572 2129 624 2156 pro
639 2118 715 2147 Sulla
728 2130 774 2154 44.

120 2155 169 2186 Co
181 2165 367 2191 Ννιοτυε,
388 2166 421 2191 a,
443 2166 499 2186 um.
521 2155 714 2193 [ὣελεΓχ-θεὲς]
735 2155 831 2186 Partic.
853 2161 893 2192 ut,
915 2155 1017 2186 Manus
1035 2157 1177 2188 convictas
1196 2156 1271 2187 dare.

160 2193 244 2223 Ovid.
254 2203 295 2230 17.
317 2194 398 2232 Epist.
416 2197 479 2223 260.
502 2193 536 2224 al.
560 2194 738 2230 Conjuncias.

158 2230 270 2267 Judlcio
279 2231 513 2270 turpiconvictus.
537 2231 596 2261 Cic.
611 2241 661 2269 pro
672 2231 770 2268 Quint.
782 2241 828 2267 49.

157 2269 288 2299 Fracta&
299 2270 425 2299 convicta
436 2269 517 2299 secta.
539 2269 597 2298 Cic.
613 2279 635 2298 1.
651 2269 687 2298 de
704 2268 799 2306 Legib.
813 2273 857 2304 38.

157 2306 370 2344 Reprehensus,
392 2308 555 2342 convictus,
575 2306 730 2344 fractusque
740 2307 926 2337 Mithridates.
949 2307 1007 2337 Cic.
1020 2317 1071 2345 pro
1080 2307 1152 2338 Flac.
1165 2316 1215 2347 μ.

157 2344 487 2374 Conscientiaconvic'tus
499 2345 594 2374 homo.
635 2344 692 2373 Cic.
707 2344 733 2373 a.
748 2344 776 2373 iii
789 2343 868 2374 Catil.
882 2354 924 2380 η.
945 2345 1108 2382 Quumill-e,
1129 2346 1216 2375 homo
1227 2354 1274 2375 au-

179 2382 337 2413 daciffimus
347 2405 355 2418 ‚
376 2381 543 2411 conscientia
557 2382 701 2411 convictus
712 2381 864 2412 reticuisset
875 2404 883 2418 ,
895 2384 948 2413 Sec.

121 2419 358 2455 ConvicTio,
379 2421 450 2450 onis.
472 2420 490 2449 f.
514 2419 756 2457 AugustsdeTrin.
771 2429 813 2455 η.
828 2429 852 2449 1.

121 2458 171 2488 Co
180 2467 267 2487 ΝνιΝ
277 2468 322 2487 ετ
333 2468 369 2487 ιο
379 2480 387 2492 ,
408 2458 480 2487 onis.
499 2457 520 2488 f.
541 2467 556 2487 a
570 2457 735 2487 Convincio.
776 2457 895 2494 Quintil.
903 2456 952 2487 lib.
971 2466 994 2487 ῐ.
1009 2466 1072 2494 cap.
1084 2468 1110 2493 4.
1133 2457 1175 2487 De
1185 2466 1273 2495 gram-

160 2496 260 2525 matica
270 2517 278 2531 ,
300 2495 441 2533 disputans
451 2495 486 2524 de
497 2504 614 2524 numero
626 2495 746 2532 partium
763 2496 897 2524 orationis
908 2517 917 2531 ‚
938 2495 1012 2525 Turn
1024 2495 1130 2524 videbit
1141 2496 1176 2524 ad
1188 2505 1273 2533 quem

159 2533 215 2563 hoc
225 2533 365 2571 pertinet,
386 2539 455 2570 quot
469 2534 494 2562 ἃ
511 2542 570 2571 quae
584 2532 635 2561 sint
646 2539 738 2570 partes
756 2534 904 2562 orationis:
927 2542 1083 2570 quanquam
1104 2533 1140 2562 de
1152 2543 1271 2563 numero

158 2581 258 2609 parum
269 2571 410 2602 convenit.
433 2570 544 2600 Veteres
555 2571 631 2600 enim
641 2591 649 2605 ‚
671 2580 788 2607 quorum
798 2571 910 2600 fuerunt
920 2570 1075 2600 Aristoteles
1085 2578 1167 2607 atque
1179 2571 1273 2600 Theo-

160 2609 255 2638 decles
266 2631 274 2644 ‚
296 2609 379 2638 verba
394 2608 479 2638 modo
489 2630 497 2641 .
519 2610 545 2638 &
567 2608 682 2637 nomina
692 2629 700 2643 ,
722 2609 748 2637 Sc
761 2609 974 2638 convinctiones
988 2608 1174 2637 tradiderunt:
1197 2609 1274 2638 vide-

159 2646 226 2676 licet
235 2647 310 2683 quod
326 2647 355 2675 in
366 2646 455 2676 verbis
468 2647 523 2675 vim
532 2645 677 2680 sermonis,
689 2646 719 2674 in
730 2646 891 2675 nominibus
902 2647 1058 2676 materiam:
1080 2647 1145 2683 quia
1155 2645 1272 2676 alterum

156 2684 198 2714 est
209 2685 285 2720 quod
295 2684 454 2721 loquimur,
476 2683 590 2713 alterum
610 2683 646 2712 de
663 2693 718 2720 quo
737 2683 898 2721 loquimur3
922 2686 950 2714 in
967 2683 1211 2713 convindiionibus
1227 2693 1273 2712 au-

158 2730 215 2751 tem
227 2731 324 2751 eorum
333 2722 513 2758 complexum
530 2721 587 2751 effe
606 2721 804 2757 judicaverunt
817 2731 824 2751 :
847 2731 913 2758 quas
924 2721 1140 2757 conjunctiones
1153 2731 1168 2750 a
1179 2719 1273 2760 pleris-

159 2769 214 2797 que
222 2760 280 2789 dici
291 2759 348 2789 scio
360 2770 368 2790 :
388 2760 435 2790 sed
446 2760 505 2789 haec
516 2760 624 2789 videtur
636 2768 671 2788 ex
683 2755 806 2795 συιδῖσμῳ
816 2760 901 2797 magis
911 2759 1023 2798 propria
1032 2758 1182 2789 translatio.

123 2797 146 2827 C
156 2807 172 2826 ο
183 2807 228 2827 Νν
238 2809 245 2826 ι
257 2799 275 2828 ὅ
285 2809 300 2826 r.
310 2808 327 2827 o
338 2819 347 2833 ‚
366 2801 420 2827 are.
443 2796 562 2827 Tertull.
574 2796 653 2834 Apol.
669 2806 731 2834 cap.
744 2805 787 2833 39.

122 2835 390 2870 CoNvi‘Rsssco,
412 2835 481 2870 irui,
503 2836 557 2865 ere.
582 2834 719 2872 Augustin.

123 2872 147 2903 C
156 2882 201 2902 οΝ
212 2876 308 2908 viso,
330 2873 462 2909 [συνορῶ]
483 2874 537 2902 ἕπε.
559 2871 669 2902 Lucret.
681 2871 727 2901 lib.
745 2881 767 2901 1.
787 2874 848 2906 146.

253 2911 308 2940 Res
316 2910 417 2948 quibus
426 2910 550 2940 occultas
561 2911 672 2948 penitus
682 2908 823 2938 convisere
835 2907 926 2947 possis.
987 2909 1047 2939 Cic.
1058 2909 1088 2939 in
1100 2909 1191 2947 Arato,
1208 2918 1271 2947 351.

253 2948 286 2978 Et
295 2948 357 2978 loca
367 2948 483 2978 convisit
493 2949 580 2978 cauda
587 2955 669 2977 tenus
679 2947 766 2976 infera
778 2947 868 2984 piscis.

162 2983 234 3015 Loca
246 2986 340 3015 omnia
351 2985 439 3015 oculis
449 2985 598 3016 convisere.
621 2984 730 3014 Lucret.
747 2985 793 3013 lib.
807 2994 832 3013 2.
848 2994 910 3021 357.

123 3023 370 3060 ΕοΝνῑτιυΜ,
388 3023 434 3053 vel
449 3024 540 3061 potius
559 3023 680 3053 Couvi
692 3032 805 3057 cium,
827 3023 845 3052 i.
867 3032 894 3051 ri.
918 3017 1071 3058 [Anthela]
1099 3022 1137 3052 est
1157 3020 1275 3053 Maledi-

162 3063 238 3091 ctum
250 3071 314 3091 cum
325 3061 503 3091 contumelia.
541 3060 599 3090 Cic.
614 3070 664 3098 pro
673 3059 742 3090 Coel.
757 3064 782 3090 6.
806 3060 969 3090 Maledictio
992 3067 1084 3089 autem
1101 3060 1171 3089 nihil
1190 3061 1275 3090 habet

161 3099 314 3137 propositi,
338 3105 436 3136 praeter
458 3098 656 3128 contumeliam
668 3108 675 3127 :
707 3107 766 3135 quae
787 3097 806 3127 si
827 3097 997 3136 petulantius
1015 3098 1133 3134 jastatur
1142 3120 1150 3133 ,
1173 3097 1276 3128 Convi-

161 3138 232 3167 tium
245 3146 252 3166 :
274 3136 313 3166 sin
327 3136 441 3166 facetius
450 3158 458 3171 ,
481 3136 625 3165 Urbanitas
635 3136 803 3165 nominatur.

160 3173 330 3204 Convicium
341 3195 350 3209 ‚
371 3183 420 3212 per
435 3184 452 3204 c
470 3173 590 3204 litteram
601 3173 723 3202 scribunt
734 3172 873 3202 nonnulli.
915 3171 1047 3210 Ulpianus
1063 3172 1098 3201 D.
1114 3172 1149 3202 de
1165 3172 1276 3209 injuriis

180 3214 208 3242 ἃ
218 3212 328 3242 famosis
337 3211 448 3241 libellis.
460 3211 478 3241 l.
489 3212 559 3242 Item
569 3211 643 3249 apud
655 3211 812 3240 Labeonem
824 3232 831 3245 ,
849 3210 1015 3239 Convicium
1027 3210 1071 3239 vel
1083 3210 1212 3246 injuriam
1221 3210 1276 3240 effe

181 3250 273 3279 Labeo
283 3251 330 3279 ait.
371 3249 536 3279 Convicium
547 3257 639 3278 autem
653 3249 756 3278 dicitur
766 3258 780 3277 a
793 3248 988 3277 Concitatione
999 3269 1006 3281 ,
1028 3248 1099 3278 vela
1115 3248 1276 3284 Conventu‚

180 3288 237 3317 hoc
245 3287 283 3317 est
294 3297 310 3316 a
323 3286 472 3316 collatione
480 3297 591 3316 vocum.
633 3286 728 3323 Quum
738 3286 855 3315 enimin
874 3295 961 3316 unum
976 3285 1069 3323 plures
1086 3295 1169 3315 voces
1181 3285 1277 3315 confe-

180 3332 298 3360 runtur,
322 3325 487 3354 Convicium
498 3335 513 3355 a
536 3323 669 3362 pellatur,
690 3324 763 3361 quasi
774 3323 957 3353 Convocium.
993 3323 1059 3353 Haec
1071 3323 1210 3352 Labeonis
1219 3332 1277 3353 ver-

179 3364 217 3393 ba
226 3362 467 3401 reprehenduntur
480 3372 495 3391 a
529 3361 638 3392 allalib.
652 3365 677 3391 6.
694 3371 754 3399 cap.
769 3371 810 3395 52.
823 3360 934 3396 Festus3
957 3360 1123 3390 Convicium
1133 3382 1141 3396 ,
1163 3370 1178 3390 a
1189 3361 1275 3397 Vicis,

179 3401 211 3430 iri
221 3401 321 3438 quibus
332 3400 455 3437 primum
462 3400 616 3430 habitatum
627 3399 674 3435 est,
695 3401 806 3430 videtur
815 3399 940 3428 dictum:
963 3397 1008 3427 vel
1018 3398 1165 3428 immutata
1174 3398 1276 3435 littera,

180 3439 253 3476 quasi
263 3438 448 3468 Convocium.

162 3475 324 3506 Convitium
344 3476 478 3510 (auctore
488 3474 582 3503 Nonio
596 3483 623 3503 2.
638 3483 699 3511 323.
714 3473 727 3509 )
748 3473 855 3503 didtum
876 3472 914 3502 est
934 3472 1007 3509 quasi
1030 3482 1045 3502 e
1064 3472 1143 3502 Vitiis
1160 3472 1255 3503 locum
1266 3495 1275 3510 ‚

180 3514 229 3551 qui
239 3513 391 3544 secundum
401 3511 605 3549 ignobilitatem
614 3511 691 3546 loci,
712 3510 884 3545 maledictis,
906 3511 931 3540 δι
946 3510 1027 3540 dictis
1046 3511 1173 3548 turpibus
1194 3511 1277 3540 cavil-

182 3551 264 3581 letur.
304 3551 374 3588 Quae
381 3550 464 3580 verba
478 3550 561 3578 Nonii
571 3556 702 3586 corrupta
714 3548 783 3578 sunt.
828 3548 967 3578 Mercerus
977 3548 1042 3585 legit
1053 3569 1061 3583 ,
1084 3548 1166 3584 Quasi
1180 3558 1195 3578 e
1207 3550 1276 3579 vicis

183 3589 286 3625 jocum.
325 3590 391 3624 [ain
402 3588 423 3617 E
433 3587 500 3617 vicis
509 3587 610 3623 jocus?
632 3587 713 3616 Certe
721 3595 786 3615 cum
799 3585 841 3615 his
851 3585 917 3615 facit
926 3585 1034 3615 Nonius
1042 3607 1051 3622 ,
1072 3587 1120 3623 qui
1129 3596 1181 3624 per
1190 3596 1206 3616 c
1215 3586 1278 3616 scri.

182 3626 262 3656 bunt.
281 3636 297 3655 a
311 3626 385 3655 Vitio
394 3625 497 3654 deduci
508 3625 606 3662 nequit
616 3623 653 3653 ob
661 3630 754 3662 antep.
769 3623 891 3661 longam.

162 3664 327 3694 Convitium
338 3685 346 3700 ‚
367 3664 459 3700 inquit
469 3661 561 3697 Valla,
583 3672 598 3691 a
610 3662 713 3691 Vitium
723 3683 731 3696 ,
752 3662 793 3690 vel
807 3662 900 3699 potius
914 3669 930 3690 a
941 3659 1006 3689 Viro
1017 3660 1175 3696 descendit,
1192 3667 1222 3691 ut
1230 3660 1276 3698 vi,

181 3708 297 3738 tupero:
318 3701 422 3730 tametsi
434 3710 491 3730 non
498 3699 616 3729 omnino
625 3708 776 3737 repugnem
784 3697 864 3727 scribi
875 3708 924 3736 per
938 3707 972 3734 c,
993 3705 1024 3728 ut
1039 3698 1200 3735 quibusdam
1219 3699 1278 3737 pla.

184 3746 247 3773 cet,
268 3747 325 3767 non
338 3748 386 3775 per
404 3747 432 3767 τ.
473 3738 506 3768 Et
515 3737 554 3767 est
562 3737 721 3767 Convitium
733 3758 741 3771 ,
762 3735 947 3765 Maledictum
958 3736 1198 3766 contumeliosum.

165 3775 366 3808 foedissimum.
405 3776 480 3806 Suet.
497 3776 527 3805 in
539 3775 647 3812 August.
669 3783 728 3816 cap.
745 3782 787 3810 13.
820 3774 902 3803 Hunc
920 3773 1071 3803 foediffimo
1087 3774 1210 3804 convitio
1231 3783 1278 3803 co.

185 3824 243 3844 ram
263 3813 462 3851 prosciderunt.
501 3814 528 3843 h.
548 3822 573 3843 e.
594 3812 731 3842 Probroiis
748 3810 928 3841 contumeliis
945 3811 1131 3847 incesserunt,
1161 3811 1278 3842 infama-

183 3859 284 3882 verunt
295 3872 303 3884 ,
324 3850 520 3881 laceraverunt.

165 3889 278 3925 Linguae
286 3888 390 3917 stolidae
399 3889 528 3918 convitia.
551 3886 637 3916 Ovid.
655 3895 695 3921 13.
710 3885 779 3915 Met.
793 3890 857 3921 30⁶·
1000 3922 1006 3929 ¹

168 3925 343 3994 Abstinerelse
352 3925 487 3956 convitio.
508 3923 628 3963 Quintil.
640 3923 720 3961 lib.7.
733 3933 794 3961 cap.
806 3932 831 3961 3.
853 3922 951 3961 quue
959 3921 1041 3953 satius
1054 3923 1093 3954 est
1105 3922 1219 3955 omnise
1233 3932 1280 3954 an-

209 3965 253 3996 Vo
262 3974 288 3995 ι..
322 3985 331 3994 .

1676 125 1706 160 C
1802 124 1837 160 O
1931 127 1966 162 N
2397 145 2466 186 689

1370 206 1463 270 i'essfiae
1477 205 1537 235 vitae
1548 204 1680 272 abstiHere
1695 207 1819 237 convitio
1833 228 1842 242 ‚
1863 216 1945 244 quam
1960 207 2068 239 levibus
2080 216 2129 241 aut
2147 211 2250 245 frivolis
2266 222 2314 247 aut
2324 221 2466 252 manifeste

1386 254 1398 270 Li
1422 253 1441 272 lS
1458 254 1535 272 reum
1549 253 1610 272 ll'lce
1635 254 1689 273 ere-

1354 281 1463 309 Addere
1475 281 1606 310 convitia.
1630 281 1713 310 Ovid.
1728 291 1770 316 14.
1783 281 1852 311 Met.
1865 291 1926 317 522.

1447 319 1560 347 Addidit
1575 318 1708 348 obscaenis
1719 319 1846 349 convicia
1853 321 1950 350 rustica
1962 321 2052 351 dietis.

1353 354 1482 389 Adjicere
1498 357 1617 385 convitia
1630 357 1715 386 facto.
1748 357 1767 386 i.
1780 366 1804 386 e.
1828 357 1903 388 Ultra
1915 358 1984 387 illud
2000 359 2074 395 quod
2088 360 2286 400 malealiquem
2298 369 2456 403 tractaveris

1373 395 1455 421 etiam
1469 394 1598 422 convitiis
1611 395 1635 423 ὀὶ
1648 393 1962 425 contumeliisinces‘sere
1978 396 2065 427 illum.
2087 398 2171 429 Ovid.
2184 403 2210 430 6.
2226 401 2295 432 Met.
2307 412 2371 435 211.
2456 393 2466 409 ⁹

1353 428 1509 459 Consectari
1523 430 1643 467 aliquem
1653 432 1781 461 convitiis
1792 434 1817 462 8<
1827 432 1918 463 sibilis.
1941 434 2000 464 Cic.
2016 445 2043 466 ².
2057 437 2112 466 Att.
2128 442 2169 471 18.

1354 466 1453 497 Dicere
1464 469 1628 497 convitium.
1651 468 1735 497 Plaut.
1748 469 1818 499 Asin.
1838 481 1861 505 ς.
1874 480 1900 500 2.
1911 481 1956 507 49.

1651 521 1688 527 -—
1700 506 1763 535 saxo
1776 514 1805 536 ut
1814 507 1881 538 scias

1374 578 1403 606 Μ
1433 542 1510 608 (gutizi
1532 542 1649 580 periculi
1666 544 1697 572 fit
1715 544 1815 574 dotatae
1835 546 1915 575 uxori
1933 547 2090 579 convitium
2110 550 2212 581 dicere.
2292 552 2340 583 Sic
2359 553 2465 589 Douza.

1407 601 1412 606 .
1462 589 1468 607 l
1485 589 1550 609 lum.

1353 615 1454 646 Facere
1466 618 1630 647 convitium.
1652 617 1716 649 Ter.
1733 618 1851 657 Adelph.
1866 628 1891 649 2.
1910 629 1932 650 ι.
1945 624 1989 651 26.

1546 671 1583 676 —
1593 661 1659 684 ante
1670 658 1753 686 aedeis
1764 667 1820 686 noi-i
1832 656 1924 687 fecisse
1935 660 1986 688 erit
1997 660 2097 690 melius
2108 661 2157 692 hic
2165 665 2334 697 convitium..

1354 691 1456 721 Facere
1466 701 1499 722 ac
1507 693 1606 721 mereri
1618 692 1753 724 deformia
1763 695 1894 724 convitia.
1917 695 2037 732 Quintil.
2055 698 2105 728 lib.
2114 703 2141 730 6.
2156 710 2215 740 cap.
2228 713 2256 738 4.

1353 728 1454 758 Facere
1464 729 1545 760 alicui
1557 731 1710 760 convitium
1722 742 1809 768 grave.
1833 732 1891 761 Cic.
1909 738 1950 763 16.
1968 736 2019 763 Art,
2038 741 2064 769 8.

1355 766 1418 795 Fert
1430 767 1558 796 honestus
1567 768 1608 795 vir
1620 769 1758 798 inferioris
1771 771 1935 799 convitium.
1957 772 2077 808 Quintil.
2090 773 2139 804 lib.
2152 778 2180 805 ⁶.
2196 785 2257 816 cap.
2269 787 2296 808 2..

1355 802 1482 833 Fundere
1499 805 1527 833 in
1541 805 1671 841 aliquem.
1694 807 1777 835 Ovid.
1792 815 1832 842 13.
1851 807 1919 836 Met.
1935 815 1998 844 306.

1353 840 1586 876 Jactariclamore
1603 844 1792 879 convitioque.
1816 843 1874 874 Cic.
1891 855 1933 879 ις.
1944 846 2016 876 Fam.
2030 858 2056 883 ς.

1356 878 1489 908 Incessere
1504 879 1625 916 aliquem
1637 883 1777 911 convitiis.
1800 882 1875 911 Suet.
1887 881 1982 913 Tiber.
2002 894 2062 924 cap.
2078 895 2121 917 u.

1356 915 1486 951 Ingerere
1500 918 1591 947 alicui.
1614 917 1680 948 Hor.
1697 929 1720 947 1.
1739 919 1825 948 Serm.
1837 929 1862 954 ς.
1876 929 1916 949 ιι.

1356 954 1461 1020 Patibab
1473 954 1576 992 aliquo.
1599 954 1734 993 Ulpianus
1749 958 1777 985 in
1789 956 1806 986 l.
1827 966 1850 986 1.
1867 958 1888 994 ἧ.
1907 958 1978 988 Cum
1990 966 2135 997 patronus.
2153 962 2187 993 D.
2199 964 2234 994 de
2245 965 2338 997 officio
2347 969 2470 1007 praefeffi

1376 1002 1407 1021 Ul*
1430 1002 1446 1020 1.

1355 1029 1534 1059 Proscindere
1543 1030 1664 1067 aliquem
1676 1031 1817 1061 convitiis.
1837 1031 1908 1061 Plin.
1921 1032 1968 1063 lib.
1981 1042 2024 1070 33.
2035 1044 2095 1074 cap.
2110 1047 2134 1068 ι.

1356 1066 1538 1103 Respondete
1553 1070 1688 1098 convitio.
1709 1069 1767 1099 Cic.
1782 1079 1833 1113 pro
1844 1069 1937 1099 Domo
1950 1079 1974 1107 3.

1356 1105 1494 1134 Sustinere
1508 1105 1603 1135 scurrae
1613 1107 1705 1136 divitis
1714 1107 1909 1142 quotidianum
1922 1110 2085 1140 convitium.
2109 1110 2166 1142 Cic.
2175 1123 2226 1151 pro
2238 1115 2335 1152 Quint.
2349 1122 2394 1149 62.

1355 1142 1522 1172 Verberatur
1534 1142 1641 1174 senatus
1660 1145 1783 1174 convitio
1803 1154 1834 1174 os
1852 1145 1976 1180 alicujus.
2017 1147 2074 1178 Cic.
2083 1148 2115 1178 in
2125 1149 2213 1181 Pison.
2226 1156 2272 1188 ⁶3·
2293 1155 2322 1185 Si
2339 1165 2370 1186 os
2393 1163 2472 1190 tuum

1375 1180 1496 1209 ferreum
1509 1181 1625 1210 Senatus
1637 1182 1761 1211 convitio
1779 1182 1915 1212 verberari
1926 1183 2048 1215 noluisti.

1355 1217 1476 1248 Vomere
1487 1219 1618 1248 convitia.
1642 1220 1763 1249 Avienus
1777 1220 1806 1249 in
1818 1220 1930 1258 Virgine
1942 1243 1950 1256 ,

1450 1255 1515 1284 Non
1524 1262 1554 1285 ut
1565 1256 1629 1286 fessa
1638 1258 1727 1286 virum
1740 1266 1878 1295 repararet
1890 1259 1989 1296 gaudia
2004 1259 2102 1297 vultu,

1451 1293 1506 1322 Sed
1527 1294 1640 1331 crepula
1649 1300 1679 1324 ut
1691 1295 1747 1325 late
1757 1302 1882 1326 vomeret
1891 1297 2014 1326 convitia
2026 1307 2108 1329 voce.

1355 1330 1540 1373 Convitium,
1566 1333 1730 1367 [muciam
1741 1355 1749 1368 ‚
1771 1330 1923 1367 szaayoyi'x.
1948 1334 2007 1364 Vet.
2022 1335 2103 1365 Gloss‘.
2117 1337 2132 1372 ]
2151 1348 2203 1376 pro
2213 1339 2335 1379 Strepitu
2347 1345 2373 1374 ἀ
2383 1346 2474 1377 turba.

1379 1368 1438 1397 Cic.
1451 1378 1501 1406 pro
1513 1369 1591 1413 Arch.
1606 1379 1648 1400 12.
1670 1370 1744 1407 Quia
1760 1370 1918 1409 suppeditat
1927 1373 2020 1406 «nobis.
2033 1373 2081 1403 ubi
2098 1376 2123 1404 ἂ
2135 1377 2243 1407 animus
2260 1389 2294 1409 ex
2305 1381 2360 1411 hoc
2375 1384 2474 1415 forensi

1380 1406 1493 1443 strepitu
1503 1407 1641 1437 refieiatur
1650 1429 1658 1443 ‚
1680 1410 1706 1438 ἃ
1716 1418 1794 1439 aures
1804 1409 1929 1438 convitio
1940 1410 2048 1440 defeffae
2058 1413 2265 1450 conquiescant.

1357 1443 1483 1473 Stridula
1497 1445 1664 1475 cicadarum.
1686 1445 1789 1476 Lucan.
1802 1447 1838 1476 ad
1848 1446 1935 1476 Pison.
1950 1454 2014 1483 258.

1361 1481 1546 1517 Convicium,
1566 1492 1616 1520 pro
1628 1482 1674 1512 Fla
1694 1484 1808 1514 itatione
1823 1484 2029 1522 objurgatoria,
2050 1492 2082 1517 ut

1359 1519 1514 1556 ‘Efflagitare
1526 1521 1650 1550 convitio
1662 1531 1676 1550 a
1689 1521 1775 1558 iquid.
1799 1521 1857 1551 Cic.
1871 1531 1897 1552 2.
1913 1523 1949 1560 Q.
1963 1523 2024 1553 frat.
2039 1534 2081 1555 11.
2120 1536 2140 1556 r.

1362 1557 1546 1601 Quotidiano.
1586 1557 1706 1602 Quintil.
1719 1559 1893 1597 Tryphon.a
1905 1571 1945 1598 pr.
1967 1535 2123 1599 Efflagitaffi
2145 1566 2307 1602 quotidiano
2327 1574 2457 1605 convicio

1382 1602 1412 1624 ut
1424 1597 1475 1625 διο.
1505 1605 1524 1625 i.
1535 1605 1559 1625 e.
1579 1595 1701 1634 Vocibus
1711 1597 1822 1627 assiduis
1832 1619 1841 1634 ,
1861 1597 1906 1627 seu
1919 1600 2080 1635 quotidiana
2091 1602 2296 1638 adhortatione.
2465 1597 2476 1613 ⁹

1359 1632 1458 1670 ‘Urgeri
1470 1633 1594 1663 convitio
1604 1635 1740 1664 omnium.
1763 1635 1820 1665 Cic.
1830 1646 1857 1671 4.
1871 1636 1952 1666 Acad.
1966 1647 2028 1674 ¹25--

1358 1670 1497 1701 'Convitio
1508 1671 1616 1700 aurium
1625 1681 1691 1701 curn
1699 1677 1806 1702 extorta
1818 1673 1888 1703 mihi
1895 1675 1994 1704 veritas
2010 1675 2084 1705 effet.
2107 1677 2166 1708 Cic.
2175 1679 2204 1708 in
2216 1680 2295 1713 Orat,
2310 1689 2362 1716 160

1321 1707 1350 1737 ‘C
1359 1717 1375 1736 o
1384 1718 1489 1738 Ννιτι
1499 1711 1516 1738 ὅ
1528 1720 1545 1738 1.
1556 1719 1604 1738 UM
1613 1731 1621 1744 ,
1642 1709 1660 1739 i.
1682 1719 1710 1739 n.
1732 1709 1873 1748 Lamprid.
1887 1711 1917 1740 in
1932 1712 2008 1743 Alex.
2018 1723 2077 1751 cap.
2090 1721 2135 1748 28.
2150 1724 2219 1748 extr.
2365 1709 2371 1716 ⁸

1321 1745 1351 1775 ’C
1360 1755 1405 1774 oN
1416 1755 1476 1776 vir
1485 1757 1494 1775 1
1504 1756 1521 1775 o
1531 1756 1547 1775 R
1556 1768 1565 1782 ‚
1586 1744 1737 1783 [mihera]
1758 1749 1807 1778 ari.
1829 1749 1932 1787 depon.
1955 1750 2116 1781 Convitium
2129 1754 2231 1786 dicere.
2256 1758 2374 1795 Quintil.
2393 1761 2431 1793 lib
2452 1773 2465 1802 3

1324 1822 1327 1825 ¹
1366 1793 1426 1821 cap.
1439 1789 1463 1818 8.
1486 1784 1590 1814 Contra
1600 1784 1780 1815 sentientibus
1792 1786 1945 1817 inhumane
1955 1790 2186 1821 convitiabantur.
2434 1786 2440 1794 ⁸
2469 1786 2480 1795 ⁸

1324 1820 1351 1850 =C
1361 1831 1377 1865 o
1387 1831 1406 1849 Ν
1415 1831 1431 1850 ν
1442 1832 1451 1849 ι
1461 1831 1480 1850 τ
1491 1832 1500 1850 ι
1513 1825 1529 1850 ιῑ
1539 1831 1601 1866 ”¹1⁰⁸
1611 1844 1619 1859 ,
1640 1823 1704 1853 6ris.
1726 1833 1762 1852 m.
1783 1821 1930 1860 [m'he&]
1954 1826 2009 1863 Qui
2020 1829 2176 1859 convitium
2188 1831 2257 1861 dicit
2271 1834 2314 1863 vel
2325 1835 2399 1867 flacit.
2419 1839 2478 1871 Cic.

1364 1868 1394 1887 in
1405 1858 1512 1903 Sallust.
1533 1859 1562 1889 Si
1573 1860 1682 1904 demea
1694 1861 1751 1891 vita
1761 1867 1845 1899 atque
1854 1862 1961 1893 actibus
1976 1865 2042 1894 huic
2050 1867 2226 1898 conviciatori
2242 1870 2420 1907 respondero.

1364 1896 1523 1940 Maledictis
1538 1904 1712 1928 convitiator.
1753 1899 1811 1929 Cic.
1830 1909 1882 1937 pro
1899 1900 2009 1932 Muren.
2025 1912 2067 1938 ¹3-
2095 1903 2125 1934 Si
2145 1915 2210 1936 «vere
2228 1908 2361 1944 objicitur
2399 1914 2483 1945 vehe‹

1384 1941 1487 1964 mentis
1499 1934 1679 1965 accusatoris:
1701 1935 1739 1965 sm
1748 1936 1830 1972 falso,
1851 1937 1982 1969 maledici
1993 1941 2193 1973 convitiatoris.
2370 1933 2378 1948 ’

1366 1972 1583 2017 Convitiatorem
1597 1974 1656 2011 rapi
1665 1973 1740 2009 jusfit
1751 1974 1781 2003 in
1794 1984 1940 2006 carcerem.
1962 1977 2077 2008 Sueton.
2088 1979 2179 2010 Tiber.
2194 1991 2254 2021 cap.
2269 1994 2311 2014 ιι.

1326 2009 1351 2039 C
1361 2019 1378 2039 o
1389 2019 1433 2039 Νν
1443 2014 1502 2039 ivo
1511 2032 1520 2046 ‚
1540 2020 1569 2054 pri
1584 2031 1592 2045 ‚
1601 2013 1704 2054 ctum,
1725 2011 1853 2047 [συμςιέω
1862 2034 1871 2049 ,
1891 2009 2041 2051 cuv-zlgsw]
2061 2017 2116 2047 ere.
2141 2017 2252 2057 Vivere,
2274 2022 2319 2052 v-el
2332 2023 2421 2055 Simul
2440 2027 2484 2057 vi-

1365 2049 1463 2078 vere&
1473 2047 1617 2077 comlffarl.
1658 2049 1743 2078 Plaut.
1755 2049 1855 2088 Amph.
1867 2060 1894 2085 4.
1907 2059 1934 2081 2.
1951 2052 2059 2090 suppos.
2074 2063 2152 2091 2.45.

1379 2123 1384 2128 ι
1445 2085 1540 2115 Misisti
1551 2086 1585 2115 ad
1602 2086 1694 2115 navim
1704 2086 1807 2116 Sosiam
1818 2109 1826 2123 ,
1848 2095 1879 2117 ut
1894 2089 1979 2119 hodie
1990 2096 2084 2121 tecum
2094 2094 2278 2126 conviveret?
2353 2099 2481 2136 Quintil.

1365 2122 1414 2151 lib.
1429 2131 1456 2166 ι..
1465 2131 1526 2160 cap.
1541 2127 1566 2153 ⁶.
1589 2122 1740 2159 Lavamur.
1761 2126 1787 2154 δι
1801 2126 1968 2161 tondemur,
1989 2129 2015 2158 ἃ
2033 2131 2211 2162 convivimus
2221 2142 2256 2164 ex
2269 2135 2483 2171 consuetudine.

1361 2159 1523 2190 ‘Convivere
1534 2170 1599 2190 cum
1610 2161 1839 2192 adolescentibus.
1862 2163 1981 2200 Quintil.
1996 2165 2045 2195 lib.
2060 2177 2082 2201 ς.
2095 2177 2156 2206 cap.
2169 2179 2195 2203 ⁹·

1362 2198 1524 2228 'Convivere
1533 2198 1626 2228 alicui.
1668 2199 1788 2235 Quintil.
1798 2200 1847 2230 lib.
1863 2210 1904 2236 19.
1917 2211 1978 2239 cap.
1992 2213 2013 2233 1.
2039 2204 2080 2233 De
2090 2206 2221 2238 omnibus
2232 2210 2384 2242 aetatis'suae
2423 2215 2484 2251 qui.

1362 2248 1365 2251 ·
1385 2235 1489 2273 busque
1498 2236 1665 2279 convivebat
1676 2258 1683 2270 ,
1706 2236 1844 2267 silentium
1858 2239 1921 2276 egit.
1965 2240 2025 2276 [Ut
2033 2242 2135 2273 dicitur
2145 2244 2247 2281 ἧσιχίιω
2264 2247 2342 2281 ἄγειν,
2367 2235 2443 2282 Ηῖςῑ

1325 2272 1431 2317 Couv
1441 2282 1565 2317 ιεῑτιοι
1585 2277 1654 2304 onis.
1677 2274 1697 2304 f.
1718 2274 1796 2305 Idem
1805 2285 1838 2306 ac
1850 2276 2009 2308 Convictus.
2050 2279 2109 2311 Cic.
2121 2281 2207 2312 Filius
2220 2287 2261 2313 16.
2273 2285 2347 2316 Fam.
2361 2297 2406 2318 21.
2429 2275 2487 2320 Cu-

1365 2320 1410 2348 Jus
1420 2311 1722 2354 cumfrugrseveraque
1730 2313 1768 2342 est
1782 2314 1838 2343 vita
1851 2335 1859 2349 ,
1878 2320 1938 2344 tum
1950 2316 2036 2346 etiam
2045 2318 2242 2352 jucundissima
2256 2325 2406 2355 convictio.
2430 2327 2485 2358 Ubi

1366 2348 1414 2379 alii
1425 2348 1594 2384 Coniunctio
1607 2349 1694 2383 male,
1716 2355 1747 2379 ut
1762 2350 1820 2380 dixi
1832 2352 1932 2381 Annot.
1949 2353 1978 2382 in
1989 2354 2073 2393 Epist.
2091 2355 2127 2385 H.
2140 2357 2178 2387 St.
2206 2358 2416 2394 Desiderabatur
2428 2365 2486 2396 hoc

1367 2385 1536 2416 vocabulum
1545 2387 1574 2415 in
1586 2387 1630 2416 ed.
1642 2386 1728 2424 Lugd.

1328 2424 1353 2455 C
1362 2434 1378 2454 o
1388 2434 1406 2453 Ν
1417 2434 1433 2454 ν
1444 2435 1454 2452 ι
1465 2433 1509 2453 c·r
1518 2434 1536 2452 u
1545 2433 1558 2453 s
1566 2445 1574 2458 ,
1599 2425 1639 2454 us.
1661 2433 1699 2453 m.
1720 2422 1858 2468 [quanda]
1879 2426 2059 2458 Conversatio
2069 2431 2095 2460 &
2105 2434 2324 2467 commercium:
2348 2440 2424 2475 quod
2437 2442 2487 2478 qui

1368 2472 1424 2491 una
1442 2461 1691 2505 versantur,.saepe
1709 2469 1792 2492 etiam
1809 2473 1864 2494 una
1879 2466 2008 2496 vivant&
2022 2468 2179 2505 epulentur.
2221 2472 2356 2505 Columel.
2373 2476 2421 2507 lib.
2439 2489 2470 2509 11

1366 2509 1429 2538 cap.
1445 2508 1480 2543 1.⁴
1491 2499 1522 2529 ln
1532 2500 1796 2537 primisconvictum
1808 2502 1991 2533 domesticum
2001 2526 2009 2540 ,
2031 2505 2177 2545 multoque
2190 2510 2274 2540 etiam
2294 2514 2380 2551 magis
2395 2502 2486 2546 exter:

1366 2547 1436 2567 num
1454 2543 1532 2566 vitet.

1367 2575 1520 2605 Convictus
1533 2575 1559 2604 &
1569 2574 1751 2604 consuetudo,
1793 2574 1852 2606 Cic.
1865 2587 1889 2611 ς.
1904 2577 1979 2608 Fam.
1996 2589 2039 2617 14.
2060 2580 2097 2611 Ut
2111 2582 2167 2613 istis
2177 2588 2205 2614 te
2216 2585 2347 2618 molestiis
2357 2588 2442 2625 laires,
2455 2593 2484 2622 &

1385 2613 1420 2642 ad
1432 2613 1590 2642 convit‘tum
1601 2613 1722 2642 nostrum
1732 2612 1845 2657 redeas,
1866 2616 1892 2645 ἃ
1907 2616 1943 2645 ad
1960 2617 2192 2652 consuetudinem
2211 2623 2256 2653 vel
2275 2626 2394 2657 nostram
2407 2638 2485 2660 coni.

1388 2659 1503 2679 munem
1514 2671 1522 2685 ,
1543 2650 1588 2679 vel
1602 2656 1677 2679 tuam
1689 2650 1772 2680 solius
1780 2660 1811 2680 ac
1821 2654 1972 2690 propriam.

1364 2688 1521 2717 'Convictus
1534 2687 1688 2724 humanus,
1711 2689 1736 2718 Sc
1749 2688 1872 2719 societas.
1895 2691 1954 2721 Cic.
1967 2701 1992 2728 3.
2005 2692 2062 2723 Off.
2073 2703 2118 2725 αι.

1366 2725 1540 2769 Convictus,
1562 2735 1612 2763 pro
1624 2725 1686 2769 ipso
1696 2726 1809 2756 vivendi
1822 2728 1848 2757 &
1861 2728 1996 2766 epulandi
2005 2733 2069 2761 ritu.
2093 2733 2211 2766 Martial.
2224 2736 2272 2766 lib.
2287 2747 2329 2768 ιο.
2341 2748 2388 2776 47.

1449 2763 1600 2807 (Jonvictus
1612 2763 1720 2807 facilis,
1742 2763 1797 2794 sine
1807 2772 1865 2795 arte
1884 2766 1986 2798 mensa.
2081 2770 2141 2801 h.e.
2164 2773 2243 2804 Nihil
2260 2775 2345 2806 habet
2364 2779 2393 2807 in
2408 2787 2486 2810 com-

1384 2809 1466 2830 muni
1480 2801 1554 2830 victu
1566 2801 1737 2831 deliciarum.

1366 2838 1538 2868 Convicium
1547 2838 1649 2882 habere
1657 2849 1722 2868 cum
1736 2839 1838 2876 aliquo.
1877 2839 2017 2874 Columel.
2029 2844 2078 2875 lib.
2094 2855 2117 2875 1.
2129 2856 2189 2885 cap.
2202 2854 2228 2883 8.
2257 2850 2284 2880 li.
2298 2861 2323 2881 e.
2352 2852 2424 2883 Cum
2438 2854 2488 2886 ali-

1389 2886 1445 2913 quo
1460 2885 1663 2906 commercuim
1674 2876 1782 2906 habere.

1331 2913 1355 2944 C
1364 2923 1381 2943 o
1391 2923 1412 2942 N
1420 2923 1436 2943 V
1446 2924 1455 2942 ¹
1463 2923 1481 2943 c
1489 2923 1509 2942 Τ
1518 2923 1534 2942 ⁰
1544 2923 1560 2942 R
1569 2936 1577 2949 ‚
1599 2914 1662 2944 oris.
1683 2924 1720 2944 ¹1¹·
1743 2911 1920 2951 [acme]
1936 2917 1993 2954 Qui
2006 2919 2137 2950 Convivit
2147 2943 2155 2955 ‚
2177 2923 2307 2955 Comedi't
2318 2928 2343 2956 ει
2357 2927 2426 2957 bibit
2435 2939 2487 2959 iio.

1370 2951 1473 2981 biscum
1483 2951 1659 2995 familiariter.
1695 2952 1771 2982 Suet.
1785 2953 1813 2981 in
1821 2952 1914 2983 Tiber.
1926 2965 1986 2993 cap.
2001 2961 2044 2993 5⁶·
2066 2958 2162 2989 Nihilo
2171 2961 2298 2993 lenior-in
2309 2967 2485 2998 convictores

1372 2988 1522 3018 Graeculos.
1562 2989 1634 3019 Alias
1648 2989 1866 3021 Contubernales
1875 2999 1964 3022 vocat.

1370 3026 1630 3056 Convictoremeffe
1641 3027 1732 3057 alicui.
1755 3028 1840 3058 Ovid.
1855 3039 1882 3064 4.
1899 3030 1933 3059 de
1941 3031 2018 3061 Pont.
2030 3041 2055 3068 3.
2070 3043 2112 3070 ις.

1450 3063 1501 3094 Ille
1511 3074 1562 3102 ego
1573 3065 1718 3094 conviCtor
1728 3087 1736 3100 ‚
1758 3065 1899 3103 densoque
1910 3068 2076 3100 domesticus
2086 3068 2143 3102 usu.

1370 3100 1532 3145 Familiares
1545 3103 1570 3132 Sc
1581 3103 1738 3140 quotidiani
1751 3104 1933 3135 convictores.
1974 3107 2031 3136 Cic.
2043 3108 2093 3138 Fil.
2110 3114 2151 3140 16.
2169 3110 2298 3143 Fam-21.
2318 3113 2390 3144 >Utor
2409 3115 2488 3147 fami-

1389 3138 1504 3206 liziigibus
1514 3141 1539 3169 Sc
1547 3141 1722 3208 Ξυοῑίἀίεηὲε
1735 3141 1941 3173 convictoribus
1952 3166 1960 3180 ,
1983 3154 2053 3182 quos
2068 3144 2161 3177 secum
2180 3149 2324 3188 Mitylenis
2335 3152 2488 3192 Cratippus

1388 3187 1404 3206 a
1447 3185 1507 3207 uiiit
1574 3187 1598 3208 c.

1333 3212 1356 3245 C
1365 3224 1381 3243 0
1391 3223 1434 3243 NV
1443 3218 1497 3244 Ῑνι
1509 3199 1527 3244 1}
1539 3226 1558 3244 Μ
1569 3237 1578 3251 ‚
1600 3215 1618 3245 i,
1641 3225 1668 3245 ῃ,
1691 3213 1800 3251 [iuopia
1811 3237 1820 3250 ‚
1852 3214 1942 3245 ε’ςῖοιαις
1951 3240 1959 3254 ‚
1987 3216 2143 3257 enuncia-sou]
2175 3223 2233 3254 Cic.
2256 3224 2291 3253 de
2316 3227 2425 3259 Senest.
2437 3240 2473 3266 45

1370 3252 1446 3282 Bene
1456 3253 1532 3282 enim
1541 3253 1660 3289 majores
1671 3253 1884 3297 accubationem
1905 3256 2047 3293 epularem
2064 3259 2217 3290 amicorum
2229 3283 2236 3296 ,
2258 3264 2321 3299 quia
2341 3266 2404 3295 vitae
2418 3253 2488 3297 con'.

1369 3291 1544 3326 junctionem
1556 3291 1671 3320 haberet
1684 3313 1692 3326 ‚
1713 3292 1876 3334 convivium
1887 3294 2083 3330 nominarunt,
2104 3298 2203 3328 melius
2213 3309 2294 3336 quam
2312 3302 2399 3333 Graeci
2409 3326 2417 3338 ,
2439 3305 2488 3342 qui

1370 3328 1426 3357 hoc
1447 3327 1523 3358 idem
1542 3334 1602 3358 tum
1622 3335 1861 3366 compotatlonem
1873 3351 1880 3364 ,
1901 3336 1960 3361 tum
1983 3336 2226 3365 concoenationem
2239 3346 2347 3369 vocant.
2366 3343 2446 3372 conf.
2459 3353 2486 3379 9..

1370 3365 1446 3396 Fam.
1459 3375 1505 3401 24.
1543 3367 1558 3401 [
1570 3366 1637 3395 Vide
1649 3376 1708 3403 quae
1721 3366 1780 3396 dixi
1792 3367 1823 3395 in
1838 3367 1953 3397 Nizolio
1967 3369 2117 3401 didascalo.
2138 3373 2174 3402 H.
2185 3374 2225 3404 St.

1371 3404 1450 3432 Areia
1459 3403 1589 3433 convivia
1599 3403 1731 3433 dicuntur
1740 3425 1748 3439 ‚
1770 3403 1824 3433 Ubi
1834 3407 1907 3435 arcte
1919 3405 2109 3439 discumbitur.
2131 3410 2199 3441 Hor.
2214 3421 2237 3442 1.
2251 3413 2333 3449 Epist.
2346 3425 2370 3452 ς.
2379 3425 2427 3452 29.

1371 3440 1508 3470 Candida.
1529 3441 1652 3479 Propert.
1662 3452 1688 3477 4.
1701 3446 1725 3470 6.
1739 3450 1782 3477 71.
2400 3443 2403 3446 ⁴

1452 3478 1577 3508 Candida
1587 3488 1663 3508 nunc
1678 3477 1757 3507 molli
1767 3478 1883 3509 subeant
1896 3483 2022 3511 convivia
2034 3483 2109 3513 luco.

1372 3515 1500 3545 Celebre.
1521 3515 1619 3545 Auson.
1643 3516 1764 3546 sectione
1777 3517 1866 3553 prima
1876 3539 1883 3553 ,
1905 3519 1946 3549 De
1962 3521 2050 3550 verbis
2058 3521 2124 3552 Rufi
2131 3521 2257 3554 rhetoris.

1373 3553 1459 3583 Foeda
1473 3553 1618 3590 Lycaoniae
1628 3554 1736 3583 mensae.
1760 3554 1845 3584 Ovid.
1858 3565 1884 3586 -ι,
1896 3556 1965 3587 Met.
1976 3562 2039 3594 ιός.

1370 3588 1512 3621 Ῑηίὶτυᾶει.
1535 3590 1565 3620 V.
1588 3602 1598 3619 1
1607 3600 1648 3619 Ns
1657 3601 1678 3619 T
1686 3601 1702 3620 a
1711 3601 1732 3620 u
1742 3601 1769 3621 o.

1372 3627 1540 3657 Lautislima.
1562 3626 1595 3657 V.
1617 3639 1633 3656 i.
1642 3638 1662 3657 A
1672 3638 1690 3657 υ
1698 3638 1718 3656 τ
1727 3638 1745 3657 υ
1755 3638 1777 3658 s.

1373 3665 1531 3695 Moderata.
1551 3664 1609 3696 Cic.
1623 3675 1674 3703 pro
1686 3666 1797 3695 Mureti.
1811 3675 1854 3702 13.

1374 3703 1499 3740 opipare
1510 3709 1648 3740 apparata.
1671 3703 1728 3733 Cic.
1743 3713 1768 3740 3.
1783 3703 1840 3734 Off.
1858 3710 1901 3740 58.

1374 3739 1489 3778 Regalia
1518 3739 1638 3776 Quintil.
1650 3740 1699 3770 lib.
1714 3750 1810 3779 neap.
1827 3752 1869 3772 ιο.

1374 3776 1550 3815 Sumptuosa.
1572 3777 1688 3807 martial.
1701 3777 1751 3808 lib.
1767 3789 1790 3807 1.
1802 3788 1863 3808 100.
1875 3780 1904 3809 in
1915 3776 2049 3813 Calenum
2059 3792 2168 3816 avarum
2179 3804 2190 3823 ,

1469 3814 1505 3843 Ut
1513 3815 1642 3844 convivia
1653 3815 1847 3853 sumptuosiora
1855 3837 1865 3852 ,

1468 3851 1544 3881 Toto
1557 3862 1616 3889 quae
1627 3852 1710 3881 semel
1721 3862 1835 3890 apparas
1847 3855 1876 3883 iri
1887 3864 1963 3886 aurio
1972 3879 1980 3893 ‚
1999 3859 2051 3889 διο.

1376 3889 1562 3926 Tempestiva.
1582 3889 1642 3919 Cic.
1652 3900 1703 3927 pro
1718 3891 1794 3920 Arch.
1811 3900 1852 3928 ις.

1377 3926 1485 3957 vinosa.
1507 3926 1592 3957 Ovid.
1606 3936 1630 3965 3.
1643 3929 1735 3958 Amor.
1747 3938 1771 3958 ι.
1786 3936 1829 3965 17.
1842 3944 1846 3949 -

1900 3964 1984 3998 Ssse
2385 3977 2490 4017 Nequi.
