2604 4222
204 147 273 179 300
626 133 653 166 A
748 127 779 165 U
879 129 910 163 G

244 216 363 246 Somnos
376 213 463 243 aufert
477 214 568 243 timor.
588 213 654 243 Hor.
666 211 692 241 2.
708 212 797 240 Carm.
816 214 856 239 16.
875 213 916 238 16.

245 255 339 291 Spem.
380 252 437 281 Cic.
452 262 475 286 3.
493 251 550 280 Off.
565 261 606 280 10.
629 251 693 280 Oris
705 250 778 278 enim
789 246 969 286 pulchritudo
983 267 990 279 ‚
1006 243 1105 280 reliqui
1117 242 1241 280 corporis
1252 240 1363 269 imitan-

264 291 292 320 di
303 291 378 328 spem
389 289 536 318 auserebat.

245 329 379 366 Spiritum
389 327 479 356 alicui.
503 326 590 362 Cic.7.
604 325 745 360 Verr.i17.
764 322 840 358 Quid
851 320 928 349 dabis
939 329 972 348 ne
982 319 1029 347 diu
1040 317 1178 346 crucietur
1188 317 1201 344 ’ἶ
1219 315 1363 354 nte-saepius

266 366 401 395 feriatur?
423 374 457 393 ne
468 374 532 393 cum
544 363 619 392 sensu
630 361 732 390 doloris
742 359 835 396 aliquo
846 364 893 387 aut
902 358 1024 386 cruciatu
1038 356 1148 393 spiritus
1158 354 1294 383 auferatur
1302 354 1315 380 ‘?

248 405 386 433 Studium.
410 403 476 431 Hor.
490 410 513 436 3.
527 402 616 430 Carni.
638 409 678 428 iz.
692 402 717 427 6.

248 441 378 472 Tacitum
389 439 502 476 aliquid.
544 438 628 467 Plaut.
643 437 710 465 Alin.
721 446 747 469 4.
761 444 787 463 2.
800 444 825 469 7.
847 430 1002 469 Suspendas
1012 430 1105 469 potius
1118 439 1163 458 me
1175 451 1182 465 ,
1205 438 1287 466 quam
1298 427 1364 456 taci-

268 485 297 508 ta
305 480 363 508 haec
373 477 486 507 auferas.
509 475 559 504 i.e.
582 476 673 511 Quam
687 480 791 502 taceam
806 470 902 500 dehac
918 479 955 498 re.

250 515 437 547 Transversos.
478 512 545 542 Plin.
558 512 606 541 lib.
619 517 660 542 28.
676 521 736 547 cap.
751 520 772 538 1.
796 509 882 538 Dictae
900 513 977 535 erant
990 506 1118 535 omnium
1133 514 1223 533 rerum
1236 510 1341 531 naturae
1353 522 1362 536 ,

270 555 342 583 inter
352 553 455 581 coelum
465 561 496 588 ac
505 558 602 579 terram
618 548 786 577 nascentium
800 569 807 581 ,
829 545 1020 581 restabantque
1031 554 1090 581 quae
1105 553 1139 571 ex
1151 542 1206 578 ipsa
1217 541 1315 570 tellure
1325 540 1366 568 so-

270 593 384 620 diuntur
395 612 403 624 ,
425 589 442 617 si
454 598 509 616 non
519 586 663 616 herbarum
674 595 705 614 ac
716 585 845 613 fruticum
856 583 969 612 tractata
985 581 1105 611 remedia
1122 581 1259 609 auferrent
1280 585 1366 607 trans-

271 629 359 658 versos
369 650 376 662 ,
398 636 431 656 ex
442 626 502 663 ipsis
512 623 675 654 animalibus
686 633 745 659 quae
758 622 886 651 sanantur
896 628 1002 658 reperta
1012 620 1116 655 majore
1124 618 1270 647 medicina.

251 667 350 702 Vitam.
373 663 454 693 Ovid.
467 673 510 692 21.
527 662 608 700 Epist.
625 666 684 697 187.
877 692 880 694 .

252 704 439 733 Voluntatem.
481 700 538 729 Cic.
553 709 576 732 3.
592 699 664 727 Verr.
677 708 721 727 20.
742 697 779 726 Ut
789 696 857 725 alter
869 696 927 725 dies
937 695 1034 724 amicis
1044 694 1119 723 istius
1129 695 1154 723 &
1165 690 1365 725 defensoribus,

271 751 327 770 non
341 740 427 769 modo
439 738 513 775 spem
521 738 643 766 vitioriae
653 759 660 771 ,
672 734 718 764 sed
728 734 811 764 etiarn
823 733 993 763 voluntatem
1006 732 1173 762 defensionis
1184 731 1312 759 auferret.

216 779 236 808 Α
246 789 261 807 11
272 790 287 807 1.
298 783 314 807 A
324 788 343 806 'r
352 787 389 806 us
398 799 405 811 ‚
426 776 521 805 l’artic.
546 774 633 803 Valer.
647 778 672 802 6.
692 775 790 810 Argon.
801 777 864 805 682.

371 848 374 851 Ι
407 829 445 834 —-
454 823 506 842 1100
519 810 635 841 ablatam
648 811 767 847 sequitur
776 833 783 845 ‚
808 810 938 847 quaeritve
948 809 1077 837 sororem.

253 853 347 882 Foetus
356 850 461 881 ablatus
472 850 610 879 uberibus.
651 849 718 878 Plin.
734 848 781 877 lib.
797 853 822 881 8.
838 857 898 885 cap.
916 858 957 883 55.

215 892 236 920 A
246 901 261 919 B
272 902 287 918 i.
298 901 316 919 A
326 900 363 918 Ti
373 900 405 923 0,
428 889 498 918 finis.
519 888 537 917 f.
558 886 675 916 Tertull.

214 929 455 962 ABLATivus‚
491 926 550 961 Adj.
578 933 623 959 ut,
647 923 853 962 Praepositiones
873 922 1006 951 ablativae.
1047 918 1139 950 isidor.
1162 928 1185 947 1.
1202 926 1246 946 12.
1286 915 1367 946 Casuli

251 965 402 1000 ablativus,
422 965 440 993 i.
456 974 480 993 e.
503 964 611 992 Sextus.
651 962 681 991 V.
699 963 772 999 apud
785 961 992 990 Grammaticos.

215 1005 234 1033 A
244 1014 259 1031 R
269 1013 311 1031 LA
322 1013 341 1031 T
350 1013 367 1031 0
377 1013 393 1031 R
405 1025 412 1037 ,
435 1003 496 1032 oris.
522 1011 560 1030 ni.
582 1000 637 1036 Qui
650 1000 746 1028 aufert.
788 998 894 1034 August.

213 1043 261 1071 Au
274 1051 285 1069 r
296 1051 303 1068 i
315 1051 332 1069 1)
342 1043 358 1069 ἒ
368 1050 387 1068 N
397 1050 431 1074 A,
453 1035 619 1075 [Adoeassffioz]
643 1037 790 1067 Ptolemaeo
802 1035 916 1065 authore
927 1057 935 1070 ,
951 1034 1020 1063 Urbs
1030 1032 1114 1063 Italiae
1126 1054 1134 1067 ‚
1152 1032 1365 1063 Caracemruni,

252 1078 298 1115 qui
309 1075 356 1107 sub
366 1077 525 1107 Ferentanis
536 1077 605 1105 sunt.
628 1075 712 1104 hodie
728 1073 850 1109 Affliz'ena.
873 1069 927 1101 Liv.
942 1082 981 1100 ιο.
1000 1081 1040 1099 12.
1084 1071 1158 1100 Hinc

215 1117 236 1146 A
247 1126 265 1145 υ
275 1127 287 1144 r
298 1127 306 1144 1
317 1126 334 1145 D
345 1126 386 1144 EN
395 1119 412 1144 A
421 1126 441 1144 T
450 1125 463 1144 iz
473 1125 484 1144 s
493 1137 501 1149 ,
523 1113 640 1151 Populi,
661 1123 778 1150 quorum
791 1111 858 1141 Pliu.
871 1111 941 1139 inter
953 1110 1089 1138 Samnites
1105 1106 1253 1141 meminit,
1279 1104 1326 1133 lib.
1341 1112 1366 1140 3·-

252 1164 312 1192 cap.
330 1164 370 1183 12.

215 1192 235 1222 A
244 1202 262 1221 0
273 1202 303 1220 1²1
315 1201 332 1219 D
343 1203 351 1219 1
363 1202 379 1220 0
390 1201 402 1220 5
412 1213 420 1226 ,
442 1191 525 1220 Nom.
539 1195 612 1226 gent.
632 1188 683 1218 Ro.
702 1197 734 1216 ex
749 1196 800 1224 qua
817 1185 870 1215 fuit
884 1185 1004 1214 Aufidius
1015 1205 1022 1217 ,
1045 1183 1240 1220 Cognomento
1258 1179 1346 1209 Lurco
1356 1194 1366 1212 5

252 1230 412 1267 quiprimus
422 1238 542 1266 pavones
553 1227 674 1264 saginare
684 1224 819 1263 aggressus
830 1224 867 1252 est
878 1245 885 1256 ,
911 1233 945 1251 ex
963 1232 996 1250 eo
1014 1221 1115 1258 quaestu
1127 1219 1247 1250 reditum
1259 1218 1368 1254 sexage=

252 1267 544 1296 norumsesteitiorum
554 1265 717 1303 percipiens.
760 1262 863 1291 Author
880 1260 1003 1289 Plin.lib.
1024 1270 1063 1287 io.
1082 1268 1142 1296 cap.
1159 1269 1204 1287 20.

251 1304 376 1336 Aufidius
387 1303 477 1334 Bassus
487 1326 494 1337 ,
516 1303 624 1332 Nobilis
634 1301 776 1331 historicus
792 1300 844 1328 fuit
858 1297 1026 1335 Quintiliani
1046 1303 1141 1331 aetate,
1163 1296 1209 1333 qui
1230 1294 1264 1323 de
1284 1293 1366 1322 rebus

272 1342 443 1372 Germanicis
454 1342 591 1371 historiam
600 1337 767 1375 conscripsit.

253 1380 378 1410 Aufidius
388 1379 457 1409 alius
471 1379 544 1416 apud
558 1379 623 1407 Hor.
661 1377 728 1406 Hor.
740 1386 764 1404 2.
777 1375 862 1404 Serm.
872 1384 898 1409 4.
913 1380 958 1409 24.

333 1417 457 1448 Aufidius
470 1416 534 1446 forti
543 1413 674 1445 miscebat
684 1412 765 1443 mella
778 1412 902 1442 Falerno.

215 1455 237 1486 A
246 1466 266 1484 0
275 1466 336 1485 1211>
346 1467 355 1484 1
367 1466 385 1484 A
394 1465 414 1484 N
425 1466 442 1483 υ
451 1465 462 1484 5
472 1477 480 1488 ,
504 1455 561 1489 Adj.
583 1460 629 1487 ut,
652 1453 763 1481 Nomen
776 1450 957 1479 Aufidianum.
981 1447 1039 1476 Cic.
1055 1449 1096 1476 16.
1109 1445 1183 1475 Fani.
1199 1454 1242 1480 19.
1310 1474 1311 1477 ¹

214 1494 236 1523 A
247 1503 263 1522 υ
274 1505 287 1523 1¹
297 1495 334 1523 ῑι)
345 1504 363 1522 0
372 1502 384 1522 s
393 1515 400 1528 ,
423 1490 592 1528 [Αὔφιόεῷυ]
613 1489 718 1528 Apulia>
732 1488 841 1518 Fluvios
851 1510 859 1522 ,
868 1496 950 1523 quem
961 1491 1106 1514 cruentum
1118 1493 1153 1512 ex
1163 1482 1296 1511 Cannensi
1306 1481 1363 1511 Ro.

252 1540 398 1561 manorum
407 1530 486 1559 clade
496 1529 658 1566 aliquandiu
671 1526 747 1556 fuilse
762 1525 856 1555 Florus
865 1524 964 1554 scribit.
1006 1523 1036 1551 V.
1059 1524 1084 1552 &
1103 1520 1266 1551 Strabonem
1278 1520 1324 1548 lib.
1340 1530 1363 1554 ς.

251 1569 283 1599 111
293 1569 417 1606 Hirpinis
428 1575 502 1597 ortus
511 1568 583 1604 jugis
592 1588 601 1602 ,
621 1565 769 1596 Canusium
779 1563 876 1593 urbem
885 1561 1054 1601 praeterfluit.
1084 1559 1165 1589 Auth.
1178 1558 1246 1588 Plin.
1277 1557 1365 1595 Vulgo

251 1617 328 1636 nunc
337 1607 439 1636 dicitur
450 1606 562 1642 Losanw.

251 1645 320 1674 Acer
329 1644 449 1674 Aufidus.
471 1643 537 1672 Hor.
553 1652 574 1671 1.
585 1642 671 1671 Serm.
686 1649 709 1670 1.
723 1645 766 1676 58.

252 1681 399 1712 Anhelans.
420 1681 467 1711 Sil.
479 1680 526 1709 lib.
538 1679 563 1714 8.

250 1720 346 1757 Longe
356 1719 463 1748 sonans.
493 1718 558 1747 Hor.
572 1728 596 1752 4.
617 1716 708 1746 Carm.
723 1726 749 1752 9.
761 1717 787 1744 2.

250 1758 440 1787 Tauriformis.
463 1757 479 1786 i.
495 1766 519 1786 e.
542 1755 653 1784 Habens
663 1755 779 1783 formam
793 1749 872 1782 tauri.
915 1751 983 1781 Hor.
993 1760 1018 1784 4.
1033 1749 1124 1779 Carm.
1140 1757 1181 1784 14.
1196 1749 1241 1784 ὰς.
1276 1747 1365 1776 Acron.

270 1797 296 1826 ἃ
309 1796 437 1833 Porphyr.
478 1794 581 1823 Omnia
588 1792 704 1822 flumina
714 1792 823 1821 taurino
837 1789 915 1819 vultu
933 1791 959 1819 δε
976 1787 1106 1818 0011110115
1117 1787 1270 1825 pinguntur
1283 1795 1365 1823 prop-

270 1840 312 1863 ter
326 1833 446 1871 impetus
456 1834 481 1862 ἃ
491 1832 610 1867 mugitus
618 1840 758 1867 aquarum.
780 1837 811 1858 ut
820 1851 827 1863 ,

344 1870 478 1907 Corniger
488 1869 669 1906 Hesperidum
680 1868 779 1896 fluvius
790 1871 917 1904 regnator
929 1872 1071 1903 aquarum.

251 1908 374 1939 violens.
396 1908 462 1937 Hor.
476 1917 498 1942 3.
515 1907 603 1936 Carni.
617 1916 659 1940 10.
677 1916 718 1935 10.

214 1949 236 1978 A
246 1959 263 1977 0
275 1957 332 1976 110
343 1956 383 1975 05
394 1968 402 1981 ,
422 1945 482 1981 Atlj.
504 1952 548 1979 ut,
572 1944 665 1973 Aufida
674 1943 771 1981 stagna.
793 1939 841 1971 Sil.
851 1940 901 1969 lib.
917 1950 958 1969 10.
975 1948 1035 1976 171.

214 1988 235 2016 A
247 1996 263 2014 0
273 1995 303 2014 ri
313 1994 331 2013 N
341 1993 361 2013 A
370 1993 390 2012 T
400 1994 413 2012 E
422 1993 449 2017 5,
473 1982 567 2020 Populi
583 1983 610 2011 in
623 1985 717 2019 quarta
731 1980 842 2018 regione
851 1978 934 2008 ltaliae
943 2000 950 2012 ,
972 1986 1089 2014 quorum
1108 1974 1212 2005 Plinius
1230 1974 1300 2003 inter
1315 1973 1366 2002 Ve-

250 2024 334 2052 stinos
345 2022 474 2051 meminit
484 2021 530 2050 lib.
543 2030 566 2057 3.
581 2030 640 2057 cap.
655 2029 696 2048 12.
736 2016 987 2054 Horunioppidum
997 2014 1139 2049 Aufinum,
1161 2012 1244 2049 vulgo
1255 2011 1345 2047 Ofena.

216 2064 343 2092 Aurusio
356 2082 364 2095 ‚
386 2061 433 2096 sigi
445 2082 452 2094 ,
474 2061 597 2096 ugitum,
628 2056 792 2093 [Χπυφεύγω]
819 2057 874 2084 ere.
897 2063 932 2083 ex
953 2053 990 2082 Ab
1007 2055 1032 2082 ἃ
1053 2052 1140 2089 Fugio
1164 2049 1364 2088 compositum3

251 2099 326 2130 idem
338 2097 469 2134 significat
478 2096 674 2134 quodsimplex
683 2094 794 2131 Fugere.
831 2093 894 2122 Ter.
908 2091 976 2121 Hec.
991 2100 1014 2126 3.
1029 2101 1054 2126 4.
1068 2100 1109 2118 10.
1133 2089 1261 2125 Denique
1272 2087 1365 2116 hercle

269 2136 421 2173 aufugerim
432 2136 541 2173 potius,
558 2144 639 2171 quam
655 2133 765 2161 redeam
777 2154 785 2167 ,
807 2131 824 2160 si
839 2140 873 2159 00
885 2130 953 2158 mihi
970 2128 1143 2157 redeundum
1162 2127 1218 2155 siet.
1261 2125 1319 2154 Cic.
1340 2135 1363 2153 1.

271 2175 306 2211 Q.
318 2174 378 2202 frat.
395 2183 420 2239 ἶ.
442 2173 571 2202 Praeterea
583 2171 675 2209 AEsopi
686 2170 802 2208 tragoedi
812 2168 894 2198 nostri
904 2167 1045 2196 familiaris
1057 2187 1065 2201 ,
1086 2165 1209 2194 [10111105
1218 2162 1365 2193 servustibi

270 2218 353 2240 notus
363 2221 396 2239 au
410 2221 425 2239 0
448 2218 476 2239 it.

252 2250 387 2286 Aufugerc
401 2221 539 2286 asiieclum
551 2245 674 2277 alicuius.
696 2245 755 2274 Cic.
769 2248 793 2273 2.
808 2243 843 2272 de
856 2243 919 2272 Nat.
932 2242 1014 2271 Deor.
1032 2250 1092 2270 111.

331 2285 506 2316 Andromeda
515 2285 658 2321 aufugiens
666 2283 804 2321 aspectum
816 2281 911 2310 moesta
919 2279 1048 2318 parentis.

252 2325 373 2355 Assiduas
383 2324 538 2353 blanditias.
558 2322 679 2359 Propert.
691 2331 712 2349 1.
724 2331 749 2355 9.
763 2329 806 2356 30.
1186 2338 1194 2345 ..

252 2363 387 2397 Aufugere
397 2372 430 2390 ex
441 2362 503 2390 loco
512 2359 612 2396 aliquo.
654 2359 710 2388 [ἰν.
725 2369 748 2388 1.
774 2357 838 2393 Jarni
847 2356 1017 2393 aliquantum
1029 2352 1109 2392 spatii
1127 2363 1163 2383 011
1179 2363 1213 2382 00
1234 2349 1298 2381 1000
1317 2350 1366 2381 ubi

271 2407 423 2438 pugnatum
434 2400 470 2428 est
482 2421 489 2433 ,
509 2399 659 2435 aufugerat.

252 2437 448 2475 Aufugitaqua.
488 2435 573 2466 Plaut.
588 2435 648 2465 Aul.
666 2445 689 2464 1.
704 2444 730 2464 2.
748 2436 789 2463 16.
819 2432 894 2462 Tum
903 2439 1002 2468 aquam
1010 2427 1142 2466 aufugisse
1155 2428 1241 2457 dicito
1253 2449 1261 2463 ‚
1284 2426 1366 2464 liquis

273 2482 361 2515 petet.
607 2509 671 2547 ,Α
766 2504 798 2544 u
896 2504 927 2542 c

213 2590 234 2619 A
245 2599 264 2618 0
274 2598 292 2617 c
303 2597 338 2622 Α,
360 2585 466 2616 1101Λύ
477 2596 494 2614 0
505 2595 519 2614 E
531 2607 538 2619 ,
560 2584 612 2613 five
630 2585 648 2613 A
659 2594 677 2613 0
688 2593 705 2612 c
715 2593 729 2612 11
739 2593 757 2612 A
769 2605 778 2618 ,
799 2580 910 2618 [Αὔγη]
936 2578 1026 2609 Mater
1038 2577 1177 2616 Telephi,
1199 2576 1248 2606 filii
1263 2575 1366 2605 Hei-cu-

250 2626 293 2655 lis.
333 2626 433 2655 Scribit
442 2622 637 2653 Diodoruslib.
651 2633 674 2656 5.
689 2622 760 2650 hanc
770 2631 784 2649 a
800 2628 876 2657 patre
895 2619 967 2648 Alaeo
978 2618 1087 2646 cuidam
1101 2615 1233 2645 nauclero
1252 2620 1283 2643 ut
1298 2623 1367 2642 mer-

252 2670 360 2701 geretur
370 2663 460 2691 datam
469 2684 477 2696 ,
498 2661 573 2698 quod
586 2660 710 2688 crederet
718 2658 751 2687 ab
764 2658 882 2687 Hercule
891 2654 1071 2693 compressam
1081 2676 1088 2689 ,
1111 2661 1171 2690 quae
1185 2662 1270 2690 quum
1283 2652 1367 2680 duce-

251 2708 326 2731 retur
337 2696 370 2729 ad
379 2709 468 2733 111310,
491 2698 518 2727 111
533 2699 631 2726 itinere
647 2695 806 2733 Telephum
818 2694 927 2733 peperit
938 2716 945 2727 ,
967 2695 992 2722 6<
1012 2692 1083 2723 inter
1101 2690 1219 2728 virgulta
1237 2690 1365 2720 abditum

251 2739 380 2776 reliquit:
403 2747 484 2773 quem
497 2735 714 2773 posteapastores
726 2735 871 2762 inventurn
884 2731 1006 2768 Corytho
1016 2730 1073 2768 regi
1090 2729 1227 2759 tradidere
1239 2750 1246 2763 ,
1269 2727 1313 2764 qui
1335 2726 1367 2755 il-

251 2777 308 2806 lum
319 2776 477 2813 Telephum
489 2797 496 2808 ,
518 2783 551 2802 eo
562 2773 636 2809 quod
649 2783 663 2801 a
673 2781 751 2801 cerva
767 2772 885 2800 nutritus
894 2770 998 2802 fuerat,
1019 2768 1136 2797 vocavit.
1166 2765 1224 2804 ipsa
1236 2775 1301 2795 vero
1314 2767 1366 2794 Au-

254 2825 286 2852 ge
297 2815 324 2843 in
336 2814 443 2843 Cariam
452 2812 569 2842 abdufta
583 2821 597 2838 a
608 2809 821 2843 mercatoribus,
847 2808 946 2845 quibus
959 2807 1034 2835 illam
1046 2805 1190 2834 nauclerus
1203 2804 1364 2839 demergere

251 2852 350 2882 nolens
361 2874 369 2887 ,
401 2851 477 2880 dono
499 2849 612 2878 dederat
623 2870 630 2880 ,
661 2849 687 2877 Sc
707 2845 873 2876 Teuthranti
902 2849 913 2880 ς
926 2844 1045 2873 Cilicum
1071 2845 1097 2873 Se
1119 2842 1262 2879 Mysorum
1285 2840 1364 2877 regi)

252 2891 354 2919 donata
363 2889 408 2918 est.
431 2897 512 2924 quam
524 2896 608 2923 quum
620 2886 711 2923 postea
721 2884 864 2921 Telephus
879 2882 1011 2919 quaesisset
1021 2904 1028 2915 ,
1050 2880 1219 2916 veniiletque
1238 2880 1273 2908 ad
1290 2879 1365 2907 Teu-

249 2929 388 2957 thrantem
399 2928 427 2955 in
441 2925 554 2963 Mysiam
565 2945 572 2956 ..
594 2923 628 2952 ab
644 2933 678 2951 eo
696 2921 898 2951 esthonorificc
911 2927 1051 2957 exceptus.
1092 2918 1237 2955 Euripides
1251 2917 1318 2946 dicit
1330 2916 1364 2945 ab

253 2965 325 2995 Alaeo
334 2972 410 3003 patre
434 2965 541 3000 (quum
553 2961 587 2990 ab
599 2959 717 2990 Hercule
727 2967 855 2996 corrupta
873 2956 1149 2995 deprehenderetur)
1170 2956 1200 2983 in
1215 2964 1283 2984 urna
1300 2959 1364 2991 qua-

251 3004 314 3032 dam
323 3012 386 3032 cum
397 3001 526 3038 Telepho
538 2999 594 3028 filio
608 2997 771 3035 impositam,
785 2997 849 3026 &in
858 2997 928 3025 mari
941 2994 1091 3024 demersam
1100 2993 1169 3022 else:
1191 2992 1238 3021 sed
1248 2991 1363 3021 Palladis

251 3038 425 3079 providentia
434 3048 533 3070 urnam
543 3037 578 3066 ad
588 3037 671 3073 (layci
682 3036 748 3064 ostia
758 3034 936 3063 transmissam
947 3032 1062 3062 evasisse.
1083 3031 1284 3060 Teuthrantem
1298 3039 1362 3058 00111

250 3088 298 3108 005
312 3088 378 3107 exce
401 3077 478 3112 isset,
501 3078 594 3112 Augen
607 3084 657 3112 pro
677 3082 777 3108 uxore,
798 3071 956 3110 Telephum
965 3080 1015 3108 pro
1024 3070 1080 3098 filio
1101 3067 1233 3098 habuisse.
1275 3067 1363 3096 Verba

249 3116 312 3145 sunt
322 3088 463 3145 Strabonis
472 3114 519 3143 lib.
536 3123 577 3149 13.

250 3155 343 3191 Auge,
366 3153 496 3182 Demetrii
508 3151 606 3180 liberta
618 3172 626 3184 ‚
646 3149 698 3179 sive
707 3148 799 3186 potius
811 3145 953 3184 Pompeii,
975 3145 1240 3183 interpraepotentes
1250 3142 1364 3172 libertas

267 3197 446 3221 enumeratur
456 3200 471 3219 a
483 3189 550 3219 Plin.
565 3187 611 3217 lib.
623 3197 665 3223 35.
682 3196 742 3223 cap.
758 3191 799 3219 18.

213 3229 233 3258 A
242 3238 260 3257 u
271 3239 288 3258 0
299 3239 315 3257 A
325 3239 371 3258 sii
385 3251 393 3263 ,
414 3225 575 3264 [Abydo-101]
597 3224 693 3262 l’opuli
706 3225 768 3253 sunt
777 3224 848 3252 inter
859 3219 1020 3258 Massagetas
1029 3242 1036 3255 ,
1057 3219 1131 3257 apud
1146 3217 1327 3255 Stephanum.

212 3267 234 3296 A
244 3275 262 3294 υ
272 3276 338 3295 0111
349 3276 376 3301 5,
403 3264 544 3302 [Αὐγέοκ]
567 3262 736 3292 Atheniensis
749 3261 874 3291 comicus
892 3259 960 3293 fuit,
982 3264 1012 3286 ut
1031 3257 1069 3286 est
1089 3256 1187 3285 author
1205 3256 1359 3285 Atheniens.

254 3303 314 3332 Fuit
325 3305 350 3333 &
360 3305 462 3341 Augeas
474 3325 480 3337 ,
502 3302 632 3332 Eleorum
644 3310 690 3330 101(
701 3322 708 3334 ,
729 3308 811 3337 quem
821 3295 953 3327 Hercules
966 3295 1078 3324 sustulit.
1119 3293 1148 3322 V.
1172 3303 1190 3322 A
1200 3303 1218 3321 0
1227 3304 1244 3321 c
1256 3304 1263 3321 1
1273 3304 1290 3321 A
1300 3303 1320 3321 5.

213 3340 234 3370 Α
245 3350 262 3369 υ
273 3350 290 3369 G
300 3351 314 3368 1⁷.
323 3351 339 3369 o
349 3363 355 3375 ,
377 3342 403 3370 xi
414 3364 422 3375 ,
443 3340 518 3370 (tum
530 3362 538 3374 ,
559 3339 645 3375 [ἅυξω
657 3360 666 3373 ,
681 3337 772 3370 οὶυξοινω
782 3359 790 3373 ‚
816 3338 902 3371 ὀφέλλει)
913 3352 920 3362 ,
943 3331 1130 3368 ἱππλοιμβιένω]
1151 3334 1205 3360 ete.
1236 3331 1315 3360 Notae
1332 3330 1362 3359 fi.

250 3378 430 3414 gnificationis
443 3400 451 3413 ,
474 3379 563 3413 Majus
574 3377 672 3406 facere.

250 3417 353 3449 Augere
366 3416 391 3445 ἃ
403 3415 578 3452 amplificare.
619 3414 677 3442 Cic.
694 3424 716 3442 1.
733 3411 768 3441 de
781 3411 838 3441 Fin.
851 3415 893 3447 38.
915 3407 1003 3439 Omni
1015 3412 1108 3436 autem
1118 3405 1273 3443 privatione
1282 3402 1362 3434 dolo-

269 3453 303 3480 ris
313 3460 390 3490 putat
401 3453 531 3490 Epicurus
542 3452 682 3482 terminari
694 3450 826 3480 summam
836 3447 1007 3484 voluptatem
1018 3466 1027 3479 ‚
1048 3450 1079 3473 ut
1096 3444 1189 3481 postea
1206 3444 1302 3472 variari
1314 3452 1361 3472 vo-

267 3489 356 3526 luptas
369 3490 550 3527 distinguique
564 3490 663 3527 pollit:
685 3488 777 3526 augeri
789 3509 797 3523 ,
818 3485 1034 3524 amplificarique
1043 3491 1100 3510 non
1115 3480 1204 3519 possit.

248 3527 353 3599 Aggzg'e
363 3527 699 3594 spefilassid'quapiptatem
711 3549 719 3562 ,
741 3524 878 3563 Ampliare
889 3523 924 3552 ad
934 3521 1063 3561 pretium.
1080 3519 1097 3548 l.
1113 3526 1169 3547 non
1186 3517 1357 3556 intelligitur.

266 3586 288 3597 ‚.
338 3574 382 3593 ivi.
433 3587 438 3593 .
480 3575 494 3593 e
516 3576 562 3594 ure
603 3575 626 3595 c.

248 3600 403 3643 Per-gradus
414 3575 518 3637 augerel.
560 3601 678 3639 Quintil.
693 3600 738 3630 lib.
750 3610 774 3629 2.
792 3609 853 3638 cap.
865 3610 890 3634 4.
923 3597 994 3627 Nam
1006 3596 1140 3633 &genera
1151 3593 1214 3622 sunt
1224 3592 1290 3621 tria.
1314 3593 1361 3621 Sa-

268 3648 306 3667 cri
321 3660 329 3673 ,
346 3638 466 3675 publici,
482 3640 579 3676 privati
590 3640 665 3675 juris.
706 3640 775 3704 Qluae
784 3637 880 3667 divisio
891 3636 925 3665 ad
937 3634 1046 3664 laudem
1056 3632 1142 3669 magis
1153 3631 1265 3668 spectat.
1280 3629 1359 3666 siquis

265 3685 327 3720 eam
338 3685 386 3712 per
394 3676 491 3713 gradus
504 3683 601 3711 augeat
613 3698 621 3711 ,
643 3677 718 3713 quod
740 3686 790 3710 ex,
812 3674 888 3712 quod
905 3672 1018 3712 publica
1029 3693 1036 3705 ‚
1056 3669 1131 3707 quod
1155 3669 1182 3697 in
1196 3667 1359 3705 ‘religionem

267 3714 349 3741 deum
363 3722 519 3751 comparata
528 3714 565 3742 tit.

248 3750 560 3793 Animuminimicorum
573 3760 679 3786 augere.
701 3750 758 3779 Cic.
774 3760 815 3779 10.
835 3749 885 3778 Att.
901 3751 942 3777 16.

248 3789 361 3830 Animos
372 3797 470 3824 augere
480 3810 487 3822 ,
510 3788 645 3817 All'uineic
655 3788 778 3817 animum
790 3789 815 3817 Sc
826 3786 965 3815 fiduciam.
989 3784 1056 3814 Stat.
1069 3792 1111 3811 10.
1126 3781 1217 3811 Theb.
1229 3787 1274 3814 23.

246 3824 373 3868 Aliquem
383 3834 479 3861 augere
491 3847 497 3858 ,
520 3835 569 3862 pro
581 3825 689 3861 Opibus
700 3827 811 3854 auctum
824 3823 939 3853 reddere
951 3845 959 3856 ,
981 3823 1056 3859 apud
1065 3820 1156 3850 Tacit.
1170 3819 1277 3856 legitur.

246 3862 373 3906 Aliquem
387 3871 485 3897 augere
497 3883 504 3894 ,
525 3869 605 3898 atque
616 3862 763 3890 honestare.
787 3862 846 3890 Cic.
861 3871 885 3890 2.
900 3860 957 3890 Off.
970 3869 1014 3888 21.

248 3901 373 3935 Auqucm
385 3908 482 3941 augere
492 3901 517 3927 Sc
527 3909 632 3927 ornare.
672 3899 729 3927 Cic.
744 3908 769 3935 7.
784 3899 856 3927 fam.
873 3907 913 3935 17.
947 3899 1061 3933 Semper
1078 3901 1104 3924 te
1116 3904 1172 3923 non
1183 3892 1268 3923 modo
1280 3897 1359 3921 tueri-

267 3936 334 3965 dum
355 3935 442 3972 mihi,
464 3935 510 3965 sed
524 3936 608 3965 etiam
625 3936 783 3973 augendum
800 3942 880 3971 atque
904 3935 1061 3964 ornandum
1087 3933 1191 3970 putavi.
1231 3931 1265 3960 Et
1279 3940 1301 3959 ι.
1323 3929 1359 3959 de

266 3974 342 4004 Orat.
355 3972 402 4008 94..⁴

256 4018 269 4032 ο

1416 3779 1437 3809 Λ
1449 3790 1466 3808 υ
1478 3790 1606 3815 casco,
1629 3781 1765 3816 [migne-m]
1786 3782 1841 3808 ete.
1872 3778 1949 3820 Idem
1966 3778 2041 3814 quod
2058 3775 2190 3814 pallivum
2208 3773 2320 3810 Augeri,
2341 3770 2390 3800 nisi
2412 3765 2484 3805 quod
2501 3761 2571 3803 Vlssl'

1877 121 1903 154 A
1998 118 2029 152 U
2123 116 2155 150 G

1453 196 1676 233 Auxiliaaugere.
1716 193 1802 242 Plaut.
1815 198 1877 228 Cist.
1892 209 1913 228 1.
1930 208 1952 234 3.
1970 208 2010 232 q2.
2036 199 2146 228 Servate
2158 199 2259 228 vestros
2270 198 2358 227 socios
2368 203 2473 228 veteres
2483 199 2566 229 &no-

1472 245 1520 264 vos
1530 257 1537 269 ,
1558 244 1655 270 augete
1663 236 1767 276 auxilia
1777 237 1869 265 vestris
1877 238 1954 265 victis
1967 237 2128 273 legionibus.

1455 273 1566 309 Aliquid
1577 273 1611 300 ad
1624 272 1770 302 inlinitum.
1794 274 1859 302 Plin.
1871 274 1919 302 lib.
1934 285 1977 302 20.
1995 284 2055 311 cap.
2067 284 2111 302 21.

1454 310 1590 340 Articulos
1599 317 1711 338 auxerat
1721 311 1830 340 macies.
1855 312 1937 340 Ovid.
1952 317 1977 344 8.
1993 312 2060 340 Met.
2076 317 2140 346 807.

1537 349 1655 390 Auxerat
1664 348 1793 377 articulos
1804 350 1905 378 rnacies
1915 371 1922 382 ,
1944 358 2120 385 genuumque
2135 345 2262 376 tumebat

1537 384 1620 428 Orbis
1632 406 1639 417 ,
1662 386 1850 415 &immodico
1860 387 2009 424 prodibant
2020 387 2115 415 tubere
2127 385 2185 414 tali.

1475 429 1616 463 nentiores
1625 422 1734 451 fecerat.

1456 460 1627 502 Benencium
1638 469 1768 496 magnum
1778 470 1877 498 niagno
1888 461 2001 491 cumulo
2011 470 2118 496 augere.
2160 459 2218 489 Cic.
2233 468 2274 496 13.
2284 457 2358 489 Fam.
2372 462 2416 495 63.
2438 458 2567 496 Magnum
2578 420 2585 490 i

1477 497 1643 540 beneficrum
1654 504 1732 525 tuum
1741 507 1840 535 magno
1849 499 1962 527 cumulo
1975 499 2092 528 auxeris.
2547 491 2551 494 ⁴
2580 507 2581 510 ’

1458 534 1686 578 Βο11-ον01011113111
1696 537 1772 564 auxit
1781 536 1961 565 consuetudo.
2002 536 2059 564 Cic.
2075 535 2110 564 de
2124 534 2232 563 Amisit.
2246 544 2288 563 10.

1457 572 1605 601 CiVitatem
1615 581 1713 608 augere
1720 575 1910 610 procreatione
1921 574 2081 603 liberorum.
2106 572 2190 601 Plaut.
2206 571 2272 600 Pers·
2284 581 2307 607 3.
2322 579 2345 607 3.
2364 581 2406 606 15.
2581 599 2583 602 .

1459 610 1654 675 Cognonijnto
1664 611 1765 676 augeri.
1804 609 1894 641 Tacit.
1909 622 1949 640 12.
1969 612 2038 640 Arin.
2051 613 2096 639 26.
2127 611 2248 646 Augetur
2264 611 2291 639 &
2310 608 2455 646 Agrippina
2470 616 2567 646 cogno.

1476 655 1572 675 mento
1608 657 1623 675 u
1646 657 1662 676 u
1687 658 1717 676 ae.

1459 657 1741 751 Commodisgiiugecrle.
1764 685 1821 715 Cic.
1839 696 1879 715 11.
1895 677 2015 724 Pffilipp.
2029 694 2073 722 37.
2095 684 2148 714 Eos
2156 694 2213 714 non
2224 684 2295 714 tueri
2305 683 2393 712 solum
2408 705 2416 719 ,
2431 683 2479 712 sed
2489 683 2568 715 etiam

1456 732 1744 802 ¹Azllibiieliseos-fiiis}:n(sinlei
1754 724 1919 798 geijbei‘iione.
1942 761 1992 797 Ep.
2010 770 2050 798 17.
2061 760 2079 790 l.
2091 767 2117 797 7.
2139 758 2174 789 H.
2191 759 2229 789 St.
2269 757 2301 789 V.
2324 759 2378 788 loc.
2390 758 2473 797 paulo
2483 758 2566 797 supra.

1460 797 1578 839 Culpam
1590 802 1665 826 luam
1675 808 1782 835 augere.
1804 799 1873 828 Plin.
1886 800 1913 827 in
1926 798 2008 836 Epist.
2578 792 2580 808 ³

1460 835 1585 864 Curium.
1608 835 1690 864 Ovid.
1705 849 1730 871 4.
1748 837 1783 865 de
1792 836 1869 866 Pont.
1886 847 1926 871 15.

1540 874 1659 909 Augetur
1668 875 1749 903 remis
1759 875 1851 904 cursus
1861 875 1953 904 euntis
1968 883 2052 911 aquae.
2146 873 2164 901 i.
2175 882 2203 902 o.
2226 870 2342 902 Citatior
2353 870 2391 901 fit.

1460 908 1571 954 Damno
1584 911 1679 940 aud'tus
1689 913 1727 940 est
1739 912 1830 942 herus.
1851 913 1914 941 Ter.
1925 912 2023 941 Heaut.
2037 922 2062 945 4.
2079 920 2102 939 1.
2118 921 2158 946 ¹5-

1459 948 1747 992 Dignitatemaugere
1765 952 1791 980 &
1807 960 1911 979 nomen
1924 949 2049 984 alicujus.
2090 948 2146 977 Cic.
2163 957 2205 978 11.
2224 947 2297 977 Fam.
2312 949 2338 976 6.
2369 946 2444 976 Illud
2452 945 2502 975 tibi
2512 956 2568 984 per.

1479 985 1590 1015 suadeas
1601 986 1684 1015 velim
1696 1009 1704 1022 ,
1726 997 1770 1016 me
1779 989 1873 1016 omnia
1883 997 1942 1024 quae
1953 987 1988 1016 ad
2005 994 2082 1015 tuam
2098 986 2262 1022 dignitatem
2284 985 2438 1022 augendam
2456 986 2570 1022 pertine.

1480 1023 1566 1067 bunt,
1588 1034 1647 1067 quae
1659 1025 1697 1054 est
1705 1035 1753 1063 per
1761 1025 1787 1054 se
1798 1024 1960 1063 ampliilima
1971 1047 1979 1060 ,
2000 1024 2108 1053 summo
2120 1024 2227 1062 semper
2237 1023 2328 1052 studio
2340 1020 2534 1060 suscepturum.

1463 1061 1577 1090 Divitiis
1587 1061 1714 1099 aliquem.
1737 1063 1794 1092 Cic.
1806 1073 1831 1092 2.
1845 1064 1880 1092 de
1891 1063 1962 1099 Lege
1978 1064 2036 1098 Agr.
2051 1065 2096 1095 68.

1460 1099 1689 1166 Ὀὲ11ῗὶ111001005
1701 1123 1709 1135 ,
1737 1101 1756 1130 i.
1769 1111 1793 1130 e.
1815 1101 1892 1131 Ultra
1901 1098 2026 1130 oblatum
2044 1108 2145 1130 munus
2164 1099 2249 1129 etiam
2267 1097 2430 1137 supplicare.
2450 1096 2568 1136 O'vidz31

1496 1147 1529 1174 .pi
1556 1146 1618 1172 ,ζα

1459 1174 1679 1210 Exercitationes
1688 1175 1782 1205 animi.
1804 1175 1863 1205 Cic.
1878 1186 1902 1206 1.
1921 1175 1978 1206 Off.
1995 1184 2056 1212 123.

1461 1212 1543 1255 Faera
1551 1213 1677 1248 alicujus.
1698 1213 1792 1242 Tibul.
1806 1224 1828 1242 1.
1843 1223 1868 1250 7.
1885 1217 1927 1250 56.

1460 1250 1568 1294 Fortius
1578 1250 1691 1294 aliquid.
1732 1251 1857 1280 Plin.lib.
1868 1261 1912 1281 22.
1929 1262 1990 1289 cap.
2003 1259 2028 1280 2.
2052 1250 2166 1280 Interim
2177 1250 2274 1279 fortius
2290 1254 2405 1286 augetur
2417 1242 2553 1277 auetorir.

1460 1288 1592 1331 Gratiam.
1616 1289 1683 1318 Plin.
1697 1288 1743 1318 lib.
1760 1299 1770 1318 1
1779 1299 1801 1318 1.
1814 1299 1873 1326 cap.
1885 1299 1926 1323 42.
1939 1288 2076 1326 Agrigenti
2086 1289 2205 1318 maxime
2217 1297 2278 1317 eam
2290 1286 2385 1323 (casei)
2395 1292 2570 1324 augentegra

1480 1333 1546 1355 tiam
1558 1327 1635 1355 fumo
1645 1349 1652 1362 ,
1667 1326 1755 1363 qualis
1765 1328 1792 1356 in
1802 1327 1857 1365 ipsa
1868 1327 1936 1357 urbe
1946 1327 2104 1356 conficitur.

1459 1364 1652 1393 Gratulatione
1664 1365 1761 1402 populi
1773 1365 1831 1394 dies
1842 1375 1886 1394 me
1904 1365 1988 1394 auxit.
2030 1364 2088 1393 Cic.
2104 1374 2145 1400 14.
2166 1362 2285 1400 Philipp.
2296 1365 2337 1391 16.
2369 1360 2407 1390 Ut
2426 1361 2499 1390 idem
2513 1360 2567 1391 dies
2581 1379 2583 1384 ¹

1480 1411 1537 1430 nori
1549 1403 1634 1431 modo
1648 1413 1693 1431 nie
1704 1402 1870 1440 iniquiffima
1885 1404 1989 1433 invidia
1999 1402 2137 1437 liberarit,
2158 1401 2205 1431 sed
2216 1401 2301 1430 etiam
2316 1399 2493 1429 celeberrima
2507 1408 2580 1438 pop.

1481 1439 1568 1482 Rom..
1575 1440 1759 1477 gratulatione
1767 1442 1882 1470 auxerit.
2578 1437 2583 1446 ⁰

1460 1477 1656 1545 Htaqrekpitatgm
1667 1500 1676 1514 ,
1696 1488 1806 1516 gregem
1818 1501 1826 1514 ‚
1848 1481 2014 1516 &pecorum
2023 1483 2126 1515 partus.
2147 1475 2165 1507 l.
2189 1476 2245 1506 Sed
2255 1477 2282 1506 &
2292 1475 2320 1504 fi.
2336 1475 2366 1504 in
2375 1474 2422 1504 fin.
2435 1473 2470 1504 D.
2482 1473 2553 1513 dep·

1493 1526 1499 1544 1
1516 1538 1521 1544 .
1555 1526 1606 1545 aere
1629 1539 1635 1545 .

1461 1552 1577 1582 Honore
1589 1554 1688 1591 augeri.
1713 1553 1770 1583 Cic.
1784 1551 1820 1583 de
1830 1553 1922 1591 Arusp.
1937 1545 2016 1591 Resp.
2033 1556 2075 1587 ς6.

1460 1590 1685 1635 Hostiasaugere.
1707 1592 1768 1620 Vox
1779 1592 1874 1621 factor.
1916 1591 1987 1620 Cum
1996 1591 2085 1629 prima
2097 1590 2195 1624 hostia,
2216 1598 2274 1618 non
2285 1588 2382 1617 litante
2391 1586 2489 1622 altera,
2509 1585 2560 1616 de‘
2578 1595 2581 1601 ·

1481 1636 1579 1664 tertia,
1593 1629 1734 1673 'pluresve
1753 1630 1925 1659 addebantur
1938 1651 1946 1664 ‚
1976 1638 2108 1658 numerus
2125 1628 2273 1657 hostiarum
2295 1626 2393 1663 Augeri
2411 1623 2562 1661 dicebatur,
2576 1620 2583 1634 '³

1481 1667 1692 1710 doneclitatum
1701 1667 1779 1696 soret.
1820 1668 1895 1697 Suet.
1906 1669 1971 1704 Aug.
1984 1677 2043 1706 cap.
2056 1670 2100 1703 96.
2125 1666 2204 1695 Circa
2213 1664 2345 1694 Perusiam
2357 1684 2365 1697 ,
2381 1662 2561 1692 sacrificiono
2577 1669 2579 1673 ·

1481 1704 1580 1751 litante
1591 1727 1599 1739 ,
1619 1715 1683 1734 00111
1700 1706 1794 1742 augeri
1803 1704 1904 1734 hostias
1914 1704 2077 1742 imperasset.
2118 1702 2152 1733 Et
2164 1709 2242 1733 vetus
2258 1701 2402 1739 inscriptio
2414 1722 2422 1734 ,
2443 1701 2474 1731 SI
2492 1700 2577 1737 QVI

1482 1742 1578 1786 HVIC
1591 1743 1680 1772 ARAE
1706 1741 1845 1772 DONVM
1865 1743 1958 1772 DARE
1985 1741 2203 1778 AVGEREQVE
2222 1739 2362 1775 VOLET,
2391 1738 2534 1769 LICETO.
2576 1739 2579 1762 ἶ

1461 1777 1625 1810 industriam
1637 1780 1752 1816 alicujus
1761 1790 1868 1818 augere.
1897 1780 1961 1810 Ter.
1972 1780 2041 1819 prol.
2052 1780 2129 1810 Adel.
2140 1790 2185 1816 25.
2382 1783 2383 1786 ’

1461 1817 1608 1847 Invidiam.
1631 1819 1722 1848 Tacit.
1736 1829 1776 1848 12.
1797 1821 1864 1847 Ann.
1878 1824 1904 1852 8.

1461 1853 1636 1885 Iracundiam
1645 1856 1763 1886 alterius.
1783 1856 1846 1886 Ter.
1862 1856 1937 1886 Adel.
1953 1867 1975 1886 1.
1988 1866 2014 1886 2.
2027 1859 2073 1886 66.

1461 1892 1568 1923 Laetitia
1581 1896 1683 1932 augeri.
1705 1894 1763 1924 Cic.
1777 1904 1802 1923 2.
1821 1895 1856 1924 de
1865 1894 1925 1924 Fin.
1941 1905 1984 1930 14.

1461 1930 1619 1969 Largitione
1629 1942 1737 1970 augere.
1759 1932 1848 1962 Tacit.
1865 1942 1904 1967 13.
1919 1933 1987 1961 Ann.
2003 1937 2044 1966 18.

1462 1967 1814 2013 Liberali'tatequeinpiam.
1835 1970 1924 1999 Tacit.
1937 1980 1959 2007 3.
1980 1971 2050 1999 Ann.
2061 1975 2087 2004 8.

1462 2006 1567 2037 Liberis
1577 2009 1678 2045 augeri.
1700 2008 1759 2037 Cic.
1774 2010 1798 2038 1.
1818 2009 1870 2037 Att.
1886 2018 1908 2037 1.

1462 2044 1596 2088 Linguam
1609 2047 1742 2075 Latinam.
1763 2046 1820 2075 Cic.
1835 2047 1870 2075 de
1882 2046 1948 2075 Fato
1959 2067 1966 2081 ,
1992 2056 2014 2076 1.

1462 2083 1596 2121 Linguam
1608 2085 1688 2121 copia
1699 2084 1856 2113 verborum.
1879 2084 1936 2113 Cic.
1953 2094 1976 2112 1.
1991 2083 2074 2112 Acad.
2088 2084 2132 2111 26.

1463 2121 1630 2150 Memoriam
1642 2122 1828 2151 immortalem
1839 2121 2012 2160 posteritatis.
2033 2121 2091 2149 Cic.
2101 2130 2125 2149 2.
2144 2120 2179 2149 de
2187 2118 2264 2148 Orat.
2275 2124 2301 2153 8.
2438 2149 2440 2152 ,
2566 2119 2568 2154 l

1462 2158 1626 2188 molestiam.
1651 2160 1711 2189 Cic:
1722 2170 1771 2197 pro
1782 2160 1870 2189 Flacc.
1884 2165 1929 2194 28.
1951 2158 2067 2194 Alianis,
2079 2158 2179 2196 inquit,
2191 2157 2307 2195 gloriam
2321 2153 2454 2194 Pompeii.
2483 2153 2550 2184 Imm
2566 2161 2567 2189 1

1479 2202 1510 2226 tu
1520 2207 1601 2233 auges
1615 2197 1776 2227 molestiam.
2566 2195 2568 2197 ’

1462 2228 1596 2264 munifice
1610 2245 1715 2272 augere.
1756 2235 1788 2265 In
1815 2247 1836 2265 M
1845 2246 1862 2264 u
1872 2245 1893 2264 N
1902 2246 1920 2264 U
1930 2244 1950 2264 s.
2574 2259 2575 2262 ,

1461 2272 1567 2302 Munus
1575 2274 1673 2302 verbis.
1695 2274 1752 2302 Cic.
1767 2283 1791 2302 2.
1808 2272 1864 2303 Off.
1879 2283 1924 2310 70.
1946 2273 2044 2310 Neque
2054 2271 2216 2300 veroverbis
2224 2276 2306 2308 auget
2316 2263 2521 2302 suuminunu's,⁴
2537 2264 2565 2295 fi

1481 2320 1535 2348 quo
1546 2310 1615 2354 forte
1627 2312 1674 2340 fun
1679 2312 1758 2348 gitur,
1769 2311 1815 2340 sed
1824 2312 1907 2340 etiam
1916 2310 2112 2340 extenuafflic
2125 2309 2264 2345 tingere&
2274 2302 2424 2337 extenuare
2434 2303 2544 2343 opposui

1462 2348 1751 2385 Munerislargitatem
1760 2359 1868 2386 augere.
1909 2349 1967 2378 Cic.
1980 2349 2014 2377 dc
2026 2347 2094 2376 Clar.
2106 2346 2181 2376 Orat.
2197 2355 2239 2383 17.
2277 2345 2312 2375 Ut
2329 2343 2477 2383 impendiis
2488 2342 2533 2372 eti
2546 2356 2549 2366 ι
2564 2366 2565 2369 ,

1481 2396 1579 2423 augere
1594 2388 1724 2423 pollimus
1734 2383 1889 2424 largitatem
1901 2388 1941 2415 tui
1952 2386 2082 2415 muneris.

1462 2420 1567 2467 Munus
1576 2424 1688 2462 aliquod
1698 2425 1871 2454 cumulatius.
1893 2425 1952 2453 Cic.
1965 2425 1994 2453 in
2007 2423 2083 2452 Orat.
2097 2433 2140 2458 54.

1462 2461 1632 2491 Nominibus
1644 2463 1826 2500 imperatoriis
1837 2462 1965 2500 aliquem.
2006 2461 2096 2490 Tacit.
2112 2470 2153 2495 ις.
2169 2459 2238 2488 Α1111.
2253 2462 2297 2488 26.
2327 2457 2472 2487 Tiberium
2485 2454 2527 2485 Ne
2543 2466 2573 2490 νη]

1481 2509 1546 2528 110111
1555 2501 1580 2529 Sc
1590 2500 1738 2530 Claudium
1752 2499 1865 2530 Drusum
1878 2501 2017 2538 privignos
2026 2498 2208 2536 imperatoriis
2220 2495 2380 2526 nominibus
2389 2495 2472 2524 auxit.
2562 2496 2563 2505 ¹

1460 2537 1624 2567 Numerum.
1663 2538 1748 2567 Plaut.
1761 2539 1858 2576 Amph.
1873 2548 1895 2567 1.
1908 2547 1931 2567 1.
1945 2547 2005 2574 151.
2026 2536 2182 2566 Numerum
2195 2534 2349 2564 coelestium
2359 2554 2367 2570 ‚
2388 2533 2444 2563 Liv.
2456 2541 2479 2562 1.
2490 2536 2514 2568 7.
2532 2529 2550 2559 d

1479 2575 1608 2605 Hercule.
1631 2576 1703 2614 Virg.
1718 2586 1744 2612 7.
1766 2576 1827 2606 IEn.
1839 2586 1871 2605 21
1881 2586 1903 2605 1.

1540 2614 1695 2643 Numerum
1706 2613 1835 2643 divorum
1849 2613 1981 2643 altaribus
1992 2617 2082 2650 auget.

1460 2650 1546 2688 Opes.
1568 2651 1624 2680 Cic.
1643 2652 1677 2680 de
1691 2652 1797 2681 Amicit.

1460 2688 1597 2732 Opes-per
1607 2689 1701 2719 scelus.
1724 2689 1807 2719 Ovid.
1821 2699 1846 2718 2.
1863 2688 1931 2719 Fast.
1945 2692 2007 2722 630.
2279 2714 2282 2717 ,
2546 2704 2561 2724 2

1460 2726 1634 2763 Opinionem
1644 2727 1705 2756 alic.
1717 2728 1766 2756 rei.
1789 2726 1853 2756 Caes.
1870 2737 1893 2762 5.
1914 2725 1980 2755 Bell.
1995 2724 2064 2755 Gall.
2080 2735 2122 2761 55.
2151 2723 2327 2759 Timorisque
2337 2719 2500 2759 opinionem
2511 2726 2551 2756 qm

1481 2763 1644 2802 buscunque
1655 2772 1762 2803 poterat
1772 2765 1853 2794 rebus
1866 2764 1990 2801 augebat.

1458 2798 1593 2845 Pecoruum
1605 2810 1706 2840 partus.
1746 2803 1776 2832 V.
1798 2803 1877 2840 supra
1886 2801 2099 2834 Haereditatem,
2117 2800 2169 2829 Sec.

1458 2838 1610 2869 Peculium.
1632 2840 1717 2870 Plaut.
1731 2840 1811 2869 Most.
1826 2852 1852 2876 4.
1870 2850 1892 2868 1.
1906 2849 1930 2874 7.

1460 2874 1547 2906 Pretia
1559 2887 1649 2906 rerum
1660 2879 1834 2907 commentis.
1857 2877 1924 2906 Plin.
1935 2876 1981 2905 lib.
1997 2886 2038 2904 12.
2054 2885 2114 2913 cap.
2126 2884 2164 2910 19.

1460 2913 1606 2951 Religione
1615 2925 1729 2955 merces.
1752 2914 1820 2945 Plin.
1831 2915 1878 2944 lib.
1894 2924 1934 2943 12.
1951 2924 2011 2951 cap.
2029 2924 2070 2944 14.

1459 2951 1537 2995 Rem.
1559 2953 1626 2982 Hor.
1643 2964 1664 2983 1.
1684 2954 1764 2991 Epist.
1777 2963 1802 2990 7.
1815 2963 1858 2989 71.
1881 2952 1946 2981 Scil.
1962 2951 2143 2981 familiarem.
2166 2948 2259 2978 Cic.2.
2272 2945 2329 2977 Off.
2340 2951 2384 2984 87.
2407 2947 2413 2951 ”

1459 2988 1538 3019 Rem
1551 2991 1678 3028 augenda
1689 2992 1815 3020 festinare
1825 2993 1850 3020 δι
1862 2990 1948 3019 obrui.
1973 2989 2039 3018 Hor.
2053 2999 2073 3017 1.
2089 2987 2167 3023 Epist.
2188 2990 2227 3016 16.
2239 2989 2283 3019 68.
2494 3014 2497 3015 .

1458 3021 1529 3094 Rgpi
1537 3038 1636 3095 aucqere
1645 3029 1783 3059 laudando
1793 3051 1801 3065 ,
1819 3031 1845 3058 ὁὶ
1855 3026 2043 3065 Vituperando
2057 3025 2145 3055 rursus
2156 3025 2290 3061 affligere,
2306 3021 2448 3051 contraria.
2470 3016 2550 3049 Cicdt

1514 3076 1550 3095 ar.
1594 3074 1640 3095 rat.
1694 3090 1699 3096 .
2554 3075 2555 3078 ’

1457 3076 1707 3141 Rempublican‘i7&
1717 3104 1873 3142 imperium.
1897 3102 1954 3131 Cic,
1967 3112 2016 3140 pro
2028 3100 2106 3130 Rosc.
2119 3099 2205 3129 Amet.
2218 3109 2261 3133 50.

1457 3139 1552 3182 Robur
1562 3142 1724 3171 florentibus
1733 3140 1952 3170 auximusannis.
1994 3138 2041 3168 Sil.
2058 3143 2099 3168 16.
2131 3137 2218 3166 Verba
2226 3136 2287 3166 sunt
2296 3133 2442 3172 Scipionis.

1458 3179 1581 3209 Scientia
1589 3179 1717 3216 aliquem.
1742 3177 1799 3208 Cic.
1813 3188 1835 3208 1.
1852 3177 1909 3207 Off.
1925 3188 1948 3206 1.

1458 3217 1551 3253 Spem.
1575 3217 1638 3246 Caes
1658 3227 1683 3246 2.
1699 3216 1763 3246 Bell.
1778 3214 1913 3251 Civil.3i.

1457 3254 1561 3290 Spiritu
1573 3255 1787 3291 coelestiaugeri.
1807 3254 1864 3282 Cic.
1876 3254 1912 3281 de
1925 3251 2015 3288 Arusp.
2029 3250 2109 3288 Resp.
2121 3253 2165 3287 ῆς.
2503 3255 2508 3259 ”
2522 3277 2527 3284 ,
2543 3264 2547 3273 ·

1456 3291 1649 3335 Suspicionem
1658 3292 1828 3325 reialicuius.
1869 3291 1926 3319 Cic.
1940 3293 1965 3319 6.
1988 3289 2062 3318 Verr.
2078 3297 2119 3324 33.
2152 3287 2215 3323 Ejus
2228 3285 2309 3324 ipsius
2320 3282 2476 3322 cupiditatis
2485 3286 2556 3324 ⁶⁰3³}

1475 3330 1691 3365 insimularetur,
1713 3329 1895 3367 suspicionem
1906 3335 2025 3364 augeret.
2500 3335 2506 3338 ·
2554 3326 2555 3333 ¹

1455 3366 1568 3396 Terram
1579 3368 1714 3398 imbribus
1723 3367 1824 3396 dicitur
1838 3375 1891 3394 aer.
1917 3366 1973 3394 Cic.
1988 3375 2012 3393 2.
2027 3364 2062 3392 de
2072 3363 2136 3392 Nat.
2149 3361 2231 3391 Deor.
2245 3369 2306 3389 101.
2548 3363 2567 3396 lt·

1455 3404 1612 3434 Terrorem.
1635 3405 1735 3441 Cae113.
1751 3404 1817 3434 Bell.
1832 3402 1914 3432 Civil.
1930 3407 1974 3437 ⁶4·
1997 3404 2022 3432 ok
2033 3401 2139 3430 Sallust.
2152 3399 2278 3435 Jugurtli.
2291 3407 2336 3427 20.
2548 3392 2555 3459 t
2570 3412 2573 3417 ι

1457 3440 1606 3479 Vectigalia
1619 3443 1693 3472 belli.
1715 3441 1780 3472 Caes.
1794 3452 1816 3470 1.
1830 3441 1895 3470 Bell.
1910 3440 1988 3468 civil.
2002 3450 2043 3474 35.
2481 3440 2484 3453 ³
2553 3435 2555 3442 ⁴
2571 3460 2573 3462 .

1455 3479 1517 3508 Vias
1539 3481 1656 3510 fortuna?
1671 3489 1770 3517 augere
1781 3501 1789 3515 ,
1814 3480 1919 3515 Augere
1941 3479 2013 3511 vias,
2041 3476 2216 3512 rationesque
2230 3473 2385 3510 excogitare
2404 3464 2438 3500 ad
2455 3466 2527 3498 divin*

1456 3515 2066 3590 vss?.}³333.²}.⁶3.¹‡“{33?5·..Psi‘i'ssi‘za⁷·³²·
2567 3513 2571 3521 ·

1456 3592 1530 3621 Vires
1538 3594 1730 3622 auxitfortuna
1739 3591 1868 3621 nocendi.
1891 3591 1957 3619 Stat.
1970 3594 1995 3618 6.
2007 3587 2098 3618 Theb.
2111 3591 2174 3625 763.
2520 3605 2571 3734 ai,

2527 3623 2544 3643 0

2268 383 2286 413 i.
2297 393 2320 413 e.
2342 383 2461 420 Maiores
2470 382 2495 414 &
2504 385 2567 415 emi·
2580 362 2586 417 i

2552 3539 2571 3561 11

2552 3566 2566 3575 ,.

1455 3628 1573 3673 [lugere.
1594 3630 1680 3660 videri
1702 3630 1782 3668 pollit
1801 3629 1929 3665 scriptum
1947 3627 2107 3656 neutraliter
2121 3623 2195 3663 apud
2215 3623 2330 3652 Livium.
2364 3619 2381 3649 l.
2395 3629 2438 3655 29.
2452 3621 2526 3663 [134
2562 3640 2563 3645 ,
2603 3637 2604 3655 ;

1473 3669 1540 3696 edit.
1553 3668 1628 3705 Feyr.
1668 3669 1703 3698 Ni
1714 3668 1817 3697 clamor
1826 3667 1920 3694 onmia
1931 3675 1998 3694 vana
2011 3687 2018 3698 ,
2041 3671 2159 3701 augente
2175 3663 2310 3691 nofturno
2324 3657 2441 3687 tumultu
2451 3651 2526 3697 tectis
2550 3660 2553 3668 ⁴
2574 3683 2576 3686 ,

1473 3705 1508 3734 H.
1521 3706 1558 3735 St.
1601 3708 1614 3742 [
1627 3706 1715 3735 Locus
1726 3705 1764 3734 est
1777 3714 1800 3734 c.
1811 3707 1836 3732 6.
1858 3701 1905 3731 sub
1918 3703 1964 3731 lin.
2006 3702 2099 3738 Quem
2110 3702 2126 3730 si
2137 3700 2236 3730 rectius
2246 3704 2310 3727 cuin
2319 3695 2458 3726 (ironovio
2468 3690 2542 3722 distin

1478 3752 1543 3779 guas
1553 3765 1560 3777 ‚
1581 3744 1725 3781 apparebit
1741 3741 1876 3772 transitive
1889 3740 2004 3777 positum
2014 3739 2122 3768 ell'eliic
2137 3746 2246 3775 quoque
2256 3735 2379 3764 verbum.

1454 3817 1592 3854 quandam
1617 3818 1701 3847 hahet
1727 3817 1809 3856 paulo
1836 3824 1988 3850 majorem,
2010 3817 2035 3844 St
2061 3815 2146 3850 magis
2168 3811 2317 3841 efficacem.
2377 3803 2573 3848 Το1.-Ηεειυ1ς;

1455 3863 1479 3891 3.
1504 3864 1524 3883 1.
1545 3865 1586 3890 ¹4.
1648 3856 1718 3885 Nam
1738 3854 1807 3885 mihi
1828 3853 1941 3890 quidem
1962 3852 2088 3888 quotidie
2106 3849 2225 3887 augescit
2249 3849 2334 3884 magis
2354 3846 2389 3875 de
2413 3842 2468 3872 fillo
2484 3877 2490 3884 ⁸
2505 3877 2512 3883 “
2565 3853 2570 3862 .

1454 3892 1541 3959 111ἀοἱὶ
1591 3892 1648 3922 010.
1667 3904 1692 3923 2.
1714 3895 1750 3924 de
1764 3892 1827 3923 Nat.
1851 3890 1934 3919 Dml‘.
1953 3893 1997 3918 26·
2031 3889 2069 3918 Ea
2085 3886 2289 3926 temperatione
2307 3883 2403 3914 caloris
2417 3882 2513 3910 &nnn
2547 3882 2567 3901 ⁴,

1454 3939 1523 3967 auge
1536 3939 1605 3960 cere.
2563 3932 2566 3939 ‚
