2604 4222
197 150 266 185 510
637 125 898 168 cic

248 217 353 250 nuandi
366 216 447 246 verba
459 215 588 245 facilitate
601 212 719 246 destitui,
728 204 860 245 nusquam
869 203 976 244 turpius
987 213 993 234 :
1016 211 1102 241 quum
1111 199 1239 230 vitiosum
1248 207 1342 236 prooe-

253 257 341 286 mium
351 254 433 292 possit
446 254 550 287 videri,
571 258 602 281 ut
610 249 766 279 cicatricosa
775 247 868 289 facies.
1057 260 1062 275 ;
1192 262 1199 267 ,,

236 292 400 324 Cicatricosa
410 291 482 320 vitis.
502 288 638 319 Columel.
652 287 686 315 de
699 284 821 315 Arborib.
835 292 894 318 cap.
911 289 951 309 11.
965 279 990 308 ἃ
1002 278 1037 306 de
1048 276 1080 306 R.
1091 276 1122 304 R.
1133 286 1159 309 4.
1171 283 1216 310 27.

200 331 223 362 C
231 343 240 361 i
249 341 266 360 c
277 341 296 360 A
305 340 324 359 T
334 340 348 359 a
356 333 369 358 ῖ
378 339 394 358 c
403 339 420 357 ο
429 350 437 361 ,
459 328 567 364 [ἐλάω]
588 330 642 354 i'ire.
665 322 827 353 Cicatricem
838 319 979 348 inducere.
1003 315 1101 358 Festus.
1112 313 1175 356 Carl.
1190 310 1339 344 Aurel.4.8.

236 369 334 398 Ulcera
351 366 552 395 cicatricantur.
592 363 687 391 Sidon.
701 364 726 389 6.
740 357 820 396 Epist.
832 366 858 393 7.
887 356 923 385 Ut
935 352 1111 383 conscientiae
1124 349 1217 380 hiulca
1230 347 1343 378 vulnera

235 406 324 436 vestro
333 404 426 434 saltem
436 403 630 431 cicatricentur
640 404 726 427 oratu.
862 430 867 436 ·
910 429 916 435 .

199 444 222 474 C
231 455 241 473 r
251 454 268 473 c
277 452 348 472 CUM
361 463 369 476 ‚
390 441 407 468 i.
429 450 455 468 n.
478 436 647 475 [μηνΐγνον]
668 433 798 463 dicebant
812 436 917 467 antiqui
927 427 1119 458 Membranam
1129 429 1243 454 tenuem
1253 444 1261 457 ,
1283 432 1342 465 quae

236 482 274 510 est
295 481 323 509 in
341 477 413 507 malo
434 477 538 514 punico
557 473 712 503 discrimen.
743 469 843 500 Festus.
865 466 941 505 apud
965 465 1040 494 Varr,
1060 464 1090 494 L.
1106 463 1136 493 L.
1148 466 1173 492 6.
1190 473 1214 498 ς.
1243 460 1344 497 legitur

288 526 343 546 um.

234 519 306 586 fiecm
317 553 457 589 usurpatur
466 558 516 587 pro
528 548 566 577 Re
574 546 658 577 vili&
669 544 771 574 nullius
785 542 874 581 pretii.
883 580 888 585 1
896 541 981 571 Plaut.
994 538 1067 584 Ruti.
1079 548 1105 569 2.
1121 546 1147 576 7.
1158 546 1203 569 22.

332 590 413 620 Eluas
425 594 471 622 tu,
492 596 526 614 an
535 593 674 620 exungare
692 583 800 611 ciccum
815 590 872 609 non
882 579 1041 608 interduim.

197 631 358 661 Ciccus,
380 627 397 654 i.
420 634 455 653 m.
479 622 623 659 [zi'm&⁴]
644 619 835 650 Parvacicada.
858 616 976 653 Hesych.

234 667 302 696 Item
314 687 322 699 ,
343 663 447 693 Anseris
458 659 628 698 ferispecies.
652 657 759 686 Aldrov.
774 655 885 685 Ornith.
899 664 940 689 19.
953 663 998 683 20.
1032 689 1038 694 Ι
1106 688 1111 693 ¹

195 705 330 737 Cicsa,
352 701 413 730 eris.
435 709 462 727 n.
485 696 662 733 [ὃςὶζινθῶψ]
683 694 841 732 Leguminis
864 701 957 729 genus.
999 687 1142 732 Plin..lib.
1161 691 1203 730 ig.
1221 695 1281 722 cap.
1299 693 1341 714 12.

233 741 270 770 de
288 737 489 776 leguminibus,
510 734 614 764 Ciceris
630 739 727 761 natura
742 731 779 760 est
800 731 874 768 gigni
894 739 958 758 cum
975 727 1140 794 salsilassneJ
1153 763 1158 768 ¹
1170 725 1233 753 ideo
1254 722 1343 766 solum

231 778 294 807 urit.
336 776 397 805 Nec
407 796 415 809 ,
445 773 494 802 nisi
508 771 694 802 ‘madefactum
719 769 808 808 pridie
820 790 829 804 ,
859 767 909 797 seri
927 765 1019 796 debet.
1086 786 1092 793 .
1122 761 1226 792 ibidem
1246 768 1342 790 ciceris

229 815 308 853 plura
322 821 429 850 genera.

229 851 390 881 Arietinum.
430 847 463 877 V.
485 858 503 876 Λ
513 857 528 876 R
538 858 548 876 1
558 857 573 876 Ε
582 856 603 876 s.

228 888 376 918 Madidum
391 887 473 915 cicer.
495 884 612 914 Martial.
625 883 672 923 lib.
688 891 711 912 1.
723 890 769 918 42.

227 925 393 964 Sepositum.
415 923 481 953 Hor.
492 931 517 953 2.
535 923 623 952 Serm.
637 925 662 950 6.
673 926 717 955 84.

508 976 546 981 —-
556 969 646 997 neque
658 957 704 987 ille
819 992 825 999 .

319 998 434 1037 Sepositi
444 998 542 1027 ciceris
550 1019 559 1031 ,
579 1007 632 1027 nec
641 996 730 1033 longae
739 993 839 1024 invidit
848 1000 950 1022 avenae.

225 1038 376 1075 Tepidum.
398 1035 518 1066 Martial.
530 1035 578 1064 lib.
594 1046 616 1064 i.
633 1044 694 1069 104.

225 1076 340 1106 Catinus
351 1075 456 1105 ciceris.
478 1073 544 1103 Hor.
559 1083 582 1103 r.
595 1072 681 1102 Serm.
696 1075 720 1100 6.
737 1079 797 1105 ¹¹5-

493 1111 607 1139 —inde
620 1111 736 1139 domum
748 1116 794 1136 me

316 1150 356 1180 Ad
367 1149 439 1188 porri
450 1171 458 1183 ,
480 1150 505 1178 ἃ.
515 1149 613 1178 ciceris
622 1147 710 1177 refero
718 1168 726 1180 ,
745 1144 891 1183 laganique
901 1143 1034 1172 catinum.

224 1188 323 1220 Grana.
344 1186 460 1224 Quintil.
476 1186 523 1216 lib.
536 1195 562 1216 2.
579 1195 638 1222 cap.
657 1194 703 1214 20.
778 1200 781 1204 ›
1012 1198 1014 1203 .
1052 1215 1057 1221 ,
1270 1198 1271 1201 =
1328 1203 1329 1207 ,

183 1226 226 1256 Ci
237 1236 253 1255 c
261 1227 276 1255 st
284 1236 298 1254 R
309 1236 337 1261 A,
353 1236 383 1254 ae.
406 1225 424 1254 f.
446 1220 576 1260 [ω’χρρὲς]
597 1223 690 1252 Genus
701 1219 795 1258 pabuli
805 1219 879 1257 apud
891 1215 1029 1248 Columel.
1040 1214 1088 1244 lib.
1100 1222 1125 1244 2.
1138 1222 1200 1252 cap.
1213 1221 1239 1250 7.
1251 1219 1335 1250 quam

223 1265 249 1293 &
261 1262 432 1293 Cicereulam
446 1261 569 1300 appellat
581 1261 648 1290 ibid.
661 1269 721 1296 cap.
734 1266 775 1293 13.
943 1274 949 1298 ¹.
1080 1289 1086 1295 ¹
1190 1288 1196 1295 .
1248 1288 1253 1294 ·

186 1301 227 1331 Cr
237 1311 276 1331 cri
285 1311 301 1330 a
310 1302 352 1330 οὔ
362 1312 378 1329 L
387 1310 417 1334 A,
433 1310 464 1329 ae.
485 1299 503 1328 f.
526 1299 623 1328 dimin.
647 1294 803 1333 [aa9v2&›]
824 1293 897 1330 quasi
908 1292 1050 1322 Minutum
1062 1299 1143 1319 cicer.
1158 1287 1333 1330 Plin.lib.18.

222 1348 283 1376 cap.
298 1347 340 1368 12.
362 1338 444 1368 Est&
455 1335 591 1366 cicercula
600 1335 699 1365 minuti
710 1333 819 1366 ciceris,
836 1329 987 1366 inaequalis,
995 1327 1126 1370 angulosi,
1136 1326 1221 1355 veluti
1233 1325 1332 1399 ῧιῑυω.

223 1376 360 1405 Columel.
375 1375 423 1404 lib.
434 1385 458 1404 2.
473 1384 533 1411 cap.
551 1383 593 1402 10.
615 1371 757 1402 Cicercula
768 1392 775 1404 ,
798 1379 857 1406 quae
879 1367 936 1405 piso
948 1367 985 1396 est
1000 1366 1093 1409 similis
1104 1387 1113 1400 ,
1133 1363 1226 1393 mense
1253 1373 1335 1392 anua-

222 1415 264 1443 rio
278 1420 325 1443 aut
335 1413 483 1443 Februario
498 1412 546 1441 seri
557 1411 657 1445 debet,
677 1409 741 1438 laeto
751 1408 814 1437 loco
830 1429 838 1442 ,
860 1406 927 1448 caelo
937 1404 1062 1448 humido.
1295 1438 1300 1443 Α

185 1450 225 1482 Ci
236 1461 252 1480 c
261 1461 276 1480 E
286 1461 302 1479 R
311 1461 328 1480 c
337 1453 355 1480 ῠ
364 1462 380 1478 L
390 1460 437 1479 UM
448 1472 456 1486 ‚
477 1450 495 1478 i.
515 1459 542 1478 n·
563 1449 656 1478 Genus
672 1446 812 1484 sinopidis.
853 1443 921 1473 Plin.
943 1442 992 1471 lib.
1016 1450 1065 1478 35..
1082 1450 1143 1478 cap.
1164 1442 1196 1482 6..
1219 1438 1333 1477 Species

221 1489 354 1526 sinopidis
372 1495 426 1517 tres
439 1509 447 1522 ,
476 1487 555 1516 rubra
567 1508 575 1522 ‚
604 1487 630 1516 δι
651 1485 743 1514 minus
763 1483 865 1512 rubens
875 1503 883 1515 ,
913 1481 939 1510 &
960 1481 1030 1508 inter
1053 1479 1100 1508 has
1122 1478 1224 1507 media.
1237 1514 1243 1520 .
1273 1476 1334 1505 Pre-

219 1527 292 1556 tium
311 1526 423 1564 optimae
442 1525 565 1554 inlibras
579 1532 608 1559 13
625 1521 739 1552 denarii.
781 1519 849 1549 Usus
868 1519 903 1548 ad
920 1517 1083 1556 penicillum
1097 1538 1104 1550 ,
1127 1514 1207 1559 aut-si
1224 1514 1333 1557 lignum

219 1563 342 1593 colorare
357 1563 448 1592 libeat.
498 1562 564 1598 Ejus
584 1571 643 1599 quae
661 1569 696 1590 ex
712 1558 801 1589 Africa
824 1557 919 1592 venit,
941 1556 1036 1584 octoni
1056 1553 1140 1588 asseS‚
1161 1552 1332 1582 cicerculum

218 1612 233 1631 a
276 1601 369 1631 ellant.

181 1612 342 1674 Cissim,
360 1639 429 1669 onis.
454 1647 490 1666 m.
512 1635 651 1673 [10me]
671 1634 895 1665 M.TuLLius
911 1631 950 1661 M.
967 1630 994 1660 F.
1014 1629 1054 1659 M.
1066 1629 1101 1658 N.
1124 1628 1207 1658 Coa.
1229 1627 1331 1657 Cica-

216 1687 233 1706 R
243 1686 269 1707 o.
291 1677 363 1707 Nam
374 1677 409 1706 sic
422 1675 578 1704 nominatur
587 1675 778 1704 Romanorum
789 1680 875 1700 more.
913 1669 954 1698 M.
970 1668 1001 1698 M
1012 1678 1030 1695 A
1041 1677 1057 1695 a
1066 1676 1083 1709 c
1093 1677 1110 1695 u
1119 1676 1131 1696 s
1139 1688 1147 1702 ,
1169 1666 1330 1694 Praenonien

216 1716 277 1750 ejus
288 1715 326 1744 est
336 1737 344 1749 ,
365 1714 439 1752 quod
451 1723 465 1742 a
476 1720 553 1749 patre
564 1712 700 1741 maximus
711 1716 776 1739 natu
785 1709 856 1738 filius
868 1707 903 1737 de
913 1715 991 1736 more
1001 1705 1106 1734 habuit.
1145 1703 1172 1733 T
1181 1713 1199 1732 υ
1208 1714 1224 1731 L
1235 1714 1251 1731 L
1259 1713 1268 1731 i
1277 1713 1295 1731 u
1305 1712 1329 1747 s,

215 1752 360 1790 Proprium
371 1754 396 1782 δι
406 1751 510 1789 gentile
520 1759 624 1779 nomen
638 1748 759 1785 ejusdem
770 1747 825 1776 est:
847 1746 900 1775 suit
911 1746 986 1774 enim
1009 1753 1025 1772 e
1045 1742 1139 1786 Tullia
1157 1747 1240 1779 gente
1259 1746 1331 1769 anti-

215 1790 351 1827 quissima.
374 1789 420 1818 lib.
434 1797 459 1817 2.
476 1788 511 1817 de
526 1787 652 1824 Legibus.
692 1786 797 1815 Patrem
812 1783 956 1813 Ciceronis
974 1791 1010 1810 ex
1023 1790 1098 1817 regio
1110 1780 1270 1824 Volscorum
1285 1788 1329 1815 ge-

215 1825 283 1857 nere
293 1827 372 1857 fuisse
387 1828 417 1855 in
430 1825 538 1855 Eusebii
552 1824 697 1854 Chronicis
709 1823 835 1860 legimus.
876 1820 910 1850 Et
929 1819 1090 1849 Plutarchus
1103 1818 1198 1847 scribit
1208 1815 1330 1845 nonnul-

213 1867 258 1894 los
269 1865 326 1901 ejus
338 1874 423 1902 genus
434 1864 534 1893 referre
543 1863 579 1892 ad
588 1862 713 1892 Tullium
734 1861 837 1890 Attium
853 1857 977 1887 nobilem
990 1856 1150 1899 Volscorum
1169 1863 1272 1892 regem.
1297 1853 1326 1882 V.

213 1902 311 1932 Claud.
334 1902 518 1939 Dausqueium
539 1902 565 1931 &
589 1900 652 1930 Nic.
679 1898 820 1928 Heinsium
842 1897 871 1925 in
896 1896 962 1925 Not.
984 1894 1019 1924 ad
1044 1893 1091 1923 Sil.
1107 1900 1134 1928 8.
1156 1902 1221 1936 4⁰7:
1243 1891 1282 1923 M.
1297 1891 1327 1920 F.

212 1940 302 1971 Marci
317 1940 397 1969 silius.
439 1939 543 1968 Habuit
561 1938 636 1967 enim
654 1943 775 1975 patrem,
797 1935 839 1965 Μ.
854 1933 980 1963 Tullium
995 1954 1003 1967 ,
1024 1942 1109 1975 quem
1123 1931 1270 1975 fulloniam
1287 1930 1329 1972 ‘fe-

213 1977 279 2008 cisse
291 2000 300 2013 ,
333 1987 365 2008 ac
384 1977 455 2006 vites
473 1975 600 2013 oleasque
619 1975 725 2012 semper
750 1971 863 2002 coluisse
891 1971 927 2008 Q.
949 1970 1069 2000 Calenus
1086 1977 1124 1999 ait
1145 1979 1174 1998 in
1192 1967 1328 2010 maledica

213 2016 338 2045 oratione
357 2015 431 2052 apud
448 2014 531 2044 Dion.
562 2013 580 2043 1.
601 2016 647 2048 46.
681 2012 722 2041 M.
735 2011 772 2041 N.
793 2010 881 2040 Marci
901 2018 999 2046 nepos.
1049 2007 1122 2051 Nam
1141 2009 1167 2037 ἃ
1187 2015 1253 2035 avus
1267 2014 1330 2041 ejus

212 2053 324 2084 Marcus
343 2053 452 2082 Tullius
470 2052 567 2081 Cicero
586 2051 747 2080 nominatus
767 2048 806 2078 est
825 2047 880 2084 (V.
895 2047 976 2085 Epist.
992 2046 1026 2075 ad
1037 2046 1117 2088 Attic.
1133 2055 1156 2074 i.
1172 2045 1217 2080 5.)
1238 2053 1328 2080 eoque

212 2092 278 2120 vivo
297 2091 323 2120 se
341 2098 435 2120 natum
453 2090 510 2125 ait3
532 2089 580 2118 lib.
594 2098 620 2118 2.
632 2089 666 2117 de
679 2087 804 2124 Legibus.
845 2085 866 2114 C
877 2095 929 2114 os.
958 2083 1088 2113 Cornelia
1107 2092 1212 2113 nomen
1228 2081 1266 2110 est
1280 2081 1328 2116 tri-

213 2127 284 2164 bus,
304 2128 415 2158 ablativi
436 2127 526 2162 casus,
546 2133 577 2156 ut
596 2126 626 2155 sit
644 2135 678 2154 ex
694 2124 829 2154 Cornelia.
869 2121 985 2152 Necesse
1002 2121 1056 2150 suit
1069 2143 1078 2156 ,
1099 2127 1131 2150 ut
1148 2119 1261 2162 quisque
1272 2118 1328 2161 Ro.

212 2175 310 2196 manus
329 2175 365 2195 ex
383 2165 456 2195 tribu
478 2164 568 2201 aliqua
584 2164 794 2197 nominaretur3
835 2160 932 2190 Cicero
946 2168 1010 2203 vero
1032 2168 1096 2188 cum
1117 2157 1229 2194 reliquis
1249 2157 1326 2194 Arpi-

211 2203 322 2233 natibus
342 2204 371 2232 in
391 2203 479 2233 Tribu
499 2201 627 2231 Cornelia
647 2200 815 2230 censebatur.
856 2198 914 2227 Liv.
933 2197 981 2226 lib.
998 2201 1040 2232 38.
1052 2200 1096 2232 36.
1120 2196 1141 2225 C
1153 2200 1327 2226 ICERQ'co-

211 2250 353 2278 gnomen:
376 2240 525 2270 Cicerones
541 2250 557 2269 a
576 2239 673 2268 Cicere
694 2236 848 2275 appellatos
864 2235 944 2265 fuisse
966 2234 1088 2264 constat:
1110 2234 1202 2269 itaque
1219 2232 1326 2262 dicium

210 2278 266 2308 esse
276 2278 356 2308 illuni
365 2300 373 2313 ,
394 2279 440 2315 qui
453 2278 557 2314 primus
566 2286 669 2306 nomen
678 2275 795 2309 invenit,
815 2283 830 2303 a
841 2273 896 2302 nasi
909 2273 993 2310 figura
1003 2273 1097 2303 auctor
1106 2271 1144 2300 est
1153 2269 1323 2313 Plutarchus.

211 2316 252 2346 Ab
277 2316 373 2346 habitu
388 2316 467 2345 faciei
485 2315 606 2353 primum
626 2314 661 2343 sic
683 2313 859 2342 nominatum
872 2310 925 2340 esse
940 2310 1052 2339 testatur
1071 2309 1221 2339 Priscianus
1234 2308 1282 2342 lib.
1295 2317 1322 2337 2.

209 2354 280 2384 Plin.
291 2363 355 2384 vero
368 2353 415 2382 lib.
433 2358 475 2386 18.
491 2362 551 2390 cap.
567 2361 591 2386 3.
607 2352 647 2381 ait
658 2373 666 2385 ,
684 2351 832 2380 Fabiorum
846 2371 854 2383 ,
876 2348 1058 2377 Lentulorum
1071 2369 1079 2383 ,
1101 2347 1270 2376 Ciceronum
1279 2355 1325 2374 co-

209 2392 343 2429 gnomina
355 2392 442 2429 prima
454 2391 521 2419 inde
532 2390 587 2419 esse
597 2412 606 2425 ,
627 2395 658 2418 ut
669 2388 780 2426 quisque
792 2387 904 2423 aliquod
919 2386 1024 2423 optime
1036 2394 1122 2422 genus
1133 2384 1241 2413 sereret.
1272 2383 1325 2419 lta-

209 2439 263 2466 que
279 2429 394 2459 omnino
406 2429 443 2458 est
457 2428 638 2463 rejiciendum
649 2449 657 2462 ,
678 2426 753 2463 quod
761 2424 844 2462 vulgo
855 2424 992 2454 creditum
1006 2423 1054 2458 est,
1071 2432 1135 2451 eum
1144 2422 1199 2450 hoc
1217 2430 1323 2450 nomen

208 2466 357 2497 obtinuisse
367 2488 375 2501 ,
395 2466 459 2503 quia
467 2464 627 2495 Tuberculo
638 2464 733 2501 aliquo
745 2485 753 2499 ,
773 2463 870 2492 ciceris
880 2462 977 2497 instar,
999 2461 1025 2490 ei
1036 2460 1120 2490 facies
1137 2459 1321 2497 insigniretur.

206 2504 349 2535 Hactenus
358 2504 394 2533 de
408 2504 467 2540 eius
478 2502 647 2533 nominibus.
686 2514 691 2517 ⁸
1098 2535 1111 2541 Ν
1251 2534 1256 2540 ⁸

207 2541 306 2571 Cicero
326 2552 342 2571 a
355 2542 469 2575 Cicere,
490 2547 522 2570 ut
542 2539 717 2570 Dioscorides
736 2548 752 2568 a
772 2537 858 2567 Lente
879 2537 970 2566 dicius
985 2535 1022 2565 est
1038 2540 1143 2569 Oviffif,
1162 2533 1322 2571 utlegirnus

225 2580 301 2617 apud
309 2580 430 2609 Suidam.
451 2579 505 2608 Sed
517 2578 551 2607 ab
565 2577 692 2615 ἐςέξινθέψ
709 2582 834 2605 nontam
846 2580 910 2612 apte
922 2575 1058 2603 diceretur
1071 2571 1213 2608 Ἐξεέινθτῖε.
1236 2572 1271 2601 Η.
1280 2572 1321 2601 St.

224 2617 492 2681 Astipulaturaeitaque
511 2616 576 2646 huic
586 2615 726 2653 posteriori
739 2613 879 2643 sententiae
895 2612 980 2642 Henr.
997 2611 1163 2650 Stephanus.
1185 2609 1218 2640 V.
1240 2609 1318 2639 Suid.

223 2655 254 2684 in
263 2652 381 2686 Διοσκυβῖ
399 2665 432 2684 ης.

205 2692 248 2723 Μ.
270 2691 295 2722 Τ
307 2703 324 2721 υ
335 2703 351 2720 L
362 2703 395 2720 Li
408 2702 426 2720 υ
435 2700 447 2720 s
469 2690 490 2719 C
501 2701 510 2719 1
519 2699 558 2720 ca
567 2700 582 2719 a
592 2700 610 2719 o
631 2695 709 2719 natus
722 2689 797 2718 estin
808 2687 879 2716 Villa
890 2686 1012 2725 Arpinati
1023 2685 1052 2715 A.
1065 2685 1098 2714 U.
1109 2685 1140 2715 C.
1151 2692 1320 2720 MDchviii‚

224 2730 262 2766 Q.
276 2730 395 2762 Seroilio
404 2729 545 2766 Caepione,
556 2729 582 2757 ἃ.
598 2728 628 2756 C.
642 2727 736 2756 Attilio
747 2727 864 2756 Serrano
881 2734 898 2754 e
907 2734 923 2753 o
934 2735 945 2754 s
953 2735 974 2753 s.
995 2724 1051 2753 a.d.
1062 2724 1158 2753 Nonas
1166 2723 1319 2759 januarias.

223 2768 305 2797 Anno
313 2774 376 2797 ante
388 2766 524 2796 Christum
537 2775 554 2794 c
563 2775 589 2793 ιι
601 2776 619 2794 ι.
638 2764 707 2794 Gell.
719 2764 766 2793 lib.
783 2768 899 2800 15.Tcap.
911 2768 955 2796 ²8-
968 2762 1026 2790 Cic.
1041 2771 1065 2795 5.
1078 2762 1130 2790 Att.
1143 2770 1169 2797 7.
1181 2762 1206 2790 St
1216 2771 1260 2796 41.
1275 2769 1319 2795 13.

223 2805 294 2834 Cum
305 2805 376 2834 inter
384 2813 485 2842 pueros
498 2804 581 2832 etiam
591 2802 707 2832 versatus
719 2802 765 2836 est,
775 2801 919 2838 ingenium
929 2799 1058 2837 apparuit
1066 2799 1218 2828 admodum
1230 2798 1321 2826 excel-

224 2842 285 2872 lens
295 2845 320 2872 &
335 2842 418 2879 longe
429 2841 508 2878 supra
517 2840 635 2877 aequales
647 2850 654 2875 3
677 2840 745 2868 adeo
759 2846 789 2868 ut
801 2839 851 2867 viri
861 2845 938 2866 ietate
951 2846 1045 2874 graves
1056 2836 1128 2865 fama
1136 2837 1195 2871 ejus
1205 2836 1320 2865 adducti

222 2881 259 2910 ad
267 2880 409 2910 visendum
420 2879 523 2908 eumin
538 2878 616 2912 ludo,
634 2877 681 2906 ubi
691 2877 789 2905 litteris
802 2885 912 2913 operam
926 2875 1017 2909 dabat,
1030 2874 1145 2910 profecti
1156 2873 1216 2902 sint.
1255 2873 1320 2902 Sese

222 2919 348 2947 exercuit
356 2915 576 2946 adolescentulus
587 2915 700 2943 inomni
710 2914 850 2943 literarum
861 2922 971 2951 genere,
987 2912 1033 2940 sed
1044 2912 1157 2940 dicendi
1169 2918 1316 2948 praecepta,

223 2957 250 2986 ἆ
261 2962 346 2984 artem
354 2955 520 2989 oratoriam,
542 2953 577 2982 ad
592 2962 674 2989 quam
687 2951 818 2989 peculiari
836 2950 930 2979 indole
949 2956 1029 2978 natus
1044 2949 1183 2978 videretur
1193 2970 1201 2983 ,
1223 2949 1319 2986 praeci-

222 3003 278 3031 pue
291 2993 397 3028 coluit;
419 2991 466 3021 etsi
480 2991 606 3020 oratoriis
615 2987 880 3022 exercitationibus,
901 2994 931 3016 ut
950 2987 1006 3024 ipse
1024 2988 1052 3016 in
1069 2987 1153 3016 Bruto
1173 2987 1230 3020 ait,
1252 2996 1318 3014 con-

222 3037 315 3060 tentus
335 3040 395 3059 non
415 3035 482 3059 erat.
521 3028 556 3058 Et
572 3028 688 3057 omnino
699 3036 764 3056 cuni
786 3025 906 3062 Quintil.
924 3025 973 3054 lib.
989 3034 1030 3053 io.
1039 3034 1100 3062 cap.
1113 3033 1137 3060 3.
1157 3024 1318 3059 judicemus

222 3074 334 3105 oportet
344 3078 352 3103 ·,
365 3067 438 3105 quod
450 3066 610 3105 ipseCicero
620 3065 678 3094 suas
685 3064 898 3094 exercitationes
909 3062 978 3091 libro
988 3062 1076 3099 primo
1085 3061 1240 3091 deOratore
1253 3071 1315 3097 154.

221 3105 271 3135 sub
283 3106 363 3135 Crassi
376 3104 491 3143 persona
500 3104 537 3133 ita
548 3102 746 3140 significaverit.
786 3101 818 3131 In
833 3100 1000 3138 quotidianis
1010 3099 1227 3135 cogitationibus
1239 3100 1318 3136 equi-

222 3144 288 3172 dem
297 3143 364 3172 mihi
376 3141 597 3172 adolescentulus
610 3148 766 3178 proponere
775 3138 897 3168 solebam
906 3137 980 3166 {llam
992 3137 1217 3166 exercitationem
1228 3137 1317 3165 maxi-

221 3190 266 3210 me
280 3202 288 3215 ,
309 3188 339 3210 ut
349 3187 395 3209 aut
403 3179 522 3209 versibus
532 3178 677 3217 propositis
692 3186 774 3214 quam
789 3176 909 3205 maxime
918 3174 1052 3210 gravibus,
1072 3181 1119 3203 aut
1132 3175 1257 3205 oratione
1268 3174 1317 3203 ali-

221 3228 274 3254 qua
289 3217 358 3246 iecra
368 3218 402 3247 ad
411 3227 475 3247 eum
488 3217 571 3246 finem
582 3238 590 3251 ,
615 3225 697 3252 quem
709 3215 842 3244 memoria
854 3212 958 3251 possem
969 3212 1208 3249 comprehendere
1223 3233 1231 3246 ,
1252 3221 1314 3241 eam

220 3264 279 3284 rem
289 3255 374 3292 ipsam
386 3264 469 3292 quam
478 3253 599 3291 legissem
611 3274 619 3288 ,
641 3252 732 3283 verbis
742 3251 802 3281 aliis
831 3260 893 3282 uam
910 3250 1030 3280 maxime
1042 3248 1147 3286 possem
1159 3249 1237 3278 lestis
1251 3259 1314 3286 pro-

221 3293 386 3322 nuntiarem.
422 3291 516 3321 Postea
523 3292 592 3320 mihi
603 3291 708 3328 placuit
719 3299 753 3318 eo
775 3298 809 3318 ue
832 3298 878 3317 um
889 3287 951 3317 usus
962 3285 1134 3320 adolescens,
1155 3293 1185 3315 ut
1195 3286 1313 3315 summo-

222 3338 283 3357 rum
294 3335 431 3358 oratorum
442 3329 548 3358 Graecas
558 3329 697 3358 orationes
707 3337 761 3365 exp
775 3328 893 3356 icarem:
916 3324 1014 3362 quibus
1025 3324 1104 3353 lestis
1121 3323 1175 3352 hoc
1192 3323 1313 3360 asseque-

222 3365 271 3395 bar
280 3387 289 3400 ,
310 3373 339 3395 ut
351 3376 454 3396 cumea
465 3376 524 3404 quae
534 3366 653 3403 legerem
663 3366 758 3395 Graece
770 3364 867 3394 Latine
886 3362 1032 3392 redderem
1047 3383 1056 3396 ,
1075 3370 1131 3389 non
1142 3360 1229 3390 solum
1242 3362 1313 3398 opti-

223 3404 275 3431 mis
285 3403 374 3432 verbis
382 3410 471 3433 uterer
480 3405 505 3433 ἃ
517 3410 609 3433 tamen
621 3403 724 3432 usitatis
735 3424 743 3437 ,
763 3402 810 3432 sed
821 3402 904 3432 etiam
915 3400 1100 3437 exprimerem
1111 3398 1237 3435 quaedam
1253 3408 1311 3428 ver-

223 3439 259 3468 ba
268 3440 399 3469 imitando
409 3463 416 3476 ,
437 3451 497 3478 quae
507 3451 580 3470 nova
589 3441 684 3470 nostris
695 3440 799 3475 essent,
820 3438 976 3468 dummodo
989 3436 1074 3466 essent
1083 3436 1193 3465 idonea.
1216 3435 1312 3472 Quan-

222 3483 282 3506 tum
290 3486 353 3506 vero
365 3479 394 3506 in
402 3485 459 3507 arte
468 3479 585 3508 oratoria
595 3478 753 3515 profecerit,
763 3486 798 3506 ex
808 3476 897 3506 verbis
904 3475 986 3513 ipsius
1000 3475 1028 3503 in
1038 3473 1122 3503 Bruto
1138 3476 1198 3507 306.
1211 3473 1312 3502 intelli-

224 3514 346 3551 gendum
358 3515 394 3543 est
406 3525 413 3550 3
427 3522 454 3544 at
473 3525 508 3545 ue
517 3514 931 3552 huic,inquit.anno(scil.aetatis
939 3512 990 3541 suae
999 3511 1110 3540 decimo
1119 3511 1208 3546 nono)
1217 3511 1312 3547 proxi-

223 3560 284 3580 mus
297 3551 370 3580 Sulla
381 3525 492 3582 consuqle
503 3554 529 3582 &
538 3553 671 3590 Pompeio
684 3553 744 3581 fuit.
767 3559 826 3581 tum
839 3551 865 3581 P.
879 3550 996 3588 Sulpicii
1008 3550 1034 3577 in
1044 3548 1200 3578 Tribunatu
1221 3549 1312 3584 quoti-

223 3589 268 3630 die
278 3589 467 3618 concionantis
478 3596 567 3619 totum
576 3599 661 3627 genus
672 3590 785 3619 dicendi
797 3589 909 3627 penitus
922 3587 1113 3625 cognovimus.
1151 3584 1185 3614 Et
1204 3595 1256 3622 qua
1270 3596 1311 3614 ra-

221 3631 298 3653 tione
310 3635 394 3655 annos
405 3628 490 3656 artatis
507 3637 523 3655 x
534 3636 550 3656 x
561 3638 569 3655 r
582 3649 590 3663 ,
611 3636 708 3662 xxii,
734 3629 760 3657 ἃ.
775 3636 821 3656 xx
832 3637 878 3654 rii
898 3627 984 3660 (cum
1005 3623 1069 3653 urbs
1085 3623 1142 3652 fere
1158 3623 1214 3651 sine
1228 3624 1310 3653 armis

220 3662 323 3697 fuisset)
331 3663 522 3699 traduxerit,in
533 3664 614 3694 Bruto
626 3674 735 3702 quoque
747 3664 851 3702 p.p.his
863 3663 952 3692 verbis
962 3663 1095 3699 exponit:
1112 3661 1168 3696 Ego
1179 3660 1233 3688 hoc
1242 3668 1312 3689 tem-

222 3708 290 3736 pore
301 3700 376 3728 omni
390 3702 483 3729 noctes
493 3703 518 3730 &
530 3702 589 3731 dies
600 3704 628 3730 in
639 3703 765 3731 omnium
779 3702 967 3730 doctrinarum
982 3699 1165 3728 meditatione
1175 3697 1308 3727 versabar.

222 3736 371 3779 Eramcum
382 3736 475 3765 Stoico
492 3738 632 3768 Diodoto:
652 3740 698 3775 qui
718 3749 782 3768 cum
799 3738 970 3767 habitavisset
984 3737 1057 3773 apud
1078 3745 1123 3764 me
1142 3744 1310 3771 mecumque

220 3773 344 3807 lelllet‚
366 3783 453 3810 nuper
462 3774 500 3802 est
510 3775 586 3804 domi
597 3786 664 3804 meae
673 3784 797 3806 moi-tuus
809 3798 817 3811 ,
838 3786 853 3805 a
865 3786 919 3812 quo
931 3784 994 3804 cum
1012 3776 1040 3802 in
1053 3774 1112 3802 aliis
1126 3774 1206 3801 rebus
1220 3794 1227 3807 ,
1248 3778 1309 3801 tum

222 3809 408 3854 studiosissime
421 3811 449 3852 in
461 3810 610 3841 Dialcfficu
624 3814 780 3842 exercebar.
817 3813 920 3842 Habuit
931 3816 956 3842 ὁὶ
973 3812 1041 3840 alios
1059 3818 1257 3848 praeceptores,
1278 3815 1309 3838 ut

222 3847 282 3890 1pse⁸
290 3847 390 3876 fatetur
405 3868 413 3881 ²
434 3856 462 3874 ¹¹¹
476 3847 647 3885 Philosophia
658 3851 770 3886 quidem
783 3850 926 3879 Philonem
947 3850 1142 3879 Academicum
1154 3857 1221 3877 tunc
1238 3854 1308 3876 tem-

222 3894 298 3927 poris
308 3884 400 3913 Romae
410 3892 627 3915 commorantem
639 3908 647 3921 ,
669 3889 697 3916 in
706 3886 770 3921 Jure
777 3887 853 3917 civili
866 3887 1029 3922 Scaevolam,
1049 3887 1079 3915 in
1092 3886 1215 3915 dicendo
1225 3884 1308 3923 Apol·

221 3923 330 3952 lonium
340 3921 495 3951 Molonem.

1889 110 1918 145 C
2017 110 2033 145 1
2123 109 2153 146 C

1430 195 1523 225 Annos
1535 196 1616 222 natus
1636 200 1783 226 xxviii,
1805 191 1890 226 (cum
1911 191 1947 220 ob
1969 192 2093 230 corporis
2111 192 2295 230 gracilitatem
2310 193 2336 223 8.-
2360 193 2545 229 infirmitatem
2592 181 2594 211 Ἰ

1449 241 1514 261 eum
1525 233 1550 261 &
1561 230 1642 258 amici
1655 232 1680 259 ἃ
1695 230 1798 259 medici
1810 230 1985 258 hortarentur
1995 252 2003 264 ,
2024 238 2055 259 ut
2067 228 2159 259 causas
2169 240 2248 267 agere
2260 231 2419 266 desisteret)
2439 227 2467 262 in
2479 234 2549 264 Grae.

1450 271 1521 299 ciam
1537 268 1674 305 profet‘tus
1685 268 1742 301 est,
1764 266 1898 304 sicutipse
1910 268 1939 295 in
1954 268 2040 300 Bruto
2058 268 2112 302 ait,
2133 274 2164 297 ut
2184 268 2414 298 consuetudinem
2436 271 2545 302 dicendi

1448 312 1589 339 mutaret,
1611 306 1637 334 &
1650 305 1807 334 remissione
1827 305 2055 334 &moderatione
2071 306 2147 334 vocis
2169 305 2323 342 periculum
2347 307 2431 336 vitare
2451 302 2544 345 posset.

1450 345 1524 374 Cum
1535 343 1649 372 venislet
1661 343 1779 371 Athenas
1788 341 1833 371 sex
1845 342 1952 373 menses
1961 352 2025 371 cum
2037 343 2174 373 Antiocho
2186 344 2286 372 veteris
2298 344 2451 374 Academiae
2461 346 2549 376 Philo.

1451 382 1537 419 sopho
1554 381 1625 415 suit,
1648 380 1822 415 studiumque
1838 379 2017 417 Philosophiae
2036 390 2180 416 nunquam
2198 380 2380 410 intermissum
2391 404 2399 417 ,
2419 392 2434 411 a
2450 384 2547 420 prima.

1452 429 1505 456 que
1520 417 1707 448 adolescentia
1719 417 1825 446 cultum
1835 417 1974 454 &semper
1988 419 2117 452 austum,
2138 418 2193 447 hoc
2205 418 2293 450 rursus
2310 418 2418 448 summo
2438 422 2547 452 auctore

1451 459 1477 486 δι
1498 456 1613 484 ἀοέὶοῑε
1636 455 1799 489 renovavit,
1821 460 1852 483 ut
1877 454 1934 492 ipse
1952 456 1980 483 in
2000 454 2082 484 Bruto
2102 456 2220 484 testatur.
2269 455 2419 493 Epicureos
2441 467 2548 496 quoque

1451 493 1616 528 (Phaedrum
1631 495 1655 521 ἃ
1666 493 1811 522 Zenonem
1823 493 1834 528 )
1855 492 2013 528 frequenter
2035 502 2099 521 cum
2118 493 2209 522 Attico
2221 493 2326 522 audivit
2337 516 2344 529 ,
2366 501 2396 523 ut
2410 495 2449 524 ait
2461 495 2509 525 lib.
2520 505 2547 527 2.

1451 532 1487 560 de
1504 531 1561 560 Fin.
1579 540 1603 565 3.
1617 530 1698 559 Tusc.
1711 531 1736 559 Sc
1755 540 1778 559 1.
1798 530 1881 559 Acad.
1905 530 2129 564 Postbiennium,
2151 531 2278 564 cumiam
2293 533 2545 569 corpusejusexer.

1451 568 1631 598 citationibus
1642 568 1834 602 confirmatum
1845 567 1961 596 meliore
1972 567 2066 596 habitu
2077 567 2131 597 esse
2143 568 2269 605 coepisset
2281 590 2289 603 ,
2311 570 2337 598 δι
2358 579 2412 598 vox
2424 570 2462 599 ita
2481 580 2544 601 con.

1451 607 1567 636 formata
1581 606 1665 640 esset,
1686 612 1717 634 ut
1725 614 1789 634 cum
1803 606 1898 634 auditu
1909 605 1997 634 suavis
2007 605 2134 642 acplena
2143 628 2151 640 ,
2167 613 2227 634 tum
2238 606 2272 634 ad
2284 607 2406 643 corporis
2418 607 2545 639 constitu.

1450 645 1557 673 tionem
1566 644 1708 672 moderate
1717 643 1927 672 accommodata
1937 642 2020 677 esset,
2042 648 2134 672 motus
2151 644 2177 672 δι
2187 643 2316 680 precibus
2331 645 2357 673 &
2366 644 2545 676 litterisami.

1452 692 1549 711 corum
1561 703 1568 715 ,
1590 691 1648 718 quae
1661 680 1749 709 Roma
1759 681 1915 718 frequentes
1924 681 1958 709 ad
1970 680 2060 718 ipsum
2073 679 2259 710 afferebantur
2269 702 2277 716 ,
2309 682 2335 711 &
2353 682 2544 715 cohortatione

1451 719 1601 753 Antiochi,
1622 726 1652 747 ut
1661 718 1864 761 rempublicam
1878 717 2044 756 capesseret,
2066 718 2179 747 dicendi
2196 718 2252 748 vim
2270 728 2321 748 ceu
2335 719 2545 754 instrumentum

1449 757 1539 789 rursus
1548 755 1688 791 excoluit,
1709 756 1874 793 civsiemque
1888 755 2048 785 facultatem
2062 756 2210 787 excitavit.
2242 756 2336 793 Itaque
2355 758 2474 795 primum
2485 780 2493 793 ,
2511 766 2542 790 ut

1449 794 1545 832 ipsein
1558 795 1640 823 Bruto
1652 793 1764 829 scribit,
1786 794 1899 822 Athenis
1909 794 1984 830 apud
1999 794 2172 829 Demetrium
2188 793 2296 830 Syrum,
2313 802 2441 829 ,veterem
2452 797 2476 826 8<
2487 806 2542 828 non

1449 832 1604 870 ignobilem
1618 832 1731 861 dicendi
1743 832 1898 869 magistrum
1915 831 2034 860 studiose
2049 831 2238 861 exercebatur.
2275 831 2335 861 Post
2354 839 2441 862 totam
2460 834 2543 866 Asiam

1447 870 1602 908 peragravit
1611 879 1675 898 cum
1685 869 1797 898 summis
1806 869 1967 899 Oratoribus
1977 891 1985 904 ,
2007 869 2171 906 quibuscum
2186 869 2365 900 exercebatur
2378 870 2441 908 ipsis
2450 871 2544 902 luben.

1449 908 1533 936 tibus.
1572 907 1654 936 Hisce
1663 917 1721 936 non
1735 914 1883 940 contentus
1894 907 2026 939 Rhodum
2036 907 2129 941 venit,
2150 906 2231 944 seque
2246 907 2282 936 ad
2297 909 2419 937 eundem
2432 929 2440 944 ,
2460 917 2542 946 quem

1448 945 1543 975 Romae
1553 946 1696 974 audiverat
1707 967 1717 980 ,
1736 944 1883 975 Molonem
1899 945 2065 982 applicavit,
2085 954 2150 974 cum
2170 946 2291 975 actorem
2307 945 2337 974 in
2353 946 2425 975 veris
2440 947 2522 978 causis
2532 970 2541 986 ,

1448 983 1664 1020 scriptoremque
1674 983 1844 1020 praestantem
1856 1004 1864 1018 ,
1885 989 1946 1012 tum
1958 983 1988 1011 in
1999 983 2129 1012 notandis
2139 983 2443 1020 animadvertendisque
2451 985 2521 1018 vitiis
2531 1008 2541 1022 ,

1447 1023 1474 1051 ἃ
1485 1021 1655 1049 instituendo
1666 1021 1851 1057 docendoque
1859 1019 2109 1058 prudentissimum.
2146 1020 2172 1049 Is
2183 1020 2261 1049 dedit
2271 1029 2384 1058 operam
2392 1043 2401 1057 ,
2423 1027 2453 1051 ut
2461 1023 2542 1054 nimis

1447 1059 1653 1088 redundantem
1664 1065 1800 1088 oratorem
1809 1058 1932 1088 nostrum
1950 1059 1975 1087 δι
1995 1057 2211 1095 superfluentem
2222 1058 2345 1094 juvenili
2369 1059 2488 1096 quadam
2504 1061 2543 1091 di.

1446 1096 1532 1125 'cendi
1548 1097 1714 1133 impunitate
1723 1098 1749 1126 ἃ
1759 1096 1873 1125 licentia
1884 1097 2054 1133 reprimeret,
2078 1097 2104 1125 &
2118 1096 2191 1133 quali
2202 1103 2279 1125 extra
2290 1097 2363 1133 ripas
2374 1096 2542 1129 diffluentem

1447 1140 1589 1164 coerceret
1599 1155 1607 1169 ,
1628 1141 1658 1163 ut
1668 1134 1725 1171 ipse
1735 1135 1829 1163 aurftor
1838 1134 1876 1163 est
1886 1135 1915 1163 in
1931 1133 2024 1164 Bruto.
2064 1133 2107 1163 De
2126 1132 2278 1171 Apollonio
2294 1134 2415 1164 Melone
2427 1156 2435 1170 ,
2456 1135 2542 1173 inquit

1446 1171 1627 1208 Plutarchus,
1648 1173 1781 1201 traditum
1793 1172 1831 1201 est
1845 1172 1988 1201 memoriae
2004 1181 2069 1200 eum
2086 1170 2188 1200 Latinae
2208 1171 2309 1209 linguae
2325 1173 2424 1202 rudem
2442 1173 2542 1210 rogasse
2560 1178 2569 1193 Χ

1448 1210 1614 1239 Ciceronem
1624 1232 1631 1244 ,
1653 1216 1684 1239 ut
1692 1209 1787 1239 Graece
1799 1209 1983 1245 declamarem
2006 1210 2035 1238 in
2045 1219 2100 1246 quo
2110 1218 2175 1238 cum
2187 1209 2251 1238 ideo
2262 1209 2302 1238 illi
2315 1209 2540 1249 obtemperasset,

1448 1248 1523 1284 quod
1536 1247 1679 1284 putaretse
1690 1248 1726 1276 ita
1736 1247 1837 1277 melius
1846 1248 1945 1285 corrigi
1958 1246 2054 1285 posse;
2077 1247 2163 1276 ceteri
2182 1257 2280 1276 omnes
2296 1248 2480 1278 admiratione
2497 1249 2542 1279 ob-

1448 1286 1592 1323 stupefacti
1615 1286 1742 1315 certatim
1761 1286 1796 1314 de
1812 1285 1966 1321 Cicerone,
1987 1285 2108 1322 aliusque
2123 1284 2177 1314 alio
2196 1283 2339 1321 gloriosius
2356 1285 2540 1323 praedicabat:

1443 1323 1612 1361 Apollonius
1627 1333 1717 1360 neque
1726 1330 1820 1358 orante
1832 1323 1966 1353 Cicerone
1977 1322 2100 1352 laetitiam
2109 1321 2202 1360 praese
2212 1322 2291 1357 tulit,
2314 1324 2339 1353 ἃ
2350 1332 2414 1352 curn
2425 1322 2543 1361 perorass

1442 1361 1503 1394 set,
1526 1361 1631 1390 defixus
1642 1361 1671 1391 in
1680 1361 1849 1398 cogitatione
1859 1361 1906 1390 diu
1919 1361 1998 1390 sedit.
2038 1361 2126 1397 Quod
2142 1359 2189 1389 ubi
2202 1359 2368 1390 Ciceronem
2388 1370 2460 1398 aegre
2471 1362 2538 1393 ferre

1443 1399 1540 1434 sensit,
1560 1399 1619 1428 haec
1632 1400 1691 1434 ejus
1702 1408 1757 1428 vox
1769 1400 1877 1436 erupit:
1899 1399 1942 1432 Te
1952 1399 2083 1436 equidem
2094 1420 2102 1433 ,
2123 1398 2164 1428 M.
2178 1397 2277 1433 Tulli,
2298 1398 2430 1433 collaudo
2450 1401 2476 1429 &
2494 1401 2543 1430 ad-

1443 1438 1544 1468 miror:
1566 1437 1613 1466 sed
1634 1446 1678 1469 me
1700 1437 1858 1470 Graeeorum
1869 1437 1986 1466 fortunae
2000 1436 2132 1471 miseret,
2153 1445 2218 1471 cum
2237 1435 2348 1471 videam
2364 1436 2542 1469 Doctrinae&

1443 1475 1616 1512 Eloquentiae
1624 1474 1756 1511 laudem,
1778 1484 1837 1513 quae
1855 1474 1910 1504 sola
1927 1474 2008 1504 nobis
2019 1471 2126 1511 reliqua
2137 1480 2212 1509 erat,
2232 1483 2282 1512 per
2301 1480 2329 1503 te
2347 1475 2383 1504 ad
2402 1475 2540 1507 Romanos

1432 1512 1602 1545 ‚translatam
1616 1512 1679 1542 else.
2035 1538 2037 1540 .
2163 1534 2166 1538 .
2292 1538 2294 1541 .
2420 1534 2422 1538 .
2523 1521 2538 1543 ἰ

1423 1551 1519 1581 Annos
1539 1560 1581 1580 xx
1592 1560 1609 1579 x
1630 1558 1709 1580 natus
1721 1550 1819 1580 Cicero
1830 1549 1950 1580 Romam
1958 1549 2103 1580 revertitur
2114 1571 2123 1584 ,
2144 1548 2193 1579 ubi
2209 1549 2330 1587 primum
2346 1549 2444 1580 timide
2454 1551 2536 1588 vixit,

1442 1590 1469 1619 ἃ
1489 1588 1649 1617 dubitanter
1666 1589 1701 1617 ad
1717 1589 1837 1618 honores
1850 1588 1980 1623 accessit,
2009 1598 2062 1617 nec
2082 1588 2140 1617 ullo
2157 1588 2187 1616 in
2208 1597 2326 1617 numero
2347 1588 2472 1624 habitus,
2491 1588 2537 1620 se'd

1440 1626 1598 1660 Graeculum
1607 1626 1729 1664 seatque
1738 1626 1857 1658 otiosum
1867 1627 1958 1664 putari
1970 1625 2060 1655 voluit
2071 1648 2079 1661 ,
2100 1633 2131 1655 ut
2140 1626 2232 1663 inquit
2240 1626 2268 1654 in
2281 1626 2358 1655 Orat.
2369 1635 2419 1663 pro
2430 1626 2531 1662 Sextio.

1442 1664 1477 1693 Ut
1489 1674 1553 1693 vero
1564 1666 1589 1694 Sc
1600 1665 1694 1693 innata
1704 1663 1843 1693 honorum
1855 1664 2008 1702 cupiditate
2016 1663 2116 1693 duetus
2127 1686 2136 1699 ,
2158 1665 2185 1693 ἀ
2195 1664 2281 1700 patris
2294 1671 2376 1701 atque
2387 1664 2538 1696 amicorum

1438 1702 1634 1731 cohortatione
1644 1703 1774 1731 incitatus
1785 1702 1811 1731 se
1822 1708 1912 1731 totum
1932 1702 2093 1739 patrociniis
2111 1702 2245 1736 tradidit,
2266 1711 2323 1730 non
2338 1702 2394 1737 jam
2410 1703 2539 1739 pedeten-

1439 1741 1489 1806 fim
1501 1740 1659 1807 princiReni
1675 1740 1769 1770 locum
1789 1740 1889 1778 petiit,
1909 1740 1956 1770 sed
1975 1739 2064 1768 statim
2084 1739 2188 1776 eluxit,
2209 1739 2364 1777 ceterisque
2387 1740 2538 1770 oratoribus

1450 1788 1486 1806 on
1508 1788 1522 1807 e
1556 1788 1590 1806 rae
1616 1784 1667 1807 itit.

1419 1788 1505 1846 Anas}
1518 1788 1603 1845 aextjatis
1615 1809 1749 1845 tricesimo
1759 1815 1850 1853 primo
1860 1810 2031 1851 Quaesturam
2041 1814 2070 1843 in
2079 1814 2174 1844 Sicilia
2185 1815 2308 1852 accepit,
2324 1814 2373 1844 tali
2384 1814 2470 1845 modo
2480 1837 2489 1851 ‚
2507 1821 2538 1846 ut

1439 1854 1487 1882 sibi
1502 1854 1727 1883 honoremillum
1738 1860 1797 1882 tum
1810 1863 1867 1881 non
1879 1852 1966 1882 solum
1982 1853 2077 1882 datum
2089 1874 2097 1888 ‚
2119 1852 2165 1881 sed
2183 1853 2266 1882 etiam
2277 1853 2413 1882 creditum
2425 1862 2457 1882 ac
2466 1862 2538 1883 com.

1437 1891 1547 1926 missum
1559 1898 1677 1929 putaret,
1686 1898 1717 1920 ut
1725 1892 1764 1921 ait
1772 1892 1801 1920 in
1808 1880 1922 1929 septima
1934 1891 2046 1920 Verrina
2057 1899 2100 1927 ις.
2118 1890 2150 1919 Et
2161 1887 2231 1920 ibid.
2244 1891 2289 1926 ¹sic
2299 1890 2408 1920 obtinui
2420 1891 2541 1927 Quaestu-

1437 1939 1498 1959 ram
1518 1930 1547 1958 in
1567 1930 1710 1968 provincia
1721 1951 1729 1963 ,
1765 1934 1796 1958 ut
1817 1929 1945 1958 omnium
1971 1929 2070 1958 oculos
2094 1928 2124 1957 in
2155 1937 2200 1957 me
2226 1938 2313 1958 unum
2339 1929 2481 1965 conjectos
2501 1938 2538 1959 ar-

1440 1967 1554 1996 bitrarer
1563 1990 1571 2002 ,
1592 1974 1623 1996 ut
1634 1977 1679 1996 me
1691 1967 1906 2004 quaesturamque
1917 1976 2010 1999 meam
2020 1966 2091 2002 quasi
2101 1966 2130 1994 in
2138 1965 2230 2002 aliquo
2245 1966 2320 1995 orbis
2331 1972 2409 1996 terrae
2418 1966 2537 1997 Theatro

1440 2005 1537 2034 versari
1549 2006 1738 2035 existimarem.
1778 2005 1886 2035 Etcum
1898 2014 1912 2033 e
1928 2004 2022 2033 Sicilia
2032 2004 2059 2033 se
2072 2004 2233 2041 recepisset,
2254 2005 2310 2040 jam
2328 2003 2472 2034 videbatur
2492 2004 2539 2034 Fa-
2567 2017 2570 2026 ¹

1440 2042 1527 2078 ,cultas
1538 2043 1583 2072 illa
1592 2044 1705 2072 dicendi
1719 2042 1772 2072 esse
1784 2042 1906 2080 perfedta
1918 2043 1944 2071 δι
1954 2042 2055 2071 habere
2067 2042 2254 2071 maturitatem
2266 2042 2404 2085 quandam
2414 2063 2423 2077 ,
2444 2048 2475 2071 ut
2483 2040 2538 2080 ipse
2565 2055 2568 2064 ·

1439 2081 1478 2110 ait
1488 2080 1516 2109 in
1526 2081 1619 2110 Bruto.
1659 2080 1719 2109 Post
1729 2080 1899 2115 Quaesturam
1910 2080 1937 2108 in
1948 2079 2075 2117 plurimis
2085 2078 2170 2108 causis
2182 2080 2247 2109 &in
2256 2079 2429 2117 principibus
2446 2080 2539 2109 Patro.

1439 2119 1483 2185 njis
1494 2119 1717 2163 quinquennium
1726 2118 1784 2147 fere
1794 2117 1913 2147 versatus
1927 2124 1993 2153 erat,
2014 2124 2045 2146 ut
2055 2116 2113 2155 ipse
2124 2117 2154 2147 iri
2168 2116 2253 2147 Bruto
2262 2117 2357 2146 scribit
2366 2139 2374 2152 ‚
2395 2117 2535 2154 fuitquein

1438 2166 1453 2185 a
1477 2163 1641 2192 miratione,

1436 2203 1503 2224 nera
1525 2195 1657 2230 (auctore
1688 2193 1817 2223 lutarcho
1829 2194 1841 2229 )
1864 2193 2028 2231 accipiebat.
2067 2193 2177 2222 Deinde
2185 2192 2354 2223 AEdilitatem
2365 2199 2462 2230 petens
2471 2202 2537 2222 cun-

1435 2232 1488 2265 etis
1502 2232 1598 2270 populi
1611 2231 1744 2269 suffragiis
1760 2231 1916 2269 defignatus
1926 2232 1982 2267 est;
2007 2232 2032 2260 Sc
2046 2240 2111 2259 eum
2124 2240 2228 2259 annum
2238 2230 2471 2267 quadragesimum
2482 2231 2535 2268 pri.

1436 2278 1515 2299 mum
1533 2277 1627 2306 ageret
1636 2293 1656 2305 ,.
1667 2270 1813 2305 Praeturam
1832 2269 1911 2298 iniit:
1939 2269 1966 2297 in
1989 2268 2087 2306 quibus
2108 2268 2271 2297 muneribus
2289 2268 2358 2297 adeo
2376 2267 2533 2306 praeclarum

1436 2307 1464 2350 se
1475 2307 1593 2373 prsaelliuit
1604 2330 1612 2343 ,
1633 2313 1664 2338 ut
1671 2316 1776 2345 paucos
1787 2307 1849 2345 post
1857 2316 1946 2336 annos
1955 2305 2114 2344 supremum
2125 2305 2205 2344 Reip.
2216 2305 2401 2343 magistratum
2411 2305 2534 2336 obtinue-

1436 2352 1479 2374 rit.
1513 2355 1536 2373 ci
1551 2368 1557 2375 .

1415 2383 1496 2412 Anno
1507 2383 1588 2412 Urbis
1606 2393 1624 2411 o
1634 2392 1650 2411 c
1659 2392 1677 2412 x
1687 2392 1704 2411 c
1713 2404 1720 2417 ,
1742 2383 1769 2412 ἃ
1779 2381 1865 2411 aetatis
1875 2379 1929 2411 suae
1945 2391 1987 2410 xL
1996 2392 2031 2411 iv
2043 2403 2051 2416 ,
2077 2379 2139 2410 Kal.
2151 2379 2272 2415 Januarii
2284 2380 2382 2410 Cicero
2397 2379 2424 2409 se
2435 2379 2530 2418 Remp.
2562 2374 2572 2394 ¹³·

1435 2420 1571 2458 accepisse
1579 2420 1691 2458 plenam
1702 2418 1907 2456 sollicitudinis,
1930 2419 2043 2457 plenam
2054 2419 2173 2453 timoris,
2196 2420 2225 2447 in
2238 2428 2291 2455 qua
2301 2418 2371 2447 niliil
2381 2418 2447 2448 esset
2456 2419 2529 2454 mali,
2560 2419 2561 2439 ἶ

1434 2458 1504 2487 nihil
1519 2459 1638 2493 adversi,
1667 2458 1743 2495 quod
1762 2467 1820 2486 non
1840 2457 1906 2486 boni
1922 2463 2095 2491 metuerent,
2126 2456 2246 2494 improbi
2267 2456 2474 2494 exspectarent,
2494 2457 2531 2486 ait
2558 2445 2567 2495 l.

1434 2497 1554 2539 Agranz.
1578 2496 1656 2533 Quot
1666 2495 1796 2533 praeclara
1807 2495 1917 2529 dixerit,
1927 2504 2008 2532 quam
2022 2495 2136 2530 insig'nia
2146 2494 2252 2530 fecerit,
2265 2493 2332 2524 dum
2344 2493 2484 2523 Consulari
2493 2493 2532 2523 di·
2557 2499 2566 2530 ιζ

1432 2539 1539 2570 gnitate
1551 2534 1611 2563 usus
1626 2534 1688 2569 fuit,
1702 2540 1809 2562 tantum
1822 2542 1880 2561 non
1889 2529 2030 2562 infinitum
2043 2533 2110 2562 esset
2124 2541 2291 2570 percurrere.
2330 2531 2387 2568 Qui
2396 2531 2531 2561 historiam

1433 2571 1502 2600 tanti
1520 2572 1570 2601 viri
1593 2571 1704 2609 plenius
1725 2570 1890 2608 cognoscere
1907 2570 2024 2605 volunt,
2051 2571 2153 2600 adeant
2170 2569 2364 2604 Plutarchum,
2385 2569 2429 2599 vel
2449 2569 2530 2599 vitam
2562 2573 2579 2595 l.
2603 2576 2604 2606 j

1433 2609 1493 2642 eius
1502 2610 1685 2647 conscriptam
1696 2619 1710 2640 a
1722 2608 1866 2643 Francisco
1874 2607 2281 2637 FabricioMarcodur.&Cicer.
2292 2617 2307 2635 a
2318 2606 2464 2637 calumniis
2472 2607 2530 2636 vin-

1433 2647 1566 2682 dicatum,
1578 2644 2529 2683 aricioreandr.Sch0tt0Antwerp.ve1Seb.CorradiQuaesturam;Ejus
2560 2657 2574 2678 i.
2602 2632 2604 2643 Ι

1432 2684 1499 2713 item
1508 2685 1604 2714 laudes
1619 2685 1694 2722 apud
1706 2684 1967 2721 Plin.lib.7.cap.3o.
1980 2683 2020 2712 Ex
2032 2684 2065 2713 iis
2076 2683 2233 2719 intelligere
2244 2683 2440 2719 licebit‚quam
2447 2681 2529 2712 felici-

1430 2728 1473 2754 ter
1483 2722 1628 2752 Murenam
1639 2722 1804 2756 defenderit,
1816 2721 1908 2759 legem
1919 2722 2056 2759 Agrariam
2068 2721 2226 2756 dissuaserit,
2238 2722 2273 2755 St,
2305 2720 2362 2749 uod
2376 2720 2456 2749 instar
2473 2728 2529 2749 om-

1431 2797 1541 2827 sumens
1556 2820 1564 2833 ,
1585 2797 1792 2827 funestislimam
1804 2796 1928 2826 Catilinae
1938 2797 2160 2832 conjurationem
2174 2796 2344 2835 oppresserit.
2387 2795 2526 2833 Denique,

1432 2761 1527 2795 nium,
1550 2760 1717 2798 supplicium
1730 2760 1765 2788 de
1775 2757 1914 2793 Lentulo,
1937 2758 2079 2801 Cethego,
2100 2758 2228 2793 Statilio,
2251 2759 2290 2787 Ga
2313 2758 2386 2794 in’io,
2408 2757 2528 2796 Caepario
2552 2763 2562 2882 ἔ

1430 2842 1462 2864 ut
1489 2837 1548 2871 ejus
1571 2835 1661 2864 verbis
1674 2835 1799 2871 inkOrat.
1816 2845 1865 2872 pro
1879 2833 1954 2863 Sulla
1970 2843 2012 2870 332
2032 2842 2161 2869 utamur,
2192 2834 2234 2863 Μ.
2255 2833 2351 2862 Cicero
2375 2832 2428 2862 suis
2446 2832 2527 2862 consi-
2566 2844 2572 2848 ⁷
2601 2843 2603 2848 ¹

1431 2873 1493 2907 liis,
1514 2873 1567 2902 suis
1581 2873 1739 2907 laboribus,
1761 2872 1800 2906 sui
1815 2873 1914 2910 capitis
1930 2871 2070 2909 periculo,
2092 2872 2147 2901 fine
2167 2871 2305 2905 tumultu,
2327 2871 2383 2900 sine
2402 2870 2524 2904 deledlu,
2564 2895 2573 2902 ,,
2602 2901 2604 2905 ,

1429 2911 1485 2939 sine
1499 2912 1581 2940 armis
1595 2933 1603 2945 ,
1629 2910 1684 2939 line
1694 2911 1818 2939 exercitu
1830 2932 1837 2944 ,
1859 2910 1979 2947 quinque
1999 2909 2160 2938 hominibus
2174 2908 2378 2946 comprehensis
2389 2909 2413 2938 ἅ
2425 2906 2526 2937 confos-
2599 2922 2602 2935 ι

1427 2949 1463 2977 sis
1476 2970 1483 2982 ,
1505 2949 1665 2977 incensione
1674 2948 1789 2983 urbem,
1810 2948 2003 2983 internecione
2013 2948 2106 2982 cives,
2129 2947 2250 2976 vastitate
2270 2946 2393 2980 Italiam,
2414 2946 2522 2975 interitu
2566 2967 2569 2972 .
2601 2975 2602 2978 ,

1427 2983 1641 3023 Rempublicam
1655 2986 1790 3015 liberavit.
1812 2984 1853 3015 Ex
1866 2995 1920 3022 quo
1931 2985 2024 3014 videre
2034 2984 2081 3019 est,
2100 2985 2180 3022 quam
2195 2985 2294 3021 dignus
2308 2984 2391 3013 fuerit
2399 2981 2524 3012 honorifi-
2564 2986 2569 3009 i*
2597 2983 2604 3003 ν’

1433 3024 1668 3056 coillonomine,
1691 3023 1760 3052 PAR
1772 3033 1835 3052 st
1861 3031 2029 3056 PATRME,
2051 3023 2126 3059 quod
2142 3022 2248 3060 primus
2270 3023 2396 3051 omnium
2413 3021 2523 3059 adeptus
2565 3031 2568 3050 1
2594 3051 2595 3054 ,

1427 3062 1484 3097 est,
1506 3062 1546 3091 uti
1560 3062 1641 3091 tradit
1651 3059 1810 3090 Pliniuslib.
1820 3070 1845 3097 7.
1861 3070 1922 3097 cap.
1936 3070 1977 3090 ιο.
1999 3060 2072 3089 Hinc
2082 3059 2222 3096 Juvenalis
2233 3065 2258 3094 8.
2281 3059 2336 3089 Sat.
2349 3068 2412 3096 243.

1604 3115 1642 3119 —
1652 3099 1739 3128 Roma
1754 3104 1897 3136 parentem
1908 3119 1916 3133 ,

1502 3137 1592 3166 Roma
1613 3144 1720 3174 patrem
1737 3137 1832 3174 patriae
1853 3135 2017 3165 Ciceronem
2032 3134 2117 3164 libera
2137 3134 2217 3164 dixit.
2321 3134 2376 3164 Sed
2398 3131 2527 3164 extremis

1426 3173 1526 3204 diebus
1541 3175 1702 3209 annihujus
1713 3196 1720 3209 ‚
1742 3175 1807 3203 novi
1819 3173 1938 3203 Tribuni
1951 3171 2039 3202 Plebis
2048 3183 2090 3203 res
2101 3182 2155 3207 eas,
2177 3181 2243 3209 quas
2255 3171 2352 3201 Cicero
2365 3171 2520 3201 consultam

1426 3211 1691 3256 praeclareegeslerat,
1704 3221 1803 3240 vexare
1812 3210 1983 3244 laborabant,
2004 3211 2074 3239 adeo
2086 3217 2117 3239 ut
2128 3210 2234 3239 invidia
2246 3209 2348 3244 Clodii,
2364 3209 2446 3239 Crassi
2457 3207 2522 3241 alio->
2551 3212 2561 3224 ‘·
2592 3243 2600 3253 ⁴

1425 3259 1542 3286 rumque
1558 3260 1587 3279 in
1604 3249 1672 3287 Rep.
1690 3259 1836 3286 procerum
1848 3247 1999 3286 oppressus,
2011 3249 2039 3276 in
2058 3248 2174 3282 exilium
2189 3248 2228 3277 ire
2240 3248 2352 3276 tandem
2362 3248 2471 3276 coat‘tus
2481 3244 2518 3275 stt·

1425 3287 1498 3316 Cum
1510 3292 1603 3317 autem
1613 3297 1647 3316 ex
1659 3288 1727 3316 urbe
1738 3286 1898 3315 discessurus
1905 3284 2116 3319 effet,Minervae
2128 3286 2321 3322 signum,quod
2333 3285 2409 3314 domi
2418 3284 2467 3314 suae
2476 3292 2519 3313 co-

1425 3320 1524 3359 luerat,
1537 3324 1708 3362 inCapitolio
1719 3324 1894 3353 dedicavit&
1904 3323 2064 3360 subscripsit,
2077 3323 2146 3353 MlN
2154 3322 2267 3352 ERVAE
2286 3321 2445 3352 CVSTODI
2465 3319 2519 3351 VR-

1425 3361 1686 3392 BlS.Discedentem
1695 3371 1760 3391 vero
1770 3370 1866 3390 omnes
1876 3361 1943 3389 boni
1954 3361 2050 3390 flentes
2060 3360 2196 3398 prosecuti
2206 3359 2309 3394 sunt‚ut
2317 3359 2373 3397 ipse
2382 3359 2518 3402 proDomq
2550 3378 2561 3389 ¹.

1425 3400 1557 3429 ait.Anno
1571 3399 1709 3437 sequente,
1719 3399 1769 3428 Cn.
1781 3397 1928 3435 Pompeius
1939 3397 2081 3435 descripto
2092 3397 2226 3428 sententia
2239 3398 2320 3432 dista,
2333 3398 2380 3426 uni
2393 3396 2517 3426 Ciceroni

1423 3437 1518 3474 patriae
1530 3437 1695 3472 conservatae
1703 3438 1732 3465 in
1741 3436 1881 3475 Capitolio
1891 3436 2080 3465 testimonium
2091 3436 2184 3470 dedit;
2208 3436 2288 3470 cujus
2298 3435 2459 3464 sententiam
2468 3433 2517 3462 fro
2547 3460 2549 3468 Α

1422 3513 1541 3548 omnes)
1629 3513 1655 3542 P.
1669 3511 1767 3541 Clodio
1776 3511 1954 3540 dissentiente
1972 3533 1979 3546 ‚
2000 3509 2108 3540 secutus
2119 3532 2127 3546 ‚
2148 3510 2272 3539 Tullium
2290 3509 2324 3538 ab
2346 3508 2430 3538 exilio
2444 3515 2516 3538 revo-

1423 3551 1513 3585 cavit,
1536 3551 1561 3579 ἃ
1572 3550 1671 3578 eodeni
1684 3556 1810 3586 tempore
1820 3549 1846 3578 S.
1863 3549 1894 3577 C.
1905 3548 1987 3583 fecit,
2009 3555 2041 3577 ut
2054 3548 2097 3584 iis,
2118 3548 2209 3585 quiex
2222 3555 2279 3576 tota
2291 3546 2367 3576 ltalia
2376 3546 2465 3576 salutis
2474 3543 2513 3575 Μ.
2546 3546 2549 3557 ’

1422 3587 1508 3616 Tullii
1523 3587 1600 3616 causa
1611 3593 1819 3620 convenerant,
1840 3593 1984 3622 agerentur
1997 3587 2097 3622 gratiae.
2138 3584 2298 3615 Plutarchus
2307 3584 2408 3618 scribit.
2429 3590 2514 3613 rever·

1420 3625 1491 3653 tenti
1503 3624 1632 3653 Ciceroni
1642 3624 1818 3654 tantalaetitia
1827 3624 1972 3657 civitates,
1993 3630 2070 3652 tanto
2091 3622 2180 3652 studio
2202 3622 2329 3651 homines
2346 3622 2455 3650 obviam
2470 3628 2512 3649 ve-
2546 3627 2547 3633 ¹

1422 3660 1499 3697 nisse,
1510 3667 1541 3690 ut
1558 3661 1626 3691 infra
1637 3663 1781 3691 veritatem
1793 3661 1833 3696 sit,
1843 3661 1917 3698 quod
1934 3661 2026 3697 postea
2041 3661 2121 3694 dixit,
2132 3659 2157 3689 se
2169 3660 2297 3689 Humeris
2306 3659 2388 3688 ltaliae
2400 3658 2512 3688 Romam
2540 3662 2543 3671 ⁸

1422 3706 1592 3735 reportatum
1603 3699 1690 3728 fuisse.
1730 3699 1790 3728 Polt
1800 3699 1875 3728 hunc
1886 3699 2007 3727 reditum
2023 3707 2088 3727 cuin
2104 3696 2243 3727 incidisset
2263 3696 2441 3726 Caesarianum
2455 3693 2513 3724 Bel-

1422 3736 1480 3765 lum
1492 3736 1579 3765 Civile
1590 3759 1597 3771 ,
1618 3738 1739 3774 primum
1750 3737 1826 3774 pacis
1842 3737 1867 3765 St
1880 3736 1980 3772 quietis
1995 3735 2118 3764 hortator
2137 3741 2212 3770 erat,
2235 3743 2321 3771 eaque
2339 3734 2374 3763 de
2384 3743 2413 3763 re
2429 3732 2512 3770 priva·
2540 3754 2541 3759 ,

1421 3774 1473 3802 tim
1483 3773 1569 3802 multa
1579 3775 1612 3803 ad
1625 3774 1757 3804 Caesarem
1768 3774 1818 3804 scri
1844 3774 1881 3807 sit,
1893 3775 1918 3802 «Sc
1928 3773 2090 3809 Pompeium
2099 3781 2193 3801 coram
2204 3778 2332 3809 precatus
2343 3771 2390 3806 est,
2413 3776 2512 3800 utrum·
2539 3767 2541 3781 ''

1421 3820 1476 3847 que
1487 3811 1598 3848 placans
1610 3813 1635 3841 ἂ
1648 3810 1796 3841 deliniens.
1818 3784 1926 3840 sseinde
1935 3811 1970 3839 ad
1980 3810 2106 3847 Pompeii
2116 3816 2207 3847 partes
2219 3809 2244 3838 se
2253 3809 2388 3846 applicuit
2397 3829 2406 3844 ‚
2426 3814 2511 3848 eoque

1420 3849 1495 3877 viclo
1508 3849 1542 3876 ad
1553 3850 1663 3879 victoris
1676 3849 1760 3878 sidem
1772 3849 1797 3877 se
1808 3848 1936 3878 contulit.
1979 3847 2075 3876 Caesari
2085 3847 2307 3876 familiarissimus
2320 3846 2387 3880 fuit,
2407 3844 2452 3881 qui
2470 3842 2512 3872 Ci-

1422 3887 1529 3914 ceronis
1539 3887 1687 3915 amicitiam
1701 3896 1844 3923 nunquam
1854 3895 1910 3914 non
1920 3883 2053 3918 ambivit,
2077 3894 2128 3913 nec
2141 3884 2229 3913 ullum
2245 3881 2511 3913 solebatintermitte-

1418 3932 1448 3953 re
1459 3923 1554 3959 diem,
1577 3933 1631 3961 quo
1640 3925 1676 3954 ad
1694 3933 1759 3954 eum
1778 3933 1837 3954 non
1855 3922 2001 3957 scriberet,
2023 3931 2133 3958 quoque
2143 3931 2201 3951 non
2212 3922 2247 3951 de
2265 3921 2435 3986 aritiquitatg1
2437 3917 2469 3962 ab
2477 3925 2510 3982 §g
2537 3927 2539 3934 ’

2438 3963 2490 3992 iqui

1682 2157 1739 2185 uod
1748 2156 1823 2185 abiis
1834 2177 1843 2190 ,
1864 2165 1981 2192 quorum
1989 2155 2082 2184 causas
2091 2154 2208 2192 agebat,
2231 2155 2309 2184 nulla
2326 2156 2400 2184 dona
2417 2161 2464 2184 aut
2479 2165 2536 2185 mu.
2564 2159 2568 2182 l

2544 3366 2548 3385 i

1423 3473 1618 3541 quentissim
1626 3475 1743 3504 Senatus
1764 3475 1775 3510 (
1787 3475 1900 3503 aderant
1912 3474 1993 3503 enim
2002 3483 2019 3502 c
2031 3483 2047 3502 c
2058 3483 2074 3502 c
2084 3483 2100 3502 c
2111 3482 2129 3502 x
2142 3473 2286 3502 Senatores
2300 3470 2515 3510 magistratusque
2541 3387 2550 3598 'i
2590 3513 2595 3522 .

2541 3605 2544 3658 Ῑ

2562 2263 2571 2311 i

2562 2536 2567 2564 l
2603 2548 2604 2561 l
